3964 6144
279 329 418 384 1369
1255 335 1329 386 1N
1367 333 1506 386 SEX
1542 331 1840 384 HYMNLB

2095 329 2290 381 INTES
2325 329 2680 383 MONITUM.
3523 323 3660 376 1370

283 468 470 542 Κρόιε,
499 467 872 540 τῶνί“αἷωνῗων
920 491 1014 524 σου
1065 467 1278 544 ἀγαθῶν
1339 468 1567 541 ἀξίωσον
1613 469 1706 522 τὸν
1758 489 1848 540 μετ

2092 451 2277 510 )mine
2317 454 2554 508 internis
2592 453 2708 507 tuis
2737 453 2908 506 bonis
2939 451 3094 505 dona
3131 466 3262 504 cum
3295 449 3392 519 qui
3425 465 3458 503 a
3485 447 3657 502 nobis

1197 538 1414 631 [στάντᾷ
1445 559 1496 627 ἐξ
1527 560 1709 629 ἡμῶν,
1759 538 1768 540 -

3193 538 3501 610 [migravit,

279 644 596 701 Ἀναπαῦων
629 644 786 700 αὐτὸν
819 643 869 699 ἐν
895 644 964 720 τῇ
992 626 1601 721 ἀγήρῳ-μακαριότὴτί.

2029 638 2094 690 In
2125 636 2488 690 indeﬁcienti
2529 631 2894 688 beatitudine
2925 631 3061 684 data
3089 629 3176 682 illi
3208 626 3432 696 requie.

601 809 3658 844 MM

1264 981 1591 1036 MONITUM
1624 980 1701 1033 IN
1733 978 1868 1033 SEX
1915 974 2201 1030 HYMNOS
2237 969 2670 1036 SEQUENTES.

1217 1146 1387 1215 (ANG.
1421 1146 1552 1199 Mn.
1584 1141 1846 1214 Spicileg.
1877 1143 2031 1196 Rom.
2063 1139 2154 1209 IX,
2186 1155 2244 1209 p.
2275 1153 2392 1202 xxi,
2425 1135 2526 1188 713
2559 1131 2714 1202 sqq.)

345 1463 410 1516 In
441 1461 742 1516 evolendis
765 1461 978 1516 Graecis
1009 1460 1289 1516 vaticanaa
1321 1460 1694 1515 bibliothecae
1723 1456 2028 1514 codicibus
2075 1473 2170 1510 res
2209 1456 2507 1525 insperata
2537 1451 2680 1505 mihi
2714 1447 2943 1504 accidit.
2979 1447 3122 1500 Dum
3157 1442 3316 1496 enim
3362 1436 3656 1509 poeticum

272 1549 551 1604 volumen
580 1549 958 1620 inspicerem,
989 1551 1050 1604 in
1085 1565 1200 1620 quo
1230 1566 1350 1604 non
1383 1549 1510 1604 sine
1540 1549 1728 1604 multo
1764 1546 2124 1602 scholiorum
2156 1543 2436 1599 comitatu
2469 1545 2607 1596 sunt
2635 1539 2940 1602 Pindarus,
2975 1531 3282 1592 Hesiodus,
3315 1531 3510 1598 partes
3533 1525 3654 1619 Ho-

277 1637 447 1704 meri,
477 1609 751 1708 Eschyli.
785 1641 842 1691 et
869 1609 1182 1703 Theocriti,
1214 1637 1598 1692 animadverti
1630 1635 1805 1707 paulo
1837 1635 2146 1690 differente
2175 1632 2515 1686 charactere
2547 1627 2766 1696 scripta
2797 1623 2939 1678 folia
2969 1637 3070 1675 sex
3099 1621 3162 1673 in
3211 1615 3455 1708 diversis
3493 1609 3654 1708 codi-

279 1725 362 1780 cis
393 1726 680 1796 partibus,
699 1726 900 1795 ibique
933 1726 1177 1780 totidem
1207 1725 1567 1797 deprehendi
1588 1698 1889 1794 prosaicos
1907 1722 2096 1776 sancti
2113 1719 2351 1776 Joannis
2381 1715 2724 1772 Damasceni
2751 1715 3023 1784 hymnos,
3050 1723 3196 1778 quos
3228 1703 3408 1758 Graeci
3428 1698 3654 1797 κανονςις

277 1787 600 1885 appellant,
631 1787 887 1869 ineditos
921 1831 1162 1885 prorsus
1190 1820 1247 1868 et
1277 1787 1608 1885 incognitos
1643 1813 1858 1866 Allatio
1889 1811 2025 1881 ipsi,
2057 1809 2342 1872 Fabricio,
2375 1813 2433 1862 et
2460 1803 2762 1874 Lequinio,
2797 1801 2896 1871 qui
2928 1799 2999 1853 de
3032 1795 3218 1850 sancti
3248 1792 3354 1845 viri
3383 1787 3660 1885 lucubra-

277 1902 535 1956 tionibus
565 1908 684 1958 tam
715 1909 984 1958 accurate
1010 1903 1392 1973 scripserunt.
1428 1905 1624 1971 Neque
1651 1917 1787 1955 vero
1811 1901 1934 1954 haac
1971 1899 2115 1953 folia
2171 1897 2366 1951 aliena
2407 1899 2546 1948 sunt
2575 1909 2610 1947 a
2633 1891 2855 1956 codice,
2912 1887 3002 1941 vel
3042 1885 3312 1946 obtrusa;
3356 1878 3460 1932 sed
3520 1875 3660 1946 quia

279 1991 503 2046 scholia
532 1991 606 2044 ad
637 1991 950 2062 praedictos
981 1997 1184 2062 poetas
1215 1991 1512 2045 interdum
1565 1989 1924 2044 rarescentia
1967 1987 2221 2058 spatium
2251 1999 2496 2039 vacuum
2529 1981 2576 2036 si
2611 1998 2729 2034 non
2761 1975 3020 2032 universi
3073 1973 3200 2026 folii
3228 1975 3288 2024 at
3319 1967 3498 2040 partis
3529 1965 3657 2034 ejus

276 2080 550 2134 maxima:
583 2079 1018 2149 relinquebant,
1051 2079 1269 2133 idcirco
1303 2079 1682 2133 amanuensis
1709 2077 1924 2148 aliquis
1954 2057 2044 2130 vel
2067 2073 2285 2129 codicis
2308 2073 2584 2128 dominus
2615 2074 2912 2122 vacantem
2937 2067 3143 2118 nactus
3175 2061 3390 2120 locum,
3427 2057 3661 2108 Damas-

275 2171 404 2226 ceni
431 2171 538 2224 hos
569 2145 840 2242 hymnos,
873 2169 1086 2240 quibus
1135 2171 1428 2240 praecipue
1461 2145 1882 2236 delectabatur,
1923 2167 2048 2220 illic
2095 2165 2408 2236 descripsit
2444 2161 2708 2234 profanis
2755 2158 2996 2213 scholiis
3043 2150 3424 2221 interpositos
3459 2164 3469 2199 :
3503 2153 3562 2199 et
3605 2145 3654 2242 si

274 2258 617 2313 eorumdem
641 2259 998 2330 hymnorum
1028 2263 1225 2328 partes
1255 2258 1502 2327 aliquot,
1537 2257 1836 2312 consuetis
1866 2255 2134 2310 codicum
2167 2234 2400 2308 casibus
2431 2251 2756 2322 perierunt.
2781 2251 2892 2317 Ego
2925 2244 3103 2315 igitur
3125 2246 3183 2294 et
3213 2237 3356 2292 tanti
3389 2234 3652 2290 auctoris

273 2347 535 2412 nomine,
569 2321 726 2416 quod
757 2346 818 2400 in
853 2321 1220 2417 singulorum
1253 2321 1608 2416 hymnorum
1638 2344 1826 2399 titulis
1857 2343 2218 2404 occurrebat,
2254 2347 2312 2396 et
2339 2321 2469 2410 ipsa
2495 2355 2557 2392 re
2581 2336 2924 2400 delectatus,
2954 2330 3074 2402 pati
3103 2345 3222 2382 non
3253 2325 3438 2396 potui,
3469 2327 3534 2375 ut
3564 2321 3653 2374 ha:

275 2435 622 2490 Christianae
651 2451 771 2489 non
802 2433 1222 2488 contemnendi
1252 2434 1428 2504 pretii
1450 2432 1718 2502 reliquiaa
1751 2432 1814 2484 in
1843 2431 2077 2486 ethnico
2111 2430 2331 2485 diutius
2363 2426 2589 2482 tumulo
2636 2425 2916 2494 dispersae
2957 2421 3245 2491 jacerent.
3291 2417 3654 2482 Hymnorum

275 2523 417 2577 ordo
449 2523 510 2576 in
559 2522 759 2577 codice
789 2521 886 2576 hic
916 2527 1021 2576 est.
1061 2523 1210 2576 lfol.
1252 2500 1294 2574 1i
1325 2527 1383 2575 et
1411 2524 1441 2574 5
1476 2539 1490 2586 ;
1547 2500 1610 2574 in
1641 2525 1906 2574 sanctum
1967 2519 2247 2574 Basilium
2305 2518 2574 2588 Magnum
2630 2514 2706 2584 (1)
2755 2513 2822 2578 ll,
2875 2509 2914 2562 f.
2966 2512 3016 2574 5,
3068 2507 3132 2560 in
3181 2505 3452 2558 sanctum
3481 2500 3650 2553 Joan-

277 2626 412 2664 nem
445 2611 928 2680 Chrysostomum
963 2609 1054 2676 ΙΙΙ,
1088 2608 1128 2662 f.
1179 2609 1299 2674 107,
1351 2609 1410 2662 in
1459 2613 1728 2662 sanctum
1779 2607 2078 2662 Nicolaum
2129 2607 2475 2675 Myrensem.
2531 2603 2621 2655 1V.
2655 2601 2696 2654 f.
2741 2602 2837 2652 107
2865 2597 2924 2664 b,
2969 2597 3030 2648 in
3089 2597 3358 2680 sanctum
3416 2590 3652 2640 Petrum

275 2678 680 2769 apostolorum
739 2696 1088 2768 principem.
1146 2699 1202 2764 V,
1237 2696 1274 2750 f.
1313 2698 1432 2762 153,
1475 2697 1538 2750 in
1597 2701 1866 2750 sanctum
1925 2695 2233 2764 Georgium
2291 2698 2630 2762 martyrem,
2663 2690 2751 2752 Vl,
2785 2687 2952 2740 £172
2975 2688 3031 2737 et
3085 2682 3206 2745 173,
3265 2679 3324 2730 in
3385 2678 3652 2769 sanctum

275 2786 534 2840 Blasium
560 2799 726 2854 seque
758 2789 1076 2855 martyrem
1111 2784 1211 2838 :in
1239 2783 1452 2854 quibus
1482 2784 1592 2838 rite
1624 2784 1695 2838 ad
1727 2785 1938 2838 Graacaa
1968 2761 2218 2852 liturgia)
2249 2761 2518 2835 normam
2551 2795 2616 2833 ac
2637 2778 2794 2848 leges
2825 2767 3254 2828 constituendis
3285 2761 3654 2820 commodam

276 2876 424 2932 mihi
454 2852 693 2946 operam
725 2852 978 2945 prmbuit
1005 2877 1070 2928 R.
1103 2852 1309 2928 Petrus
1343 2875 1636 2945 Matranga
1667 2873 2140 2936 Graeco-Siculus,
2182 2887 2359 2942 quem
2391 2876 2448 2924 et
2477 2870 2621 2924 alias
2651 2864 2894 2921 honoris
2936 2877 3112 2916 causa
3161 2853 3470 2928 appellavi.
3505 2852 3652 2946 Hane

279 2965 508 3020 occasio
535 2964 683 3018 forte
714 2980 834 3017 non
866 2963 1071 3020 deerit.
1097 2979 1212 3032 qua
1237 2963 1343 3017 hos
1365 2941 1643 3032 pulchros
1673 2962 1926 3032 hymnos
1957 2941 2268 3016 Latinitate
2301 2959 2472 3014 simul
2494 2963 2552 3013 et
2575 2957 2785 3011 idoneo
2810 2947 3234 3008 commentario
3265 2945 3486 2998 donare
3514 2941 3650 2992 lice-

276 3053 364 3107 bit
399 3070 411 3106 :
445 3069 602 3108 nunc
633 3052 691 3106 hi
725 3057 920 3106 tamen
952 3051 1042 3104 vix
1071 3030 1132 3104 in
1154 3030 1555 3122 angulo—pleni
1579 3051 1704 3121 jam
1720 3030 2048 3103 voluminis
2079 3048 2363 3119 hospitari
2395 3050 2639 3116 queunt.
2671 3043 2912 3098 Interim
2945 3037 3358 3110 praedictorum
3387 3030 3654 3084 divorum

276 3141 453 3194 rebus
483 3141 682 3212 gestis,
720 3139 972 3210 scriptis,
1007 3139 1332 3204 miraculis,
1366 3155 1432 3193 ac
1463 3139 1761 3208 martyriis
1795 3153 1978 3191 novus
2001 3153 2066 3191 ac
2097 3136 2212 3190 ﬁde
2242 3135 2452 3208 dignus
2485 3132 2710 3187 accedit
2757 3128 2922 3184 testis
2951 3129 3204 3181 Joannes
3236 3122 3652 3174 Damascenus.

277 3205 683 3296 Basilii'atque
704 3205 1102 3296 Chrysostomi
1135 3226 1508 3280 celebrantur
1537 3205 1827 3296 sapientia
1848 3231 1906 3278 et
1932 3225 2142 3294 pietas,
2165 3205 2384 3278 Nicolai
2419 3223 2663 3276 virtutes
2696 3223 2752 3272 et
2771 3215 3039 3288 prodigia
3060 3231 3078 3268 :
3107 3215 3314 3281 quarto
3347 3208 3406 3296 in
3435 3205 3655 3296 hymno

279 3315 426 3370 dicit
453 3295 851 3369 Damiascenus
874 3315 1346 3368 commendatam
1377 3317 1547 3368 Petro
1580 3295 1900 3368 Ecclesiam
1931 3329 1962 3367 a
1993 3311 2243 3380 Christo,
2274 3327 2449 3381 quam
2491 3309 2592 3363 ille
2625 3305 2852 3378 egregie
2883 3303 3048 3356 navis
3080 3301 3267 3352 instar
3293 3295 3654 3381 gubernavit.

285 3403 556 3474 Appellat
581 3403 824 3472 insuper
849 3403 1086 3456 Petrum
1117 3405 1315 3456 Roma:
1339 3409 1610 3468 tutorem,
1640 3403 1800 3473 regni
1831 3401 2085 3456 caelestis
2116 3379 2448 3454 divitiarum
2477 3395 2802 3460 custodem,
2839 3391 2973 3447 ﬁdei
2997 3393 3242 3460 petram,
3275 3389 3332 3438 et
3361 3379 3661 3474 catholicas

285 3469 559 3546 Ecclesiae
594 3469 830 3544 firm—um
857 3489 1329 3545 fundamentum.
1365 3491 1637 3545 Reditum
1673 3469 1906 3560 quoque
1937 3490 2204 3559 ejusdem
2237 3489 2392 3542 Petri
2425 3485 2888 3555 Hierosolymam
2921 3477 3050 3550 (sub
3073 3473 3311 3530 Claudio
3342 3469 3508 3540 imp.)
3539 3482 3664 3520 me-

285 3585 494 3642 morat,
528 3595 636 3633 nec
670 3578 795 3648 ejus
830 3577 901 3632 de
934 3579 1172 3633 Simone
1197 3580 1356 3650 Mago
1389 3579 1750 3648 triumphum
1784 3579 2004 3633 reticet.
2038 3579 2301 3648 Hymnus
2340 3577 2400 3630 in
2449 3574 2758 3645 Georgium
2801 3575 3116 3638 martyrem
3163 3579 3229 3616 eo
3261 3561 3506 3615 fortasse
3541 3563 3660 3608 stu-

281 3668 506 3723 diosius
539 3647 782 3738 legetur,
812 3666 951 3736 quia
983 3666 1098 3720 divi
1129 3647 1312 3737 hujus
1333 3647 1589 3720 historia
1613 3667 1813 3721 multis
1853 3647 2112 3720 tenebris
2141 3667 2332 3720 adhuc
2381 3669 2470 3718 est
2499 3663 2790 3717 obvoluta.
2825 3660 3086 3728 Hymnus
3118 3651 3373 3718 denique
3425 3647 3486 3698 in
3512 3661 3662 3738 mar-

279 3762 467 3828 tyrem
501 3732 760 3810 Blasium
791 3732 884 3807 vix
913 3754 1074 3808 brevi
1105 3732 1304 3823 aliqua
1333 3754 1548 3808 lacuna
1575 3754 1838 3819 laborat;
1873 3771 2054 3824 quare
2089 3755 2490 3808 continentem
2535 3755 2830 3822 gestorum
2873 3746 3000 3814 ejus
3036 3758 3102 3795 ac
3135 3737 3530 3810 prodigiorum
3564 3732 3664 3784 de-

285 3845 676 3914 scriptionem
701 3841 988 3897 videmus.
1024 3842 1200 3895 Porro
1226 3843 1570 3896 Damasceni
1593 3844 1706 3896 vim
1731 3823 2294 3914 hymnographicam
2325 3858 2430 3894 cur
2458 3855 2562 3910 ego
2583 3837 2816 3892 laudem
2835 3829 3230 3905 ?jampridem
3258 3823 3616 3878 dilaudatam
3635 3835 3668 3873 a

283 3912 506 3988 Joanne
537 3929 1069 3997 Hierosolymitano
1102 3929 1234 3998 ejus
1264 3930 1583 4000 biographo
1615 3947 1742 4001 cap.
1775 3912 1834 3984 3i
1873 3937 1930 3984 et
1961 3912 2153 4000 seqq,
2183 3936 2239 3984 et
2265 3947 2298 3984 a
2327 3928 2504 3984 Suida
2534 3940 2768 3997 quoque
2797 3939 2920 3976 voc.
2946 3921 3119 3974 Ἰωαν.
3151 3923 3386 3984 Δαμασκ.
3420 3912 3512 3964 his
3543 3925 3671 3961 ver-

285 4019 378 4074 bis
435 4017 856 4089 amplissimis:
908 4013 1313 4090 Συγγρᾶμματα
1371 3998 1532 4070 ἀύτοῦ
1589 3998 1704 4071 iui—
1737 4017 1788 4070 οἱ
1848 4048 1850 4066 ι

2105 4016 2136 4070 »ἰ
2191 4015 2410 4076 κανόνες
2467 4009 2718 4085 ἲάμὸικοί
2769 4031 2827 4065 τι
2880 4009 2968 4063 καὶ
3025 3999 3422 4076 καταλογάδην
3457 3998 3507 4050 οἱ
3539 3999 3670 4067 γοῦν

293 4105 582 4178 ᾀσματικοὶ
621 4103 838 4163 κανόνες
899 4103 1148 4157 Ἰωάννου
1179 4125 1235 4158 τε
1264 4103 1350 4157 καὶ
1411 4107 1602 4176 Κοσμᾶ
1659 4104 1936 4180 σύγκρισιν
1995 4106 2093 4159 οὐκ
2148 4103 2406 4173 ἐδέξαντο,
2441 4100 2566 4157 οὐδὲ
2629 4099 2886 4173 δέξαιντο,
2953 4097 3145 4168 μέχρις
3203 4090 3262 4143 ἂν
3297 4087 3468 4140 ama’
3520 4087 3667 4153 ἡμᾶς

290 4189 412 4256 ϐίος
439 4194 890 4268 περαιωθήσεται’
924 4196 1075 4248 Inter
1119 4196 1348 4249 Joannis
1393 4175 1600 4265 scripta
1653 4175 1855 4250 nuinér.

2105 4197 2402 4248 canticorum
2455 4205 2706 4258 canones,
2739 4197 2848 4243 tum
2905 4183 3100 4240 iambis
3148 4187 3260 4234 tum
3289 4180 3454 4232 etiam
3491 4175 3670 4228 soluta

289 4287 535 4340 oratione
563 4285 776 4352 scripti.
811 4285 884 4338 Hi
927 4285 1262 4338 canticorum
1292 4299 1543 4351 canones,
1577 4290 1686 4338 tam
1711 4285 1940 4338 Joannis
1970 4300 2134 4352 quam
2183 4283 2380 4338 Cosmac
2410 4281 2620 4334 nullam
2664 4295 2780 4332 cum
2812 4278 3048 4330 aliorum
3087 4272 3244 4341 paris
3277 4267 3485 4336 generis
3533 4263 3664 4318 scri-

280 4375 397 4442 ptis
429 4375 891 4442 comparationem
919 4387 1164 4442 unquam
1193 4373 1552 4438 admiserunt,
1582 4388 1756 4442 neque
1783 4372 2092 4436 admittant,
2126 4371 2373 4440 quandiu
2403 4370 2683 4422 hominum
2711 4365 2826 4421 vita
2851 4363 3092 4418 durabit.

1872 4522 2092 4577 NOTE.

365 4644 436 4712 (1)
469 4643 738 4696 Diversus
770 4642 944 4722 plane
974 4643 1070 4696 hic
1101 4649 1190 4696 est
1217 4645 1474 4766 hymnus
1515 4644 1586 4699 ab
1620 4645 1735 4699 alio
1769 4645 1926 4715 ejus-
2041 4643 2605 4716 multiplicabantur.
2645 4673 2702 4682 -
2738 4642 2870 4696 Haac
2913 4639 2974 4694 in
3017 4640 3146 4694 loco
3197 4637 3440 4708 praefato
3493 4633 3674 4686 refert

370 4730 426 4766 [Il
456 4715 800 4766 Damascem
834 4729 895 4765 in
946 4719 1215 4766 sanctum
1299 4715 1555 4766 asrlium.
1585 4717 1683 4766 aui
1716 4715 1930 4766 legitur
2039 4719 2178 4766 Ana-
2211 4719 2317 4766 ΜΑι
2347 4732 2358 4766 :
2393 4739 2420 4762 ‹‹
2467 4716 2530 4766 In
2563 4713 2764 4766 codice
2814 4711 2959 4766 fVal.
3011 4711 3134 4766 225i
3178 4709 3216 4761 f.
3251 4711 3374 4760 250.
3415 4706 3628 4766 legitur
3657 4720 3668 4756 :

290 4706 430 4798 deni
456 4706 800 4798 Damascen'i
834 4712 895 4765 in
946 4719 1215 4798 sanctum
1253 4706 1556 4798 Basiliam,
1585 4717 1683 4796 qui
1716 4706 1930 4798 legitur
2039 4719 2178 4772 ANG.
2210 4706 2317 4770 ΜΑι
2341 4732 2358 4798 ξ
2393 4739 2438 4798 «η
2467 4713 2764 4798 In~codiice
2813 4711 2986 4798 [VaL'
3011 4706 3216 4798 225]an
3251 4711 3374 4798 εςξοῖ
3415 4706 3628 4785 legitur
3657 4720 3668 4756 :

290 4783 362 4864 in.
384 4785 601 4864 Menaeo
627 4785 958 4864 Grmcorum
982 4783 1446 4864 died-Januarii,
1473 4773 1724 4856 et'cujus
1757 4773 1855 4838 ver

2102 4785 2390 4856 εμασκηνὸς
2423 4783 2472 4837 ἐν
2503 4787 2582 4850 τῷ
2639 4783 2715 4842 εἷς
2773 4773 2863 4835 τδν
2929 4779 3086 4852 μέγαν
3119 4773 3432 4864 ”Βασίλείον
3461 4773 3667 4864 iam“,

287 4855 514 4936 aliquot
552 4854 944 4936 recitavimus,
970 4859 1033 4933 .t.
1087 4855 1176 4905 VI.
1217 4855 1411 4936 ,ΡΙ-δή..
1437 4843 1504 4924 ’ρ.
1677 4857 1825 4936 sane

2105 4843 2213 4910 ἐὼν
2271 4843 2424 4930 quasi,
2482 4843 2579 4906 toi")
2639 4855 2842 4925 Ῐιατρὸς
2886 4843 3090 4916 ὁῪὶὖς,
3152 4847 3412 4936 κυεῖ-’ξοῦ1
3450 4845 3580 4896 Υἱοῦ
3609 4843 3669 4896 τὸ

291 4919 554 4996 ejusdem
580 4939 734 4994 saepe
765 4923 1014 4977 oratoris
1038 4925 1379 4996 complures
1399 4919 1682 4996 homilias
1709 4925 1779 4978 de
1810 4942 1930 4980 uno
2037 4919 2672 4994 llvaﬁuw'Damascenus
2708 4919 2764 4978 in
2805 4941 3010 4996 canone
3041 4919 3440 4996 (tropa-riguae
3470 4931 3670 4984 magno

293 4987 618 5074 eodemque
650 4987 995 5074 argumento
1029 4987 1346 5074 velsancto
1381 4996 1500 5048 viro
1535 4995 1592 5048 in
1625 4995 1792 5074 libris
1823 4997 1926 5074 ha-
2039 4987 2246 5074 Basilio
2267 4999 2354 5074 ait
2381 5014 2397 5050 :
2431 4997 2622 5068 imago
2668 5000 2757 5050 est
2801 4995 2988 5049 Patris
3037 4987 3242 5056 Filius,
3293 4987 3421 5043 Filii
3470 4993 3667 5041 autem

294 5066 519 5148 bemus,
571 5071 746 5136 prout
801 5081 1000 5148 annua
1047 5065 1392 5148 solemnitas
1435 5065 1793 5146 recurrebat,
1846 5067 1930 5120 sic
2037 5070 2229 5140 imago
2263 5069 2532 5138 Spiritus.
2560 5065 2588 5116 ῐι
2621 5070 2716 5120 Ει).
2751 5067 2990 5120 ΡΑτιιοι.

293 5137 498 5208 hymni
526 5135 762 5207 quoque
789 5135 862 5190 ob
896 5135 1166 5190 eamdem
1197 5135 1660 5192 anniversariam
1690 5153 1928 5193 causam
