3964 6144
387 218 519 274 1371

384 350 2746 381 mm

1890 235 2250 290 ADDENDA.

3636 243 3755 297 1372

2754 376 2799 380 .__
2832 376 2837 379 .
2872 376 2879 380 .
2901 377 2906 380 .
2934 376 2953 379 ni
2987 376 3029 381 τί
3066 375 3253 381 ...ην-...λι
3276 376 3343 381 ,ν-ρν
3378 378 3385 379 κ
3420 375 3437 378 α
3512 376 3688 382 ἠ-ῌτ-
3716 379 3738 385 _

1059 503 1589 599 JOANNIS
1653 508 2237 606 MONACHI
2302 515 2730 610 HYMNI
2801 519 3074 619 SEX-

1864 717 2275 730 ——-—_—

865 890 1160 944 JOANNIS
1207 890 1537 946 MONACHI

626 976 909 1030 HYMNUS
950 978 1019 1030 IN
1070 978 1390 1030 SANCTUM
1432 978 1779 1032 BASILIUM.

388 1063 554 1133 Cujus
576 1067 771 1133 primae
804 1065 1006 1119 littera
1037 1081 1053 1116 :
1081 1064 1360 1118 Cantibus
1384 1080 1532 1118 cano
1556 1082 1837 1135 magnum
1860 1068 2020 1123 Basi-

528 1136 696 1188 lium.
732 1136 843 1189 Ode
876 1139 924 1201 1,
956 1136 1131 1189 Sanus
1179 1135 1258 1203 pl.
1308 1139 1357 1187 2.
1404 1138 1571 1189 Maris
1601 1138 1874 1205 ﬂuctibus.

459 1240 542 1293 Ab
576 1240 710 1293 altis
735 1240 897 1294 omlis
930 1239 1214 1310 despicito
1233 1256 1360 1305 nos,
1395 1240 1657 1295 divinum
1684 1244 2024 1297 honestum-

389 1345 501 1397 que
529 1334 584 1381 et
617 1344 848 1381 sacrum
872 1335 1083 1399 caput;
1115 1335 1495 1398 mentemque
1526 1347 1712 1401 regas,
1748 1347 1814 1386 ac
1844 1332 2020 1386 vitam

390 1421 653 1469 nostram
679 1432 910 1486 semper
935 1415 1007 1470 ad
1039 1416 1327 1486 optimum
1361 1416 1595 1489 dirigas.

462 1594 541 1645 Tu
599 1592 1026 1661 indesinenter,
1085 1599 1150 1648 ut
1198 1595 1435 1659 Paulus,
1494 1594 1702 1649 avebas
1760 1596 2023 1666 corporis

395 1680 537 1734 solvi
568 1681 856 1735 vinculis:
900 1681 1177 1735 benevole
1210 1699 1364 1749 vero,
1398 1688 1462 1735 ut
1504 1682 1741 1754 benigni
1773 1684 1868 1737 Dei
1902 1700 2022 1738 ser-

396 1784 518 1833 vus,
545 1769 893 1823 existimasti
924 1770 1128 1824 utilius
1157 1776 1359 1825 nostra
1387 1786 1567 1825 causa
1595 1772 1656 1825 in
1682 1788 1856 1826 carne
1888 1788 2024 1842 per-

395 1873 625 1912 manere
636 1899 647 1912 .

465 1949 704 2019 Magnus
718 1948 777 2000 in
800 1947 982 2018 signis
995 1947 1397 2018 prodigiisque
1409 1947 1565 2002 visus
1584 1965 1673 2001 es:
1697 1948 1849 2003 facta
1866 1950 2027 2004 enim

394 2036 716 2090 reverenda
748 2036 1115 2089 invocatione
1138 2036 1267 2105 ejus
1298 2036 1395 2105 qui
1438 2052 1621 2089 aereas
1670 2037 1789 2090 orci
1829 2044 2026 2107 portas

392 2124 698 2193 confregit,
729 2128 788 2175 tu
831 2123 1020 2176 ferrea
1068 2122 1347 2191 repagula
1399 2123 1741 2185 contudisti,
1793 2141 2028 2194 quoque

390 2210 687 2264 interdicti
720 2210 953 2263 fuerant
983 2209 1267 2279 templum
1292 2210 1564 2264 ﬁdelibus
1586 2212 1915 2267 restituisti.

463 2298 741 2351 Cantibus
780 2297 992 2350 divinis
1039 2296 1368 2351 divinorum
1418 2299 1764 2368 angelorum
1795 2306 2025 2370 oporte-

391 2385 491 2439 bat
522 2384 633 2439 coli
664 2390 839 2453 atque
868 2384 1139 2439 coronari
1172 2390 1331 2439 tuam
1370 2387 1694 2457 angelicam
1740 2389 1939 2454 vitam,
1972 2395 2029 2442 et

393 2473 453 2527 in
484 2474 732 2527 materia
764 2473 1027 2527 materiai
1060 2479 1380 2543 expertem,
1414 2492 1592 2544 quam
1626 2477 1684 2530 in
1716 2476 1808 2531 his
1852 2479 2024 2533 terris

391 2561 606 2615 duxisti
639 2578 757 2615 non
784 2560 955 2615 aliter
984 2577 1051 2615 ac
1077 2562 1373 2615 terrestris
1404 2564 1666 2634 angelus.

458 2652 725 2720 Deiparae.
771 2681 839 2690 —
885 2653 957 2703 Te
1015 2650 1431 2720 prwﬂgurabat
1507 2652 1608 2706 ille
1679 2669 1786 2723 per
1858 2670 2020 2708 mare

386 2739 672 2791 transitus
702 2738 929 2806 antiqui
956 2737 1129 2791 Israel
1162 2754 1174 2803 ;
1210 2754 1346 2792 nam
1377 2738 1683 2794 immadidi
1714 2741 2018 2795 madidum

386 2826 635 2880 fundum
665 2829 1072 2896 peragrarunt,
1106 2825 1258 2878 sicut
1290 2826 1418 2880 sine
1456 2826 1587 2881 labe
1611 2830 1953 2899 concepisti,
1985 2846 2018 2883 o

392 2914 560 2983 Virgo
592 2914 988 2969 immaculata.

828 3021 938 3075 Ode
966 3022 1063 3075 III.
1099 3023 1163 3075 Te
1190 3037 1353 3090 super
1382 3038 1567 3091 aquas.

458 3108 528 3160 Ut
557 3123 796 3178 caperes
828 3113 1013 3161 totum
1047 3116 1261 3163 sancta:
1293 3110 1592 3163 Trinitatis
1616 3109 2012 3179 splendorem,

384 3202 484 3250 tuo
508 3197 703 3251 animo
740 3197 1017 3251 omnibus
1050 3199 1299 3252 terrenis
1345 3198 1795 3269 cogitationibus
1838 3199 2014 3253 inter-

384 3286 581 3340 dixisti
609 3304 620 3352 ;
655 3288 811 3340 hunc
828 3287 1142 3341 virtutibus
1174 3287 1426 3341 reddens
1449 3287 1828 3357 splendidum
1858 3288 2017 3342 velut

384 3375 609 3428 clarum
640 3375 1143 3444 purissimumque
1190 3376 1516 3445 speculum.

454 3464 527 3517 Te
556 3463 806 3517 alterum
843 3465 1039 3517 Mosen
1091 3462 1303 3534 adepta
1333 3470 1421 3518 est
1476 3464 1646 3518 turba
1692 3466 2012 3519 monacho-

2044 877 2097 943 A

2607 883 2903 939 ΙΩΑΝΝΟΥ
2953 884 3289 940 ΜΟΝΑΧΟΥ

2306 968 2539 1021 ΚΑΝΩΝ
2579 971 2690 1025 ΕΙΣ
2734 973 2878 1026 TON
2918 973 3131 1028 ΛΓΙΟΝ
3174 975 3596 1039 ΒΑΣΙΛΕΙΟΝ,

2125 1051 2202 1109 Οὗ
2234 1055 2266 1122 ἡ
2300 1054 2645 1131 ἀκροστιχίς·
2692 1060 2963 1131 ξέᾼσμασιν
3021 1057 3133 1129 ᾅδω
3192 1059 3491 1115 Βασιλειον
3550 1060 3637 1113 τὸν

2257 1124 2381 1198 γαν,
2408 1124 2648 1201 ’ῼδὴ”Α’·
2858 1130 2951 1184 πλ.
3091 1131 3301 1202 Κύματι
3334 1131 3635 1200 θαλάσσης.

2197 1231 2495 1302 Οὐρανόθεν
2551 1237 2639 1309 ἀφ’
2687 1235 2856 1307 ὕψους
2916 1240 3061 1307 ἡμᾶς
3120 1237 3467 1305 ἐποπτεύοις,
3520 1238 3631 1299 θεία
3678 1242 3748 1291 καὶ

2126 1321 2361 1391 πάντιμε
2420 1323 2507 1376 καὶ
2558 1324 2674 1397 ἱερὰ
2722 1323 2955 1399 κεφαλή·
3008 1328 3092 1379 καὶ
3146 1326 3503 1389 κατευθῦναις
3554 1328 3640 1380 τὸν
3668 1326 3745 1381 λό-

2127 1430 2244 1482 γον,
2292 1410 2380 1464 καὶ
2431 1412 2521 1465 τὸν
2584 1410 2698 1485 βίον
2755 1415 2846 1466 τὸν
2896 1414 3156 1489 ἡμέτερον
3212 1413 3495 1487 διεξάγοις
3551 1415 3749 1468 πάντοτε

2127 1498 2263 1573 πρὸς
2290 1499 2353 1553 τὸ
2386 1498 2841 1575 λυσιτελέστερον.

2202 1594 2275 1640 Συ
2306 1590 2441 1642 κατὰ
2468 1589 2560 1642 τὸν
2590 1588 2806 1645 Παῦλον
2845 1592 2943 1657 τῆν
2990 1591 3272 1663 ἐπιθυμίαν
3323 1598 3433 1661 τῆς
3470 1591 3748 1653 ἀναλύσεως

2131 1677 2276 1751 εἶχες
2308 1674 2607 1730 ἀνένδοτον·
2659 1679 2722 1730 τὸ
2766 1681 2834 1751 τῇ
2867 1680 3021 1751 σαρκὶ
3054 1677 3111 1732 δὲ
3140 1679 3475 1753 προσμένειν
3510 1677 3581 1733 δι’
3624 1682 3748 1751 ἡμᾶς

2131 1766 2544 1838 ἀναγκαιότερον
2596 1765 2995 1841 φιλανθρώπως
3048 1764 3278 1841 ἔκρινας,
3327 1770 3409 1829 ὡς
3457 1767 3649 1829 δοῦλος
3677 1791 3745 1842 φι-

2133 1854 2455 1927 λανθρώπου
2481 1852 2632 1909 Θεοῦ.

2204 1944 2387 2015 Μέγας
2436 1940 2485 1995 ἐν
2547 1943 2793 2013 σημείοις
2851 1943 2939 1997 καὶ
2966 1944 3185 2017 τάρασιν
3242 1940 3461 2019 ὤφθης·
3522 1950 3614 1999 τοῦ
3664 1945 3741 2018 γὰρ

2131 2030 2421 2104 τρίψαντος
2461 2030 2634 2092 πύλας
2679 2036 2774 2083 τοῦ
2833 2029 2963 2100 ᾇδου
3014 2031 3225 2104 χαλκᾶς
3275 2036 3344 2105 τῇ
3403 2028 3609 2107 φοϐερᾷ
3650 2032 3740 2085 ἐπι.

2132 2118 2323 2188 κλήσει
2381 2116 2636 2193 σιδηροῦς
2700 2119 2954 2193 μοχλοῦς
3008 2120 3363 2187 συνέθλασας,
3426 2121 3517 2175 καὶ
3564 2126 3744 2179 πιστοῖς

2058 2218 2103 2281 Β
2132 2204 2414 2270 ἀπέδωκας
2443 2208 2566 2261 ναὸν
2600 2208 2657 2261 ’ὃν
2689 2207 3048 2281 ἀφῃρέθησαν.

2201 2301 2466 2368 ’ᾼτμασιν
2512 2294 2702 2357 ἀΰλοις
2758 2294 2939 2350 ἀΰλων
2997 2295 3245 2369 ἀγγέλων
3287 2294 3403 2351 ἔδει
3434 2298 3737 2371 γεραίρεσθαι

2125 2386 2213 2441 καὶ
2267 2386 2681 2462 καταστέφεσθαί
2732 2406 2831 2438 σου
2862 2388 2952 2440 τὸν
2988 2385 3275 2460 ῗσάγγελον
3342 2387 3491 2460 βίον,
3550 2386 3734 2450 καῐτὴν

2126 2474 2291 2529 ἅϋλον
2324 2475 2373 2528 ὲν
2408 2473 2511 2548 ὕλῃ
2548 2476 2714 2543 ζωὴν,
2746 2474 2810 2541 ἢν
2843 2472 2896 2527 ἐν
2926 2478 2995 2549 γῇ
3027 2476 3395 2548 κατώρθωσας
3430 2474 3504 2537 ὡς
3535 2471 3732 2547 ἅγγελος

2122 2562 2377 2638 ἐπίγειος.

2194 2650 2499 2705 Θεοτόκιον.
2536 2683 2599 2691 -
2642 2650 2712 2703 Σὲ
2759 2649 3159 2725 προεζωγράφει
3210 2653 3243 2719 ἡ
3296 2648 3349 2704 ἐν
3398 2655 3468 2723 τῇ
3518 2646 3721 2716 θαλάσσῃ

2120 2739 2290 2804 ἐκείνη
2362 2734 2604 2800 διάϐασις
2671 2742 2768 2791 τοῦ
2824 2736 3062 2791 παλαιοῦ
3145 2737 3394 2811 Ἰσραήλ·
3482 2737 3569 2790 καὶ
3644 2735 3723 2807 γὰρ

2120 2826 2322 2887 ἐκεῖνος
2343 2822 2599 2900 ἀϐρόχως
2630 2828 2720 2880 τὸν
2754 2826 2911 2900 ὑγρὸν
2960 2827 3118 2900 βυθὸν
3152 2825 3455 2894 ἐπέζευσεν,
3491 2827 3563 2884 ὡς
3608 2823 3717 2892 αὐτῇ

2117 2918 2443 2991 γεγέννηκας
2471 2917 2743 2989 ἀσπορως,
2775 2916 3128 2990 ὑπεράμωμε.

2508 3019 2636 3099 ᾨδή
2670 3022 2739 3075 l“.
2777 3021 2844 3074 Σὲ
2872 3025 2978 3074 τῶν
3014 3020 3100 3075 ἐπὶ
3134 3020 3364 3076 ὑδάτων.

2192 3111 2325 3183 [Ἵνα
2357 3113 2416 3183 χ]
2449 3112 2665 3182 ωρήσῃς
2725 3112 2799 3182 (1)
2854 3108 2989 3177 ὅλην
3017 3111 3114 3176 τήν
3161 3107 3443 3183 ἔλλαμψιν
3477 3116 3570 3176 τῆς
3598 3106 3718 3178 ἁγίας

2119 3197 2367 3275 Τριάδος,
2401 3197 2671 3272 ὲχώρισας
2727 3198 2816 3250 τὸν
2858 3202 2979 3250 νοῦν
3014 3219 3109 3251 σου
3140 3198 3312 3268 πάσης
3374 3195 3609 3256 ὑλώδους
3645 3192 3715 3264 ἐμ·

2120 3289 2371 3363 φάσεως·
2433 3288 2644 3359 ἀρεταῖς
2706 3281 3038 3346 έστίΛϐωσας
3096 3291 3285 3340 τοῦτον
3344 3288 3426 3347 ὡς
3495 3282 3711 3355 ἔσοπτρον

2121 3373 2330 3448 διαυγὲς
2352 3375 2439 3429 καὶ
2461 3375 2861 3446 καθαρώτατον.

2189 3465 2323 3519 Νέον
2354 3466 2410 3517 σὲ
2440 3462 2667 3517 Μωϋσὲα
2722 3462 2988 3535 εὐτυχησι
3032 3467 3140 3516 τῶν
3177 3469 3461 3535 μοναστῖν
3517 3462 3573 3515 τὸ
3624 3455 3709 3510 στί-

384 3569 556 3605 rum:
602 3557 730 3606 tuos
775 3567 1078 3606 sermones
1117 3551 1361 3622 perinde
1392 3567 1460 3606 ac
1509 3552 1733 3607 divinas
1781 3553 2011 3624 regulas

2147 3551 2388 3613 ›ος·τοὺς
2418 3550 2548 3611 σοὺς
2581 3550 2737 3605 αὐτοὶ
2782 3549 2977 3625 λόγους
3035 3552 3109 3611 ὡς
3163 3552 3338 3614 θείους
3369 3552 3565 3622 νόμους
3613 3565 3708 3599 κατ-

382 3642 661 3709 retinent,
712 3646 891 3710 utque
940 3640 1219 3695 Mosaicas
1270 3640 1498 3695 tabulas
1534 3647 1633 3697 tua
1676 3642 1895 3712 scripta
1939 3641 2009 3695 de

386 3731 637 3785 ascetica
659 3730 793 3784 vita.

451 3819 587 3870 Sine
618 3818 907 3887 principio
942 3821 1192 3883 Patrem,
1228 3824 1404 3889 atque
1438 3819 1670 3882 Filium,
1714 3826 2011 3874 sanctum-

382 3923 493 3976 que
527 3906 808 3975 Spiritum
840 3906 1245 3975 praadicavisti,
1281 3912 1338 3961 et
1366 3907 1436 3960 de
1462 3924 1582 3962 una
1612 3909 1789 3962 trium
1820 3926 2016 3978 perso-

382 4012 593 4049 narum
626 3994 1113 4050 consubstantiali
1134 3995 1435 4049 divinitate
1467 3995 1797 4050 disseruisti
1824 4014 1835 4060 ;
1859 4014 2013 4051 unus

385 4086 544 4138 enim
577 4086 729 4138 Deus
760 4089 849 4138 est
870 4090 1073 4138 sancta
1102 4084 1371 4139 Trinitas.

458 4172 806 4227 Orthodoxis
848 4173 1021 4226 ﬁdem
1072 4172 1464 4227 corroborasti
1497 4174 1851 4244 sapientium
1874 4190 2011 4243 ap0«

386 4260 709 4325 stolorum;
745 4276 993 4329 quorum
1023 4261 1501 4330 praedicationem
1534 4262 1733 4333 impiis
1780 4262 2014 4317 vocibus

384 4349 783 4417 impugnatam
807 4346 1152 4410 obﬁrmasti,
1186 4364 1216 4400 ο
1243 4348 1436 4401 Basili.

454 4441 795 4507 Deiparae.--—
820 4438 1138 4508 Splendida
1168 4438 1316 4491 lucis
1346 4439 1533 4492 nubes
1565 4457 1634 4493 ex
1664 4440 1781 4494 iliis
1812 4442 1948 4507 tuis,
1979 4458 2011 4499 ο

388 4529 576 4598 Virgo,
631 4526 932 4579 suscitavit
979 4526 1163 4579 solem
1211 4526 1432 4594 gloriaa,
1480 4526 1892 4595 splendoribus
1922 4530 2010 4582 in-

388 4621 597 4671 creatm
656 4613 998 4677 divinitatis,
1057 4613 1217 4666 omni
1281 4618 1561 4667 creaturae
1609 4621 2011 4684 apparentem,

386 4703 771 4771 fraudemque
812 4700 1129 4770 impietatis
1160 4698 1482 4754 tollentem.

777 4808 887 4862 Ode
932 4807 1024 4861 IV.
1058 4806 1288 4859 Audiuit
1306 4823 1615 4874 perversus.

2121 3640 2325 3715 ἔχουσι’
2363 3641 2654 3702 Μωσαϊκὰς
2724 3640 2796 3699 ὡς
2852 3638 3064 3700 πλάκας
3122 3636 3177 3693 δὲ
3234 3639 3298 3693 τὰ
3355 3637 3708 3713 συγγράμματα

2117 3730 2182 3783 τὰ
2212 3729 2345 3802 πρὸς
2378 3733 2600 3795 άσκησιν
2633 3726 2943 3800 ἀλείφονται.

2191 3818 2460 3891 Ἀναρχον
2514 3815 2604 3869 τὸν
2664 3816 2895 3889 Πατέρα,
2957 3815 3289 3889 συνανάρχον
3348 3818 3436 3870 τὸν
3484 3805 3705 3874 Nomm?

2119 3907 2181 3959 τὸ
2213 3909 2429 3974 Πνεῦμα
2479 3904 2759 3975 ὲκήρυξας’
2822 3904 2911 3957 καὶ
2976 3906 3098 3975 μίαν
3158 3909 3264 3957 τῶν
3296 3909 3459 3979 τριῶν
3515 3895 3704 3955 ὑποστά-

2121 4014 2253 4047 σεων
2315 3994 2533 4067 ὁμοφυῆ
2592 3993 2817 4060 θεότητα
2873 3990 3224 4065 ἐθεολόγησασ
3285 3993 3361 4052 εἷς
3422 3982 3698 4059 Θεὸςγάρῆ

2120 4080 2242 4156 ἁγία
2274 4081 2461 4151 Τριάς.

2192 4169 2376 4225 Πίστιν
2432 4164 2735 4240 ὁρθοδόξοις
2798 4167 3078 4241 ἐκράτυνας
3136 4173 3241 4221 τῶν
3294 4173 3469 4244 σοφῶν
3514 4158 3699 4217 ἀποστό-

2122 4258 2252 4314 λων·
2287 4260 2348 4312 τὸ
2403 4259 2653 4331 κήρυγμα
2700 4254 2755 4310 δὲ
2784 4261 2943 4310 τοῦτο
2982 4257 3088 4317 τέῖς
3121 4256 3384 4320 ἀντιθέοις
3436 4252 3695 4327 κηρῦγμασι

2121 4344 2585 4419 πολιορκούμενον
2617 4344 3040 4419 κατωχύρωσας,
3073 4345 3343 4402 Bato-(Asta.

2194 4437 2498 4490 Θεοτόκιον.
2534 4440 2682 4489 -Ἡ
2738 4438 2834 4488 τοῦ
2900 4436 3076 4510 φωτὸς
3133 4434 3329 4506 νεφέλη
3395 4426 3627 4488 ἀνέτειλεν
3653 4421 3691 4472 ἐκ

2123 4522 2368 4598 λαγόνων
2427 4544 2542 4587 σου,
2599 4522 2770 4595 Κόρη,
2827 4523 2919 4575 τὸν
2971 4521 3131 4590 ἥλιον
3187 4530 3285 4590 τῆς
3344 4514 3691 4608 δόξης,αὐγαῖξ

2124 4613 2377 4666 ἀκτίστου
2433 4612 2735 4679 θεότητος,
2794 4632 2937 4683 πασῃ
2991 4615 3058 4683 τῇ
3116 4612 3284 4665 κτίσει
3345 4610 3580 4688 φανέντα,
3627 4616 3688 4649 και

2124 4699 2447 4774 ἀφανίσαντα
2475 4700 2572 4767 τὴν
2606 4699 2813 4769 ἀπάτην
2842 4707 2938 4767 τῆς
2971 4699 3282 4769 ἀθεῦτητος.

2672 4810 2739 4859 Δ’.
2766 4806 3023 4874 Ἀκήκοεν
3050 4806 3075 4858 ὁ
3100 4806 3358 4878 πονηρός.

456 4896 957 4962 Quemadmodum
980 4894 1135 4965 regio
1162 4894 1342 4964 pallio
1374 4896 1519 4948 sacri
1545 4896 1830 4951 sacerdoti
1855 4899 2012 4953 chla-

2197 4894 2477 4951 Βασίλειον
2530 4894 2603 4953 ὡς
2638 4890 2895 4967 χλαμύδα
2952 4896 3049 4960 τῆς
3106 4893 3246 4955 θείας
3304 4889 3578 4967 ἱερωσύνης
3622 4896 3689 4940 την

383 4988 553 5057 myde
602 4988 841 5041 indutus
898 4990 1070 5055 atque
1139 4989 1367 5038 erectus
1424 4987 1746 5054 apparuisti
1812 5004 2009 5043 coram

383 5074 700 5138 tribunali;
731 5074 856 5127 visu
894 5074 1157 5127 turbatus
1205 5073 1333 5138 fuit,
1367 5073 1427 5125 in
1485 5074 1655 5127 corde
1707 5077 2011 5144 perculsus

381 5161 494 5216 fuit
525 5161 968 5215 crudelissimus
1000 5162 1339 5230 imperator.

454 5250 707 5303 Audenti
739 5248 987 5318 Spiritus
1020 5249 1205 5302 sancti
1249 5253 1521 5303 naturam
1568 5250 1819 5304 maxime
1846 5266 2014 5305 vene-

384 5338 627 5393 randam
685 5352 921 5407 negare,
954 5342 1018 5389 tu
1056 5336 1160 5389 tibi
1189 5337 1312 5406 ipse
1354 5336 1508 5391 male
1565 5337 1790 5406 precari
1822 5338 1999 5391 susti-

2121 4980 2379 5036 διπλοῖδα
2420 4976 2857 5051 ἀναϐεϐλημένον
2918 5002 2973 5033 σε
3020 4982 3105 5033 καὶ
3142 4977 3322 5045 ὄρθιον
3376 4973 3685 5041 άνεστήλωσαῖ

2119 5072 2276 5127 αὐτὸν
2311 5072 2415 5143 πρὸ
2444 5074 2541 5123 τοῦ
2661 5090 2826 5141 ματος
2858 5113 2871 5136 ,
2927 5066 3057 5123 ἱὸὼν
3119 5066 3403 5137 διεσείσθη,
3433 5066 3515 5123 τὰς
3543 5056 3686 5131 φρένας

2122 5159 2385 5230 ἐξεπλάγη
2424 5156 2677 5231 βασιλεὺς
2705 5158 2731 5209 ὁ
2764 5158 3136 5227 άνομώτατος.

2194 5249 2353 5303 Κάτω
2386 5248 2484 5313 τὴν
2509 5243 2947 5322 φρικωδεστάτην
3000 5249 3095 5298 τοῦ
3152 5251 3454 5317 Πνευματος
3498 5239 3681 5324 Emam?

2123 5357 2265 5412 φημι
2313 5339 2407 5388 τοῦ
2465 5333 2664 5409 ἁγίου,
2723 5338 2927 5404 σεαυτῷ
2982 5332 3276 5407 ἐθαῤῥησας
3331 5327 3599 5405 ἀράσασθαι·
3647 5332 3677 5364 ει

452 5517 527 5586 (1)
558 5514 660 5569 Hic
693 5519 749 5568 et
776 5511 917 5567 alibi
948 5510 1178 5567 codices
1208 5510 1435 5582 paginae
1466 5512 1651 5567 cuitro
1684 5512 2000 5569 decurtata)
2031 5513 2462 5584 aliquantulum
2515 5512 2771 5568 fuerunt.
2800 5511 3011 5567 Confer
3058 5517 3254 5566 tamen
3298 5510 3461 5577 infra,
3498 5521 3543 5574 p.
3585 5494 3670 5548 7l9.
