3964 6144
258 226 403 281 1373

1489 234 1786 288 HYMNUS
1823 234 1898 288 IN
1932 237 1991 290 8.
2031 239 2389 297 BASILIUM.

3507 259 3643 312 1374

253 346 335 416 μή
372 351 614 409 συνπτῶς
650 347 784 420 μετὰ
833 350 1041 423 Πατρὸς
1091 351 1181 404 καὶ
1212 351 1340 404 Υἱοῦ
1370 352 1444 411 ὡς
1493 350 1644 426 φύσει
1691 351 1865 423 ὁμότι‹

2008 359 2210 428 nuisti,
2243 364 2357 420 nisi
2389 371 2807 426 convenienter
2854 391 2988 428 cum
3041 377 3210 430 Patre
3260 382 3317 430 et
3374 377 3516 431 Filio
3574 383 3639 433 ut

255 455 363 507 μον
388 434 491 508 [λέ]
528 456 591 509 γο
633 436 810 500 ιςαύτὸ
839 437 902 492 τὸ
935 441 1150 511 Πνεῦμα
1179 440 1268 492 καὶ
1311 439 1381 500 ὡς
1415 438 1738 514 ὁμοοόσιον.

329 609 539 688 Σοφίας
565 613 652 668 καὶ
713 611 1023 687 ἐπιστήμης
1080 613 1319 688 ἐκράτεις
1372 614 1452 687 τῷ
1485 617 1728 690 περιόντι
1783 621 1890 672 τῶν

259 701 598 775 μετεχόντων
624 707 726 771 τῆς
755 703 926 771 αὑτῆς
956 701 1201 765 παιδείας
1239 703 1323 772 σὺ,
1357 702 1629 759 Βασίλειε·
1662 708 1757 758 σοῦ
1788 705 1890 780 γὰρ

255 791 396 863 πρὸς
423 792 515 844 τὸν
548 789 750 865 δρόμον
783 793 870 847 καὶ
928 793 1020 848 τὸν
1073 793 1274 865 τρόπον
1333 793 1485 849 αὐτοὶ
1538 794 1694 864 πεζοὶ
1745 797 1890 870 παρά

253 875 454 933 Λύδιον
480 881 627 953 ἅρμα
655 878 873 936 ἐδόκουν
901 883 1136 957 τρέχειν,
1167 883 1264 937 κᾶν
1285 881 1594 960 συντρέχειν
1621 879 1813 956 ᾤοντο.

328 1057 532 1120 ’Ῑθόνας
555 1057 733 1132 ὥσπερ
791 1058 998 1116 ὁλκάδα
1027 1058 1214 1123 δεινῶς
1261 1059 1737 1134 κλυδωνιζομένην
1784 1064 1886 1131 τὴν

248 1144 578 1215 Ἐκκλησίαν
608 1152 686 1218 τῷ
717 1146 938 1223 σφοδρῷ
990 1153 1224 1224 χειμῶνι
1281 1154 1387 1204 τῶν
1443 1149 1716 1221 αἱρέσεων,
1750 1151 1886 1223 πρὸς

243 1232 561 1306 ἀρθοδοξίας
593 1235 765 1312 ὅρμον
798 1237 1060 1293 ἄκλυστον
1090 1243 1189 1292 τοῦ
1211 1237 1488 1302 κλύδωνος
1513 1246 1612 1309 τῆς
1644 1236 1886 1303 ἀσεϐείας

253 1321 466 1399 ἐρῥύσω
495 1325 716 1395 ταύτην,
750 1325 890 1380 οἷάκι
921 1331 1028 1381 τῶν
1063 1325 1241 1402 λόγων
1272 1348 1386 1382 σου.

318 1499 626 1557 Θεοτόκιον.
684 1535 753 1545 -
809 1501 1138 1580 Ἐξαλείφειν
1195 1505 1463 1579 ἁμαρτίας
1511 1505 1539 1558 6
1593 1501 1883 1577 δυνάμενος

247 1588 404 1662 μόνῳ
432 1591 676 1662 νεύματι,
707 1592 806 1660 τὴν
852 1592 1090 1666 μεγάλην
1124 1594 1388 1666 ἁμαρτίαν
1422 1597 1517 1647 τοῦ
1563 1598 1757 1648 πιστοῦ
1784 1615 1880 1669 γυ-

238 1677 398 1732 ναίου
431 1679 699 1753 ἐξήλειψε·
756 1680 845 1735 καὶ
894 1685 1001 1734 τῶν
1057 1682 1313 1736 πάντοθεν
1370 1681 1531 1736 αὑτοῦ
1587 1687 1762 1736 κακῶν
1797 1680 1883 1738 διὰ

244 1771 344 1822 σοῦ
375 1764 537 1842 ἄκραν
571 1767 948 1824 κατεσκέδασεν
982 1770 1395 1842 ἁμνημοσόνην.

526 1902 655 1980 ᾨδή
688 1905 762 1960 Ε’.
795 1907 886 1975 Τῷ
916 1902 1196 1978 συνδέσμῳ
1224 1911 1323 1974 τῆς
1351 1906 1587 1979 ἀγάπης.

306 2009 448 2064 Ἴσον
481 2008 674 2070 πάντες
705 2010 840 2064 κατά
869 2009 1035 2083 λόγον
1067 2012 1257 2084 ἀρετὴν
1288 2010 1345 2065 τέ
1365 2032 1460 2065 σου
1491 2010 1866 2068 ἀπελείποντο·

228 2096 464 2167 οὐρανοῦ
521 2098 806 2173 καθάπερ,
872 2103 1046 2172 μάκαρ
1083 2143 1096 2168 ,
1161 2106 1260 2168 τῆς
1336 2101 1550 2161 ἀκτῖνος
1629 2101 1868 2170 ἡλιακῆς

225 2185 471 2260 ἀτεχνῶς
503 2187 554 2240 οἱ
603 2187 942 2262 πανταχόθεν
994 2188 1129 2261 πρὸς
1183 2187 1318 2243 αὐτᾶ
1377 2186 1687 2262 βλέποντες·
1748 2187 1868 2262 ὕψει

230 2274 512 2337 πολιτείας
544 2276 645 2350 γὰρ
680 2274 908 2352 οὐρανὸς
939 2274 1150 2349 ὤφθης.

307 2451 554 2526 Οὐρανίῳ
586 2452 711 2525 θείῳ
765 2451 934 2528 ἄρτῳ,
996 2453 1193 2525 ὑψηλῷ
1251 2474 1345 2507 σου
1394 2451 1562 2528 λόγῳ,
1595 2453 1865 2524 Βασίλειε,

230 2540 406 2613 Λόγος
432 2543 592 2615 ἄρτος
622 2543 721 2616 γὰρ
753 2541 1016 2616 ἀγγέλων,
1048 2538 1346 2616 διατρέφεις
1378 2542 1556 2616 ψυχὰς
1601 2544 1868 2607 πεινώσας

231 2631 384 2702 Θεὸν,
425 2630 514 2684 καὶ
547 2629 872 2699 ἐκζητούσας
908 2630 1114 2706 τροφὴν
1147 2629 1208 2682 οὐ
1245 2628 1485 2703 ῥέουσαν,
1517 2629 1734 2703 μᾶλλον
1769 2633 1862 2704 μὲν

235 2721 326 2774 οὗν
364 2717 628 2792 μένουσαν
654 2718 728 2779 εἷς
747 2719 835 2772 τὸν
863 2718 1052 2774 αἰῶνα.

304 2810 494 2882 [Πεπν]
520 2807 690 2870 ευκὼς
721 2805 848 2860 εἶ’σω
876 2807 964 2860 καὶ
1005 2805 1226 2868 σύννους
1277 2805 1343 2861 τά
1390 2805 1595 2875 πολλὰ,
1633 2811 1863 2882 τρισμά-

231 2917 356 2971 καρ,
414 2893 650 2957 ἐδείκνυς
705 2896 806 2962 τήν
840 2893 1036 2962 ἐσθῆτα
1084 2895 1171 2949 καὶ
1230 2896 1329 2964 τήν
1391 2895 1591 2970 βρῶσιν
1643 2896 1864 2965 εὐτελὴς

229 2983 310 3039 ἀεὶ
343 2984 429 3038 καὶ
463 2979 770 3052 λιτότατος,
803 2981 986 3056 ὠχρὸς
1008 2981 1070 3036 τὸ
1103 2979 1262 3053 εἶδες,
1287 2982 1481 3054 σεμνὰς
1511 3005 1572 3038 το
1604 2982 1861 3060 βάδισμα,

224 3074 530 3142 σιωπηλὸς,
567 3073 862 3147 πρόχειρος
895 3071 1018 3145 περὶ
1049 3071 1138 3125 τὸν
1169 3069 1349 3146 λόγον.

301 3161 585 3214 Θεοτόκιον
619 3203 631 3214 .
692 3193 760 3202 ——-
816 3162 927 3227 Τήν
982 3160 1165 3234 ψυχὴν
1221 3159 1530 3234 ἀγιχσθεῖσα
1565 3206 1577 3230 ,
1658 3164 1748 3217 καὶ
1802 3164 1864 3218 τὸ

227 3252 390 3319 σῶμα
447 3248 898 3320 προκαθαρθεῖσα,
957 3248 1152 3318 σεμνὴ,
1212 3247 1534 3312 ἐπελθόντος
1560 3271 1656 3304 του
1708 3251 1865 3325 ἁγίου

223 3333 312 3388 ἐπὶ
377 3336 473 3404 σὲ,
531 3338 860 3406 πανάμωμε,
920 3333 1252 3407 ΙῙνεῦματος,
1311 3337 1408 3404 τὴν
1466 3342 1562 3390 τοῦ
1617 3338 1866 3410 Ὑψίστου

222 3420 449 3496 ἄπειρον
477 3420 702 3493 δύναμιν
735 3421 820 3475 σοὶ
854 3421 1235 3477 έπισκιάσασαν
1263 3421 1624 3495 καθυπεδέξω.

760 3555 886 3636 ᾨδή
924 3559 984 3627 ζ’.
1035 3559 1307 3635 Συνεχέθη
1320 3603 1331 3615 .

306 3665 637 3743 Ὀρθοδόξων
670 3667 795 3724 ἀλλ’
844 3671 908 3723 οὐ
939 3667 1249 3737 κακοδόζων
1305 3669 1597 3742 πρόμαχος
1645 3664 1863 3743 ἄμαχος

234 3757 432 3833 ὀφθεὶς,
462 3759 563 3825 τὴν
595 3758 822 3832 πυρίνην
853 3757 1100 3831 γλῶσσαν
1161 3759 1232 3819 ὡς
1275 3756 1541 3832 ῥομφαίαν
1597 3755 1861 3832 φλογερὰν

231 3844 418 3920 ἐκχέας
456 3890 470 3915 ,
522 3846 812 3916 ἐξεναντίας
869 3851 976 3899 τῶν
1048 3847 1260 3919 ἐχθρῶν
1350 3845 1710 3908 συνέκλεισας·
1768 3851 1864 3900 τοῦ

226 3935 385 4010 ἀέρος
419 3933 476 3990 δὲ
503 3939 600 4004 τῆς
632 3934 871 4005 ἐξουσίας
913 3933 1004 3988 τὸν
1051 3936 1245 4009 πικρὸν
1305 3931 1544 4008 ἄρχοντα
1590 3933 1858 4008 κατέτρω-

230 4044 320 4084 σας
344 4023 395 4077 ἐν
429 4025 567 4096 αὑτῇ
598 4029 717 4087 τοῖς
745 4026 841 4090 τῆς
869 4023 1143 4084 ἀπειθείας
1177 4021 1492 4096 ἐνεργοῦντα
1523 4024 1681 4083 υἱοῖς.

297 4114 646 4185 Νοουμένων,
696 4111 820 4167 ἀλλ’
861 4111 921 4166 οὑ
959 4111 1332 4186 βλεπομένων,
1377 4110 1748 4182 ἐλπιζομένων
1782 4110 1858 4178 δὲ,

231 4208 406 4279 σαφῶς
467 4203 753 4264 ὑπόστασις
793 4205 826 4270 ἡ
872 4201 1071 4263 πίστις·
1131 4201 1197 4272 ἢν
1253 4201 1315 4255 σὺ
1362 4201 1694 4273 κτησάμενος
1749 4207 1858 4256 τῶν

233 4291 610 4366 βλεπομένων,
667 4292 740 4352 ὡς
797 4289 1102 4363 λυομένων,
1153 4294 1426 4363 νουνεχῶς
1484 4287 1763 4365 ἡλόγησας
1788 4295 1856 4364 τῇ

228 4377 393 4454 ἐφέσει
423 4383 528 4433 τῶν
567 4384 643 4452 μή
681 4378 1055 4454 βλεπομένων·
1088 4380 1155 4435 τὰ
1179 4379 1281 4454 γὰρ
1336 4377 1643 4455 βλεπόμενα
1683 4380 1854 4454 πρόσ-

232 4487 387 4541 καιρα
415 4467 503 4520 καὶ
535 4466 746 4540 ῥευστὰ,
775 4469 843 4521 τὰ
873 4465 928 4522 δὲ
963 4469 1038 4539 μή
1075 4466 1383 4541 βλεπόμενα
1413 4467 1626 4526 αἶ’ώνια.

306 4553 705 4630 Μεγαλόιρρων,
757 4554 881 4610 ἀλλ’
936 4557 999 4610 οὐ
1054 4558 1446 4634 ταπεινόφρων,
1490 4553 1674 4633 ὤφθης
1729 4563 1860 4613 Θεοῦ

237 4649 622 4718 προπολεμῶν,
657 4646 841 4698 ὁπᾶσι
901 4642 967 4698 δι’
1022 4644 1222 4699 ἐκεῖνον
1281 4647 1711 4718 παπεινοῦμενος
1768 4649 1855 4702 καὶ

237 4733 612 4808 προσπίπτων·
665 4731 753 4784 καὶ
811 4731 912 4804 γὰρ
975 4731 1232 4805 ὑπάρχων
1286 4732 1485 4802 κτίσμα
1523 4737 1676 4800 Θεοῦ,
1712 4734 1861 4805 ὅμως

232 4822 318 4876 καὶ
370 4823 500 4882 Θεὸς
555 4822 691 4874 εἶναι
769 4819 1184 4892 κεκελευσμένος
1223 4863 1236 4888 ,
1313 4821 1544 4881 ἀπείπας
1608 4820 1860 4891 κτίσματι

229 4915 541 4983 προσκυνεῖν
602 4910 674 4970 ὡς
731 4912 888 4978 Θεῷ·
935 4909 1062 4969 Θεὸς
1120 4910 1222 4983 γὰρ
1283 4909 1310 4962 ὁ
1367 4907 1588 4977 κτίστης
1646 4907 1860 4962 πάντων

231 4997 498 5059 ἅκτιστος.

305 5090 389 5144 Ἐν
416 5086 495 5160 τῷ
520 5085 794 5161 πράττειν,
852 5083 978 5139 ἀλλ’
1031 5085 1132 5138 οὑκ
1180 5081 1231 5137 ἐν
1274 5087 1352 5154 τῷ
1381 5082 1582 5158 λέγειν,
1641 5083 1857 5158 μᾶλλον

236 5173 388 5236 εἰδὼς
415 5178 514 5244 τὴν
547 5176 760 5248 ἀρετήν·
790 5174 879 5227 καὶ
932 5171 1034 5246 γὰρ
1089 5172 1362 5244 ἀπράκτου
1393 5167 1563 5245 λόγου
1593 5179 1858 5247 κρεῖσσον,

234 5264 301 5324 ὥς
330 5286 512 5340 φησιν,
547 5261 759 5339 ἄφωνον
791 5259 969 5335 ἔργον·
1022 5261 1088 5314 τὰ
1131 5259 1358 5322 πλεῖστα
1408 5261 1652 5336 πράττων
1686 5263 1720 5331 ἢ
1757 5285 1860 5335 μα-

237 5355 360 5417 θὼν,
409 5349 700 5414 ἐδίδασκες·
738 5351 766 5404 6
796 5351 1028 5418 ποιήσας
1087 5349 1213 5422 γὰρ,
1269 5349 1379 5403 εἶτα
1437 5347 1672 5422 διδάξας,
1705 5353 1861 5416 οὗτος

242 5440 564 5510 κληθήσεται
621 5437 783 5512 μέγας
827 5438 880 5492 ἐν
925 5436 1194 5512 οὐρανοῖς,
1241 5437 1269 5490 6
1314 5441 1420 5491 τῶν
1475 5439 1710 5514 οὐρανῶν
1760 5441 1857 5515 βα-

247 5530 420 5591 σιλεὺς
471 5527 704 5604 εἴρηκεν.
765 5529 956 5595 (Deest
995 5533 1145 5583 Θεοτ.
1195 5534 1253 5584 et
1293 5529 1418 5585 Odm
1470 5530 1578 5584 VII.
1634 5531 1858 5606 echus.)

1969 454 2182 506 natura
2210 455 2335 524 pari
2369 457 2591 514 honore
2622 462 2896 518 affectum
2934 470 2991 518 et
3035 467 3608 523 consubstantialem

2003 537 2284 608 Spiritum
2317 554 2584 604 sanctum
2617 552 2998 622 proﬁtereris.

2073 633 2186 686 Per
2210 636 2561 705 sapientiam
2613 645 2786 709 atque
2839 642 3167 709 scientiam,
3218 660 3250 697 ο
3283 643 3480 712 Basili,
3513 661 3640 698 om-

2000 736 2106 774 nes
2137 725 2456 796 participes
2489 728 2754 799 ejusdem
2801 731 3191 784 institutionis
3241 731 3428 786 vicisti
3459 752 3472 798 ;
3505 748 3642 786 nam

1999 812 2324 868 secundum
2355 821 2522 870 tuum
2554 834 2793 872 cursum
2821 823 2878 871 et
2909 825 3040 872 tuos
3074 836 3289 883 mores,
3323 819 3410 872 illi
3443 826 3508 874 ut
3537 838 3641 890 pe-

1999 895 2148 952 dites
2195 901 2267 954 ad
2326 904 2569 973 Lydium
2622 923 2861 960 currum
2917 907 3202 961 cursitare
3261 907 3634 968 videbantur,

1997 989 2265 1055 quamvis
2301 996 2354 1044 te
2388 993 2552 1062 sequi
2586 1010 2756 1064 posse
2789 995 3212 1048 existimarent.

2067 1077 2377 1147 Postquam
2412 1080 2676 1134 direxisti
2728 1087 2791 1134 ut
2845 1098 3072 1148 navem,
3124 1083 3626 1155 Ecclesiam,gra-

1994 1165 2140 1218 viter
2195 1167 2471 1237 agitatam
2523 1168 2853 1222 vehementi
2914 1171 3217 1224 haereseon
3258 1177 3628 1241 tempestate,

1995 1255 2056 1309 in
2086 1257 2422 1311 orthodoxae
2445 1257 2578 1312 ﬁdei
2598 1263 2830 1328 portum
2852 1263 3042 1312 tutum
3069 1275 3103 1314 a
3133 1260 3407 1330 procellis
3431 1261 3638 1331 impie-

1994 1345 2152 1411 tatis,
2197 1361 2537 1400 sermonum
2584 1354 2819 1402 tuorum
2860 1348 3027 1416 quasi
3073 1347 3470 1419 gubernaculo
3520 1349 3631 1402 du-

1989 1432 2146 1487 xisti.

2065 1522 2329 1592 Deiparas.
2363 1553 2429 1561 —
2489 1524 2594 1587 Qui
2652 1529 2846 1594 potest
2902 1523 3024 1578 solo
3083 1528 3228 1577 nutu
3285 1522 3622 1578 oblitterare

1991 1616 2230 1681 peccata
2253 1627 2422 1683 grave
2454 1611 2647 1666 ﬁdelis
2689 1611 2924 1666 feminae
2972 1616 3278 1682 peccatum
3321 1611 3626 1665 oblittera-

1991 1699 2091 1767 vit,
2131 1716 2236 1771 per
2292 1706 2463 1770 teque
2519 1700 2718 1754 omnia
2782 1701 2940 1754 mala
2990 1705 3272 1770 perpetua
3328 1698 3620 1753 oblivione

1908 1771 1958 1837 Β
1989 1787 2286 1844 exstinxit.

2395 1905 2505 1960 Ode
2543 1907 2605 1958 V.
2645 1905 2875 1958 Vincula
2903 1903 3210 1957 charitatis.

2051 2030 2277 2083 Pariter
2307 2045 2512 2083 amnes
2546 2028 2834 2099 sapientia
2867 2033 2923 2081 et
2963 2027 3174 2080 virtute
3225 2031 3278 2080 te
3309 2025 3618 2081 inferiores

1981 2121 2185 2184 erant;
2245 2117 2411 2187 quasi
2473 2117 2715 2183 ecmlis,
2773 2115 3029 2178 obeate,
3087 2129 3294 2167 omnes
3346 2113 3616 2168 homines

1977 2205 2244 2275 undique
2275 2205 2724 2260 circumstantes
2755 2204 3054 2258 habebant
3084 2219 3152 2256 ea
3173 2206 3328 2254 certe
3362 2202 3612 2255 solarem

1975 2293 2242 2360 radium;
2300 2293 2540 2348 sublimi
2572 2293 2730 2346 enim
2787 2293 2914 2346 vitm
2944 2307 3155 2362 genere
3205 2289 3416 2343 coalum
3447 2296 3614 2360 puta-

1975 2381 2154 2435 baris.

2045 2470 2275 2525 Caelesti
2309 2471 2503 2525 divino
2534 2487 2705 2541 pane,
2748 2488 2852 2541 per
2900 2475 3030 2523 tuos
3070 2468 3352 2523 sublimes
3384 2484 3608 2522 sermo—

1976 2575 2102 2622 nes,
2133 2576 2166 2613 o
2199 2559 2374 2614 Basili
2405 2561 2563 2629 (nam
2610 2559 2851 2615 verbum
2892 2559 3061 2629 panis
3099 2562 3187 2612 est
3215 2556 3605 2627 angelorum),

1975 2649 2170 2702 nutris
2199 2649 2429 2703 animas
2461 2651 2646 2703 Deum
2679 2650 3026 2714 esurientes,
3063 2665 3130 2702 ac
3166 2651 3497 2716 quaerentes
3527 2647 3612 2699 ci-

1971 2734 2113 2790 bum
2145 2753 2263 2790 non
2278 2737 2632 2802 ﬂuxum,sed
2646 2737 2914 2808 potiusin
2939 2741 3225 2790 mternum
3249 2739 3607 2789 manentem.

2044 2825 2257 2879 Tecum
2288 2832 2568 2896 reputans
2613 2832 2668 2880 et
2715 2826 3063 2895 plerumque
3095 2823 3541 2894 cogitabundus,
3575 2838 3607 2874 o

1974 2917 2062 2966 ter
2093 2912 2282 2980 beate,
2332 2930 2563 2984 semper
2612 2914 2906 2969 videbaris
2955 2913 3166 2967 vestitu
3197 2929 3263 2967 ac
3295 2911 3424 2966 cibo
3458 2910 3606 2964 sim-

1973 3000 2107 3071 plex
2139 3016 2204 3055 ac
2234 3000 2496 3073 frugalis,
2529 3002 2690 3056 fusco
2724 3003 2906 3068 vultu,
2939 3002 3127 3073 gravis
3170 3001 3426 3064 incessu,
3465 2999 3607 3052 taci-

1981 3093 2209 3154 turnus,
2242 3089 2397 3144 haud
2427 3107 2646 3160 pronus
2676 3091 2748 3145 ad
2779 3089 3039 3143 verbum.

2048 3177 2317 3245 Deiparaa.
2359 3209 2426 3217 —
2471 3180 2681 3233 Sancta
2728 3178 2929 3232 anima
2977 3183 3034 3231 et
3081 3192 3324 3246 corpore
3374 3191 3542 3245 puro,
3573 3190 3606 3227 ο

1974 3266 2308 3321 veneranda
2339 3266 2528 3338 Virgo,
2561 3267 2777 3337 Spiritu
2808 3271 3009 3319 sancto
3050 3265 3122 3319 ad
3153 3271 3229 3330 te,
3261 3281 3293 3318 ο
3325 3264 3608 3316 immacu-

1973 3353 2112 3421 lata,
2145 3356 2443 3420 veniente,
2476 3356 2826 3410 immensam
2866 3354 3151 3410 Altissimi
3200 3351 3520 3424 potentiam
3556 3356 3607 3404 te

1973 3441 2425 3498 adumbrantem
2457 3444 2708 3498 subiisti.

2458 3575 2567 3628 Ode
2607 3576 2696 3627 Vl.
2727 3575 2964 3629 Collecta
2991 3575 3124 3642 fuit.

2043 3678 2535 3744 Orthodoxorum,
2562 3695 2679 3732 non
2703 3679 3196 3733 heterodoxorum
3222 3679 3335 3730 Lux
3355 3677 3602 3730 invictus

1972 3767 2316 3836 apparuisti,
2353 3772 2409 3819 et
2439 3767 2671 3839 igneam
2719 3768 2980 3837 linguam
3031 3773 3095 3820 ut
3127 3765 3467 3819 llammeum
3501 3781 3600 3817 en-

1971 3871 2095 3908 sem
2127 3855 2504 3927 distringens,
2531 3856 2895 3910 adversarios
2917 3856 3251 3910 confudisti.
3278 3857 3356 3908 Ea
3387 3871 3601 3909 saavum

1969 3945 2123 3997 aeris
2182 3945 2509 4016 principem
2575 3945 2906 4016 adjutorem
2965 3945 3222 3998 filiorum
3281 3943 3600 4010 impietatis

1971 4032 2292 4101 perculisti.

2039 4122 2104 4174 In
2136 4122 2404 4192 cogitatis
2435 4138 2502 4176 ac
2545 4123 2814 4191 speratis,
2860 4138 2980 4176 non
3033 4137 3166 4174 vero
3216 4120 3278 4172 in
3323 4118 3594 4188 aspectis,

1968 4225 2102 4262 vera
2133 4211 2277 4265 ﬁdes
2309 4218 2396 4264 est
2426 4212 2778 4281 hypostasis,
2808 4227 2980 4280 quam
3017 4217 3076 4263 tu
3107 4210 3442 4280 acquirens,
3470 4208 3599 4261 visi--

1967 4297 2129 4358 bilia,
2163 4304 2227 4352 ut
2255 4298 2475 4353 caduca
2515 4299 2813 4370 sapienter
2855 4299 3171 4370 despexisti
3219 4298 3602 4351 invisibilium

1971 4386 2163 4440 studio
2191 4405 2203 4453 ;
2237 4403 2374 4441 nam
2406 4404 2498 4442 res
2547 4389 2679 4442 visae
2725 4393 2864 4442 sunt
2907 4389 3078 4443 ﬂuxa)
3109 4405 3176 4443 ac
3209 4385 3600 4458 temporariae,

1883 4471 1935 4540 D
1971 4479 2032 4528 at
2061 4492 2155 4530 res
2185 4492 2304 4529 non
2335 4481 2584 4547 aspectas
2617 4482 2754 4530 sunt
2778 4482 3032 4532 mternm.

2042 4564 2464 4634 Magnanimus,
2491 4571 2548 4618 at
2569 4581 2687 4618 non
2727 4565 3039 4629 demissus,
3069 4581 3173 4634 pro
3206 4566 3321 4618 Deo
3352 4564 3507 4617 visus
3539 4579 3599 4615 es

1971 4653 2648 4722 propugnans,omnibus
2670 4653 2915 4707 humilis
2933 4653 3004 4707 ob
3023 4653 3188 4706 illum
3210 4652 3600 4716 etmodestus;

1971 4745 2035 4792 ut
2065 4741 2219 4793 enim
2254 4758 2383 4795 eras
2415 4741 2514 4796 Dei
2561 4748 2849 4806 creatura,
2902 4742 3038 4796 licet
3070 4743 3219 4794 Deus
3249 4739 3600 4808 essejussus

1968 4825 2172 4892 fueris,
2233 4844 2351 4881 non
2408 4829 2640 4882 voluisti
2719 4830 2964 4884 adorare
3040 4834 3368 4882 creaturam
3424 4827 3600 4879 veluti

1971 4914 2194 4979 Deum;
2226 4915 2378 4970 Deus
2411 4917 2570 4970 enim
2603 4923 2832 4972 creator
2860 4917 3128 4971 omnium
3157 4920 3244 4968 est
3281 4915 3597 4968 increatus.

2044 5091 2108 5144 In
2139 5092 2302 5152 actis.
2336 5109 2453 5146 non
2487 5094 2544 5146 in
2578 5094 2769 5148 verbis
2801 5109 3026 5163 ponens
3057 5092 3270 5162 potius,
3302 5093 3598 5159 virtutem,

1969 5196 2105 5233 nam
2144 5181 2432 5234 inefﬁcaci
2473 5183 2668 5244 verbo,
2712 5189 2774 5234 ut
2794 5181 2894 5244 ait,
2924 5187 3163 5250 prmstat
3193 5188 3390 5235 mutus
3412 5189 3597 5236 actus.

1969 5269 2323 5341 Plerumque
2381 5289 2580 5343 agens,
2639 5272 2939 5324 discensve
2987 5271 3274 5338 docebas;
3308 5273 3408 5342 qui
3439 5273 3598 5326 enim

1969 5357 2105 5429 egit,
2139 5358 2274 5414 dein
2305 5360 2520 5422 docuit,
2556 5360 2655 5413 ille
2693 5359 2993 5413 vocabitur
3043 5377 3288 5432 magnus
3321 5368 3379 5414 tn
3413 5362 3592 5425 cmlis,

1967 5453 2032 5502 ut
2061 5450 2179 5504 Rex
2208 5449 2489 5504 caelorum
2521 5447 2686 5502 dixit.
