3964 6144
437 248 580 304 4375

1116 371 1224 425 Odc
1261 370 1402 423 VIII.

513 482 700 535 Curru
732 482 928 532 vectus
956 476 1136 541 aerio,
1187 492 1306 528 non
1355 491 1487 528 vero
1545 474 1836 529 flammeis
1889 473 2078 543 equis,

443 568 714 622 insidens
747 565 906 620 aerio
941 563 1207 617 vehiculo
1240 563 1543 629 virtutum,
1567 579 1600 617 0
1631 562 1830 628 Basili,
1861 561 1934 616 ad
1965 577 2082 616 me-

444 661 565 711 tam
596 655 894 710 caelestem
924 668 984 706 es
1011 657 1336 722 provectus.

516 831 816 887 Pastorale
833 845 1071 885 carmen
1089 845 1222 884 cum
1241 833 1337 883 tuo
1360 828 1640 898 pastorali
1657 827 1806 898 pedo
1823 825 2080 896 tubaque

445 920 736 990 spirituali
768 935 988 973 canens
1012 919 1376 989 congregasti
1407 935 1542 972 oves
1579 918 1639 970 in
1673 932 1852 970 unam
1881 914 2078 980 fidem,

444 1009 507 1062 in
541 1009 698 1062 idem
729 1023 1034 1078 pascuum,
1064 1007 1332 1077 spinosas
1362 1007 1616 1060 haereses
1645 1004 1958 1076 fugientes.

429 917 444 939 ἰ

518 1184 672 1238 Nove
729 1181 929 1246 Paule,
977 1180 1370 1235 Ecclesiarum
1418 1180 1714 1251 magister,
1743 1179 2078 1234 universam

449 1276 665 1325 terram
697 1286 835 1323 voce
885 1274 984 1323 tua
1032 1267 1562 1338 comprehendens,
1595 1284 1627 1320 ο
1676 1283 1845 1321 mens
1875 1266 2082 1321 coales-

449 1360 544 1424 tis,
581 1357 886 1428 theologiaa
919 1358 1139 1410 tonitru
1176 1356 1489 1424 divinaque
1537 1357 1698 1424 tuba,
1752 1353 2014 1418 laudare,
2046 1370 2078 1407 ο

450 1446 648 1499 Basili.

522 1534 662 1586 Cum
723 1533 994 1587 Creatore
1054 1533 1322 1603 quisquis
1378 1532 1438 1586 in
1494 1532 1696 1602 lingua
1738 1530 1888 1603 gerit
1915 1535 2081 1584 tuum

453 1621 842 1675 hexaemeron
888 1626 945 1674 et
975 1621 1025 1674 ei
1056 1621 1327 1687 attendit,
1379 1627 1436 1674 et
1487 1620 1642 1674 novit
1674 1625 1956 1673 creatura:
1987 1634 2082 1672 ra-

1951 243 2317 297 ADDENDA.

2106 367 2158 432 Α

3668 239 3765 293 i376

2839 361 3016 442 [ᾨδὴ
3051 365 3126 419 [ι’.
3164 366 3182 436 ]

2259 467 2712 542 Ἃρματηλάτης,
2771 465 3079 544 ἀεροϐατῶν
3121 471 3354 542 αἰθέριος
3413 469 3478 523 οὐ
3536 467 3765 545 φιλογίνιυι

2190 555 2367 611 ἵππων
2428 551 2638 628 ἐπιϐὰς,
2695 558 2971 631 πτερόεντι
3023 557 3079 612 δὲ
3135 559 3334 631 ἀρετῶν
3410 558 3639 631 ὀχήματι
3685 558 3762 611 ἐπι-

2191 641 2479 715 διφρεύων,
2513 643 2777 714 Βασίλειε,
2811 646 2899 700 καὶ
2947 647 3084 720 πρὸς
3133 647 3321 701 νύσσαν
3358 646 3600 720 οὗρανιον
3648 644 3765 698 ἔλα-3-

2187 754 2316 790 νων.

2260 821 2466 892 Νόμιον
2523 821 2689 894 μέλος
2738 827 3031 896 ποιμενικῇ
3101 845 3200 876 σου
3255 822 3562 896 καλαύροπι
3613 821 3761 894 λογικῇ

2187 929 2246 966 τι
2275 910 2487 985 σύριγγι
2548 915 2734 985 φωνῶν
2793 919 2891 979 τῆς
2950 912 3186 983 ποίμνης
3235 909 3497 985 ἤθροισας
3543 912 3602 963 τὰ
3645 912 3762 982 θρέμ-

2192 1019 2330 1070 ματα
2361 998 2436 1059 εἶς
2498 998 2622 1070 μίαν
2673 999 2874 1068 πίστιν,
2925 999 2998 1061 εἰς
3055 996 3145 1053 ἕνα
3189 999 3357 1054 τόπον
3409 998 3602 1073 χλόης,
3647 1000 3761 1052 ἀκτι-

2189 1083 2382 1147 Θώδεις
2414 1085 2642 1160 αἱρέσεις
2671 1085 2990 1163 ἐκφυγόντα.

2258 1175 2318 1231 Ὁ
2366 1174 2480 1235 νέος
2532 1173 2763 1242 Παῦλος,
2821 1174 3166 1245 Ἐκκλησιῶν
3225 1178 3253 1231 6
3310 1173 3762 1245 διδάσκαλος,ὁτῷ

2188 1261 2403 1338 φθόγγῳ
2460 1257 2900 1334 συμπαραλαϐὼν
2957 1265 3055 1332 τήν
3120 1265 3210 1318 ὑπ’
3266 1263 3762 1336 οὖρανῶν,ὁνοῦςὸ

2188 1348 2460 1422 οὐράνιος,
2491 1350 2524 1418 ἠ
2559 1350 2814 1421 θεοΛόγος
2850 1352 3049 1425 βροντή
3083 1353 3172 1406 καὶ
3216 1353 3330 1406 Θεία
3377 1351 3614 1426 σάλπιγξ,
3642 1352 3761 1425 εὑρη-

2191 1438 2415 1509 μείσθω,
2455 1437 2758 1499 Βασίλειος.

2264 1529 2408 1583 Μετὰ
2445 1532 2540 1582 τοῦ
2572 1528 2796 1582 Κτίστου
2828 1534 2929 1591 πᾶς
2989 1531 3016 1585 6
3071 1531 3170 1597 τήν
3221 1530 3320 1597 σήν
3379 1530 3656 1601 ὲξαήμερον
3704 1527 3760 1581 διὰ

2187 1611 2423 1690 γλόττης
2476 1615 2649 1690 φέρων
2709 1616 2796 1670 καὶ
2856 1617 2990 1691 αὐτῇ
3047 1619 3137 1672 τὸν
3197 1621 3320 1672 νοῦν
3383 1617 3597 1693 ἐφιστῶν
3629 1663 3641 1686 ,
3702 1616 3762 1669 καὶ

449 1709 662 1776 tiones,
709 1714 767 1762 et
813 1711 1147 1764 Creatorem
1198 1709 1447 1763 miratur
1496 1709 1620 1762 visu
1669 1707 1794 1761 solo
1825 1706 2081 1760 doctoris

2209 1703 2413 1777 γίνεται..
2459 1704 2547 1757 καὶ
2578 1705 2801 1768 κτίσεως
2851 1707 3102 1780 γινώσκει
3163 1705 3382 1780 λόγους,
3433 1706 3517 1760 καὶ
3563 1704 3762 1776 Θαυμάζει

448 1801 643 1851 utens.

518 1885 787 1952 Deiparae.
833 1915 900 1923 —
960 1883 1120 1939 Idem
1181 1885 1336 1939 Deus
1395 1885 1616 1938 nostris
1672 1883 1938 1954 patribus
1995 1883 2085 1936 lo—

448 1978 618 2026 cutus
652 1978 824 2026 antea
854 1972 1084 2027 diverse
1111 1990 1177 2027 ac
1226 1973 1634 2040 multifariam,
1685 1972 1857 2026 nobis
1889 1973 1950 2024 in
1983 1970 2083 2025 Fi-

447 2059 531 2114 lio
565 2066 862 2130 posterum
895 2060 1124 2115 locutus
1158 2067 1266 2126 est,
1307 2077 1445 2114 nam
1491 2061 1643 2114 Deus
1689 2059 1942 2114 Verbum
1990 2059 2085 2111 in-

450 2153 726 2202 carnatus
758 2164 1010 2218 regnans
1041 2165 1174 2202 cum
1220 2149 1337 2202 Deo
1370 2150 1537 2202 Patre
1574 2165 1644 2202 ex
1675 2155 1730 2202 te
1769 2152 1943 2202 natus
1975 2153 2082 2205 est,

452 2251 484 2288 ο
519 2236 687 2304 Virgo
721 2241 942 2290 sancta.

836 2409 946 2464 Ode
977 2409 1058 2464 IX.
1094 2412 1291 2478 Legum
1312 2415 1690 2479 paternarum.

523 2550 760 2603 Noctem
792 2549 1146 2620 profundam
1177 2550 1604 2622 obscuramque
1639 2551 2085 2606 tenebrosarum

457 2638 759 2692 haereseon
791 2637 1111 2709 dissipasti,
1147 2657 1390 2711 surgens
1421 2645 1486 2694 ut
1508 2641 1615 2706 sol,
1651 2656 1944 2711 supraque
1969 2657 2088 2694 om-

451 2743 558 2780 nes
589 2727 890 2796 explicans
923 2733 1095 2782 rectas
1128 2728 1263 2782 ﬁdei
1294 2728 1508 2792 radios,
1544 2729 1871 2799 incolisque
1898 2736 2085 2784 terra-

452 2831 605 2875 rum.
639 2830 670 2866 ο
705 2815 901 2884 Basili,
935 2816 1126 2870 lucem
1184 2815 1320 2869 ﬁdei
1373 2817 1710 2871 orthodoxae
1767 2834 2086 2888 spargens;

455 2900 713 2954 tenebrae
745 2901 904 2955 enim
935 2902 996 2956 in
1045 2903 1238 2957 lucem
1289 2903 1700 2972 immutantur,
1750 2910 1808 2958 et
1862 2906 2090 2960 veritati

456 2989 613 3043 cedit
640 2990 1035 3045 mendacium.

528 3078 816 3132 Ornavisti
853 3084 904 3133 te
935 3079 1109 3133 variis
1159 3079 1444 3135 doctrinas
1489 3081 1698 3135 divinas
1746 3081 1992 3136 floribus
2023 3081 2083 3135 in
2117 3065 2158 3130 C

455 3166 640 3234 pratis
689 3167 1133 3235 spiritualibus;
1187 3168 1591 3240 intelligibiles
1640 3169 1798 3223 enim
1831 3170 2092 3240 Scriptu-

456 3270 536 3306 ra:
567 3253 770 3307 hortos
800 3255 1227 3308 circumvolasti
1255 3272 1268 3322 ;
1318 3262 1380 3308 ut
1430 3255 1688 3326 prudens
1727 3257 1854 3326 apis
1882 3257 2088 3310 indus-

460 3341 574 3394 tria
604 3358 671 3394 ac
710 3342 1023 3406 laboriosa,
1073 3345 1388 3413 mysticum
1437 3345 1755 3399 condidisti
1786 3346 2092 3416 theologia

460 3427 599 3494 mel,
632 3428 1086 3483 amaritudinem
1138 3430 1439 3502 hmreseon
1490 3431 1795 3498 hebetans,
1850 3433 2092 3487 hacum-

463 3531 576 3585 que
607 3515 921 3587 participes
953 3515 1316 3572 demulcens.

532 3605 782 3675 Tempus
815 3609 871 3658 et
901 3606 1234 3676 sepulcrum
1267 3623 1397 3676 quae
1428 3607 1781 3661 oblivionem
1811 3607 2099 3661 inducunt

460 3694 610 3747 viam
635 3693 898 3748 innatam
921 3695 1390 3752 amiserunt.non
1410 3697 1894 3750 sustinentestuze
1917 3712 2097 3750 sacrae

465 3783 762 3835 memoriae
786 3783 1017 3851 pondus
1037 3799 1204 3847 ;nam
1226 3783 1384 3848 licet,
1408 3800 1440 3837 o
1462 3785 1730 3849 beate,ex
1753 3784 1913 3838 hisce
1929 3783 2098 3838 terris

469 3869 810 3935 excesseris,
844 3870 986 3924 vivis
1018 3877 1215 3925 tamen
1241 3891 1253 3929 :
1280 3871 1426 3940 justi
1460 3873 1618 3926 enim
1651 3873 1711 3925 in
1751 3873 1868 3926 Deo
1903 3872 2102 3925 vivunt

471 3961 527 4008 et
561 3960 686 4025 post
720 3961 962 4010 mortem
1006 3958 1181 4011 vitam
1225 3959 1286 4012 in
1338 3959 1566 4013 Christo
1616 3959 1896 4025 abditam,
1929 3960 2100 4029 cujus

468 4045 559 4099 fac
591 4061 706 4098 non
739 4046 1056 4116 participes
1087 4046 1202 4099 tuis
1233 4047 1526 4116 precibus.

541 4134 893 4187 Immensam
928 4134 1158 4204 igneam
1191 4135 1527 4190 columnam
1563 4141 1615 4190 te
1646 4135 1788 4190 vidit
1826 4135 2102 4190 columna

472 4221 688 4274 deserti
722 4223 998 4291 Ephraim
1025 4242 1038 4289 ;
1073 4225 1197 4278 visu
1228 4224 1666 4296 obstupefactus
1688 4241 1982 4295 occupans
2005 4241 2099 4276 ur-

472 4310 606 4363 bem
637 4312 1090 4378 Caesarum,cum
1122 4313 1344 4365 invenit
1374 4321 1427 4368 te
1460 4330 1592 4368 cum
1624 4314 1840 4384 populo
1871 4329 2105 4367 versan-

2189 1811 2248 1846 τε
2275 1792 2364 1846 τὸν
2400 1792 2631 1861 Κτίστην
2665 1794 2782 1866 δψει
2812 1793 2948 1866 μόνῃ
2982 1796 3271 1868 χρώμενος
3306 1792 3636 1848 διδασκάλου.

2263 1879 2568 1934 Θεοτὸκιον.
2610 1912 2677 1920 —
2708 1880 2767 1936 Ὁ
2821 1885 2938 1941 τοῖς
2992 1881 3222 1951 πατράσι
3283 1881 3415 1942 Θεός
3471 1878 3689 1950 λαλήσας
3723 1880 3758 1932 τὸ

2191 1966 2454 2040 πρότερον
2486 1964 2851 2040 πολυτρόπως
2897 1969 2987 2022 καὶ
3041 1973 3371 2042 πολυμερῶς
3405 2015 3419 2032 ,
3447 1971 3574 2040 ἡμῖν
3618 1967 3660 2021 ἐν
3690 1968 3761 2034 1³ίῷ

2193 2053 2412 2128 ὕστερον
2447 2053 2700 2124 ἐλάλησε.
2752 2057 2855 2111 Καὶ
2885 2057 2984 2130 γὰρ
3043 2057 3070 2110 ὁ
3128 2057 3330 2111 τούτου
3385 2057 3649 2130 σύνθρονος
3671 2056 3757 2114 Θεὸς

2193 2141 2373 2215 Λόγος
2400 2143 2734 2219 σαρκοφὸρος
2757 2141 2815 2197 ἐκ
2841 2148 2934 2196 σοῦ
2963 2143 3225 2218 προῆλθε,
3263 2145 3436 2217 Κόρη.

2625 2415 2752 2495 ’ῼδὴ
2785 2423 2856 2474 Θ’,
2889 2417 3084 2490 Νόμων
3113 2419 3405 2491 πατρῴων.

2267 2561 2442 2615 Νύκτα
2505 2563 2721 2628 βαθεῖαν
2779 2564 2863 2616 καὶ
2927 2561 3188 2633 ἀσέληνον
3265 2569 3376 2618 τῶν
3446 2567 3653 2638 ζοφερῶν
3698 2562 3744 2612 1".-

2197 2651 2390 2726 ρέσεων
2452 2648 2792 2710 διεσκέδασας
2829 2695 2842 2720 ,
2901 2649 3179 2713 ἀνατείλας
3243 2655 3426 2728 ὥσπερ
3479 2653 3652 2719 ἥλιος,
3693 2648 3746 2700 κιῖ

2195 2745 2352 2792 πᾶσιν
2413 2736 2736 2814 ἐφαπλώσας
2797 2746 3000 2814 χρυσᾶς
3054 2740 3268 2803 ἀκτῖνας
3346 2741 3563 2801 πίστεως
3607 2739 3749 2812 ὀρθῆς,

2194 2827 2282 2882 καὶ
2334 2833 2452 2888 τοῖς
2508 2829 2559 2881 ἐν
2614 2832 2686 2900 γῇ
2744 2828 3132 2900 κατασπείρας,
3185 2827 3456 2892 Βασίλειε,
3516 2824 3748 2899 ὁρθοδοξίπς

2197 2917 2414 2992 φέγγος·
2450 2915 2709 2985 ἐξίσταται
2744 2916 2884 2989 φωτὶ
2909 2916 3011 2989 γάρ
3041 2917 3097 2970 τὸ
3128 2918 3341 2985 σκότος,
3372 2917 3460 2971 καί
3499 2920 3560 2988 τῇ
3587 2910 3750 2981 ἀληθείᾳ

2199 3003 2463 3076 ἐπιχωρεῖ
2493 3005 2554 3057 τὸ
2580 3001 2797 3075 ψεῦδος.

2265 3092 2432 3159 ’Άνθη
2485 3088 2707 3144 ποικίλα
2753 3090 2893 3154 θείας
2921 3091 3172 3164 γνώσεως
3223 3092 3284 3145 ἐκ
3330 3093 3562 3166 λογικῶν
3608 3087 3744 3157 λειμώ-

2197 3199 2302 3230 νων
2362 3176 2824 3249 ἆπανθισάμενος·
2893 3178 3109 3252 νοεροῦς
3165 3179 3267 3254 γάρ
3353 3178 3643 3254 περιίπτασο
3684 3180 3746 3237 τῆς

2199 3271 2416 3341 Γραφῆς
2470 3263 2822 3338 παραδείσους
2854 3286 2866 3298 ο
2942 3268 3014 3327 ὡς
3067 3269 3224 3342 νοερᾶ
3280 3289 3364 3325 τις
3411 3269 3612 3340 μέλισσα
3655 3261 3745 3333 cogi,

2199 3354 2288 3408 καὶ
2321 3353 2596 3430 φιλεργὸς,
2641 3354 2897 3424 μυστικὸν
2932 3353 3274 3429 έγεώργησας
3337 3355 3599 3428 θεολογίας
3648 3351 3748 3420 μέλε.

2201 3441 2453 3515 αἱρέσεων
2508 3441 2721 3514 πικρίαν
2778 3438 3082 3512 ἁμϐλύνας,
3141 3443 3227 3496 καὶ
3286 3443 3414 3506 τοὺς
3467 3438 3748 3513 μετασχόντας

2204 3527 2366 3580 αὐτοῦ
2389 3527 2848 3602 καταγλυκαίνων.

2278 3614 2479 3690 Χρόνος
2533 3616 2620 3668 καὶ
2677 3615 2842 3692 τάφος
2911 3615 3088 3688 λήθης
3152 3619 3402 3692 πρόξενοι
3453 3619 3541 3685 την
3592 3609 3752 3690 posui"

2206 3702 2466 3777 ἐνέργειαν
2519 3705 2948 3775 ἀπηρνησαντο,
2996 3705 3082 3760 ἐπὶ
3144 3706 3226 3759 σοὶ
3285 3710 3363 3778 μή
3421 3703 3752 3777 κατισχύσαντες

2205 3799 2303 3861 τῆς
2363 3794 2508 3865 ἱερᾶς
2561 3815 2658 3846 σου
2721 3796 2943 3864 μνήμης
2977 3813 2989 3826 ⁸
3041 3794 3135 3848 κᾶν
3189 3797 3290 3869 γὰρ
3341 3794 3554 3862 ἐνθάδε,
3606 3792 3750 3863 μάκαρ.

2207 3879 2566 3954 ἀπηκλάγης,
2617 3880 2761 3935 ἀλλά
2793 3887 2909 3954 ζῇς.
2962 3885 3049 3938 Ἐν
3078 3888 3192 3952 Θεῷ
3221 3906 3324 3959 γαρ
3379 3887 3428 3938 οἱ
3459 3881 3625 3937 δίκαιοι
3666 3885 3747 3944 ζωςι

2206 3969 2294 4021 καὶ
2332 3971 2463 4039 μετὰ
2487 3967 2645 4032 τέλος
2678 3970 2819 4037 ζωὴν
2857 3971 2953 4038 τήν
2988 3970 3038 4023 ἐν
3073 3973 3290 4044 Χριστῳ
3320 3970 3652 4046 κρυπτομένην
3676 4008 3684 4031 .
3707 3964 3748 4028 ἦε

2208 4058 2354 4130 ἡμᾶς
2391 4058 2658 4130 μετόχους
2690 4055 2961 4128 ἀνάδειξον
2993 4059 3179 4134 εὐχαῖς
3211 4081 3326 4118 σου,

2281 4147 2650 4219 Οὐρανομήκη
2684 4144 2877 4200 στύλον
2939 4147 3161 4222 πύρινον
3197 4150 3224 4202 ὁ
3255 4157 3353 4217 τῆς
3385 4149 3571 4223 ἐρήμου
3617 4139 3745 4195 στύλος

2209 4234 2445 4309 Ἐφραῗμ
2472 4232 2681 4287 κατεῖδε
2735 4236 2812 4288 σέ⁰
2878 4233 3165 4310 ἐκπλαγεῗς
3213 4234 3269 4291 δὲ
3327 4243 3404 4308 τῷ
3457 4227 3742 4309 (ipim-4,21}

2212 4323 2520 4392 Καισαρέων
2573 4321 2734 4375 πόλιν
2789 4320 3243 4395 καταλαμϐάνων,
3303 4315 3743 4399 προσομιλοῦντατώ

474 4403 614 4460 tem,
671 4397 919 4452 miratur
967 4399 1234 4470 prodigia
1282 4402 1507 4470 majora
1553 4401 1872 4471 prioribus,
1921 4401 2086 4469 siqui-

2212 4409 2331 4478 λαῷ
2384 4410 2633 4483 εὑρηκὼς
2663 4431 2740 4477 σε,
2797 4410 3034 4466 τεθέαται
3089 4415 3376 4486 καινότερα
3429 4417 3522 4466 τῶν
3568 4408 3736 4479 πρώτων·

474 4484 607 4538 dem
656 4488 885 4555 aspexit
936 4487 996 4539 in
1056 4487 1336 4557 mysterio
1397 4488 1732 4542 columbam
1790 4488 1983 4542 albam
2032 4504 2086 4542 ac

2217 4495 2413 4564 λευκὴν
2446 4499 2759 4572 περιστερὰν
2800 4501 2936 4569 πρὸς
2986 4501 3046 4554 τὸ
3091 4503 3178 4564 οὗς
3211 4524 3296 4556 σοι
3325 4501 3634 4572 διαλέγουσαν
3659 4487 3737 4542 ἰδὼν

473 4589 674 4627 aurem
709 4573 811 4626 tibi
847 4573 1206 4642 loquentem.

546 4662 811 4730 Deiparae.
835 4691 902 4699 —
923 4663 1177 4730 Corpore
1197 4661 1459 4726 indutus,
1483 4662 1581 4732 qui
1596 4667 1684 4716 est
1702 4662 2105 4732 incorporeus,

474 4766 543 4802 ex
573 4756 772 4802 ventre
803 4755 924 4815 tuo,
959 4765 989 4802 ο
1022 4749 1260 4820 Regina,
1308 4750 1484 4815 exiit;
1535 4751 1634 4820 qui
1685 4750 1862 4804 verbo
1895 4749 2110 4803 creavit

475 4838 879 4907 incorpoream
905 4843 1377 4906 naturam,atque
1405 4855 1610 4893 omnes
1633 4845 1952 4904 creaturas,
1984 4844 2107 4891 tum

473 4926 792 4980 rationales
819 4933 938 4980 tum
959 4925 1651 4992 irrationales,exsistere
1674 4927 1829 4995 fecit,
1863 4926 1965 4980 Dei
1997 4927 2106 4979 Pa-

475 5014 578 5066 tris
609 5014 877 5080 Verbum;
905 5015 1101 5084 itaque
1129 5013 1481 5084 cupiditates
1507 5015 1768 5085 corporis
1787 5014 2104 5084 restingue,

474 5117 604 5170 quas
636 5101 894 5158 animam
921 5119 1114 5158 meam
1144 5102 1505 5165 interimunt,
1537 5118 1569 5155 ο
1606 5103 1743 5156 Vitaa
1775 5105 1974 5156 Mater.

733 5288 842 5343 Ode
863 5289 930 5344 Χ.
963 5291 1042 5343 Ne
1072 5290 1256 5360 lugeas
1284 5305 1447 5360 super
1470 5305 1574 5358 me,
1605 5305 1637 5344 ο
1666 5291 1858 5345 Mater.

544 5432 882 5500 Postquam,
911 5435 978 5484 ut
1023 5429 1254 5486 divinus
1296 5431 1560 5502 pontifex
1587 5431 1750 5504 regni
1787 5432 1908 5498 Dei,
1942 5433 2096 5488 cele-

473 5518 654 5574 brasti
686 5518 1085 5574 venerandum
1134 5525 1192 5574 et
1216 5535 1416 5576 revera
1447 5536 1681 5576 sacrum
1731 5521 2105 5595 mysterium,

2219 4584 2268 4639 έν
2307 4607 2476 4656 μυστη
2490 4585 2604 4660 ρίῳ.

2287 4674 2593 4731 θεοτόκιον.
2651 4707 2714 4717 -—
2772 4674 3177 4754 Σωματοφὸρος
3230 4680 3257 4732 δ
3306 4679 3567 4750 ἀσώματος
3613 4669 3652 4722 ἐκ
3683 4666 3738 4723 τῆς

2214 4762 2442 4836 γαστρός
2497 4783 2631 4828 σου,
2686 4764 2949 4818 Δέσποινα
3004 4765 3416 4838 προεληλοθεν·

2218 4849 2618 4922 συστησάμενος
2677 4852 2776 4917 τήν
2840 4854 3124 4924 ἀσώματον
3183 4855 3385 4930 φύσιν,

2217 4941 2418 4992 ἅπασαν
2453 4939 2634 4993 οὐτίαν
2665 4942 2950 5014 γεννητὴν,
3002 4940 3226 5015 λογικὴν
3261 4965 3317 4996 τε
3344 4943 3425 4997 καὶ
3458 4939 3656 5004 amyci).
3678 4942 3731 4975 τευ

2217 5031 2351 5082 Θεοῦ
2377 5029 2583 5102 Πατρὸς
2617 5027 2808 5101 Λόγος¹
2858 5026 2940 5082 διό
3004 5013 3105 5101 μου
3162 5032 3228 5084 τὰ
3275 5037 3369 5085 τοῦ
3421 5029 3628 5097 σώματος
3647 5013 3731 5070 πάθη

2216 5112 2512 5187 νέκρωσον,
2541 5119 2829 5190 νεκροῦντα
2861 5118 2951 5170 τὸν
2981 5122 3104 5171 νοῦν
3143 5140 3268 5190 μου,
3304 5125 3438 5188 ζωῆς
3465 5120 3616 5187 μῆτερ-

3471 4767 3494 4818 ὁ
3539 4761 3600 4828 τῷ
3644 4753 3734 4818 λέῖψ

3440 4851 3515 4907 καὶ
3561 4841 3736 4899 οὖσῑώςας

2500 5284 2627 5364 ’ῼδὴ
2679 5288 2735 5346 I'.
2773 5289 2864 5358 Μὴ
2899 5286 3166 5362 ἐποδύρου
3200 5312 3322 5364 μου,
3354 5291 3534 5358 Μῆτερ.

2284 5432 2656 5507 Ἱερουργήσας
2687 5431 2762 5493 ὡς
2795 5436 2937 5495 θεῖος
2991 5437 3087 5487 τοῦ
3139 5437 3272 5489 Θεοῦ
3300 5434 3538 5507 ἱεράρχης
3575 5411 3722 5507 τῆς·

2215 5500 2421 5582 σιΑείας
2546 5500 2760 5576 σεπτὸν
2811 5520 2902 5575 καὶ
2957 5516 3122 5584 ὅντως
3173 5500 3358 5599 ἱερὸν,
3538 5500 3721 5567 Βασίλεια
