3964 6144
189 305 331 359 137³1

1321 317 1622 369 HYMNUS
1661 313 1731 363 IN
1769 311 1829 364 Β.
1870 307 2470 370 CHRYSOSTOMUM.

3450 327 3474 380 1
3483 327 3586 381 378

189 425 551 499 Εὐαγγέλιον,
606 437 704 497 τῆς
763 437 862 498 σῆς
923 431 1226 506 ἱερουργίας
1285 435 1591 507 ἀπείληφας
1638 430 1825 504 μισθὸν

1964 435 2236 504 ὀοερίειί,
2266 453 2297 490 o
2331 453 2495 492 sacer
2515 439 2714 501 Basili,
2739 441 3071 498 mercedem
3103 447 3412 501 sacerdotii
3447 449 3575 504 sine

190 515 370 588 χωρὶς
433 516 662 587 αἳματος
727 525 1058 591 μαρτυρικοῦ
1111 523 1198 575 καὶ
1261 525 1579 598 στεφανίτης
1628 521 1833 597 φανείς.

267 693 354 754 Ὡς
407 693 620 767 οὐρανῷ
680 695 1036 770 παμμεγέθει,
1099 699 1174 760 ὡς
1228 696 1376 770 ἡλίῳ
1426 696 1684 772 ἐμψύχῳ,
1720 699 1746 750 ὁ
1781 696 1832 750 ὲν

191 779 344 851 ἡλίῳ
375 781 562 834 ἑαυτοῦ
615 783 675 835 τὸ
725 784 989 855 σκήνωμα
1037 785 1225 850 τιθεὶς,
1277 787 1367 840 καὶ
1412 786 1487 847 εἷς
1515 787 1642 850 τοὺς
1673 786 1833 856 οὖρα·

191 867 318 928 νοῦς
359 867 410 922 ἐν
458 869 540 922 σοὶ
594 869 861 942 ἐνῴκισενσ
914 873 1218 943 Ἐνοικήσω
1266 874 1389 948 γάρ,
1423 871 1548 951 ἔφη,
1580 874 1832 946 περὶτῶν

191 958 331 1010 κατά
361 957 436 1023 σὲ,
469 957 556 1010 καὶ
589 957 1015 1033 ἐμπεριπατήσω
1047 963 1358 1034 θεοπρεπῶς
1389 961 1441 1017 ἐν
1483 964 1693 1023 αὐτοῖς.

270 1041 622 1117 Ἀναδραμὼν
670 1046 729 1100 ἐκ
775 1050 880 1101 τῶν
931 1069 1078 1102 κατω
1126 1050 1261 1122 πρὸς
1303 1051 1403 1116 τήν
1438 1045 1547 1102 ἅνω
1578 1045 1833 1121 πατρίδα,

190 1131 282 1184 καὶ
315 1130 406 1184 σὺν
435 1130 690 1206 ἀγγέλοις
739 1134 1016 1201 παρεστὼς
1065 1134 1143 1207 τῷ
1188 1135 1365 1210 θρόνῳ
1395 1141 1472 1208 τῷ
1501 1139 1707 1211 φρικτῷ
1733 1136 1832 1202 τῆς

192 1217 520 1290 ὀπερουσίου
577 1220 834 1293 Τριάδος,
895 1223 1027 1293 ὅσιε,
1089 1224 1217 1297 ὑπὲρ
1275 1227 1339 1292 ἧς
1398 1223 1653 1298 ἠγωνίσω
1697 1223 1831 1298 πρὸς

193 1303 421 1379 δύναμιν
478 1308 528 1362 ἐν
561 1313 658 1384 γῇ,
719 1310 1066 1383 μεμνημένος
1103 1313 1177 1384 μὴ
1211 1311 1380 1386 λίπῃς
1406 1317 1514 1366 τῶν
1552 1312 1834 1384 μεμνημέ-

189 1417 297 1449 νων
330 1417 447 1452 σου.

267 1491 542 1547 Νεανικῶς
574 1485 879 1560 ἐξηλέγχθη
915 1489 1060 1561 παρά
1109 1493 1204 1542 σ›ῦ
1252 1490 1280 1542 ὁ
1323 1485 1610 1560 τολμήσας
1643 1507 1832 1542 συντα-

192 1578 451 1626 πεινῶσαι
503 1573 677 1646 ἐαυτῷ
720 1576 974 1644 θεότητος
1027 1577 1262 1652 μορφὴν,
1319 1576 1394 1638 εἷς
1448 1573 1693 1630 δουλείαν
1737 1571 1834 1629 ἕλ-

194 1683 304 1714 κων
358 1663 456 1729 τὴν
512 1659 834 1731 δεσποτικὴν
893 1668 1095 1732 κακῶς,
1155 1665 1252 1731 τήν
1293 1665 1626 1739 ὑπέρχρονον
1675 1663 1828 1740 φύσιν

192 1750 283 1804 καὶ
325 1749 597 1817 ἄκτιστον,
654 1751 820 1815 τιθεὶς
878 1753 1114 1826 πονηρὸν
1171 1755 1258 1806 οἷα
1313 1753 1513 1825 κτίσμα
1571 1754 1706 1824 μετά
1731 1758 1829 1821 τῆς
1867 1781 1913 1847 Β

195 1838 440 1903 κτίσεως.

268 1929 444 2004 Νὲφος
503 1927 652 2002 παχὺ
708 1933 808 1982 τοῦ
867 1928 1090 2002 σαρκίου
1148 1927 1389 2004 διασχὼν
1443 1931 1532 1984 καὶ
1582 1931 1644 1984 τὸ
1680 1927 1838 1991 δάνος

198 2013 593 2087 διαλυσάμενος
623 2022 691 2091 τῇ
723 2023 820 2092 γῇ,
859 2018 1074 2092 άσχέτῳ
1121 2021 1191 2091 τῇ
1241 2021 1418 2093 ψυχῇ,
1446 2017 1536 2073 καὶ
1567 2017 1658 2072 νοΐ
1687 2017 1838 2091 ἀῢλῳ

198 2108 287 2158 νῦν
345 2103 702 2175 εἰσελήλυθας
774 2107 863 2160 τὸν
944 2104 1174 2161 ἀνείδεον
1246 2107 1441 2183 γνόφον
1518 2107 1607 2160 καὶ
1669 2104 1835 2162 όίϋλον

198 2191 410 2264 ὁμιλεῖν
445 2193 534 2247 καὶ
569 2199 802 2248 συνεῖναι
835 2193 924 2248 καὶ
947 2193 1445 2271 συνευφραίνεσθαι.

267 2281 329 2337 ἸΙ
386 2286 482 2336 τοῦ
540 2287 672 2337 Θεοῦ
730 2282 1030 2352 Ἐκκλησία
1081 2281 1340 2359 ἀσφαλῶς
1399 2279 1700 2356 ἒδρασμὲνη
1761 2282 1834 2344 ὡς

199 2368 438 2440 Θεμελίῳ
469 2369 692 2447 ἀρῥαγεῖ
739 2371 828 2426 καὶ
884 2372 1055 2444 πὲτρᾳ
1111 2375 1318 2443 στερεᾷ,
1364 2373 1433 2442 τῇ
1478 2370 1705 2440 ἀσείστῳ
1740 2369 1838 2440 βά-

197 2477 274 2510 σει
322 2463 390 2531 τῇ
438 2462 546 2512 τῶν
594 2456 877 2532 δογμάτων
930 2480 1046 2524 σου,
1101 2457 1348 2512 ἐναντίων
1397 2458 1607 2529 ἀνεμων
1641 2461 1834 2520 πνοαῖς

196 2554 525 2624 τυφωνικαῖς
556 2549 942 2623 ἀπερίτρεπτος
978 2548 1073 2621 μὲν
1113 2548 1269 2619 πόθῳ
1295 2548 1514 2620 τιμῶσά
1543 2567 1620 2602 σε.

267 2721 570 2780 Θεοτόκιον.
621 2758 690 2766 -
748 2725 838 2794 Σὶ,
898 2725 1134 2800 παναγία
1189 2723 1440 2799 Παρθένε,
1473 2722 1832 2798 ἀκαταίσχυνο

199 2835 288 2868 τον
348 2809 570 2880 πρέσϐιν
655 2813 746 2868 καὶ
833 2813 1100 2886 μεσιτείαν
1186 2812 1386 2885 εὐμενῆ
1443 2807 1833 2885 προϐάλλομαι

203 2907 404 2964 πιστῶς
429 2907 509 2974 τῷ
541 2901 600 2957 ἐκ
632 2907 726 2956 σοῦ
751 2903 1018 2976 τεχθέντι·
1051 2900 1142 2955 καὶ
1192 2899 1412 2955 ἱκετεύω
1443 2921 1521 2970 σε,
1552 2905 1658 2954 τῶν
1690 2899 1832 2956 πολ-

199 2995 304 3044 Λὼν
342 3013 444 3063 μου
475 2991 828 3062 πταισμάτων
873 2990 939 3044 τά
983 2988 1171 3059 πλήθη
1215 2989 1284 3043 τὰ
1326 2987 1512 3044 πολλά
1544 2994 1835 3063 μητρικαῖς

197 3099 290 3133 σου
319 3075 627 3152 πρεσϐείαις
657 3077 827 3155 ἄρδην
851 3078 1155 3151 ἐξάλειψον.

670 3239 994 3296 ἸΩΔΝΝΟΥ
1032 3238 1362 3295 ΜΟΝΑΧΟΥ

441 3365 665 3419 ΚΑΝΩΝ
723 3365 837 3418 ΕΙΣ
891 3364 1028 3418 ΤΟΝ
1069 3364 1585 3419 ΧΡΥΣΟΣΤΟΜΟΝ

194 3470 268 3526 Οῦ
322 3470 356 3537 ἡ
416 3467 736 3544 ἀκροστ-ιχὶς
789 3467 948 3544 quin,"
1027 3467 1610 3544 Eu~zdivuuoc_i{.é)_tnai
1647 3467 1834 3544 Δσεπὸ

261 3536 496 3614 χρυσοῦν
531 3536 724 3611 στόμα.
759 3539 991 3614 Οἴκτρὸς
1028 3536 1272 3614 μοναχὸς
1305 3537 1395 3614 καὶ
1420 3536 1616 3614 ίκὲτης
1647 3536 1833 3614 Ἰωάνα

257 3607 374 3681 iac.
433 3607 639 3686 'H‘l'oc'
669 3627 767 3667 πΑ.
959 3607 1513 3682 Κόματι”οαλασσης
1563 3610 1654 3663 τὸν
1697 3607 1834 3682 κρύ-

260 3686 456 3756 ψαντα.

261 3825 499 3895 Στόματι
548 3823 764 3895 πηλίνῳ
812 3823 902 3877 καὶ
952 3820 1177 3896 γλώσσῃ
1225 3819 1418 3897 γεώδει
1469 3841 1526 3875 σε
1563 3823 1654 3876 τὸν
1688 3823 1835 3895 Χρυο

196 3916 454 3986 σίστομον
491 3915 675 3985 ὑμνεῖν
726 3911 968 3986 ὁρμῶντί
1031 3932 1145 3982 μοι,
1207 3913 1512 3987 χρυσοφαὲς
1546 3910 1834 3984 οὐρανόθεν

198 4005 336 4066 θείας
383 4005 632 4079 γνώσεως
690 4003 989 4076 ἀμάρυγμα
1036 3999 1387 4075 ἐξαστράψας,
1449 4001 1686 4076 φώτισον
1742 4001 1832 4055 τὸν

194 4097 316 4147 νοῦν
349 4093 437 4147 καὶ
468 4094 569 4161 τὴν
601 4089 821 4166 καρδίαν
859 4111 983 4162 μου.

260 4181 428 4251 Ὕλην
478 4179 838 4257 φθειρομένην
884 4179 973 4233 καὶ
1025 4177 1248 4252 ῥέουσαν
1298 4173 1472 4250 δόξαν,
1511 4177 1600 4231 καὶ
1631 4179 1838 4250 κόσμον

191 4270 475 4342 τύμπαντα
521 4273 610 4324 καὶ
659 4269 1077 4342 κοσμοκράτορα
1123 4263 1500 4341 περιδραμὼν,
1549 4267 1663 4320 ἀντὶ
1705 4268 1834 4321 πάν-

191 4381 296 4412 των
327 4360 416 4412 τὸν
458 4359 684 4432 Χριστὸν
743 4358 976 4428 ἐκτήσω,
1036 4357 1340 4433 πάγχρυσε·
1399 4353 1460 4410 οῦ
1502 4355 1729 4430 τρωθεὶς
1757 4360 1837 4428 τῷ

195 4443 354 4522 ἔρωτι
385 4449 582 4520 ἡγήσω
618 4449 790 4500 πάντα
821 4441 1089 4504 σκύϐαλα.

262 4622 471 4694 Νόμοις
520 4626 621 4676 τοῦ
678 4628 941 4691 Σωτῆρος
1003 4623 1243 4694 Χριστοῦ
1296 4623 1697 4695 πειθαρχήσας,
1729 4621 1835 4676 ἀπὸ

193 4709 444 4780 νεότητος
478 4709 564 4764 ἐπὶ
615 4714 723 4762 τῶν
782 4704 948 4780 ὤμων
1005 4729 1100 4762 σου
1159 4704 1441 4762 ἀναλαϐὼν
1482 4710 1574 4762 τὸν
1607 4711 1832 4785 σταυρὸν

195 4821 310 4868 σου,
358 4798 447 4854 διά
501 4799 681 4854 πόνων
739 4805 838 4866 τῆς
898 4798 1176 4866 ἀσκήσεως
1232 4797 1376 4868 αὐτῷ
1433 4799 1833 4868 ἠκολούθησας,

194 4888 390 4962 σαρκὸς
419 4892 618 4961 νεκρῶν
645 4887 708 4941 τὸ
743 4887 1018 4962 φρόνημα.

267 4980 502 5056 ᾪκησας
588 4977 826 5052 ἐρήμους
904 4971 1158 5044 ἀϐάτους,
1238 4974 1522 5052 ἀνύδρους,
1591 4973 1832 5051 ἅστεγος,

193 5066 436 5139 ἄσκευος,
471 5068 733 5145 ἄτροφος,
785 5067 1081 5140 ἄγνωστος,
1141 5064 1322 5138 ὥσπερ
1369 5066 1396 5119 ὁ
1431 5064 1593 5140 μέγας
1621 5064 1834 5137 Ἠλίας,

189 5159 447 5226 Ἰωάννης
487 5178 544 5211 τε
594 5158 621 5210 ὁ
665 5153 1004 5230 πρόδρομος,
1055 5154 1128 5208 ὧν
1182 5153 1366 5222 ζηλῶν
1420 5151 1703 5224 ἐζήλωσας
1732 5155 1830 5224 τὴν

193 5245 519 5322 παρρησίαν,
552 5242 692 5319 ἅγιε.

263 5335 430 5404 Νίκην
479 5333 867 5408 λαμπροτάτην
923 5332 1210 5406 ἀράμενος,

195 5422 486 5498 δράκοντος
519 5426 652 5498 μετά
677 5422 950 5499 τροπαίων
987 5421 1279 5498 λαμπρῶν,
1312 5420 1384 5484 ὥς
1421 5443 1504 5484 τις
1557 5421 1826 5495 ὀλυμπιο-

193 5514 372 5584 νίκης,
403 5513 529 5588 Θείῳ
579 5512 846 5586 Πνεύματι
894 5511 1214 5589 φερόμενος,
1263 5510 1416 5574 αὖθις
1464 5509 1830 5587 ἐπανὲδραμες

191 5603 324 5678 πρὸς
355 5604 454 5674 τήν
488 5603 846 5678 ἐνεγκαμένην
867 5621 944 5658 σε.

1294 5332 1490 5405 μάκαρ,
1543 5332 1678 5387 κατά
1731 5329 1832 5386 τοῦ

1947 524 2230 594 sanguine
2264 527 2528 596 martyrii
2569 544 2787 582 corona
2815 529 3127 587 redimitus
3158 550 3469 604 apparens.

2017 699 2088 752 Ut
2119 700 2177 754 in
2211 701 2355 755 ccelo
2383 703 2697 770 immenso,
2732 713 2797 759 ut
2834 707 2894 761 in
2949 708 3072 762 sole
3099 709 3447 782 viviﬁcante,
3479 712 3580 767 ille

1945 787 2045 856 qui
2080 789 2330 843 tetendit
2358 791 2417 845 in
2449 792 2572 846 sole
2605 811 2776 848 suum
2809 796 3256 852 tabernaculum
3289 804 3345 852 et
3372 801 3432 854 in
3465 817 3577 854 caa-

1943 873 1998 927 lo
2033 875 2093 929 in
2126 881 2180 930 te
2214 878 2529 933 habitavit:
2575 882 2918 938 Inhabitabo
2959 885 3139 953 enim,
3173 887 3366 956 inquit
3394 887 3464 942 de
3495 889 3579 942 tui

1945 963 2262 1028 similibus,
2296 972 2355 1020 et
2383 969 2696 1038 magniﬁee
2723 971 2782 1024 in
2817 971 2901 1026 eis
2932 973 3266 1028 ambulabo.

2014 1053 2329 1107 Transiens
2376 1053 2449 1107 de
2497 1056 2589 1108 his
2639 1057 2812 1111 terris
2861 1059 2934 1112 ad
2985 1061 3282 1115 cmlestem
3306 1063 3576 1131 patriam,

1945 1138 2303 1210 adstansque
2344 1157 2476 1196 cum
2525 1144 2753 1214 angelis
2803 1145 3014 1201 throno
3065 1151 3397 1204 venerando
3447 1168 3584 1205 san-

1943 1227 2222 1283 ctissimaa
2252 1229 2572 1293 Trinitatis,
2595 1248 2628 1285 o
2651 1239 2872 1301 sancte,
2906 1252 3009 1304 pro
3041 1253 3176 1305 qua,
3202 1243 3489 1306 quantum
3520 1240 3581 1294 in

1947 1319 2000 1369 te
2050 1315 2181 1383 fuit,
2229 1317 2292 1370 in
2343 1319 2514 1373 terris
2559 1319 2893 1388 decertasti,
2943 1339 3173 1378 memor
3217 1341 3290 1379 ne
3322 1325 3582 1380 derelin-

1944 1420 2091 1474 quas
2123 1421 2223 1459 eos
2253 1406 2354 1474 qui
2388 1407 2470 1461 tui
2503 1409 2926 1465 meminerunt.

2014 1493 2264 1547 Omnino
2296 1510 2330 1548 a
2358 1499 2414 1548 te
2445 1497 2779 1552 confutatus
2809 1497 2919 1551 fuit
2948 1499 3058 1554 iste
3079 1501 3180 1571 qui
3211 1501 3461 1556 formam
3491 1503 3583 1557 Di-

1942 1581 2200 1636 vinitatis
2231 1599 2418 1652 usque
2466 1583 2538 1638 ad
2579 1602 2640 1638 se
2692 1585 3022 1656 deprimere
3054 1605 3232 1644 ausus
3264 1596 3374 1654 est,
3405 1607 3579 1660 prave

1942 1673 2174 1723 vertens
2206 1670 2266 1724 in
2299 1671 2569 1726 servilem
2598 1674 2964 1729 Dominicam
2994 1677 3274 1746 speciem,
3306 1684 3580 1733 naturam

1944 1759 2226 1811 aeternam
2275 1764 2333 1812 et
2375 1759 2718 1827 increatam,
2753 1767 2812 1815 et
2839 1763 3006 1832 quasi
3038 1764 3213 1820 vilem
3246 1771 3578 1821 creaturam

1944 1842 2120 1899 rebus
2142 1845 2353 1900 creatis
2375 1863 2797 1903 annumerans.

2013 1932 2238 1987 Nubem
2269 1949 2528 1989 crassam
2564 1936 2760 1991 carnis
2808 1954 3219 2010 perrumpens,
3263 1939 3578 2010 debitaque

1944 2024 2115 2074 terras
2166 2021 2416 2088 solvens,
2451 2039 2570 2077 una
2611 2040 2744 2078 cum
2794 2025 3008 2080 invicto
3053 2027 3252 2081 animo
3285 2033 3342 2080 et
3381 2034 3578 2082 mente

1943 2109 2166 2164 cmlesti
2227 2125 2386 2164 nunc
2441 2111 2671 2166 habitas
2728 2112 3010 2168 informes
3083 2119 3140 2168 et
3205 2115 3581 2185 incorporeas

1943 2197 2218 2252 tenebras
2244 2199 2304 2251 in
2337 2198 2554 2269 quibus
2585 2199 2724 2254 licet
2754 2203 2975 2256 versari
3008 2208 3183 2272 atque
3211 2203 3487 2273 gaudere.

2012 2286 2216 2340 Divina
2266 2288 2528 2342 Ecclesia
2595 2293 2718 2343 tuto
2787 2290 3025 2345 condita
3067 2290 3226 2344 velut
3273 2291 3333 2345 in
3400 2291 3584 2346 infra-

1941 2379 2034 2428 cto
2065 2373 2450 2429 fundamento
2491 2383 2549 2430 et
2596 2377 2657 2431 in
2706 2378 2948 2449 scopulo
3000 2379 3191 2445 ﬁrmo,
3225 2380 3581 2434 inconcussa

1942 2459 2069 2515 basi
2127 2465 2361 2516 tuorum
2415 2463 2774 2535 dogmatum.
2836 2465 3213 2521 adversorum
3269 2473 3577 2522 ventorum

1942 2551 2085 2606 ﬂatu
2110 2552 2362 2607 violento
2386 2570 2504 2608 non
2532 2560 2820 2623 movetur,
2846 2561 3020 2626 teque
3043 2563 3358 2612 veneratur
3379 2564 3437 2612 et
3459 2575 3584 2612 sus-

1943 2640 2106 2711 picit.

2013 2731 2287 2798 Deiparae.
2349 2761 2417 2769 —
2473 2731 2567 2795 Te,
2630 2731 3002 2786 sanctissima
3046 2732 3234 2803 Virgo,
3284 2733 3584 2789 honoran-

1942 2815 2078 2870 dam
2111 2816 2362 2888 legatam
2394 2819 2796 2888 optimamque
2847 2819 3254 2875 mediatricem
3287 2822 3580 2891 praemitto

1940 2903 2196 2959 libenter
2223 2905 2296 2960 ad
2323 2904 2533 2960 Filium
2565 2905 2636 2960 de
2678 2911 2733 2960 te
2765 2907 3052 2977 genitum,
3084 2912 3259 2978 teque
3293 2909 3580 2980 supplico,

1939 2993 2225 3064 plurimos
2266 2993 2465 3064 lapsus
2495 3010 2659 3049 meos
2717 3001 2776 3049 et
2830 3000 3070 3067 peccata
3101 3001 3370 3053 materna
3399 2998 3584 3053 inter-

1944 3082 2212 3136 cessione
2245 3087 2345 3137 tua
2373 3083 2614 3138 omnino
2648 3082 2800 3141 dele.

2417 3243 2544 3298 ,ΙοΑ
2553 3245 2713 3300 NNIS
2759 3245 3102 3300 MONACHI.

2252 3366 2448 3421 HYMN
2457 3367 2538 3421 US
2577 3368 2648 3422 IN
2687 3367 3271 3424 CHRYSOSTOMUM.

1944 3471 2146 3542 Primae
2183 3487 2436 3525 versuum
2486 3471 2682 3527 littera?
2728 3474 3082 3542 signiﬁcant:
3131 3473 3296 3528 Alter
3323 3475 3580 3529 Joannes

2013 3540 2216 3615 laudat
2236 3548 2312 3609 te,
2332 3559 2578 3615 aureum
2601 3560 2685 3597 os.
2713 3540 2885 3598 Miser
2907 3544 3232 3599 monachus
3257 3550 3314 3599 et
3336 3546 3584 3615 supplex

2011 3613 2288 3670 Joannes.
2321 3614 2496 3669 Sanus
2519 3615 2602 3684 pl.
2637 3615 2702 3680 II,
2735 3615 2991 3682 ﬂuctibus
3028 3618 3196 3670 maris
3226 3613 3509 3671 celantem.

2017 3826 2127 3879 Ore
2159 3825 2317 3879 luteo
2349 3829 2408 3879 et
2437 3823 2639 3896 lingua
2685 3826 2947 3880 terrestri
2998 3831 3054 3880 te
3100 3827 3584 3896 Chrysostomum

1945 3912 2243 3968 celebrare
2275 3915 2548 3982 tentanti,
2606 3913 2820 3968 emisso
2854 3913 2926 3968 de
2960 3914 3122 3970 coelis
3150 3914 3586 3986 fulgentissimo

1942 4001 2153 4056 divinae
2183 4002 2514 4072 disciplinas
2546 4001 2884 4074 splendore,
2911 4008 3173 4058 mentem
3205 4003 3481 4058 illumina
3507 4003 3585 4058 si-

1944 4090 2069 4146 mul
2101 4097 2160 4145 et
2188 4097 2414 4162 pectus.

2012 4177 2092 4230 Tu
2133 4176 2373 4246 quidem
2424 4176 2781 4246 contemptis
2833 4192 2961 4246 quae
3011 4176 3272 4247 peritura
3321 4179 3479 4240 sunt,
3527 4181 3589 4230 et

1942 4265 2182 4336 fugitiva
2230 4263 2440 4336 gloria,
2501 4269 2558 4318 et
2607 4263 2881 4318 universo
2934 4263 3176 4329 mundo,
3211 4268 3268 4317 et
3315 4264 3585 4334 principe

1942 4352 2149 4407 mundi
2198 4352 2430 4417 Satana,
2464 4351 2549 4404 vir
2594 4367 2791 4418 auree,
2820 4351 2947 4406 loco
2989 4352 3257 4406 omnium
3288 4352 3586 4406 Christum

1943 4441 2191 4513 adeptus
2223 4457 2321 4508 es;
2356 4441 2524 4512 cujus
2551 4456 2751 4496 amore
2775 4441 3009 4496 saucius
3031 4442 3232 4496 omnia
3260 4440 3586 4495 detrimen-

1946 4536 2070 4586 tum
2093 4530 2370 4586 ducebas.

2015 4619 2262 4691 Legibus
2294 4618 2610 4673 Salvatoris
2655 4617 2870 4672 Christi
2902 4617 3238 4690 indulgens,
3266 4634 3300 4672 a
3329 4617 3583 4688 pueritia

1945 4723 2122 4778 super
2151 4708 2429 4762 humeros
2462 4723 2697 4762 crucem
2747 4707 2875 4777 ejus
2907 4707 3241 4777 suscepisti,
3276 4706 3580 4775 ipsiusque

1946 4813 2050 4866 per
2079 4796 2410 4866 disciplina;
2442 4795 2674 4850 labores
2704 4795 3028 4860 adhmsisti,
3054 4794 3420 4848 mortiﬁcatis
3451 4809 3581 4847 car-

1945 4886 2039 4940 nis
2071 4885 2366 4939 sensibus.

2015 4972 2364 5027 Inhabitasti
2396 4971 2630 5028 deserta
2659 4973 2833 5040 invia,
2869 4972 3178 5040 inaquosa.
3212 4968 3585 5034 exsul,vesti-

1946 5061 2162 5116 mentis
2192 5060 2438 5132 ciboque
2467 5060 2804 5125 destitutus,
2838 5060 3095 5129 ignotus,
3131 5056 3288 5111 haud
3319 5073 3487 5111 secus
3517 5073 3586 5112 ac

1945 5168 2194 5224 magnus
2225 5151 2401 5217 Elias,
2447 5157 2621 5222 atque
2667 5152 2920 5204 Joannes
2948 5163 3296 5218 praecursor,
3331 5163 3584 5217 quorum

1945 5241 2223 5296 ﬁduciam
2247 5240 2466 5294 imitari
2500 5237 2797 5303 studuisti,
2833 5236 3228 5291 sanctissime.

1977 5330 2182 5386 Relata
2203 5329 2444 5383 victoria
2469 5324 2971 5397 splendidissima,
2988 5324 3216 5391 beatus,
3232 5325 3302 5378 de
3326 5323 3582 5378 dracone

1943 5419 2200 5474 illustria
2233 5423 2471 5487 tropaea,
2516 5414 2673 5468 velut
2718 5414 2902 5468 victor
2949 5415 3009 5468 in
3051 5412 3371 5484 Olympicis
3403 5411 3580 5475 ludis,

1944 5508 2139 5562 divino
2168 5505 2379 5576 spiritu
2427 5506 2758 5574 reportans,
2812 5519 3018 5557 rursus
3066 5501 3140 5556 ad
3185 5517 3314 5556 eam
3354 5498 3584 5555 rediisti

1943 5617 2076 5672 qua)
2110 5601 2165 5651 te
2195 5596 2475 5666 gesserat.
