3964 6144
440 302 576 358 1379

1950 293 2308 355 ΔΟΒΒΝΟΔ.

3655 307 3754 362 1380

509 430 776 496 Deiparaa.
811 460 877 468 —
908 429 1015 492 Qui
1047 430 1106 483 in
1130 429 1439 483 indefinito
1464 431 1598 484 sinu
1621 430 1736 484 divi
1770 425 2065 483 Genitoris

2249 423 2556 481 Θεοτόκιον.
2616 455 2677 466 —-
2726 425 2787 480 Ὀ
2842 424 3262 497 ἀπεριγοάπτοις
3330 426 3617 495 καθήμενος
3660 430 3756 483 κά).-

438 515 655 567 inﬁniti
692 517 897 580 Patris,
943 523 1225 585 tanquam
1274 518 1651 572 indefinitum
1698 516 1949 571 Verbum
1984 529 2075 565 re-

442 604 616 669 sidet,
645 604 798 658 idem
831 623 1005 659 carne
1038 608 1239 660 finitus
1264 624 1439 676 quam
1464 613 1568 661 ate
1599 605 1947 676 suscepit,in
1981 604 2084 655 im-

446 693 737 747 maculato
759 698 855 747 tuo
869 696 1089 764 gremio
1105 695 1386 765 puerulus
1405 692 2082 765 quiescit,sanctissima.

889 868 998 922 Ode
1028 870 1124 922 III.
1163 873 1229 923 Te
1258 888 1421 941 super
1450 886 1641 939 aquas.

521 956 732 1008 Christi
769 962 1026 1010 mentem
1058 967 1429 1025 consecutus,
1460 956 1928 1012 misericordiam
1961 954 2088 1024 ejus

451 1043 510 1094 in
543 1052 829 1112 quantum
864 1045 1119 1099 hominis
1167 1053 1292 1099 erat
1331 1048 1593 1101 imitatus
1626 1061 1727 1109 es;
1782 1050 1840 1097 et
1882 1058 2088 1096 omnes

452 1133 667 1185 servari
700 1133 931 1187 voluisti
971 1152 1075 1204 per
1105 1136 1395 1189 malorum
1447 1136 1879 1189 confessionem
1911 1137 1969 1185 et
1996 1131 2085 1183 fu-

448 1235 601 1290 gam,
662 1239 765 1289 per
834 1222 1127 1277 sinceram
1213 1224 1737 1293 vehementemque
1795 1221 2084 1292 poeniten-

449 1309 613 1361 tiam.

524 1396 699 1449 Unxit
730 1402 783 1450 te
816 1404 1051 1451 sanctus
1085 1400 1338 1468 Spiritus
1369 1402 1542 1461 Deus,
1571 1401 1720 1453 Deus
1752 1404 1907 1463 tuus,
1932 1400 1998 1449 ut
2026 1394 2087 1447 in

452 1486 580 1536 tuos
613 1484 808 1537 oleum
832 1486 1239 1541 exsultationis
1265 1488 1618 1550 effunderes,
1647 1492 1704 1539 et
1725 1488 2086 1557 unguentem

452 1569 660 1624 divinm
694 1574 1011 1639 unctionis,
1038 1580 1095 1627 et
1115 1574 1333 1629 difﬂuit
1354 1576 1425 1630 de
1448 1575 1619 1630 labiis
1643 1574 1762 1628 suis
1796 1573 2087 1628 ditissima

449 1662 655 1729 gratia.

2190 531 2311 571 ποις
2372 511 2515 566 θείου
2598 514 2928 585 Γεννήτορος
3014 513 3418 585 ἀπεριγράπτου
3475 516 3659 586 [ἰατρὸς
3706 519 3757 577 ὡς

2192 598 2591 673 ἀπερίγραπτος
2650 599 2848 673 Λόγος,
2904 604 2973 673 τῇ
3032 602 3191 672 σαρκὶ
3244 603 3579 677 περιγραφεὶς
3627 606 3681 673 τῇ

2192 691 2307 753 σοῦ,
2337 693 2453 750 τοῖς
2484 688 2773 762 ὰχράντοις
2822 687 3053 750 κόλποις
3100 709 3196 742 σου
3253 688 3470 764 βρέφος,
3504 692 3642 763 ἁγνὴ,
3666 696 3759 745 καθ-

2191 776 2385 843 ἐζεται.

2577 866 2709 943 ᾪδή
2741 870 2812 923 Γ’.
2848 868 2918 921 Σὲ
2947 872 3053 921 τῶν
3087 866 3174 921 ἐπὶ
3209 864 3434 921 ὑδάτων.

2264 953 2337 1006 Σὺ
2367 958 2491 1007 νοῦν
2541 960 2777 1029 Χριστοῦ
2826 953 3160 1025 πλουτήσας,
3211 953 3487 1024 ἐζήλωσας
3530 958 3617 1025 τήν
3642 957 3761 1011 αὐτοῦ

2192 1040 2593 1117 εύσπλαγχνίαν
2676 1045 2749 1105 ὡς
2832 1041 3056 1098 δυνατὸν
3141 1045 3431 1115 ἀνθρώπῳ⁹
3489 1045 3571 1098 καὶ
3636 1051 3760 1099 σῶσαι

2192 1130 2390 1191 πάντας
2419 1129 2749 1193 ἐσπούδασας
2806 1130 2873 1186 δι’
2922 1131 3281 1205 ἐξομολογίας
3330 1134 3419 1187 καὶ
3471 1132 3663 1208 ἀποχῆς
3688 1156 3760 1187 κα-

2190 1223 2323 1288 κῶν,
2355 1219 2444 1273 καὶ
2478 1219 2789 1293 ἐμπράκτου
2822 1221 3103 1294 μετανοίας
3137 1222 3365 1293 θερμῆς.

2262 1396 2489 1471 Ἒχρισὲ
2520 1418 2577 1450 σε
2606 1398 2668 1451 τὸ
2702 1402 2920 1470 Πνεῦμα
2950 1399 3011 1452 τὸ
3042 1399 3194 1471 ἅγιον
3246 1400 3274 1451 ὁ
3332 1398 3481 1465 Θεὸς,
3514 1397 3539 1449 ὁ
3565 1393 3673 1457 Θεός
3698 1418 3762 1450 σου

2191 1482 2278 1537 ἐπὶ
2334 1484 2460 1547 τοὺς
2520 1485 2644 1547 σοὺς
2701 1486 2972 1560 μετόχους
3030 1485 3413 1559 ἀγαλλιάσεως
3468 1478 3648 1550 ἔλαιον,
3701 1486 3762 1537 καί

2196 1573 2364 1646 μύρον
2425 1572 2571 1636 θείου
2628 1574 2952 1648 χρίσματος,
3007 1576 3097 1629 καὶ
3154 1574 3384 1650 ἐξεχύθη
3448 1594 3538 1628 σου
3581 1570 3762 1645 δαψιλὴς

2194 1663 2353 1735 χάρις
2386 1661 2436 1716 ὲν
2473 1662 2729 1736 χείλεσιν.

520 1753 820 1820 Tanquam
852 1768 1012 1805 mare
1046 1753 1311 1823 erupisti,
1340 1753 1773 1823 Chrysostome,
1808 1751 2073 1805 suavissi-

2264 1750 2503 1824 Πέλαγος
2561 1751 2844 1826 ἐξηρεύξω,
2906 1753 3274 1827 Χρυσόστομε,
3339 1750 3567 1827 διδαχῶν
3609 1752 3758 1827 γλυκυ·

446 1856 677 1893 marum
710 1840 1133 1907 doctrinarum,
1192 1848 1247 1895 et
1298 1842 1571 1895 arefactis
1624 1841 1798 1895 simul
1831 1840 2080 1895 cmnosis

446 1928 813 1997 turbidisque
848 1933 904 1981 et
937 1928 1138 1981 invisis
1187 1934 1244 1981 et
1291 1929 1633 1982 salsissimis
1666 1928 2077 1982 haereticorum

439 2016 777 2084 paludibus,
810 2022 869 2069 et
898 2017 1131 2069 refectis
1162 2016 1439 2070 cordibus
1468 2018 1706 2072 nostris.

509 2107 776 2173 Βοίβην-ω.
804 2135 867 2144 -
895 2105 964 2157 Ut
986 2105 1455 2174 comprehendas
1480 2111 1665 2159 totum
1701 2104 2079 2175 splendorem

437 2198 652 2246 sancta:
682 2192 1001 2258 Trinitatis,
1036 2192 1454 2248 illuminasti...
1489 2193 1881 2263 rejicientem.

1126 2397 1236 2451 Ode
1276 2399 1305 2451 Ι
1315 2399 1377 2452 γ.

649 2512 853 2582 purior
883 2513 1156 2582 apparuit
1185 2528 1355 2566 mens
1388 2516 1508 2576 tua,
1541 2512 1958 2581 Chrysostome
1994 2516 2082 2565 ter

434 2598 624 2665 beate,
658 2602 901 2655 affectus
930 2618 1195 2671 quosque
1226 2601 1489 2670 impuros
1522 2605 1579 2654 et
1608 2600 1957 2654 libidinosos
1989 2616 2080 2655 ca-

434 2688 647 2743 stitatis
680 2690 911 2743 camino
953 2689 1014 2743 in
1046 2689 1310 2743 cinerem
1342 2688 1639 2759 redegisti.

506 2864 676 2935 Virga
706 2866 879 2935 ignea
907 2882 1100 2919 aureas
1134 2870 1246 2919 tua;
1278 2864 1584 2928 doctrinm,
1611 2869 1668 2917 et
1696 2863 1910 2917 Christi
1942 2880 2074 2933 ope,
2134 2896 2155 2910 ο

438 2952 529 3005 vel
562 2954 929 3007 tumultuans
951 2955 1207 3007 avaritias
1230 2969 1391 3008 mare
1414 2953 1781 3007 miserationi
1814 2953 2077 3021 pervium

432 3040 647 3109 fecisti,
679 3058 807 3112 qua:
839 3041 981 3096 illuc
1012 3043 1174 3113 prius
1205 3042 1485 3098 accedere
1510 3058 1629 3096 non
1660 3040 1931 3096 audebat.

505 3220 685 3274 Primi
708 3222 960 3292 pastoris
979 3222 1245 3288 numine,
1270 3221 1511 3277 admisit
1530 3226 1583 3273 te
1606 3220 2076 3292 egregiuspastor

431 3308 502 3361 ad
534 3325 770 3363 ararum
798 3311 1217 3377 ministerium,
1251 3328 1385 3364 mox
1416 3316 1723 3381 pastorum
1743 3308 2073 3380 principem

430 3397 720 3451 futurum.

502 3486 771 3554 Deiparze.
793 3518 861 3526 —
883 3488 963 3540 Tu
986 3505 1115 3557 quas
1138 3487 1469 3558 incorporei
1493 3504 1628 3541 voce
1656 3487 2073 3556 incorporeum

432 3574 687 3643 genuisti
712 3592 781 3629 ex
806 3580 860 3629 te
883 3592 1094 3645 corpus
1118 3576 1755 3647 sumpturum,Virgo,a
1774 3576 2074 3645 corporeis

432 3663 742 3717 affectibus
777 3664 960 3719 libera
992 3671 1253 3720 mentem
1286 3682 1499 3733 meam,
1534 3682 1664 3736 qua)
1706 3664 2072 3735 incorporeis

430 3752 655 3822 angelis
687 3758 953 3822 praestas.

533 3875 642 3929 Ode
679 3876 744 3930 V.
782 3879 989 3930 Divina?
1036 3880 1499 3945 manifestationis
1552 3884 1682 3941 tuae,
1730 3878 1963 3933 Christe.

496 3989 626 4055 Qui,
653 3994 705 4043 te
729 3990 994 4044 nondum
1022 3992 1239 4061 genito,
1263 3992 1639 4061 splendorem
1663 3992 2072 4063 fulgoremque

427 4078 640 4133 animas
670 4085 781 4133 tua:
814 4080 1123 4150 prazscivit,
1150 4081 1368 4150 quique
1404 4087 1456 4133 te
1490 4081 1877 4135 sanctificavit
1909 4086 2073 4135 ante-

429 4182 606 4235 quam
638 4168 697 4220 in
731 4174 896 4221 utero
930 4168 1291 4235 formareris,
1329 4174 1529 4223 sancte
1558 4168 1643 4222 vir
1674 4186 1872 4235 auree,
1917 4168 2073 4222 idem

424 4255 585 4308 velut
612 4255 795 4309 alium
828 4257 1141 4311 Jeremiam
1176 4275 1316 4312 sane
1347 4264 1401 4312 te
1424 4258 1657 4329 vigilem
1691 4264 1987 4329 pastorem
2018 4262 2075 4312 et

426 4342 732 4397 custodem
764 4345 920 4415 gregi
956 4362 1060 4397 suo
1092 4347 1430 4415 praeposuit.

499 4435 545 4485 Α
578 4433 715 4498 Deo,
754 4434 1083 4503 paupertati
1108 4441 1324 4487 nostrae
1349 4436 1719 4503 consulente,
1743 4451 2070 4507 pauperum

427 4522 786 4575 constitutus
812 4538 1029 4590 praeses
1053 4527 1111 4575 et
1132 4523 1469 4591 auxiliator,
1501 4530 1556 4576 et
1577 4526 1909 4579 communis
1942 4544 2071 4599 ege-

427 4625 644 4662 norum
677 4609 1069 4679 providentia,
1123 4609 1388 4682 linguam
1434 4616 1593 4665 tuam
1644 4628 1883 4667 auream
1914 4617 2072 4670 velut

426 4698 636 4753 clavim
670 4714 980 4753 avarorum
1010 4715 1176 4771 gazas
1208 4706 1265 4753 et
1310 4701 1618 4755 thesauros
1650 4700 1969 4773 reclusisti,
2003 4722 2070 4760 ac

428 4788 789 4858 pauperibus
821 4789 1153 4860 resignasti.

502 4970 705 5022 Merita
736 4970 1056 5036 celeritate,
1108 4973 1438 5039 meritoque
1486 4971 1678 5025 studio
1729 4973 1953 5026 vocavit
1992 4978 2071 5039 te,

430 5074 534 5110 ceu
568 5058 841 5127 angelum
895 5059 1014 5124 Dei,
1064 5058 1279 5112 ardens
1324 5059 1556 5128 piorum
1590 5076 1791 5130 regum
1827 5061 1971 5115 fides
2004 5079 2074 5117 ex

430 5145 743 5199 Antiochia
774 5147 952 5215 Syriae
986 5153 1043 5200 et
1071 5148 1337 5218 reginam
1364 5148 1661 5201 civitatum
1685 5166 1816 5203 cum
1842 5167 2075 5206 summa

431 5234 638 5305 gloria,
674 5250 805 5286 cum
850 5250 1059 5301 magno
1092 5237 1374 5291 comitatu
1407 5237 1817 5307 condignoque
1849 5237 2074 5294 honore

434 5322 774 5377 deductum.

506 5414 647 5465 Tota
674 5412 924 5465 civitatis
953 5410 1142 5480 plebs,
1175 5418 1457 5483 tanquam
1489 5412 1561 5466 ad
1592 5412 1889 5483 publicam
1911 5416 2074 5471 festi-

440 5500 679 5555 vitatem
711 5514 1082 5561 concurrens,
1129 5506 1185 5553 et
1217 5507 1498 5571 tanquam
1529 5500 1601 5555 ad
1638 5500 2075 5561 solemnitatem

439 5588 660 5645 laetitias
692 5590 923 5663 plenam
947 5605 1016 5643 ex
1037 5588 1181 5643 urbe
1203 5607 1554 5660 properans,
1579 5590 1937 5650 clamoribus
1968 5597 2076 5653 tibi

2187 1838 2382 1909 τάτων,
2417 1838 2669 1913 αἱρέσεων
2701 1840 2952 1913 ξηραῖνον
2993 1843 3059 1895 τὰ
3110 1836 3436 1915 βορϐορώδη
3472 1837 3756 1913 ὀμϐρήματι,

2187 1926 2275 1983 κάὶ
2327 1928 2542 2001 θολερὰ,
2588 1930 2677 1983 καὶ
2736 1927 2927 1999 ἄποτα,
2987 1930 3075 1984 καὶ
3134 1926 3536 2002 άλμυρόϐρυτα,
3565 1931 3757 2002 uir/.1;-

2189 2016 2305 2079 δίας
2336 2024 2551 2073 πιαῖνον
2579 2021 2612 2087 ἡ
2624 2023 2761 2090 μῶν.

2260 2108 2565 2162 Θεοτόκιον.
2624 2139 2687 2149 -
2736 2108 2849 2162 Ἰνα
2901 2110 3165 2182 χωρήσῃς
3224 2107 3368 2179 ὅλην
3421 2110 3515 2178 τὴν
3544 2106 3753 2179 ἔλλαμψτν

2186 2198 2287 2258 τῆς
2322 2195 2477 2268 ἁγίας
2505 2192 2761 2269 Τριάδος,
2791 2191 3123 2258 ἐστίλϐωσας
3173 2196 3337 2253 τὸν...
3393 2197 3753 2251 ἀναπτύσοντπ..

2189 2286 2362 2340 Deest
2391 2302 2525 2357 pars
2555 2290 2707 2342 Θεοτ.
2742 2292 2798 2340 et
2827 2286 2954 2341 odae
2984 2288 3055 2340 IV
3085 2288 3289 2343 echus.

2878 2406 3006 2487 ’ῼδή
3050 2416 3123 2465 A’.

2309 2560 2322 2573 .
2402 2524 2500 2573 σοῦ
2571 2520 2820 2594 εύροίζου
2897 2521 3278 2596 καθαρώτερος
3341 2524 3370 2576 ὁ
3422 2522 3508 2583 σὸς
3554 2518 3746 2575 δέδεικται

2185 2613 2327 2676 νοῦς,
2361 2610 2719 2683 Χρυσόστομε
2747 2610 3076 2685 τρισμάκαρ,
3108 2616 3211 2663 πᾶν
3266 2610 3499 2683 ἐμπαθὲς
3528 2611 3606 2663 καὶ
3629 2607 3745 2680 πρὸς·

2188 2694 2318 2751 υλον
2348 2696 2546 2770 νόημα·
2605 2696 2696 2751 καὶ
2750 2698 2853 2773 γὰρ
2901 2699 2999 2767 τήν
3054 2698 3266 2774 ἁγνείαν
3333 2699 3528 2774 χωνείᾳ
3566 2694 3743 2751 ἐναπετέ-

2186 2802 2419 2857 φρωσεν.

2255 2868 2471 2945 Ῥάϐδῳ
2501 2873 2698 2947 πυρίνῃ
2752 2878 2857 2928 τῶν
2917 2879 3252 2949 παγχρυσῶν
3316 2897 3412 2931 σου
3466 2869 3743 2947 διδαχῶνδιὲ

2185 2964 2449 3035 Χριστοῦ,
2495 2963 2583 3015 καὶ
2634 2970 2735 3030 τῆς
2778 2962 3137 3039 φιλαργυρίας
3185 2966 3578 3035 κυμαινομένην
3604 2959 3743 3023 θάλασ-

2186 3070 2275 3102 σαν
2328 3048 2523 3119 ἔθηκας
2578 3052 2745 3125 βατὴν
2796 3055 2864 3125 τῇ
2921 3050 3286 3127 ἐλεημοσύνη,
3340 3049 3525 3108 ἄϐατον
3562 3051 3685 3105 οὖσαν
3706 3046 3743 3099 τὸ

2107 3131 2149 3197 C
2189 3137 2334 3209 πρίν.

2251 3232 2356 3281 Τοῦ
2384 3227 2783 3302 ἀρχιποιμένος
2814 3233 2929 3291 τοῖς
2979 3229 3234 3301 νεύμασιν
3284 3231 3315 3284 ὀ
3360 3230 3555 3302 ποιμὴν
3583 3229 3605 3281 ὁ
3629 3222 3740 3281 καλὸς

2183 3314 2329 3384 ἄξιον
2379 3316 2725 3389 παραστάτην
2777 3316 3035 3391 προσάγει
3084 3338 3140 3371 σε
3184 3321 3264 3388 τῷ
3319 3320 3534 3392 βήματι,
3568 3315 3641 3369 τὸν
3668 3323 3741 3382 μετ’

2183 3399 2244 3454 ού
2273 3399 2415 3454 πολὺ
2444 3405 2551 3455 τῶν
2584 3401 2861 3473 ποιμένων
2894 3403 3057 3475 μὲγαν
3091 3402 3371 3473 ἐσόμενον.

2252 3488 2557 3546 Θεοτόκιον.
2612 3524 2679 3532 -
2731 3490 3136 3569 Σωματοφόρον
3191 3493 3283 3546 τὸν
3346 3493 3603 3563 ἀσώματον
3644 3486 3741 3538 ἀσωο

2185 3581 2353 3649 μάτου
2406 3583 2555 3655 φωνῇ
2614 3582 2939 3653 γεννήσασα,
3000 3582 3253 3655 Παρθὲνε,
3318 3583 3612 3642 σωματικῶν
3658 3570 3739 3645 ὀρέ-

2180 3665 2309 3735 ξεων
2337 3665 2491 3741 ῥῦσαί
2528 3688 2631 3741 μου
2658 3669 2751 3722 τὸν
2801 3674 2949 3737 νοῦν,
2994 3668 3299 3742 ἀσωμάτων
3358 3668 3583 3743 ἀγγέλων
3622 3666 3737 3734 ὑπερ-

2180 3756 2404 3828 ἐχουσα.

2501 3879 2629 3960 ’ῼδή
2664 3887 2735 3939 Ε’.
2769 3880 3092 3946 Θεοφανείας
3121 3904 3237 3952 σου,
3273 3884 3489 3960 Χριστέ.

2249 3996 2305 4048 Ὀ
2344 3996 2449 4069 πρὸ
2481 4000 2787 4069 γεννήσεως
2836 3995 2994 4059 εἰδὼς
3040 3998 3103 4051 τὸ
3149 3999 3448 4072 χρυσαυγὲς
3472 3994 3549 4049 καὶ
3576 3985 3741 4069 φαιδρὸν

2176 4089 2276 4149 τῆς
2298 4088 2483 4158 ψυχῆς
2514 4107 2630 4155 σου,
2663 4087 2749 4140 καὶ
2783 4088 2889 4159 πρὸ
2934 4092 3031 4141 τοῦ
3082 4086 3391 4157 πλασθῆναι
3438 4086 3485 4140 ἐν
3527 4086 3584 4154 τῇ
3613 4080 3740 4151 μήτρᾳ

2181 4194 2236 4225 σε
2267 4175 2515 4247 ἁγιάσας,
2569 4175 2689 4249 ἅγιε
2735 4175 3037 4250 πάγχρυσε,
3088 4176 3161 4237 ὡς
3208 4179 3486 4254 προφήτην
3517 4169 3653 4226 ἄλλον
3678 4183 3736 4216 σε·

2180 4262 2578 4336 φῶςῚερεμίαν
2629 4284 2686 4317 σε
2736 4261 3003 4338 ἄγρυπνον
3057 4264 3294 4338 ποιμένα
3344 4266 3429 4319 καὶ
3478 4264 3652 4339 (ξύλω
3672 4257 3735 4317 τῆς

2179 4349 2342 4403 αὐτοῦ
2372 4353 2577 4423 ποίμνη
2589 4373 2613 4413 ς
2645 4348 3040 4426 προϐάλλεται.

2252 4440 2378 4493 Ὑπὸ
2410 4444 2541 4494 Θεοῦ
2571 4442 2978 4515 προχειρισθεὶς
3025 4446 3122 4496 τοῦ
3168 4443 3264 4510 τήν
3309 4445 3463 4515 ἡμῶν
3491 4431 3733 4492 ὐπελθὸντος

2184 4530 2481 4605 πτωχείαν,
2529 4537 2634 4586 τῶν
2689 4537 2929 4607 πτωχῶν
2981 4534 3293 4607 προστάτης
3339 4534 3425 4588 καὶ
3472 4527 3729 4607 υπὲρμαχοῄςν

2176 4618 2266 4673 καὶ
2309 4601 2473 4689 ποινὴγ
2519 4623 2764 4691 πενήτων
2814 4601 3146 4695 προμήθεια,
3204 4617 3457 4695 ἐμϐαλὼν
3503 4619 3565 4678 ὡς
3602 4601 3729 4695 κλεῖδα

2178 4717 2389 4785 χρυσῆν
2440 4709 2690 4786 γλῶσσαν
2734 4713 2833 4781 τήν
2861 4694 3201 4787 πάγχρυσον
3240 4694 3363 4773 τοῖς
3407 4715 3503 4766 τῶν
3542 4694 3731 4780 φιλαξτδο

2181 4819 2289 4873 ρων
2342 4799 2595 4872 ταμείοις
2648 4800 2735 4855 καὶ
2815 4807 3129 4877 θησαυροῖς,
3188 4803 3404 4874 ἣνοιξας
3455 4801 3596 4853 ταῦτα
3640 4806 3731 4841 πτειν

2185 4906 2255 4962 χο
2270 4908 2330 4948 ις.

2257 4976 2509 5049 Συντόνῳ
2554 4976 2712 5053 τάχει
2763 4978 2851 5033 καὶ
2896 4977 3105 5052 σπουδῇ
3138 4980 3316 5040 πίστις
3361 4976 3520 5051 θερμή
3564 4957 3725 5053 edo-ﬁci“

2187 5064 2455 5137 βασιλέων
2523 5066 2571 5137 ἐξ
2627 5049 2972 5142 -Ἃντιοχείας
3035 5049 3133 5136 τῆς
3201 5049 3483 5141 Συρίαςίσε
3516 5049 3726 5142 ττίλὸῆτὴν

2187 5152 2439 5227 βασιλίδα
2484 5159 2592 5208 τῶν
2635 5140 2871 5228 πόλεων,
2908 5157 3041 5230 μετὰ
3080 5154 3241 5227 δόξης
3266 5157 3344 5210 δτι
3385 5151 3594 5216 πολλῆς,
3619 5140 3726 5233 δορνξ

2183 5243 2372 5319 φορίαξ
2418 5264 2475 5297 τε
2521 5244 2610 5297 καὶ
2656 5252 2824 5316 τιμῆς
2873 5246 2961 5300 καὶ
3007 5248 3322 5320 πρεπούσης
3365 5242 3516 5299 εὐκῶς
3546 5237 3605 5296 ὡς
3639 5234 3727 5282 Θ⁵⁰²

2184 5328 2415 5406 ἄγγελον
2447 5326 2615 5394 ἔθετο.

2254 5421 2316 5476 Ὀ
2342 5425 2447 5481 πᾶς
2476 5427 2577 5488 τῆς
2606 5421 2823 5485 πόλεως
2857 5421 2989 5485 λάὸς
3019 5424 3095 5486 ὡς
3144 5425 3218 5486 εἷς
3265 5422 3442 5489 κοινὴν
3470 5413 3626 5489 ἑορτὴν
3644 5423 3729 5458 συν·

2186 5505 2504 5583 δραμόντες,
2552 5510 2639 5563 καὶ
2703 5510 2776 5572 ὡς
2839 5512 2916 5575 εἷς
2962 5514 3261 5588 πανήγυριν
3293 5506 3600 5585 γαρμόσυνον
3625 5488 3727 5565 ἑξελ”

2188 5596 2367 5660 θόντες
2400 5592 2499 5668 ἔξω
2528 5602 2630 5652 τοῦ
2679 5596 2904 5671 ἄστεως,
2958 5603 3092 5675 μετᾶ
3136 5600 3340 5673 κρότων
3382 5592 3723 5670 «epam-Dim
