3964 6144
246 263 376 345 1381

1358 287 1654 340 HYMNUS
1696 286 1766 338 IN
1806 285 1866 338 S.
1905 284 2507 341 CHRYSOSTOMUM.

3486 293 3626 349 1382

241 414 700 485 προηπήντησαν,
761 403 1128 483 ἐπιϐατηρίων
1187 407 1475 479 πιούμενοι
1532 405 1871 479 προπομπήν

2036 407 2292 463 [sultans
2323 408 2491 463 obvia
2518 410 2695 475 venit,
2731 416 2787 465 et
2816 413 2970 468 inter
2998 412 3233 470 festivos
3259 417 3473 488 gradus
3496 437 3625 491 pro-

247 521 330 553 σοι
359 497 692 553 ἐπεισόδιον.

317 587 620 644 Θεοτόκιον.
683 619 749 627 —
811 586 966 654 Μόνη
1021 584 1072 638 ἐν
1123 585 1316 644 πάσαις
1359 587 1560 656 γενεαῖς
1597 581 1880 653 ὑπερφυῶς

247 679 334 731 καὶ
397 677 663 750 [Ιαροὲνος
715 674 804 728 καὶ
865 676 1066 747 Μήτηρ
1129 669 1510 747 χρηματίζεις,
1595 671 1877 735 Δὲσποινα,

250 766 546 838 γεννήσασα
625 761 821 838 βρέφος
905 762 1234 832 προαιώνιον
1301 759 1560 834 ἄχρονον,
1626 755 1876 832 γεννηθὲν

254 855 346 924 μὲν
395 851 453 906 ἐκ
505 856 600 905 τοῦ
657 850 865 922 ΙΙατρὸς
928 847 1049 903 ἄνευ
1110 849 1317 923 μητρὸς
1382 846 1488 921 πρὸ
1551 844 1766 905 παντός·
1825 841 1882 896 ἐκ

252 946 346 995 σοῦ
374 943 472 1008 τῆς
498 940 704 1013 μητρὸς
733 939 806 999 ὡς
859 935 972 992 οἶδε
1034 939 1164 1009 μετὰ
1220 937 1280 991 τὸ
1332 940 1434 990 πᾶν
1493 932 1622 990 δίχα
1677 932 1881 1006 πατρὸς

253 1029 466 1097 κυηθὲν.

907 1145 1019 1224 osa
1055 1148 1198 1216 ς...

325 1263 638 1326 Ἀνατείλας
668 1263 753 1318 οἶα
781 1263 1161 1336 χρυσαυγίζων
1193 1258 1355 1330 ¹ἥλιος
1409 1261 1499 1314 καὶ
1545 1259 1892 1336 χρυσοφαὴς,

253 1355 324 1415 ὡς
357 1353 416 1408 ἐκ
445 1358 650 1408 παστοῦ
679 1353 935 1429 νυμφίος,
968 1353 1018 1405 ἐν
1047 1357 1124 1422 τῷ
1181 1351 1302 1423 ὕψει
1365 1355 1444 1422 τῷ
1499 1357 1597 1418 τῆς
1647 1348 1890 1418 Ἐκκλη-

253 1443 370 1504 σίας
406 1448 637 1515 χρυσαῖς
668 1443 843 1496 ἀκτῖσι
869 1449 968 1509 τῆς
1001 1438 1347 1500 διδασκαλίας
1395 1459 1490 1492 σου
1545 1435 1893 1511 κατεχρύσω-

251 1552 343 1593 σας
374 1532 471 1599 τὴν
507 1535 678 1583 πᾶσαν
711 1529 906 1594 κτίσιν,
937 1528 1025 1582 καὶ
1088 1523 1426 1586 διεσκέδασας
1481 1524 1594 1600 ἔαρι
1652 1528 1894 1598 μυστικῷ

253 1620 344 1673 τὸν
381 1619 547 1693 βαρὺν
583 1623 833 1692 χειμῶνα
863 1621 969 1670 τῶν
1023 1616 1296 1690 αἱρέσεων,

331 1705 654 1780 Κατεπλάγη
719 1703 997 1780 βασιλεῦς,
1047 1705 1137 1758 καὶ
1195 1701 1392 1775 δῆμος,
1451 1701 1539 1756 καὶ
1619 1702 1805 1777 ἱερέων
1866 1701 1894 1754 ὁ

1985 496 2295 552 cedentem
2328 498 2389 553 in
2423 501 2715 555 civitatem
2750 502 3008 558 deduxit.

2056 587 2324 654 Deiparae.
2359 618 2424 627 —-
2456 589 2588 643 Sola
2620 607 2688 644 ex
2739 592 3013 646 omnibus
3064 594 3344 666 singulari
3377 613 3622 651 munere

1987 672 2156 744 Virgo
2190 674 2367 728 simul
2399 681 2456 729 et
2484 675 2662 731 Mater
2689 681 3348 752 vocaris,I)omina,quae
3373 701 3619 752 puerum

1986 761 2239 832 genuisti
2298 770 2433 818 ante
2493 767 2708 822 saecula
2756 783 2821 822 ac
2866 775 3132 840 tempora
3179 772 3615 839 subsistentem,

1987 854 2124 904 ante
2156 851 2357 907 omnia
2385 854 2647 924 genitum
2696 873 2764 910 ex
2795 863 2958 927 patre
3009 859 3134 913 sine
3181 866 3390 926 matre,
3442 877 3511 914 ex
3561 867 3614 915 te

1989 942 2184 994 autem
2215 946 2400 994 matre
2430 947 2633 1011 postea
2661 950 2855 999 ortum
2885 946 3106 1018 absque
3135 953 3320 1018 patre.

2691 1157 2801 1212 Ode
2839 1159 2933 1214 VI.

2065 1265 2274 1320 Oriens
2303 1266 2462 1321 velut
2481 1268 2566 1322 sol
2598 1285 2741 1325 auro
2762 1271 2993 1343 fulgens
3015 1277 3073 1326 et
3103 1273 3638 1344 splendidus,velut

1996 1369 2248 1424 sponsus
2297 1372 2367 1409 ex
2426 1357 2703 1425 thalamo,
2749 1360 2811 1413 in
2859 1377 3093 1415 summa
3138 1362 3400 1417 Ecclesia
3441 1364 3636 1418 aureis

1998 1441 2281 1498 doctrinas
2313 1449 2428 1499 tuae
2457 1447 2636 1500 radiis
2654 1463 2891 1502 omnem
2913 1455 3240 1504 creaturam
3260 1451 3632 1518 illuminasti,

2000 1537 2057 1585 et
2087 1533 2336 1602 mystica
2364 1539 2564 1589 aestate
2594 1551 2826 1606 gravem
2867 1537 3193 1592 hareseum
3247 1539 3505 1594 hiemem
3533 1540 3634 1594 de-

2001 1620 2222 1691 pulisti.

2072 1709 2387 1781 Obstupuit
2415 1726 2536 1780 rex,
2571 1718 2628 1767 et
2667 1714 2940 1784 populus,
2995 1719 3050 1768 et
3095 1715 3463 1770 sacerdotum
3495 1717 3632 1770 cho-

255 1796 427 1870 χορὸς
460 1795 690 1869 ὁρῶντες
743 1791 1021 1867 ἁρῖδήλως
1064 1791 1159 1846 τοῦ
1209 1791 1467 1864 λαμπροῦ
1523 1790 1612 1844 καὶ
1659 1791 1894 1863 καθαροῦ

2036 1814 2104 1852 us
2134 1772 2383 1852 videndo
2415 1772 2622 1869 puram
2651 1772 3061 1872 illustremque
3087 1804 3263 1857 vitam
3291 1803 3361 1856 de
3380 1820 3636 1874 superno

261 1884 382 1958 βίου
411 1885 508 1950 τήν
548 1882 840 1957 μαρτυρίαν
874 1882 1173 1958 φερομένην
1236 1882 1455 1934 ἄνωθεν·
1514 1881 1555 1934 ὁ,
1600 1880 1652 1934 ἐν
1686 1879 1898 1954 οὐρανῷ

255 1973 445 2033 πιστὸς
477 1973 580 2047 γὰρ
616 1972 818 2046 μάρτυς
847 1970 1285 2045 ἐπεμαρτύρησεν
1341 1970 1415 2030 ὡς
1473 1970 1539 2023 τὰ
1595 1969 1767 2022 πάντα
1823 1967 1900 2021 εί-

262 2059 371 2123 δὼς
394 2066 464 2134 τῇ
499 2062 796 2137 ὡραιότητι
829 2064 934 2116 τῶν
967 2061 1186 2134 τρόπων
1216 2078 1332 2113 σου.

323 2152 400 2207 Τὰ
428 2153 492 2206 σὰ
525 2152 690 2227 χείλη
756 2150 1072 2222 [Ινεύματος
1130 2147 1290 2222 ἁγίου
1346 2146 1536 2220 γέγονε
1593 2145 1734 2220 λύρα
1795 2163 1899 2216 μυ-

254 2241 433 2308 πική,
483 2241 571 2294 καὶ
663 2239 966 2313 μελουργὸς
1027 2237 1223 2310 κιθάρα
1270 2235 1638 2308 παναρμόνιον
1700 2229 1900 2303 ᾅδουσα

258 2328 444 2400 μὲλος,
480 2329 736 2400 μουσικὸν
819 2329 986 2400 ᾆσμα,
1069 2324 1292 2400 Λιγυρὸν
1343 2323 1622 2397 ἀπήχημα
1678 2323 1746 2392 τῇ
1805 2319 1898 2374 εύ-

257 2417 451 2490 ρύθμῳ
515 2415 753 2492 γλυκερᾷ
831 2415 1090 2487 συνθήκῃ,
1165 2413 1255 2467 καὶ
1345 2415 1424 2481 τῷ
1504 2409 1748 2484 χαρίεντι
1801 2415 1902 2476 τῆς

254 2509 363 2559 τῶν
399 2510 592 2583 φωνῶν
625 2505 954 2578 συμπλοκῆς
989 2503 1253 2575 θέλγουσα
1285 2499 1466 2574 ψυχὰς
1521 2498 1610 2552 καὶ
1665 2495 1902 2568 καθηδύο

264 2614 451 2649 νουσα.

330 2682 663 2756 Ῥητορεύων
745 2676 960 2741 ἔπεισας
1047 2677 1302 2752 ἀπείρους
1380 2675 1573 2753 φίλους
1660 2675 1903 2750 γενέσθαι

269 2775 365 2826 τοῦ
397 2776 555 2841 Θεοῦ,
585 2771 674 2825 καὶ
707 2770 902 2845 ἀρετῆς
933 2769 1178 2842 ἐργάτας,
1209 2766 1300 2820 καὶ
1358 2767 1532 2840 μάκαρ
1587 2759 1714 2839 ὄρος
1770 2763 1907 2838 γλυ-

274 2861 481 2933 κασμὸν
513 2862 805 2928 σταλάζον,
837 2857 898 2911 σὺ
932 2857 1046 2920 θεία
1077 2853 1276 2927 δρόσος
1309 2853 1599 2926 οὐρανόθεν
1637 2852 1909 2906 πίπτουσα

265 2949 355 3001 καὶ
403 2949 687 3002 πιαίνουσα
743 2951 935 3020 ψυχῶν
1019 2943 1272 3019 ἀρούρας⁶
1335 2940 1418 2995 διὸ
1476 2942 1526 2995 οἱ
1608 2940 1762 3014 λόγοι
1811 2961 1910 2994 σου

267 3034 527 3112 ὤφθησαν
581 3042 697 3099 τοῖς
746 3033 903 3095 λαοῖς
989 3034 1216 3106 μελιτος
1277 3029 1625 3105 γλυκύτεροι,
1701 3027 1911 3104 Χρυσό-

270 3145 458 3196 στομε.

345 3212 650 3270 Θεοτόκιον.
737 3245 805 3254 --
869 3216 1033 3284 Ὄρος
1091 3213 1242 3277 πῖον,
1320 3210 1605 3282 πάγχρυσε
1683 3203 1904 3280 λυχνία,

274 3299 477 3371 στάμνε
530 3304 627 3353 τοῦ
684 3301 853 3372 μάννα
901 3305 1000 3366 τῆς
1033 3341 1045 3353 .
1083 3339 1094 3353 .
1154 3341 1166 3354 .
1224 3296 1671 3369 παγχρυσωμένη
1734 3293 1906 3364 πύλη,

272 3386 641 3463 ἀκατάφλεκτε
697 3385 940 3459 πυρφόρε
1013 3384 1159 3459 βάτε,
1221 3379 1437 3456 ἔμψυχε
1495 3382 1670 3455 θρόνε,
1721 3379 1912 3456 ούρανὲ

273 3474 586 3553 πολύφωτε,
674 3476 988 3550 περιώνυμε
1073 3476 1304 3546 Χριστοῦ
1388 3468 1641 3543 καθέδρα,
1711 3468 1914 3530 παστὰς

271 3559 644 3638 χρυσόπλοκε,
679 3563 905 3627 εὐωδίας
926 3564 1098 3639 πηγὴ,
1133 3564 1398 3634 σκήνωμα
1439 3563 1595 3630 Θεοῦ,
1629 3557 1912 3628 Δέσποινα,

275 3653 448 3707 σῶσόν
484 3673 569 3726 με.

701 3774 815 3854 ῼδή
849 3777 917 3830 Ζ’.
945 3777 1254 3850 Ἃφραστον
1291 3775 1492 3844 θαῦμα,

353 3899 588 3967 Συχναῖς
646 3887 829 3947 λιϐάσι
889 3891 977 3945 καὶ
1046 3882 1370 3960 ἐπομϐρίαις
1422 3885 1528 3941 τῶν
1591 3883 1768 3961 λόγων
1822 3906 1920 3939 σου

278 3978 576 4055 ἀρδομένη,
613 3985 700 4036 οἷα
733 3980 938 4053 λιπαρά
967 3979 1054 4032 καὶ
1091 3976 1295 4052 εῦγειος
1323 3978 1415 4050 γῆ,
1475 3971 1713 4028 δέδεκται
1744 3970 1920 4030 πολυ-

281 4068 851 4145 φόροςήἘκκλησία,
908 4067 1330 4142 καρποφοροῦσα
1381 4062 1584 4138 ἀρετῶν
1645 4059 1920 4139 διαφόρων

284 4158 653 4232 παγκαρπίαν.

364 4249 468 4319 Νὺξ
497 4247 725 4320 ἀθυμίας
756 4245 847 4300 καὶ
876 4240 1174 4320 κατηφείας
1231 4239 1563 4310 σκοτόμαινα
1612 4237 1662 4308 ἐξ
1715 4238 1921 4312 αἰθρίας

283 4343 574 4415 ἡμεροφαῆ
629 4339 724 4404 τὴν
784 4335 1001 4410 νύμφην
1063 4331 1297 4404 Χριστοῦ
1385 4325 1575 4404 αἴφνης
1631 4327 1925 4415 κατεκάκυ-

1999 1886 2308 1940 manifeste
2338 1889 2748 1944 conﬁrmatam
2776 1906 2788 1956 ;
2821 1895 3070 1946 testatus
3101 1897 3188 1946 est
3216 1892 3374 1946 enim
3407 1908 3636 1946 morum

2001 1979 2234 2029 tuarum
2275 1977 2697 2045 praestantiam,
2749 1979 2850 2047 qui
2901 1979 2963 2033 in
3009 1979 3156 2033 cmlo
3208 1980 3375 2034 testis
3423 1980 3638 2047 ﬁdelis,

2000 2068 2201 2133 utpote
2232 2064 2499 2118 omnium
2531 2067 2825 2121 conscius.

2073 2151 2247 2206 Facta
2277 2158 2417 2206 sunt
2447 2153 2603 2208 labia
2634 2159 2733 2208 tua
2762 2157 3010 2224 mystica
3064 2156 3190 2226 lyra
3239 2156 3424 2210 sancti
3456 2156 3642 2226 Spiri-

2003 2242 2117 2304 tus,
2151 2244 2208 2292 et
2238 2240 2430 2294 suavis
2444 2241 2671 2296 cithara
2686 2243 3043 2297 concinnum
3076 2259 3312 2297 carnem
3331 2259 3645 2313 resonans,

2003 2325 2175 2380 dulce
2205 2344 2463 2395 carmen,
2499 2335 2702 2401 arguta
2721 2332 3079 2397 resonantia,
3096 2331 3364 2402 jucunda
3391 2347 3642 2387 concen-

2005 2419 2099 2469 tus
2129 2415 2800 2490 modulatione,etgrata
2821 2435 3029 2475 vocum
3055 2421 3456 2475 concinnitate
3477 2436 3645 2476 men-

2006 2507 2095 2557 tes
2116 2503 2331 2574 juvans
2363 2510 2421 2559 et
2449 2521 2746 2562 recreans.

2079 2679 2461 2737 Sermonibus
2488 2683 2991 2739 suasistiindoctis
3018 2687 3082 2738 ut
3102 2683 3278 2738 amici
3301 2683 3651 2750 fierentDei,

2011 2773 2070 2821 et
2099 2769 2329 2823 virtutis
2360 2776 2789 2840 operatores,tu
2821 2789 2992 2827 mons
3038 2771 3246 2826 beatus
3276 2770 3652 2824 dulcedinem

2012 2856 2266 2922 stillans,
2299 2862 2362 2911 tu
2393 2857 2628 2913 divinus
2669 2876 2764 2913 ros
2796 2859 2865 2914 de
2913 2860 3058 2914 coelo
3090 2859 3308 2914 cadens
3339 2863 3397 2912 et
3424 2858 3650 2912 anima-

2012 2961 2144 2999 rum
2183 2962 2421 3015 campos
2472 2945 2931 3018 pinguefaciens.
2984 2948 3174 3012 Quare
3224 2961 3529 3001 sermones
3566 2943 3650 2998 tui

2013 3034 2249 3105 populis
2275 3034 2381 3089 visi
2413 3039 2552 3089 sunt
2581 3035 2758 3090 melle
2783 3036 3101 3103 dulciores,
3135 3036 3569 3106 Chrysostome.

2083 3213 2353 3280 Deiparz.
2408 3244 2471 3253 —
2504 3215 2667 3269 Mons
2711 3214 2969 3286 pinguis,
3018 3213 3262 3268 lucerna
3315 3225 3513 3275 aurea,
3562 3225 3661 3263 vas

2015 3315 2366 3367 mannaa....,
2411 3302 2601 3372 janua
2655 3319 2855 3370 aurea,
2922 3302 3104 3357 rubus
3161 3315 3396 3370 semper
3447 3297 3661 3352 ardens

2017 3393 2075 3441 et
2119 3405 2425 3459 nunquam
2455 3391 2916 3454 consumendus,
2950 3391 3199 3444 thronus
3229 3387 3409 3453 vivus,
3441 3385 3653 3440 caelum

2019 3475 2588 3546 splendidissimum,
2621 3479 3026 3534 illustrissima
3064 3476 3279 3532 Christi
3311 3474 3502 3540 sedes,
3537 3474 3661 3527 tha-

2019 3563 2212 3619 lamus
2243 3582 2384 3619 auro
2416 3565 2728 3636 implexus,
2776 3568 2906 3621 fons
2955 3565 3346 3638 fragrantium
3385 3561 3656 3631 odorum,

2021 3651 2474 3707 tabernaculum
2502 3653 2622 3722 Dei,
2657 3653 2924 3718 Domina,
2958 3667 3124 3706 serva
3154 3665 3268 3704 me.

2353 3777 2464 3832 Ode
2513 3779 2631 3835 VU.
2673 3779 2960 3848 Ine/fabii:
2997 3775 3346 3845 miraculum.

2095 3893 2409 3963 Frequenti
2443 3909 2574 3948 rore
2606 3897 2665 3948 et
2692 3892 2882 3948 imbre
2913 3906 3258 3948 sermonum
3285 3894 3521 3944 tuorum
3545 3885 3674 3940 irri-

2024 3987 2178 4054 gata,
2209 3981 2368 4036 velut
2393 3982 2625 4054 pinguis
2657 3982 2834 4036 tellus
2865 3986 2924 4037 et
2968 3980 3130 4046 felix,
3170 3980 3409 4050 juvatur
3455 3974 3670 4030 fertilis

2025 4070 2308 4140 Ecclesia,
2357 4075 2414 4124 et
2455 4071 2747 4126 variarum
2777 4071 3058 4125 virtutum
3100 4065 3388 4122 fructibus
3419 4077 3668 4118 exorna-

2026 4164 2147 4214 tur.

2097 4249 2172 4302 At
2200 4246 2393 4302 subito
2435 4263 2551 4301 nox
2597 4245 3032 4317 desperationis
3085 4249 3144 4298 et
3190 4239 3428 4297 ruboris
3478 4237 3667 4310 caligo

2029 4334 2169 4389 dum
2223 4341 2436 4390 cuncta
2481 4352 2710 4401 serena,
2769 4335 3061 4389 illustrem
3117 4331 3330 4387 Christi
3388 4341 3670 4399 Sponsam

283 4413 409 4501 ψεν,
460 4413 815 4480 ἀποϐαλοῦσα
870 4423 961 4476 τὸν
1040 4421 1203 4492 μεγαν
1264 4437 1321 4472 σε
1377 4417 1641 4493 φωστῆρα
1692 4413 1905 4489 ἐπηρείᾳ

2036 4423 2372 4493 obscurant,
2422 4425 2826 4496 dejiciuntque
2878 4430 2934 4479 te
2982 4421 3215 4495 fulgens
3273 4419 3499 4484 lumen,
3561 4431 3670 4487 ope

275 4520 375 4569 τοῦ
406 4514 672 4587 ἀρχοντος
705 4514 801 4565 τοῦ
834 4530 918 4564 σα.
957 4551 969 4563 .
1007 4553 1020 4564 .

351 4604 625 4676 “Αρπαγες
660 4597 817 4652 λύκοι
872 4593 1150 4666 ποιμένων
1210 4591 1475 4666 πρόσωπα
1532 4591 1784 4668 φέροντες
1840 4591 1929 4644 καὶ

285 4675 576 4764 προϐάτων
625 4687 816 4756 ἔξωθεν
875 4681 1060 4757 δορὰν,
1118 4683 1216 4748 τὴν
1276 4680 1566 4746 ἀλωπεκῆν
1622 4675 1842 4742 ἔνδοθεν
1877 4676 1934 4733 δὲ

284 4780 643 4852 κρύπτοντες,
675 4775 766 4829 καὶ
812 4778 890 4845 τῷ
920 4768 1108 4839 κωδίῳ
1136 4767 1503 4826 καλύπτοδτες
1528 4766 1618 4820 τὸν
1651 4767 1811 4842 θῆρα,
1843 4767 1936 4838 τὸν

286 4867 452 4922 καλόν
485 4888 542 4921 σε
572 4865 885 4938 κατέκριναν
912 4857 1174 4931 ποιμένα.

361 4959 517 5031 Χήρα
567 4955 807 5027 καθάπερ
872 4946 1210 5025 βαρυπενθὴς
1269 4943 1358 4997 καὶ
1445 4941 1790 5031 πολύδακρυς
1845 4944 1937 4998 τὸν

284 5027 523 5118 νυμφίον
552 5066 609 5099 σε
635 5043 725 5098 τὸν
760 5042 955 5108 εαυτῆς
1007 5038 1241 5106 ζητοῦσα
1298 5035 1509 5106 πικρῶς
1567 5027 1760 5101 ἔστενε,
1789 5033 1933 5106 Χρυ-

287 5136 608 5207 σόστομε,ἠ
676 5126 1004 5196 Ἐκκλησία,
1062 5122 1208 5192 ἥτις,
1259 5119 1348 5174 διὰ
1392 5121 1491 5188 τὴν
1573 5119 1775 5193 χήραν,
1833 5121 1931 5189 τήν

289 5226 526 5300 χωρείαν
551 5226 650 5293 τὴν
683 5219 864 5295 ἄωρον
897 5213 1120 5285 ὑπέστη.

311 5289 329 5301 Ὃ
359 5289 667 5369 ὁεοτόκιον.
704 5289 859 5365 —-"O
897 5309 1063 5379 μόνος
1093 5301 1290 5380 κρίνων
1325 5295 1640 5368 δικαιοσύνη
1694 5297 1931 5356 ἐκάθισεν

287 5403 375 5458 ἐπὶ
432 5402 649 5476 θρόνου,
710 5397 994 5452 Δέσποιναο
1056 5392 1148 5448 καὶ
1198 5390 1303 5465 γὰρ
1361 5387 1422 5442 ἐκ
1487 5406 1582 5440 σου
1638 5389 1932 5462 σαρκωθεὶς

287 5473 475 5566 θρόνον
501 5511 559 5544 σε
589 5485 934 5562 πυρίμορφον
967 5476 1183 5552 ἔδειξεν,
1215 5475 1408 5566 ὃθενέν
1431 5473 1664 5538 κόλποις
1703 5475 1935 5549 κάθηταί

287 5565 405 5651 σου,
437 5579 511 5641 ὡς
540 5577 592 5632 ἐν
627 5574 805 5650 θρόνῳ
833 5572 1224 5649 βρεφοπρεπῶς
1253 5565 1414 5640 ἁγίῳ.

2036 4513 2323 4584 principis
2355 4513 2604 4569 Satanae.

2115 4603 2256 4673 Lupi
2283 4620 2526 4674 rapaces
2555 4608 2857 4675 pastorum
2889 4601 3146 4673 speciem
3176 4599 3433 4654 ferentes
3463 4595 3680 4650 extrin-

2044 4707 2214 4745 secus
2246 4696 2304 4745 et
2331 4693 2544 4746 ovilem
2575 4691 2810 4763 pellem,
2845 4692 3005 4744 intus
3036 4695 3233 4745 autem
3283 4686 3550 4755 lupinam
3581 4699 3674 4736 ce-

2044 4778 2256 4846 lantes,
2277 4784 2335 4833 et
2355 4779 2572 4833 vellere
2601 4779 2786 4833 feram
2808 4777 3270 4838 dissimulantes,
3296 4771 3594 4844 egregium
3616 4774 3672 4824 te

2044 4873 2341 4936 pastorem
2371 4866 2816 4922 damnaverunt.

2115 4955 2274 5008 Tunc
2305 4971 2410 5008 ceu
2432 4954 2606 5009 vidua
2623 4956 2843 5011 afflicta
2865 4960 2922 5010 et
2943 4955 3166 5010 suffusa
3185 4948 3464 5020 lacrymis
3496 4961 3676 5018 spon-

2046 5055 2176 5094 sum
2215 5056 2387 5095 suum
2419 5039 2614 5112 deflet,
2650 5044 2885 5098 dolebat
2907 5048 2960 5096 te
2991 5055 3210 5105 amare,
3241 5038 3678 5106 Chrysostome.

2045 5129 2326 5196 Ecclesia,
2382 5149 2511 5201 quae
2560 5139 2801 5204 propter
2840 5130 3096 5194 viduam,
3147 5129 3277 5199 ipsa
3302 5124 3683 5180 durissimam

2045 5215 2389 5271 viduitatem
2423 5219 2685 5287 pertulit.

2115 5305 2436 5373 Deipar2.-
2485 5306 2591 5371 Qui
2617 5305 2776 5360 solus
2790 5303 3023 5375 judicat
3030 5302 3324 5375 justitiam
3346 5299 3484 5354 fecit
3503 5313 3680 5367 super

2041 5393 2321 5448 thronum
2352 5393 2576 5459 sedere,
2611 5393 2876 5448 Domina.
2912 5395 3054 5448 Nam
3105 5392 3205 5463 qui
3231 5407 3300 5444 ex
3348 5395 3405 5442 te
3436 5401 3678 5442 carnem

2042 5483 2304 5553 suscepit
2323 5483 2602 5538 thronum
2625 5489 2679 5538 te
2711 5483 2948 5555 igneum
2970 5481 3242 5553 praabuit,
3265 5478 3424 5533 unde
3451 5477 3511 5530 in
3543 5474 3679 5529 sinu

2042 5577 2140 5626 tuo
2173 5571 2442 5643 quiescit,
2474 5577 2542 5626 ut
2567 5571 2630 5627 in
2660 5576 2864 5627 sancto
2893 5572 3108 5626 throno
3136 5580 3441 5642 pueroque
3480 5563 3678 5634 digno.
