3888 6136
434 235 572 290 1383

697 364 804 417 Ode
848 364 994 418 VIII.
1032 364 1265 417 Exsulta
1294 366 1548 431 fremens,
1576 362 1784 415 caelum.

500 454 573 506 Te
605 459 899 522 pastorem
928 452 1221 523 egregium
1251 452 1415 505 ducis
1436 453 1515 504 tui
1540 458 1598 504 et
1628 451 1773 515 Agni
1808 448 2067 501 imitato-

428 558 574 608 rem,
610 542 765 594 velut
796 558 957 594 ovem
991 547 1047 594 et
1076 543 1319 594 arietem
1353 541 1664 609 insignem,
1697 538 1856 591 velut
1887 535 2062 606 spiri-

431 630 608 683 talem
641 646 876 699 agnum,
910 646 983 683 ne
1016 646 1213 682 vocem
1244 645 1423 682 unam
1473 629 1838 680 emittentem
1872 624 2065 678 scele-

428 719 569 771 ratis
604 718 876 771 manibus
901 718 1315 787 corripuerunt
1336 721 1601 786 pastores
1624 719 1681 768 et
1710 714 1861 783 lupi,
1892 717 2065 781 teque

429 806 633 876 procul
666 823 694 859 e
725 822 894 877 grege
926 806 1301 860 abstulerunt
1333 805 1555 873 inique.

504 985 726 1037 Montes
774 989 830 1037 et
876 1000 1072 1052 rupes,
1127 988 1183 1035 et
1227 997 1463 1051 pascua,
1514 979 1714 1045 valles,
1766 977 2063 1042 barathra,

427 1074 615 1127 maria
647 1079 703 1126 et
750 1074 1016 1135 ﬂumina,
1068 1076 1244 1137 astra,
1304 1070 1447 1123 luna
1496 1074 1553 1122 et
1597 1068 1704 1134 sol,
1765 1067 1975 1121 cmlum
2009 1069 2067 1118 et

428 1167 581 1215 terra
637 1161 829 1214 omnis
887 1165 1154 1213 creatura
1201 1159 1545 1211 contristata
1602 1161 1708 1220 est,
1752 1154 2064 1223 iniquitate

428 1256 864 1319 commotaquae
891 1254 1027 1302 tunc
1054 1248 1125 1302 ab
1148 1247 1346 1317 impiis
1378 1245 1781 1301 sacerdotibus
1807 1243 2066 1297 admissa

424 1338 552 1392 fuit.

496 1428 726 1480 Invenit
755 1433 1038 1496 tanquam
1071 1426 1324 1480 alterum
1373 1425 1669 1478 Christum
1713 1422 1862 1476 alter
1893 1437 2063 1491 para-

424 1515 637 1585 lyticus
660 1516 872 1568 Christi
896 1515 1272 1585 discipulum;
1291 1530 1357 1567 ac
1381 1512 1575 1567 statim
1600 1510 1789 1565 morbi
1806 1509 2063 1564 sanatio-

422 1621 558 1657 nem
592 1603 838 1673 adeptus
872 1608 977 1657 est.
1014 1602 1121 1657 Ubi
1155 1602 1312 1655 enim
1346 1601 1445 1653 ille
1480 1599 1656 1652 ﬁdem
1690 1596 1906 1651 habere
1931 1596 2060 1665 jus-

1941 235 2303 289 ADDENDA.

2092 358 2144 422 Α

3628 247 3728 306 1384

2458 354 2587 435 ’ῼδὴ
2622 358 2705 414 Η⁹.
2756 360 3277 436 Ἐκστηθιφρίττων,
3308 361 3505 437 οὐρανέ.

2248 445 2316 497 Σὲ
2344 445 2433 498 τὸν
2487 446 2719 517 ποιμένα
2770 448 2861 501 τὸν
2893 447 3085 515 καλὸν,
3116 454 3212 502 τοῦ
3269 450 3622 525 ἀρχιποιμένος
3664 461 3725 510 καὶ

2174 534 2376 603 ’Λμνοῦ
2414 534 2504 586 τὸν
2568 536 2838 606 μιμητὴν,
2900 536 2973 596 ὡς
3026 534 3158 610 ἂρνα
3204 538 3290 591 καὶ
3346 541 3485 610 κριὸν
3518 541 3720 613 ἐπίσημον

2173 622 2256 673 καὶ
2291 621 2365 683 ὡς
2397 623 2564 692 ἀμνὸν
2608 623 2851 697 λογικὸν,
2906 622 3018 678 οὐδ’
3077 621 3224 687 ὅλως
3282 630 3619 701 κραυγάζοντα
3664 654 3726 686 σο-

2173 710 2396 783 σχόντες
2454 709 2733 783 παλάμαις
2816 712 3175 786 παλαμνείαις
3256 717 3305 769 οἱ
3376 720 3603 789 ποιμένες
3665 725 3725 774 καὶ

2174 796 2330 851 λύκοι
2389 798 2577 875 πόρρω
2658 808 2759 869 τῆς
2817 809 2913 870 σῆς
2986 804 3227 876 ποίμνης
3282 805 3338 858 σὲ
3391 804 3616 880 ἐξώρισαν
3644 806 3729 861 ἁδί-

2170 905 2303 947 κως.

2244 976 2381 1048 ’Όρη
2418 975 2504 1029 καὶ
2537 976 2719 1045 νάπαι,
2769 978 2857 1032 καὶ
2921 980 3130 1054 βουνοὶ,
3190 978 3460 1051 κοιλάδες,
3514 984 3733 1059 φάραγγες,

2172 1061 2429 1124 θάλασσαι
2460 1065 2548 1117 καὶ
2580 1067 2839 1136 ποταμοῖ,
2864 1066 3100 1139 ἀστέρες,
3134 1067 3335 1137 σελήνη
3393 1071 3476 1123 καὶ
3524 1070 3675 1138 ἣλιος,
3714 1075 3731 1127 ὁ

2171 1150 2401 1223 οὐρανὸς
2451 1152 2540 1205 καὶ
2596 1155 2783 1226 ἡ’γῆ,
2838 1156 2925 1209 καὶ
2989 1161 3129 1209 πᾶσα
3187 1157 3490 1230 ἐστύγνασεν
3540 1162 3735 1226 ἡκτίσις

2170 1234 2468 1321 ἐλέγχουσα
2496 1242 2594 1308 τὴν
2626 1240 2748 1296 τότε
2777 1245 3110 1316 πραχθεῖσαν
3153 1246 3375 1317 ἀνομίαν
3409 1250 3500 1315 τὴν
3548 1248 3596 1302 ἐκ
3640 1269 3733 1321 πρε-

2170 1320 2443 1401 σϐυτέρων
2475 1326 2675 1383 ἀδίκων
2708 1329 3043 1402 ἐξελθοῦσαν.

2244 1414 2405 1484 Εὗρεν
2435 1416 2507 1477 ὡς
2566 1414 2741 1471 ἄλλον
2798 1439 2853 1473 σε
2910 1421 3146 1494 Χριστὸν
3207 1420 3378 1484 ἃλλος
3432 1424 3731 1497 παραλυτικὸς

2168 1505 2262 1555 τοῦ
2320 1507 2557 1576 Χριστοῦ
2610 1506 2701 1559 τὸν
2760 1509 3025 1578 μαθητήν’
3080 1509 3316 1563 ἐντεῦθεν
3388 1510 3500 1586 εὗρε
3547 1512 3621 1564 καὶ
3666 1513 3734 1578 τὴν

2170 1587 2307 1643 ἴασιν
2343 1596 2721 1665 παρεπομένην
2752 1595 2927 1658 εὐθύς³
2990 1598 3063 1658 ὡς
3125 1598 3291 1669 μόνον
3336 1600 3434 1672 γάρ
3480 1597 3623 1673 ἔφησε
3667 1621 3734 1651 πι-

426 1694 617 1757 sisset,
676 1708 994 1763 exsurgens
1056 1690 1366 1745 confestim
1441 1693 1498 1741 et
1552 1688 1772 1741 lectum
1826 1684 2040 1738 tollens

2176 1679 2393 1739 στεύειν.
2428 1682 2619 1752 ἀνέστη
2677 1691 3020 1758 παραχρῆμα
3075 1687 3164 1739 καὶ
3224 1688 3322 1753 τὴν
3377 1685 3555 1756 κλίνην
3589 1688 3735 1759 βαπτὰ.

420 1783 664 1836 recessit
695 1782 787 1835 hic
822 1782 1010 1841 laetus,
1044 1797 1111 1835 ac
1143 1780 1438 1833 Christum
1469 1776 1800 1831 celebrans.

490 1872 560 1924 Ut
586 1869 1129 1939 contemplarentur
1176 1868 1377 1921 lumen
1424 1864 1683 1919 veritatis
1726 1862 1824 1931 qui
1856 1861 1917 1914 in
1947 1860 2063 1913 im-

418 1960 653 2029 pietatis
706 1959 966 2013 tenebris
1016 1957 1326 2027 degebant,
1383 1960 1439 2007 et
1488 1952 1813 2023 spiritalem
1874 1948 2060 2003 solem

418 2048 591 2102 modo
629 2049 810 2100 Deum
842 2046 1269 2100 conﬁterentur
1318 2043 1414 2111 qui
1451 2039 1719 2094 sensibili
1765 2038 1902 2091 huic
1947 2036 2057 2089 soli

417 2134 833 2200 inserviebant,
889 2149 995 2188 ceu
1045 2132 1261 2185 Paulus
1319 2129 1389 2183 ad
1448 2129 1799 2197 longinquas
1856 2129 2059 2195 gentes

415 2224 631 2277 missus
663 2238 745 2287 es,
779 2238 885 2275 ceu
919 2220 1005 2274 sol
1037 2220 1136 2289 qui
1170 2216 1605 2272 incredulitatis
1628 2214 1940 2285 caliginem
1964 2213 2059 2266 de-

412 2312 695 2365 turbaret.

484 2399 757 2468 Deiparm.
797 2429 855 2436 —-
907 2399 981 2451 Te
1015 2395 1307 2466 sapientia
1358 2393 1478 2454 Dei,
1528 2390 1835 2446 verissima
1865 2389 2055 2444 Patris

410 2490 693 2560 imago,et
722 2488 982 2559 sigillum
1012 2486 1201 2538 vivum
1237 2488 1295 2537 et
1324 2480 1709 2539 immutabile.
1746 2480 2051 2534 character

410 2578 1071 2644 accuratus,animatum
1095 2573 1420 2627 thalamum
1441 2570 1635 2640 elegit,
1657 2570 1753 2621 Dei
1776 2567 2050 2639 genitrix,

407 2685 476 2721 ex
508 2674 562 2723 te
590 2684 827 2721 carnem
856 2669 1221 2734 sumpturus,
1256 2667 1310 2714 et
1334 2659 1519 2714 amice
1541 2674 1674 2712 cum
1708 2656 2051 2710 hominibus

404 2761 872 2811 conversaturus.
907 2753 1014 2808 Ode
1042 2754 1119 2807 IX
1147 2752 1313 2805 deest'

909 2930 1203 2984 JOANNIS
1239 2926 1552 2982 MONACHI

589 3040 659 3091 IN
708 3036 1030 3091 SANCTUM
1068 3032 1425 3088 NICOLAUM
1464 3028 1863 3084 MYRENSEM.

780 3145 975 3198 Desunt
1006 3142 1102 3195 ode
1126 3142 1312 3210 prima
1341 3145 1391 3192 et
1420 3136 1674 3192 secundw

861 3231 970 3285 Ode
1000 3232 1098 3283 ΙΙΙ.
1136 3231 1204 3282 Te
1232 3243 1393 3296 super
1425 3240 1595 3294 aquas

477 3324 636 3392 Myra
666 3320 848 3389 Lycia)
880 3318 1082 3389 genuit
1133 3322 1209 3379 te,
1261 3315 1429 3367 beate
1479 3312 1734 3378 Nicolae,
1773 3326 2044 3380 unguen-

408 3415 532 3462 tum
578 3408 927 3478 pretiosum,
978 3404 1297 3475 gratiarum
1350 3399 1597 3454 ﬂoribus
1649 3404 1704 3453 et
1752 3398 2040 3453 virtutum

402 3496 746 3569 fragrantia,
778 3495 1116 3549 unimarum
1150 3506 1358 3545 sensus
1383 3494 1544 3559 grate
1574 3487 1858 3541 afﬁciens.

476 3675 660 3730 Habet
689 3680 744 3728 te
782 3672 1091 3727 universus
1140 3664 1397 3721 mundus
1448 3664 1507 3717 in
1563 3662 2041 3717 tribulationibus

402 3770 737 3837 promptum
771 3760 1119 3821 subsidium,
1145 3758 1205 3810 in
1237 3756 1439 3809 dolore
1470 3753 1759 3823 requiem,
1793 3753 1851 3806 in
1887 3751 2038 3806 cala-

402 3852 705 3908 mitatibus
736 3850 1032 3913 solatium,
1075 3846 1137 3899 in
1171 3841 1594 3898 tentationibus
1634 3840 1943 3909 auxilium,
1978 3840 2040 3894 in

397 3940 618 3997 morbis
649 3937 976 3993 remedium
1012 3934 1287 3995 salutare,
1322 3930 1575 3984 Nicolae.

459 4030 737 4085 Doctrina
768 4026 1031 4081 eruditus
1064 4022 1222 4085 ﬁdei,
1268 4025 1325 4073 et
1355 4036 1388 4073 a
1418 4018 1671 4089 pueritia
1702 4016 1951 4087 spiritali
1983 4022 2041 4071 et

396 4119 647 4175 candido
700 4116 938 4187 pietatis
987 4113 1137 4167 lacte
1187 4109 1470 4173 imbutus,
1503 4123 1635 4160 vere
1683 4107 1859 4159 homo
1906 4122 2038 4175 per-

397 4208 585 4261 fectus
615 4206 803 4259 factus
832 4220 914 4270 es,
945 4203 1136 4267 beate,
1160 4204 1218 4253 et
1248 4198 1320 4253 ad
1342 4196 1583 4252 modum
1606 4194 1796 4249 aetatis
1822 4194 2036 4248 Christi

398 4294 718 4367 profecisti.

473 4383 740 4454 Vestigiis
768 4379 1080 4434 Salvatoris
1112 4376 1415 4439 insistens,
1460 4390 1577 4426 non
1629 4371 2035 4426 mercenarius
2072 4404 2112 4468 Β

395 4473 581 4538 fuisti,
616 4472 718 4525 sed
759 4470 951 4540 potius
999 4467 1189 4520 bonus
1238 4467 1473 4533 pastor;
1526 4462 1745 4514 etenim
1778 4461 2035 4515 animam

396 4566 557 4615 tuam
588 4575 691 4629 pro
725 4557 928 4610 ovibus
958 4553 1228 4624 posuisti,
1262 4550 1430 4605 factis
1453 4548 1784 4618 adimplens
1815 4549 2027 4602 Christi

391 4648 794 4719 Evangelium.

466 4737 734 4807 Deiparas.
794 4765 862 4773 —
920 4734 1000 4785 Tu
1054 4726 1375 4799 apparuisti
1442 4724 1624 4778 rubus
1677 4724 1809 4795 igne
1867 4725 2028 4779 invo-

397 4827 576 4889 lutus,
609 4821 1092 4878 celebratissima.
1123 4819 1197 4870 Te
1230 4814 1597 4885 signiﬁcabat
1619 4830 1767 4867 urna
1788 4819 1889 4867 aut
1910 4830 2029 4867 am-

394 4916 579 4984 phora
608 4929 827 4967 manna
856 4909 1102 4979 repleta,
1134 4904 1527 4970 sanctissima,
1552 4905 1735 4957 Deum
1766 4908 2030 4973 receptu-

396 5019 559 5067 ram;
595 5008 657 5055 tu
688 5002 843 5055 enim
876 4996 1249 5053 dulcedinem
1284 4992 1539 5047 eﬁ‘udisti
1589 4993 1759 5047 nobis
1790 4991 2028 5046 interri-

392 5106 545 5144 mam
558 5132 569 5144 .

812 5176 921 5230 Ode
949 5176 1049 5229 Ν,
1082 5176 1209 5237 Quae
1246 5172 1304 5224 in
1336 5187 1490 5223 cruce
1520 5176 1633 5223 tua.

458 5266 544 5319 Ad
596 5262 1065 5319 misericordiam
1122 5265 1179 5314 et
1226 5258 1654 5313 humanitatem
1696 5254 2023 5311 informans

385 5355 667 5415 animam,
700 5351 967 5404 hilariter
998 5354 1124 5401 tuas
1162 5364 1307 5417 opes
1354 5344 1660 5417 egentibus
1692 5345 2023 5398 communi-

388 5444 583 5510 cabas,
618 5443 840 5495 viscera
868 5438 1266 5493 miserationis
1291 5434 1552 5500 indutus,
1587 5433 1740 5487 sicut
1769 5450 2021 5505 magnus

383 5532 602 5589 Paulus
633 5530 870 5585 clamat.

2171 1788 2281 1833 σας,
2317 1764 2530 1822 ἐϐάδισε
2549 1770 2758 1844 χαίρων
2797 1772 2886 1826 καὶ
2917 1774 3147 1846 Χριστὸν
3182 1774 3512 1849 μεγαλύνων.

2239 1856 2349 1909 Ἴνα
2381 1857 2673 1913 θεάσωνται
2701 1860 2762 1914 τὸ
2789 1865 2903 1937 φῶς
2932 1869 3029 1930 τῆς
3091 1861 3429 1937 ἐπιγνώσεως
3475 1866 3520 1917 οἱ
3568 1864 3732 1937 ἀγνοίας

2169 1942 2220 1996 ἐν
2249 1946 2396 1998 νυκτί
2427 1944 2729 2019 τελοῦντες,
2755 1950 2844 2003 καὶ
2876 1947 3036 2019 δόξῃς
3066 1952 3155 2005 τὸν
3207 1951 3373 2019 ἣλιον
3432 1954 3617 2024 μάθωσι
3664 1956 3731 2023 μό-

2165 2054 2257 2086 νου
2287 2036 2413 2088 Θεὸν
2447 2036 2497 2088 ο¹ι
2524 2041 2602 2108 τῷ
2632 2038 2873 2109 αἰσθητῷ
2923 2038 3275 2115 λατρεύοντες
3331 2040 3493 2113 ἡλίῳ,
3544 2042 3605 2104 ὡς
3629 2046 3730 2094 Παῦ-

2167 2119 2266 2181 λος
2297 2121 2601 2194 ἀπεστάλης
2633 2125 2706 2187 εἷς
2734 2122 2860 2197 ἔθνη
2898 2130 3105 2201 μακράν
3137 2129 3266 2183 ὅντα
3322 2129 3489 2205 ἀχλὺν
3541 2130 3727 2189 ἀπιστίας

2165 2207 2240 2268 ὡς
2266 2207 2426 2277 ἥλιος
2457 2210 2745 2281 σκεδάζων.

2234 2388 2546 2448 Θεοτόκιον.
2581 2424 2644 2434 -
2678 2394 2747 2447 Σὲ
2778 2396 2812 2463 ἡ
2846 2394 3007 2471 σοφία
3034 2400 3130 2450 τοῦ
3170 2400 3330 2464 Θεοῦ,
3384 2399 3418 2465 ἡ
3474 2394 3726 2469 ἀπαράλλα-

2160 2494 2290 2537 κτος
2320 2482 2420 2531 τοῦ
2452 2481 2660 2554 Πατρὸς
2701 2482 2872 2544 ὅντως
2933 2483 3113 2551 εἰκὼν,
3163 2487 3198 2553 ἡ
3250 2490 3397 2553 ζῶσα
3425 2485 3620 2561 σφραγὶς
3665 2480 3725 2534 καῖ

2161 2567 2432 2636 ἀκίνητος,
2466 2568 2494 2620 ὁ
2526 2563 2754 2642 ἀκριϐὴς
2790 2572 3070 2645 χαρακτὴρ
3122 2572 3195 2632 ὡς
3258 2570 3499 2646 ἔμψυχον
3541 2571 3723 2640 θάλαμον

2162 2657 2510 2729 [μονογενής]
2541 2655 2599 2710 ἐκ
2621 2661 2739 2727 σοῦ,
2765 2662 3497 2738 Θεογεννῆτορ,σαρκοςρόρος
3522 2657 3724 2733 προῆλθε,

2157 2744 2247 2799 καὶ
2279 2746 2677 2821 συνανεστράφη
2710 2745 3023 2820 ἀνθρώποις
3072 2747 3491 2824 φιλανθρώπως.
3538 2746 3641 2824 ’ῼδὴ
3687 2751 3719 2797 Θ¹

2157 2836 2322 2890 deest.

2618 2925 2921 2981 [ΩΑΝΝΟΥ
2963 2930 3147 2981 ΜΟΝΑ
3160 2932 3199 2980 Χ
3211 2928 3302 2983 ΟΥ

2296 3030 2407 3084 ΕΙΣ
2439 3030 2572 3085 ΤΟΝ
2612 3032 2817 3087 ΑΓΙΟΝ
2842 3033 3206 3091 ΝΙΚΟΔΑΟΝ
3235 3041 3371 3089 ΤΗΣ
3414 3036 3620 3091 ΜΥΑΑΣ

2501 3139 2703 3192 Desunt
2733 3142 2830 3194 ode
2864 3143 3047 3209 prima
3078 3149 3131 3196 et
3177 3145 3437 3198 secunda.

2550 3222 2679 3301 ’ῼδή
2716 3227 2786 3283 Γ“.
2814 3226 2883 3280 Σὲ
2902 3232 3008 3281 τῶν
3054 3227 3141 3282 ἐπὶ
3178 3228 3412 3285 ὑδάτων.

2219 3313 2378 3385 [C0d.
2412 3313 2450 3366 f.
2484 3314 2627 3384 107.]
2659 3313 2817 3387 Μύρα
2846 3335 2903 3368 σε
2933 3322 3034 3383 τῆς
3093 3319 3297 3379 Λυκίας
3355 3319 3629 3394 προήγαγεν
3665 3315 3712 3370 ὼς

2145 3398 2451 3473 πολύτιμον
2488 3402 2655 3476 μύρον
2702 3408 2819 3465 τοῖς
2878 3403 3054 3459 ἄνθεσι
3112 3405 3384 3476 χαρίτων,
3439 3408 3520 3462 καὶ
3566 3406 3717 3479 ἀρετῶν

2143 3494 2263 3550 τοῖς
2303 3491 2600 3562 ἀρώμασιν,
2648 3492 2900 3568 ἱερουργὲ
2946 3493 3204 3563 Νικόλαε,
3273 3494 3603 3565 εύωδιάζοντα
3646 3491 3720 3545 τῶν

2144 3580 2337 3652 ψυχῶν
2368 3578 2435 3633 τά
2466 3578 2620 3649 αἶ’σθη
2632 3582 2816 3654 τήρια.

2212 3667 2368 3739 Ἔχει
2400 3686 2456 3720 σε
2485 3671 2587 3729 πᾶς
2616 3669 2644 3721 ὁ
2674 3670 2880 3741 κόσμος
2915 3669 2970 3725 ἐν
2988 3670 3238 3745 ϐλίψεσιν
3276 3673 3547 3746 ἀντίληψιν
3572 3670 3715 3741 ὀξεῖαν.

2142 3754 2483 3827 παράκλησιν
2536 3756 2588 3810 ἐν
2645 3757 2862 3830 λύπαις,
2943 3760 2996 3814 ἐν
3055 3771 3369 3839 συμφοραῖς
3422 3760 3712 3835 παραμύθιον.

2143 3843 2192 3898 ἐν
2224 3851 2553 3917 πειρασμοῖς
2585 3847 2928 3920 ὑπέρμαχον,
2990 3848 3042 3904 ἐν
3091 3850 3279 3914 νόσοις
3339 3855 3593 3930 φάρμακον
3630 3845 3716 3899 ξαε-

2141 3929 2402 4001 σώδυνον,
2436 3933 2698 3991 Νικόλαε.

2207 4022 2409 4096 Λόγοις
2440 4023 2871 4099 ἐντεθραμμένος
2899 4034 2998 4096 τῆς
3039 4028 3303 4099 πίστεως,
3362 4032 3449 4085 καὶ
3502 4027 3623 4103 γάλα
3652 4021 3711 4077 εὖ·

2139 4108 2349 4177 σεϐείας
2368 4112 2606 4183 θηλάσας
2639 4117 2743 4170 ἀπὸ
2779 4116 3014 4191 βρέφους
3038 4121 3102 4173 τὸ
3153 4119 3377 4196 λογικόν
3436 4141 3488 4175 τε
3526 4117 3598 4173 καὶ
3625 4111 3712 4167 569-

2140 4198 2255 4267 λον,
2307 4196 2477 4265 ὅντως
2532 4202 2607 4264 εἷς
2668 4201 2829 4275 ἄνδρα
2870 4204 3108 4276 τέλειον,
3171 4210 3376 4285 μάκαρ,
3430 4209 3710 4277 κατήπησαςν

2136 4289 2225 4342 καὶ
2250 4288 2325 4350 εἷς
2351 4290 2542 4362 μέτρον
2577 4291 2800 4359 ἡλικίας
2835 4298 3096 4366 Χριστοῦ.

2215 4380 2420 4451 Ἰχνεσι
2504 4382 2601 4433 τοῦ
2661 4386 2921 4456 Σωτῆρος
3000 4382 3291 4458 ἑπόμενος,
3378 4386 3438 4442 οὐ
3516 4378 3711 4457 μισθωτὸς

2150 4466 2410 4539 ὑμῆρξας,
2446 4466 2616 4531 καλὸς
2670 4470 2881 4541 ποιμὴν
2943 4468 3000 4525 δὲ
3061 4474 3301 4545 μᾶλλοψ
3357 4475 3442 4530 καὶ
3492 4474 3576 4549 γάρ
3621 4467 3705 4535 ὑπὲρ

2138 4557 2246 4607 τῶν
2278 4549 2564 4628 προϐάτων
2598 4576 2692 4609 σου
2722 4563 2820 4624 τὴν
2850 4559 2947 4626 σήν
2982 4562 3167 4634 ψυχὴν
3208 4564 3552 4637 προθέμενος,
3577 4556 3701 4631 ἔργοις

2141 4640 2467 4714 ἐπλήρωσας
2496 4647 2591 4697 τοῦ
2623 4645 2855 4717 Χριστοῦ
2884 4648 2948 4701 τὸ
2980 4647 3336 4724 Εὐαγγέλιον.

2210 4729 2514 4787 Θεοτόκιον.
2548 4762 2615 4773 -
2648 4733 2719 4786 Σὲ
2746 4732 3034 4806 προδήλου
3061 4737 3245 4811 βάτος,
3280 4738 3589 4811 πανύμνητε,
3612 4726 3695 4797 πδέί

2140 4817 2609 4893 σπαργανουμένη”
2644 4823 2700 4875 σὲ
2729 4823 3040 4887 προετύπου
3070 4829 3306 4900 στάμνος
3336 4833 3369 4898 ἡ
3411 4823 3694 4901 μαννοδόχθς,

2141 4906 2423 4979 ὑπέραγνε,
2452 4908 2551 4975 τήν
2586 4907 2848 4984 θεοδόχον
2878 4912 3169 4985 τράπεζαν’
3233 4916 3297 4971 σὺ
3347 4916 3442 4991 γὰρ
3496 4914 3696 4985 ἐπήγασπί

2136 4993 2452 5069 γλυκασμὸν
2484 4999 2618 5070 ἡμῖν
2653 4998 2946 5072 ἀκήρατον.

2525 5172 2652 5251 ’ῼδή
2688 5176 2757 5233 Δ“.
2791 5177 2904 5245 Τήν
2934 5176 2985 5231 έν
3016 5179 3226 5254 σταυρῷ
3256 5203 3371 5237 σου.

2205 5260 2353 5315 Μετά
2384 5259 2567 5323 ἐλέους
2596 5262 2684 5316 καὶ
2737 5268 3119 5339 χρηστότητος
3176 5271 3498 5341 κεκτημένος
3546 5260 3693 5336 ψυχῆνν

2136 5347 2339 5421 ἱλαρῶς
2369 5354 2465 5402 τοῦ
2498 5355 2592 5404 σοῦ
2638 5350 2881 5407 πλούτου
2944 5354 3253 5427 μετέδωκας
3305 5363 3417 5419 τοῖς
3471 5353 3694 5429 χρῄζουσι,

2132 5433 2421 5511 σπλάγχνα
2479 5439 2778 5513 οἰκτιρμῶν
2838 5440 3215 5517 ἐνδυσάμενος,
3273 5446 3450 5521 ὥσπερ
3502 5444 3526 5496 ὁ
3577 5439 3695 5512 μέγας

2130 5522 2347 5586 Παῦλος
2382 5526 2499 5595 βοᾷ.
