3888 6136
155 259 297 332 1385

1381 268 1682 322 HYMNUS
1716 268 1791 320 ΙΝ
1931 267 2320 326 NICOLAUM.

3415 267 3555 356 1386

225 402 452 478 Ἀστέρα
487 399 730 474 βλέπων,
789 396 865 458 εἴς
921 397 1020 464 τὴν
1079 391 1269 450 ἄδυτον
1301 395 1398 462 τὴν
1443 389 1650 447 ὁλκάδα
1697 395 1831 461 τοῦ,

1995 403 2082 454 tra
2139 400 2492 471 suscipiens,
2572 415 2780 456 navem
2859 397 3076 452 mentis
3151 397 3400 468 invisam
3477 398 3552 454 ad

155 498 250 548 νοῦ
281 491 414 566 τιερὸς
442 490 534 552 τὰς
610 486 788 542 αὐτῶν
841 486 1083 554 κινήσεις
1119 480 1300 548 ἷ’θυνας
1349 483 1438 536 καὶ
1494 482 1800 552 προσώκει-

158 582 256 643 λας
289 581 402 654 ’ὸρῳ
433 577 684 654 γαληνῷ,
715 570 1058 648 κυϐερνήτης
1117 573 1191 636 ὡς
1250 573 1469 644 ἄριστος
1501 571 1566 624 τὰ
1607 567 1806 623 θαλάτ-

161 691 272 726 τια.

235 761 324 814 Ἐν
383 753 602 829 ἀνδρείᾳ
653 751 844 826 πολλῇ
925 756 1025 814 τῆς
1083 752 1268 817 θεῖκῆς
1309 749 1498 823 ἰσχύος
1575 749 1803 822 Χριστὸν

165 845 617 917 ἐπικαλούμενος,
648 841 776 903 τοὺς
827 840 878 895 ἐν
941 839 1181 918 φυλακῇ,
1236 838 1432 914 μάκαρ,
1495 834 1808 910 πεπεδημέ-

165 957 290 996 νους
323 933 522 1006 ἐξάγων
555 929 730 992 ἔλυες.

237 1023 422 1100 Ἀγίου
453 1019 676 1092 πλήρης
729 1020 862 1075 οὖσα
923 1018 1236 1090 Πνεύματος
1294 1019 1328 1088 ἠ
1383 1015 1576 1083 καρδία
1625 1017 1659 1084 ἡ
1717 1016 1808 1083 σὴ,

165 1111 417 1188 γλυκεῖαν
510 1106 762 1178 εὐωδίαν,
849 1108 1026 1180 ὀσμὴν
1109 1105 1546 1181 ἀρωματίζουσα,
1643 1101 1807 1178 αἴγλῃ

169 1203 444 1274 συμμιγῆ,
473 1200 560 1254 καὶ
596 1198 734 1276 φωτὶ
766 1195 1101 1271 κεκραμένην
1131 1194 1296 1250 πάλιν
1322 1195 1601 1250 ἀπέπνεεν.

237 1290 542 1344 Θεοτόκιον.
579 1319 642 1330 --
675 1285 789 1353 Τὴν
836 1285 967 1358 ὑπὲρ
1017 1281 1220 1338 ἔννοιάν
1281 1304 1377 1337 σου
1429 1285 1673 1353 γέννησιν
1725 1281 1810 1353 ἐρ-

172 1385 434 1454 μηνεῢσαι
469 1380 676 1454 βροτῶν
711 1377 1034 1450 πτωχόνοια
1067 1375 1128 1430 οὐ
1163 1375 1355 1428 σθένει·
1417 1375 1444 1428 6
1506 1372 1678 1446 λόγος
1707 1375 1812 1448 γὰρ

168 1469 532 1545 ἀνέκφραττος
557 1467 756 1536 ταύτης
791 1465 1092 1534 παντελῶς,
1149 1463 1236 1518 καὶ
1294 1465 1321 1516 ὁ
1377 1463 1605 1537 τρόπος,
1671 1468 1810 1530 Παρ-

170 1561 308 1630 θένε,
344 1555 732 1626 ἀκατανόητος.

585 1660 696 1740 ῼδή
734 1661 806 1718 E‘.
841 1659 987 1733 Πρὸς
1030 1659 1086 1713 σὲ
1135 1658 1390 1734 ὀρθρίζω.

1915 497 2321 544 eorummotus
2341 491 2722 562 dirigebas,et
2760 489 2832 544 ad
2887 492 3150 544 montem
3191 489 3352 558 pacis
3371 490 3559 560 appli-

1916 577 2111 644 cuisti,
2147 583 2212 632 ut
2247 579 2604 650 gubernator
2634 579 2901 650 egregius
2951 594 3056 648 per
3103 577 3293 632 maria
3343 577 3554 632 decur-

1917 683 2076 722 rens.
2933 729 2936 732 ο
3371 715 3392 730 -.

1991 758 2052 810 Vi
2087 773 2320 812 summa
2361 758 2572 812 divinas
2621 757 2852 812 virtutis
2901 756 3197 810 Christum
3251 756 3554 826 invocasti,

1919 862 2244 917 omnesque
2277 847 2565 916 liberasti,
2597 846 2788 912 beate,
2823 847 2923 915 qui
2955 846 3015 898 in
3047 845 3315 899 custodia
3335 845 3559 900 detine-

1921 934 2155 988 bantur.

1991 1023 2101 1076 Cor
2131 1027 2294 1078 tuum
2331 1022 2582 1093 Spiritus
2629 1022 2816 1078 sancti
2865 1021 3129 1092 plenum,
3173 1036 3408 1075 suavem
3438 1021 3559 1076 fra-

1921 1111 2234 1182 grantiam,
2265 1111 2500 1166 dulcem
2543 1111 2783 1170 odorem
2834 1127 3138 1182 spargens,
3167 1109 3394 1181 fulgore
3423 1127 3560 1181 per-

1921 1200 2186 1269 mistum,
2221 1205 2280 1256 et
2307 1200 2438 1256 luce
2469 1199 2850 1271 splendidum
2877 1215 3080 1254 rursus
3113 1197 3422 1254 exhalavit!

1993 1291 2260 1359 Deiparw.
2296 1321 2360 1328 —
2392 1290 2562 1344 Omni
2589 1289 2948 1360 cogitatione
2981 1288 3266 1359 majorem
3307 1303 3560 1358 genera—

1921 1378 2146 1432 tionem
2179 1383 2340 1433 tuam
2369 1379 2682 1434 hominum
2724 1365 3041 1450 infirmitas
3082 1378 3413 1448 exprimere
3445 1393 3564 1431 non

1921 1466 2112 1534 volet;
2147 1468 2316 1538 cujus
2349 1468 2510 1524 enim
2538 1467 2689 1522 ratio
2725 1467 2968 1538 omnino
3001 1465 3342 1534 ineﬂabilis,
3375 1467 3562 1538 Virgo,

1925 1560 1982 1610 et
2009 1556 2219 1612 modus
2249 1557 2477 1612 nemini
2510 1556 2924 1628 intelligibilis.

2277 1665 2388 1719 Ode
2423 1665 2488 1718 V.
2517 1664 2610 1720 Ad
2639 1669 2687 1717 te
2725 1663 2966 1720 diluculo
2995 1662 3172 1718 venio.

238 1759 488 1828 Ῥαγῆναι
515 1752 750 1822 κόσμου,
773 1748 862 1803 καὶ
893 1747 1382 1821 προσκολληθῆναι
1421 1751 1500 1819 τῷ
1553 1745 1811 1802 καλοῦντι

1993 1751 2278 1806 Mundum
2308 1768 2608 1822 respuere,
2643 1756 2701 1806 et
2729 1751 2961 1806 vocanti
2993 1753 3109 1805 Deo
3149 1751 3474 1817 adhaerere,
3509 1757 3568 1806 et

179 1841 444 1914 Δεσπότῃ,
474 1838 611 1913 πρὸς
645 1837 787 1902 θείας
821 1834 1152 1897 ἀπολαύσεις
1211 1835 1632 1909 ὁπερκοσμίους,
1689 1835 1815 1899 τοὺς

175 1930 226 1985 ἐν
259 1929 452 2002 κόσμῳ
480 1921 748 2002 θορύϐους
779 1925 1136 1999 μισήσαντας,
1165 1928 1282 1985 τοῖς
1334 1922 1560 1998 γλυκέσι
1591 1943 1687 1980 σου
1718 1921 1818 1978 λό-

173 2040 295 2094 γοις
325 2017 575 2078 πολλοὺς
605 2012 844 2090 ἔπεισας.
1231 2083 1234 2088 ι

247 2107 427 2182 Ἰσχὺν
459 2105 549 2160 καὶ
596 2103 782 2164 σθένος
839 2107 982 2166 θεῖον
1041 2099 1364 2173 έξωσμένος,
1420 2102 1512 2154 καὶ
1595 2121 1818 2176 περιπε-

181 2196 489 2270 φραγμένος
546 2190 698 2264 ἀΰλῳ
751 2189 1070 2265 παντευχίᾳ,
1153 2193 1271 2251 ταῖς
1321 2193 1419 2242 τοῦ
1472 2187 1673 2263 Βελίαρ
1723 2188 1822 2242 οὐκ

183 2285 426 2359 ἐτρώθης
455 2280 690 2356 βολίσιν,
721 2277 850 2334 ἀλλ’
905 2274 1142 2354 ἕτρωσας
1195 2278 1294 2346 τήν
1347 2275 1568 2352 καρδίαν
1613 2275 1822 2332 ἐκείνου

181 2374 281 2442 τὴν
309 2365 564 2443 παμϐέϐη
575 2367 670 2424 λον
683 2409 694 2424 .

256 2460 554 2534 Τετράορον
613 2454 780 2531 ἅρμα,
842 2450 1040 2529 ὄχημα
1103 2453 1383 2530 πυρφόρον
1440 2454 1643 2527 ἀρετῶν
1727 2454 1825 2520 τὴν

188 2545 417 2622 τετράδα
472 2548 782 2618 πηξάμενος
831 2541 1064 2611 ἀνῆλθες
1121 2541 1198 2605 εἷς
1247 2543 1339 2595 τὸν
1395 2539 1640 2615 οὐρανὸν,
1689 2539 1826 2594 ὅπου

189 2634 507 2711 πρόδρομος
544 2634 736 2706 πρώην
771 2628 973 2701 ἀνῆλθε
1005 2629 1260 2705 Χριστὸς,
1289 2635 1370 2702 τῷ
1420 2631 1702 2704 προσώπῳ
1733 2629 1825 2683 αύ-

192 2730 288 2780 τοῦ
317 2723 594 2798 έποφθησό
604 2742 784 2795 μενος.

263 2815 351 2876 Ὠς
381 2811 514 2874 ἅλας
573 2816 740 2879 θεῖον,
798 2808 996 2882 μάκαρ,
1055 2803 1357 2878 ἐνεϐλήθης
1415 2807 1490 2868 εἰς
1545 2809 1636 2862 τὸν
1682 2807 1828 2880 σύμ-

187 2923 361 2958 παντα
389 2921 624 2972 κοσμον,
658 2898 818 2952 ἱστῶν
849 2898 949 2966 τήν
997 2893 1271 2966 σηπεδόνα
1307 2903 1407 2966 τῆς
1460 2895 1710 2968 ἀθυμίας,
1741 2897 1831 2952 καὶ

188 2989 456 3066 ξηραίνων
483 2989 584 3057 τὴν
619 2988 767 3064 ῥύσιν
823 2991 934 3042 τῶν
987 2986 1248 3060 θλίψεων,
1304 2987 1392 3040 καὶ
1453 2986 1698 3062 συνάγων
1743 2987 1832 3042 καὶ

189 3079 432 3156 σφίγγων
477 3076 842 3152 χαυνωθείσας
874 3075 1074 3148 ψυχάς.

259 3165 563 3221 Θεοτόκιον.
597 3196 664 3206 —
705 3164 798 3230 Μὴ
859 3161 1162 3239 ἐκφυσήσας
1214 3165 1322 3218 τῶν
1375 3160 1642 3237 πατρῴων
1694 3162 1828 3218 κόλ-

189 3275 331 3324 πων,
387 3257 504 3314 τοῖς
568 3251 848 3325 μητρῴοις
901 3272 996 3304 σου
1049 3249 1278 3311 κόλποις
1332 3250 1628 3323 καθέζεται,
1683 3254 1832 3326 Παρ-

193 3341 332 3410 θένε,
390 3339 628 3414 Χριστὸς
686 3341 714 3392 ὁ
755 3339 923 3416 γΘεός·
982 3339 1009 3392 ὁ
1068 3340 1299 3416 ἀμήτωρ
1358 3338 1634 3414 προῆλθεν
1697 3341 1832 3394 ἀπά-

188 3451 303 3503 τωρ
385 3429 442 3485 έκ
516 3425 630 3483 σοῦ·
719 3422 970 3502 ’Δϐραάμ
1050 3425 1106 3482 δὲ
1162 3427 1292 3492 τοὺς
1368 3428 1610 3492 κόλπους
1667 3429 1832 3486 πάλιν

192 3521 417 3592 ἠνοίξω.

367 3623 498 3704 ᾨδὴ
535 3624 594 3692 ζ’,
631 3621 943 3698 Συνεσχέθη
978 3618 1112 3678 ἄλλ’.
1153 3621 1216 3676 οὗ
1245 3643 1372 3678 κατε
1422 3625 1661 3699 [eximi]-

262 3713 592 3775 Ὑπακούσας
650 3711 778 3788 ἀλλ’
863 3713 924 3768 οὐ
983 3712 1331 3785 παρακούσας
1365 3757 1378 3784 ,
1461 3717 1660 3789 μάκαρ,
1743 3723 1843 3785 τῆς

192 3805 341 3869 θείας
371 3802 620 3880 ἐντολῆς,
650 3801 772 3871 ἥτις
805 3800 956 3878 φησί·
995 3803 1084 3870 Μὴ
1125 3801 1378 3874 γνώτωὴ
1412 3803 1540 3858 λαιά
1593 3825 1687 3858 σου
1747 3807 1844 3873 τῆς

201 3893 376 3966 δεξιᾶς
404 3893 466 3948 τὸ
497 3887 679 3968 ἔργον,
707 3887 906 3960 πολλῴ
926 3889 1126 3956 ταύτην
1153 3889 1514 3963 ὑπερήλασας,
1543 3890 1656 3947 οὐδ’
1685 3893 1843 3950 αὐτὸν

201 3982 263 4038 ὅν
324 3981 632 4056 εύηργέτεις
721 3975 889 4050 ἄνδρα
936 3974 1371 4051 παραδεξάμενος
1424 3981 1687 4036 κοινωνὸν
1746 3989 1846 4052 τῆς

209 4070 442 4148 βουλῆς,
474 4066 598 4124 οὐδὲ
627 4071 724 4121 τοῦ
749 4069 958 4122 σκοποῦ
983 4069 1078 4119 τοῦ
1111 4069 1212 4142 σοῦ,
1255 4087 1346 4122 συν
1359 4067 1562 4140 ίστορα.

277 4159 594 4232 Ῥιζοτόμος
683 4153 810 4210 ἀλλ’
873 4154 936 4210 οὐ
1018 4154 1327 4230 φυτοκόμος
1409 4157 1587 4225 πὸίσης
1660 4159 1848 4221 κακίας

209 4249 472 4326 πέφηνας·
557 4245 888 4324 ἐμφύτευσόν
978 4266 1094 4316 μοι,
1155 4245 1350 4318 Πάτερ,
1435 4245 1636 4317 εὐθαλῆ
1728 4269 1854 4304 συν...

208 4345 390 4416 ηρεφῆ
448 4335 707 4411 στελέχη,
781 4335 1104 4398 κατασκίους
1185 4335 1536 4410 πολυχύτους
1610 4337 1856 4413 ’ὀρπηκας

211 4429 416 4502 ἀρετῶν
447 4427 542 4502 καὶ
574 4425 738 4502 ἰερῶν
776 4425 1043 4500 χαρίτων,
1075 4425 1174 4491 τήν
1218 4423 1500 4496 ἀκανθώδη
1564 4448 1668 4498 μου
1723 4426 1857 4504 βλάΤ

217 4537 346 4585 στην
429 4514 759 4589 ῥιζοτομῶν,
842 4511 932 4566 καὶ
1012 4510 1106 4573 τὰς
1191 4510 1453 4585 ἐμπαθεῖς
1507 4513 1858 4594 παραφυάδας

216 4602 508 4677 πιμπλῶν.
667 4673 674 4680 1
757 4665 760 4668 ί
831 4657 844 4676 κ
903 4671 908 4676 _
1137 4671 1140 4674 _
1507 4663 1514 4672 ε

290 4691 559 4768 Οὐρανίου
590 4687 716 4770 ἀλλ’
752 4687 856 4744 οὐκ
907 4685 1144 4760 ἐπίγείου
1204 4686 1364 4760 δόξης
1420 4698 1606 4766 τυχεῖν
1667 4693 1862 4750 έπιπο..

225 4781 356 4851 θῶν,
387 4778 485 4847 τὴν
547 4773 853 4852 συρομένην
911 4775 1060 4828 κάτω
1107 4771 1391 4848 ,ὑπερεῖδες
1447 4777 1522 4840 ὡς
1570 4799 1860 4855 παρερχο-

225 4871 416 4942 μένην,
447 4870 520 4929 ὡς
551 4864 850 4940 λυομένην,
885 4861 960 4924 ὡς
992 4867 1116 4932 σκιᾷ
1146 4863 1520 4936 κατάλληλον,
1568 4871 1640 4932 ὡς
1673 4870 1867 4945 ὀνείρῳ

220 4956 725 5029 παρεικαζομένην,
759 4952 832 5012 ὡς
867 4951 1232 5005 ἀνυπόστατον
1290 4953 1379 5006 καὶ
1438 4955 1630 5027 ὁμοίαν
1661 4963 1868 5031 τρανῶς

223 5050 415 5118 καπνῷ
446 5045 583 5119 πρὸς
615 5043 746 5112 ἀέρα
776 5037 1098 5114 διαῤῥέοντι.
1321 5113 1324 5116 ξ

299 5132 637 5204 Βεοηλώσας
668 5127 795 5184 ἀλλ’
827 5126 888 5182 οὐ
920 5126 1244 5196 καθηλώσας
1301 5128 1360 5186 ἐκ
1415 5135 1510 5186 τοῦ
1563 5137 1658 5187 σοῦ
1699 5129 1870 5205 φόϐου

227 5224 326 5288 τὰς
383 5223 515 5298 ἐμὰς
567 5222 786 5296 σάρκας,
835 5215 924 5272 καὶ
965 5217 1097 5284 ,τὴν
1151 5218 1366 5292 ἁγνείαν
1425 5220 1500 5282 ὡς
1553 5223 1579 5276 6
1636 5218 1874 5298 βέϐηλος

228 5316 398 5368 Ἦσαῦ
455 5311 546 5365 καὶ
597 5308 818 5381 πόρνος,
898 5305 1064 5366 λύσας
1141 5304 1382 5380 λαγνείᾳ,
1441 5309 1646 5386 πόρνης
1731 5312 1872 5386 μέλη

241 5396 452 5478 βέβηλοι
503 5398 577 5458 ,τά
633 5397 699 5450 σὰ
755 5391 930 5478 μέλη.
967 5392 1076 5478 ,τάξ
1125 5396 1448 5476 ἡγιασμένοι,
1505 5401 1724 5474 Χριστὲ,
1781 5424 1879 5458 πε-

237 5475 466 5572 ποίηκας
487 5488 612 5566 ’ὅθεν
644 5505 712 5560 με
737 5487 856 5550 ταῖς
888 5475 1076 5556 εὐχαῖς
1103 5488 1199 5537 τοῦ
1256 5489 1351 5540 σοῦ
1408 5490 1688 5546 Νικολάου
1714 5491 1880 5548 πάλιν

245 5577 343 5656 ἅγν
355 5597 465 5634 ισον
475 5621 488 5635 .

523 5695 796 5755 Parnm.
841 5693 956 5754 Gn.
999 5692 1207 5755 XCVI.

1923 1856 2124 1895 amore
2185 1857 2576 1912 supernarum
2649 1841 3100 1910 divinarumque
3175 1841 3562 1911 voluptatum,

1924 1929 2132 1986 mundi
2187 1929 2510 1986 tumultum
2568 1929 2788 1997 odisse,
2863 1928 3138 1984 dulcibus
3195 1930 3566 1985 orationibus

1924 2018 2254 2089 permultos
2286 2019 2562 2076 docuisti.

1999 2107 2130 2160 Vim
2149 2112 2210 2161 et
2231 2107 2508 2162 virtutem
2521 2108 2623 2162 Dei
2648 2107 2978 2174 indutus,et
2996 2113 3296 2162 armatura
3317 2109 3570 2162 circum-

1931 2201 2133 2265 septus
2157 2196 2419 2250 materiae
2448 2197 2693 2266 experti,
2727 2195 2912 2252 Belial
2941 2195 3169 2266 sagittis
3201 2212 3320 2250 non
3352 2197 3574 2252 saucia-

1929 2288 2026 2339 tus
2056 2299 2140 2351 es,
2171 2285 2290 2338 imo
2320 2284 2634 2355 profanum
2665 2285 2794 2356 ejus
2824 2300 2926 2338 cor
2953 2284 3234 2340 sauciasti
3263 2285 3411 2355 ipse.

2003 2461 2358 2532 Quadrijugo
2417 2461 2637 2527 currui,
2699 2461 2868 2531 igneo
2941 2460 3232 2528 vehiculo,
3291 2462 3573 2516 virtutum

1935 2550 2314 2620 quaternioni
2345 2549 2586 2604 innixus
2635 2549 2710 2604 ad
2756 2549 2990 2614 caelum,
3049 2566 3162 2618 quo
3193 2566 3385 2620 nuper
3415 2567 3572 2619 prae-

1935 2645 2196 2693 cesserat
2239 2655 2572 2708 praecursor
2619 2638 2906 2701 Christus,
2955 2637 3069 2708 ipsi
3119 2637 3575 2707 conspiciendus

1937 2727 2276 2782 ascendisti.

2009 2815 2182 2870 Velut
2211 2815 2298 2870 sal
2327 2815 2613 2882 divinum,
2646 2815 2838 2882 beate,
2871 2813 3088 2869 missus
3128 2831 3190 2868 es
3237 2814 3300 2868 in
3343 2815 3580 2869 univer-

1939 2919 2072 2958 sum
2099 2903 2411 2973 mundum,
2443 2903 2820 2974 putredinem
2869 2902 3300 2973 desperationis
3341 2906 3582 2958 sanatu-

1938 3008 2094 3060 rum,
2127 2997 2186 3046 et
2213 2991 2666 3046 tribulationum
2697 2991 2912 3046 fluctus
2935 2991 3315 3060 siccaturum,
3349 2992 3582 3046 animas

1942 3081 2166 3136 laxatas
2196 3081 2558 3136 conﬁrmans
2599 3085 2656 3135 et
2685 3081 3118 3150 constringens.

2014 3171 2282 3240 Deiparaz.
2315 3199 2382 3208 -
2413 3169 2520 3234 Qui
2543 3173 2706 3240 patre
2727 3168 2892 3234 nullo
2915 3173 3373 3238 ortus,materno
3397 3167 3458 3222 in
3477 3173 3580 3238 tuo

1943 3259 2074 3313 sinu
2107 3259 2380 3328 quiescit,
2415 3258 2607 3328 Virgo,
2640 3258 2906 3312 Christus
2927 3257 3100 3322 Deus;
3128 3257 3228 3326 qui
3260 3256 3424 3326 prius
3447 3255 3586 3310 abs-

1946 3365 2058 3418 que
2089 3352 2298 3414 matre,
2350 3363 2509 3404 nunc
2559 3346 2783 3418 absque
2841 3351 3006 3416 patre
3063 3362 3133 3400 ex
3193 3349 3246 3399 te
3276 3344 3590 3416 processit.

1945 3436 2242 3491 Abraham
2273 3435 2470 3492 sinum
2499 3452 2704 3491 rursus
2734 3434 3037 3506 aperuisti.

2152 3633 2262 3688 Ode
2299 3633 2392 3686 VI.
2427 3632 2718 3698 Contentus
2748 3637 2848 3698 est,
2877 3629 2970 3686 sed
2998 3644 3109 3684 non
3139 3633 3401 3682 retentus.

2025 3721 2214 3776 Divini
2247 3720 2526 3791 prmcepti
2558 3720 2920 3784 observator,
2955 3735 3080 3786 non
3109 3723 3308 3780 autem
3332 3716 3610 3784 violator,

1956 3809 2144 3873 beate,
2179 3809 2336 3878 quod
2396 3809 2574 3863 dicit:
2625 3810 2864 3879 Ignorat
2909 3807 3174 3878 sinistra
3203 3811 3304 3862 tua
3353 3805 3612 3876 dexteris

1959 3915 2127 3968 opus,
2156 3898 2342 3951 multo
2391 3897 2710 3968 perfectius
2757 3897 2950 3968 egisti,
2985 3896 3086 3966 qui
3117 3911 3227 3950 nec
3275 3895 3464 3949 virum
3515 3895 3610 3949 cui

1959 3986 2372 4042 benefaciebas
2421 3985 2658 4040 consilii
2707 3985 3057 4056 participem
3105 3983 3318 4050 fecisti,
3363 3999 3474 4036 nec
3512 3999 3614 4036 vo-

1962 4075 2210 4130 luntatis
2241 4081 2354 4129 tuae
2387 4075 2718 4130 conscium.

2035 4163 2370 4230 Eradicare,
2401 4179 2522 4216 non
2542 4167 2740 4216 autem
2765 4177 2908 4216 cura
2927 4160 3142 4226 fovere,
3177 4175 3416 4232 omnem
3441 4158 3616 4214 mali-

1967 4254 2110 4308 tiam
2139 4252 2298 4306 visus
2330 4269 2412 4306 es.
2446 4253 2666 4315 Insere,
2699 4252 2894 4314 Pater,
2927 4249 3148 4318 animo,
3174 4265 3307 4304 meo
3339 4253 3616 4304 truncum

1971 4339 2320 4402 umbrosum
2351 4343 2410 4393 et
2437 4339 2770 4405 ﬂorentem,
2823 4355 3022 4394 ramos
3054 4353 3270 4408 opacos
3319 4341 3376 4392 et
3407 4336 3616 4390 divites

1971 4429 2254 4484 virtutum
2285 4433 2344 4496 et
2373 4433 2712 4498 sanctarum
2763 4426 3392 4498 gratiarum,_spinosa
3423 4425 3618 4480 eradi-

1970 4534 2134 4586 cans,
2166 4523 2224 4571 et
2252 4516 2644 4587 cupiditatum
2675 4516 3058 4587 propaginem
3091 4513 3332 4569 tollens.

2041 4694 2456 4762 Ccelestis,non
2487 4691 2785 4746 terrestris
2815 4691 3003 4764 gloria
3024 4689 3360 4746 obtinendae
3383 4689 3612 4760 avidus,

1975 4788 2270 4840 terrenam
2299 4782 2710 4854 contempsisti
2751 4787 3035 4854 tanquam
3079 4779 3400 4852 fugitivam,
3433 4777 3613 4849 fragi-

1974 4874 2114 4940 lem,
2141 4873 2353 4928 umbra
2381 4872 2935 4944 inconstantiorem,
2969 4869 3186 4940 somnii
3223 4867 3615 4940 persimilem,

1977 4961 2281 5028 caducam,
2315 4965 2374 5014 et
2399 4959 2546 5014 fumi
2595 4960 2754 5016 haud
2804 4957 3154 5014 dissimilem
3208 4957 3270 5010 in
3317 4971 3456 5011 aera
3485 4971 3620 5010 eva-

1979 5048 2297 5106 nescentis.
3089 5103 3092 5106 .
3495 5109 3500 5112 ,

2054 5137 2272 5194 Violavi
2312 5154 2520 5194 carnes
2549 5154 2734 5206 meas,
2787 5136 2997 5190 timore
3053 5137 3320 5210 tuo'noln
3367 5133 3624 5206 conﬁxi};

1983 5227 2380 5284 contaminavi
2407 5227 2736 5282 castitatem
2761 5239 2954 5298 meam
2987 5223 3137 5277 sicut
3167 5225 3318 5280 Esau
3349 5221 3633 5298 profanus

1987 5323 2046 5372 et
2073 5321 2396 5383 scortator;
2423 5314 2752 5369 meretricis
2775 5311 3011 5365 libidini
3035 5311 3306 5368 membra
3335 5309 3629 5388 commisi,

1989 5407 2240 5471 Christe,
2279 5411 2399 5460 ate
2431 5403 2836 5468 sanctiﬁcata;
2886 5401 3044 5456 beati
3099 5401 3326 5455 Nicolai
3357 5399 3636 5472 precibus

1990 5511 2198 5553 rursus
2229 5510 2324 5550 me
2355 5493 2682 5550 sanctificat.

3288 5698 3368 5756 44
