3888 6136
410 181 548 236 4387

1917 171 2286 226 ΑΒΟΕΝΒΔ.

3622 191 3722 249 i388

408 307 751 363 Dealbatam
782 322 903 361 non
935 304 1210 360 foedatam
1249 301 1596 372 passionum
1627 290 1810 351 livore
1846 295 2024 349 stolar

2243 302 2631 361 Λευκανθεῖσαν
2691 300 2816 357 ἀλλ’
2867 306 2928 358 οὐ
2991 305 3340 378 μελανθεῖσαν
3390 309 3436 382 ἐξ
3481 313 3723 388 ἀμαυρά-ιη-

432 397 675 462 ndutus,
711 395 1110 466 etfulgentem
1137 391 1632 462 splendidamque
1655 389 1848 441 facem
1883 400 2061 438 manu

406 502 542 558 gere
559 502 646 548 ns,
681 485 935 539 illustris
970 482 1225 545 Nicolae,
1275 493 1667 549 super-narum
1715 475 2060 545 nuptiarum

411 574 741 629 thalamum
799 571 1136 637 introivisti,
1208 575 1266 622 et
1332 568 1564 623 caeleste
1623 564 2060 634 mysticumque

413 663 776 730 cubiculum,
808 662 967 732 quod
999 667 1056 715 et
1086 678 1190 732 ego
1225 659 1562 728 contingam
1595 671 1773 724 opera
1806 659 1923 706 tua.

485 841 756 909 Deiparar.
792 869 858 876 —
891 835 1190 891 Excelsior
1216 839 1272 888 et
1303 831 1614 888 sublimior
1643 829 1766 883 visa
1805 845 1865 880 es
1895 842 2061 881 crea-

413 935 549 984 tura
582 945 760 998 quam
794 927 984 982 oculis
1007 932 1064 980 et
1086 931 1284 980 mente
1309 919 1892 993 percipimus,Virgo.
1918 918 2060 970 Nam

415 1027 698 1076 creaturas
731 1022 910 1074 totius
942 1019 1309 1074 conditorem
1334 1014 1610 1069 manibus
1642 1011 2059 1074 contines,ceu

417 1113 661 1164 thronus
694 1110 898 1181 igneus
927 1127 939 1175 ;
975 1125 1151 1178 quem
1183 1123 1335 1172 ores,
1373 1120 1593 1173 quaaso,
1629 1105 1694 1154 ut
1724 1115 1817 1152 me
1846 1097 1916 1151 ab
1951 1113 2060 1150 an—

411 1200 620 1272 gustiis
655 1205 712 1253 et
742 1198 1176 1253 calamitatibus
1214 1194 1580 1248 infernorum
1612 1189 1845 1254 liberet,
1881 1192 1938 1240 et
1967 1186 2058 1239 his

411 1289 475 1344 in
507 1289 679 1342 terris
709 1288 781 1342 ab
813 1287 1203 1341 obduratione
1236 1284 1298 1337 in
1330 1282 1522 1336 malis.

927 1394 1036 1448 Ode
1073 1394 1191 1446 VII.
1222 1387 1531 1458 Ineffabile.

483 1486 621 1538 Tres
651 1483 904 1555 virgines
931 1499 1063 1536 cum
1114 1487 1278 1550 patre
1331 1478 1390 1530 in
1414 1473 1733 1530 discrimen
1766 1470 2055 1535 adductae,

413 1574 475 1628 in
507 1573 711 1627 ultima
749 1571 905 1627 mala
926 1577 1100 1640 atque
1123 1575 1406 1623 mternam
1430 1568 1680 1618 mortem
1706 1560 2054 1629 delapsuraa,

2167 404 2261 444 τος
2315 391 2497 449 παθῶν
2550 387 2750 458 στολήν
2810 390 3181 468 ἐνδεδυμένος,
3255 397 3342 452 καὶ
3399 387 3726 474 φαιδρᾶνλευ-

2166 478 2344 548 κοφαῆ
2379 475 2642 548 λαμπάδα
2726 483 2879 554 χερσὶ
2961 487 3235 560 κατέχων,
3318 485 3481 560 ἓνδοξε
3532 489 3723 562 Νικόλαε,

2168 561 2242 651 εἷς
2292 571 2554 641 νυμφῶνα
2611 572 2818 638 νοητὴν
2875 572 3143 643 εἰσῆλθες,
3190 576 3265 637 εἷς
3339 575 3619 651 ἐπουράνιον
3661 561 3725 636 θάέ

2168 649 2343 723 λαμον
2377 657 2656 726 μυστικὸν,
2690 658 2750 711 οὗ
2802 659 2890 713 καὶ
2953 665 3119 734 ἡμεῖς
3175 665 3434 738 τύχοιμεν
3468 649 3730 743 πρεσϐείαις

2167 759 2282 795 σου.

2238 831 2548 921 Θεοτόκιον.
2582 866 2648 876 --
2675 840 2964 912 Ὑπερτέρα
3003 841 3093 894 καὶ
3147 840 3456 917 ὑψηλοτέρα
3504 852 3588 914 τῆς
3635 847 3730 921 ὁρα-

2164 924 2264 987 τῆς
2293 918 2378 971 καὶ
2403 928 2606 990 νοητῆς
2639 924 2861 987 κτίσεως
2892 927 3106 1004 ὣφθης,
3150 930 3323 1007 Κόρη·
3374 939 3468 1001 τῆς
3518 934 3605 1009 γὰρ
3651 918 3732 988 ᾑτι-

2167 1026 2300 1067 σεως
2328 1009 2420 1062 τὸν
2458 1013 2690 1086 συνοχέα
2735 1015 2892 1088 χερσὶ
2952 1020 3197 1093 συνέχεις
3255 1020 3431 1095 ὥσπερ
3484 1023 3643 1095 θρόνος
3663 1026 3732 1077 7r}-

2165 1115 2333 1166 ρινος’
2370 1097 2427 1150 δν
2484 1099 2684 1154 ἱκέτευε
2743 1102 3119 1178 λυτρώσασθαί
3183 1129 3249 1179 με
3305 1103 3436 1177 ᾅδου
3489 1112 3732 1172 στενώσεως

2164 1204 2252 1236 και
2285 1192 2478 1259 πικρᾶς
2502 1196 2761 1263 συνοχῆς,
2814 1193 2903 1246 καὶ
2958 1195 3058 1264 τῆς
3118 1197 3443 1270 συνεχούσης
3501 1221 3559 1271 με
3580 1202 3734 1274 πωρώ-

2165 1292 2298 1333 σεως
2325 1296 2413 1327 νυν
2424 1318 2436 1330 .

2679 1365 2810 1446 ᾨδὴ
2843 1375 2914 1428 Z‘.
2957 1375 3286 1446 ’¹Αφραστον.

2232 1476 2382 1546 Τρεῖς
2431 1473 2718 1546 θυγατέρες
2799 1479 2933 1547 μετὰ
2989 1480 3191 1553 πατρὸς
3267 1479 3641 1537 κινδυνεύουσαι
3682 1482 3734 1542 εἷς

2167 1560 2400 1627 ἐσχάτην
2435 1557 2700 1636 χάρυϐδιν
2730 1570 2907 1618 κακῶν
2941 1574 3121 1621 πεσεῖν
3202 1571 3288 1624 καὶ
3349 1572 3516 1625 θανεῖν
3565 1573 3734 1625 θάνατον

414 1678 520 1733 per
551 1666 604 1715 te
635 1661 710 1715 ad
741 1666 973 1731 partum
996 1659 1125 1712 vita)
1150 1653 1504 1711 immortalis
1532 1656 1589 1705 et
1608 1649 1772 1721 regni
1800 1645 2021 1702 cmlcsti

2176 1649 2406 1719 ιίώνιον,
2438 1650 2572 1723 πρὸς
2604 1651 2866 1706 ἀθανάτου
2904 1659 3049 1724 ζωῆς
3076 1658 3164 1710 καὶ
3223 1658 3495 1732 βασιλείας
3545 1660 3632 1714 ὑπὸ
3672 1664 3736 1713 σοῦ

415 1749 680 1804 deductae
713 1754 868 1803 sunt.

485 1839 814 1893 Candidum
844 1844 1009 1892 tuum
1041 1852 1160 1904 cor,
1194 1833 1452 1903 sapiens,
1504 1826 1705 1901 gloriae
1738 1825 1870 1879 Sole
1907 1823 2054 1876 illu-

413 1929 727 1994 minatum,
770 1925 1168 1998 praastantiori
1212 1922 1438 1976 lumine
1489 1917 1692 1989 procul
1727 1913 1967 1977 eﬁ'ulsit,
2001 1915 2060 1964 et

411 2017 544 2071 luce
575 2032 682 2070 sua
712 2016 1036 2070 videntium
1072 2017 1298 2068 mentes
1332 2024 1570 2080 prorsus
1604 2002 1936 2058 illustravit.

412 2193 754 2248 Divinarum
825 2191 1229 2246 doctrinarum
1298 2184 1481 2240 fundo
1549 2179 1861 2252 pestiferos
1926 2193 2058 2248 gra-

413 2298 630 2352 vesque
659 2281 852 2350 lupos,
887 2284 1110 2347 sancte,
1139 2274 1345 2348 procul
1375 2289 1410 2327 a
1438 2287 1608 2344 grege
1633 2274 1730 2322 tuo
1764 2265 2056 2336 repulisti,

414 2373 473 2424 et
501 2369 574 2422 ab
607 2368 804 2422 insani
836 2367 1034 2421 Martis
1065 2363 1408 2438 garrulitate
1452 2357 1688 2429 plebem
1739 2359 1900 2408 tuam
1948 2353 2061 2405 im-

416 2473 659 2511 munem
693 2457 957 2511 servasti.

485 2547 656 2600 Juxta
687 2545 936 2600 Paulum
961 2548 1116 2597 totus
1152 2539 1411 2596 mundus
1450 2536 1555 2590 tibi
1601 2530 1917 2588 cruciﬁxus
1949 2531 2057 2592 est,

416 2633 850 2690 concruciﬁxus
882 2651 944 2688 es
976 2631 1206 2686 Christa
1254 2626 1556 2691 cruciﬁxo,
1609 2627 1667 2676 et
1715 2633 1892 2688 super
1923 2632 2059 2670 cru-

415 2739 543 2779 cem
574 2723 881 2793 antiquam
914 2720 1379 2776 exsecrationem
1411 2715 1690 2770 solvente.

483 2904 753 2972 Deiparw.
779 2932 841 2942 -
869 2902 1050 2954 Mater
1070 2899 1265 2970 Virgo,
1297 2895 1424 2950 sola
1444 2893 1568 2946 visa
1598 2907 1659 2944 es
1690 2883 1971 2957 magistra
2000 2880 2061 2936 in

416 2993 590 3047 terris
618 3010 631 3058 ;
657 3009 788 3062 quae
812 3006 1061 3062 puerum
1085 2987 1316 3043 lactasti
1347 2986 1567 3054 absque
1591 2977 1817 3034 semine
1831 2979 2056 3039 natum,

413 3099 522 3154 per
551 3098 729 3152 quem
760 3087 964 3152 potum
994 3095 1210 3134 novum
1237 3075 1419 3130 Israel
1443 3071 1627 3127 ebibit
1659 3067 1728 3121 de
1763 3067 2060 3136 p'rzerupta

416 3151 475 3226 et
506 3151 654 3226 dura
677 3151 824 3242 rupe
852 3189 866 3238 ;
898 3186 1005 3241 per
1035 3183 1211 3239 quem
1242 3165 1438 3220 oleum
1472 3167 1528 3215 et
1557 3156 1677 3214 mel
1708 3151 1952 3223 accepit.

793 3364 903 3420 Ode
938 3365 1086 3418 VIII.
1113 3365 1320 3430 Legum
1345 3360 1676 3429 primarum.

489 3454 794 3510 Altissima
824 3454 1105 3510 columna
1144 3453 1315 3525 ignea
1357 3443 1747 3505 antecedebas
1777 3437 2061 3494 Christia-

419 3560 560 3599 nam
592 3543 849 3614 plebem,
882 3560 1030 3598 novo
1061 3541 1244 3596 Israel
1273 3526 2059 3611 prmlucebas,beate,tribus

412 3638 548 3704 post
578 3638 631 3687 te
661 3631 999 3704 gradientes
1027 3629 1398 3695 illuminans,
1434 3630 1491 3681 et
1519 3619 1753 3678 roscida
1784 3616 1940 3671 nube
1970 3630 2056 3668 re-

412 3721 660 3788 ﬁciens;
697 3721 876 3776 simul
908 3727 966 3775 et
996 3719 1232 3774 nebulis
1284 3723 1342 3772 et
1370 3713 1643 3785 caligine,
1687 3712 1746 3763 et
1792 3706 1954 3760 fumo
1999 3705 2059 3756 et

413 3809 673 3863 tenebris
707 3810 1027 3879 impiorum
1059 3824 1270 3880 agmen
1300 3805 1648 3860 obscurans.

473 4077 719 4148 Legibus
745 4091 961 4147 parens
1011 4073 1230 4129 summi
1263 4070 1546 4135 Pastoris,
1593 4081 1713 4121 non
1747 4073 2053 4117 mercena—

400 4165 524 4220 rius
557 4165 907 4235 apparuisti,
940 4166 1132 4231 Pater,
1166 4163 1269 4217 sed
1299 4162 1490 4216 bonus
1537 4159 1779 4220 Pastor;
1831 4147 2051 4204 etenim

400 4254 662 4309 animam
696 4260 857 4308 tuam
886 4271 990 4325 pro
1025 4254 1229 4308 ovibus
1250 4251 1520 4324 posuisti,
1548 4248 1811 4304 animam
1833 4235 2047 4296 dedisti

399 4361 505 4415 pro
536 4343 710 4398 nobis
743 4344 929 4398 Deum
954 4343 1209 4398 Verbum
1241 4342 1527 4406 imitatus,
1559 4338 1888 4409 pretiosum
1920 4344 2046 4386 san-

393 4432 632 4502 guinem
664 4432 983 4489 humanius
1012 4449 1118 4503 pro
1150 4429 1397 4502 ingratis
1423 4427 1847 4482 effundentem.

465 4609 880 4664 Deﬁcientium
899 4609 1191 4675 levamen,
1219 4609 1492 4677 prompta
1513 4603 1866 4658 afﬁictorum
1890 4600 2039 4654 sola-

389 4697 491 4763 tio,
519 4698 726 4752 mundi
749 4714 968 4769 praeses
991 4697 1238 4751 idoneus
1264 4701 1320 4748 et
1340 4692 1680 4764 aptissimus
1708 4689 2036 4757 auxilistor,

387 4787 477 4842 sol
509 4787 670 4843 visus
704 4805 765 4843 es
811 4783 1357 4858 splendidissimus,
1407 4783 1689 4837 virtutum
1739 4779 2038 4850 quadrigis

383 4883 607 4942 vectus,
651 4877 909 4948 sapiens,
960 4879 1019 4929 et
1069 4873 1392 4945 gratiarum
1449 4889 1627 4926 aureo
1686 4886 1865 4925 curru
1892 4868 2038 4922 insi-

386 4963 556 5018 dens.

458 5051 878 5108 Miraculorum
898 5053 1236 5125 splendore,
1265 5056 1322 5105 et
1351 5049 1792 5104 benefactorum
1811 5047 2035 5119 fulgore

379 5156 620 5194 omnem
653 5142 912 5197 animam
944 5143 1252 5197 illustrans
1284 5145 1342 5195 et
1388 5139 1672 5203 refovens,
1721 5143 1810 5191 ter
1844 5138 2035 5217 beate,

379 5234 437 5283 et
466 5228 724 5283 tristitiae
759 5231 1036 5286 tenebras
1078 5231 1210 5286 luce
1259 5227 1574 5283 hilaritatis
1623 5231 1679 5280 et
1731 5226 1948 5279 laetitiae
1982 5243 2040 5294 et

373 5317 575 5390 gratia;
609 5319 934 5389 repellens.

445 5407 786 5462 Certamina
809 5411 930 5474 tua,
963 5411 1022 5462 et
1051 5424 1234 5476 curaa,
1282 5411 1340 5461 et
1385 5405 1642 5469 labores,
1674 5408 1734 5457 et
1764 5403 2029 5485 sudores,

367 5495 530 5555 velut
569 5496 932 5552 sacriﬁcium
961 5501 1019 5552 et
1065 5496 1337 5568 fragrans
1392 5497 1757 5565 unguentum
1803 5493 2030 5550 Christo

2163 1737 2624 1811 καθωρμίσθησαν
2656 1739 2876 1812 λιμένα,

2232 1827 2293 1882 Ἣ
2326 1828 2535 1899 καθαρά
2564 1848 2657 1880 σου
2678 1827 2874 1902 καρδία
2903 1827 3114 1887 ἕνοικον
3148 1832 3355 1910 ἔχουσα
3407 1837 3496 1890 τὸν
3546 1843 3630 1905 τῆς
3673 1834 3738 1890 δό-

2165 1915 2259 1984 ξης
2291 1914 2508 1983 Ἥλιον,
2542 1917 2692 1993 σοφὲ,
2724 1916 2875 1992 ἀύλῳ
2923 1922 3062 1995 φωτὶ
3122 1921 3226 1992 ὅλη
3285 1923 3632 1998 κατέλαμπεν,
3675 1925 3738 1979 ni

2161 2011 2262 2071 τῆς
2319 2003 2519 2064 οἰκείας
2569 2003 2766 2081 αἷὙλης
2821 2009 2915 2070 τὰς
2973 2008 3240 2074 διαδόσεις
3273 2013 3507 2090 ἐναργεῖς
3558 2015 3738 2068 ἐποιεῖτο

2163 2098 2281 2153 τοῖς
2314 2093 2536 2163 ὁρῶσιν.

2236 2183 2322 2232 Ἐν
2487 2180 2747 2256 σφενδόνῃ
2797 2189 2905 2240 τῶν
2963 2187 3279 2250 θεοπλόκων
3345 2187 3612 2266 δογμάτων
3653 2190 3743 2250 τοὺς

2166 2265 2466 2340 λοιμώδεις
2499 2269 2696 2332 λύκους
2726 2273 2815 2326 καὶ
2878 2275 3063 2350 βαρεῖς
3121 2276 3321 2341 ἐλάσας
3388 2265 3601 2354 μακρὰν,
3646 2279 3741 2348 δπιε,

2163 2363 2264 2424 τῆς
2294 2358 2534 2429 ποίμνην
2565 2380 2682 2429 σου,
2740 2369 2840 2430 τῆς
2898 2363 3205 2436 μανιώδους
3258 2369 3475 2442 Ἀρείου
3518 2367 3744 2443 γλωσσαλο

2163 2445 2284 2519 γίας
2314 2447 2471 2512 ἀσινῆ
2501 2449 2593 2502 τὸν
2627 2446 2758 2503 λαόν
2795 2472 2890 2506 σου
2923 2451 3190 2511 διεσώσω.

2237 2535 2385 2588 Κατά
2429 2535 2520 2590 τόν
2583 2536 2795 2592 Παῦλον
2853 2541 2936 2595 σοὶ
2997 2544 3201 2616 κόσμος
3254 2542 3400 2607 ἃπας
3459 2546 3738 2617 ἐσταύρωται·

2167 2623 2634 2697 συσταυρούμενος
2728 2632 2806 2698 τῷ
2887 2634 3245 2704 σταυρωθέντι
3351 2635 3595 2708 Χριστῷ,
3681 2631 3738 2684 χαί

2165 2711 2263 2778 τὴν
2350 2711 2581 2786 ἀρχαίαν
2658 2719 2736 2786 τῷ
2814 2719 3027 2794 σταυρῷ
3113 2721 3275 2775 αὐτοῦ
3367 2719 3577 2776 λύσαντι
3624 2722 3738 2775 κατὰ·

2169 2819 2282 2874 ραν.

2239 2887 2544 2946 Θεοτόκιον.
2590 2922 2658 2932 --
2713 2895 2910 2967 Μήτηρ
2961 2898 3256 2971 Παρθένος,
3311 2897 3546 2974 ἄσπορον
3602 2898 3739 2971 βρέφος

2169 2975 2502 3047 θηλάζουσα,
2565 2979 2700 3051 μόνη
2788 2980 2974 3060 ὤφθης
3051 2983 3306 3042 δέσποινα
3363 2988 3415 3043 έν
3474 2992 3562 3062 γῇ,
3610 2984 3664 3040 δι’
3703 2983 3740 3036 οὗ

2177 3064 2379 3138 Ισραήλ
2432 3065 2584 3138 πόμα
2626 3072 2809 3125 καινὸν
2871 3069 3017 3128 ἔπιεν
3098 3073 3148 3146 ἐξ
3229 3077 3545 3150 ἀκροτόμου
3619 3073 3739 3140 σκλη-

2169 3159 2295 3297 ἰῗὶι
2341 3154 2572 3229 ἀνίκμου
2649 3162 2869 3235 πέτρας·
2959 3164 3046 3218 καὶ
3134 3164 3398 3236 ἐθήλασεν
3483 3163 3642 3221 ἔλαιον
3684 3159 3739 3214 καὶ

2171 3263 2317 3314 μεΛι.

2595 3334 2721 3406 Ὠδή
2755 3344 2832 3394 II‘.
2882 3339 3086 3414 Νόμων
3118 3343 3385 3416 πρώτων.

2165 3522 2189 3544 Ἰ
2237 3437 2636 3513 Οὖρανομήκης
2714 3445 2913 3509 στύλος
2995 3446 3216 3524 πύρινος
3254 3454 3358 3504 τοῦ
3417 3446 3742 3527 Χριστωνύμῠυ

2164 3533 2348 3589 έθνους
2395 3533 2894 3607 προπορευόμενος,
2950 3535 3040 3591 καί
3118 3542 3216 3592 τοῦ
3275 3538 3404 3594 νέου
3459 3535 3742 3614 προηγούμε·

2164 3618 2497 3691 νοςἸσραήλ
2546 3619 2758 3699 ὤφθης,
2817 3623 3017 3700 μάκαρ,
3077 3626 3333 3704 φωτίζων
3396 3625 3507 3700 ἅμα
3555 3626 3633 3687 τὶς
3678 3621 3742 3691 ἒψο

2163 3707 2430 3791 επομένας
2463 3729 2551 3762 σοι
2602 3711 2797 3788 φυλὰς,
2830 3714 2920 3768 καὶ
2978 3715 3209 3784 σκιάζων
3265 3724 3375 3787 τῆς
3427 3718 3631 3791 χάριτος
3653 3709 3741 3782 δρο-

2163 3787 2409 3849 σοϐόλων
2460 3787 2680 3874 νεφέλῃ·
2716 3800 2965 3876 ὁμίχλης
3024 3802 3080 3859 δὲ
3130 3806 3394 3880 πληρῶν,
3586 3799 3744 3876 ἀχλύος

2158 3881 2249 4038 Emi
2281 3889 2486 3940 καπνοῦ
2544 3887 2633 3942 καὶ
2690 3891 2891 3968 γνόφου
2947 3893 3047 3962 τὴν
3097 3891 3357 3972 φάλαγγα
3413 3899 3518 3949 τῶν
3563 3886 3742 3946 κακοδὸ·

2189 3990 2282 4027 ων.

2189 3990 2282 4027 ων.

2229 4059 2433 4133 Νόμοις
2467 4071 2706 4141 ποιχῶν
2764 4072 2861 4123 τοῦ
2919 4071 3344 4145 άρχιποιμένος,
3408 4071 3472 4126 ού
3529 4063 3740 4142 μισθωτὸς

2157 4146 2425 4226 δπῆρΕας,
2455 4157 2650 4233 Πάτερ,
2683 4158 2853 4222 καλὸς
2921 4159 2978 4216 δὶ
3021 4165 3254 4236 ποιμήν·
3309 4165 3411 4232 τὴν
3470 4161 3632 4236 ψυχήν
3674 4156 3736 4208 :05

2155 4238 2246 4327 ξαίὶ
2277 4241 2375 4316 γὰρ
2407 4244 2648 4308 τέθεικας
2693 4248 2824 4325 ὗπὶρ
2881 4254 2988 4305 τῶν
3041 4256 3150 4306 σῶν
3207 4247 3522 4327 προϐάτων,
3552 4249 3625 4304 καὶ
3668 4244 3733 4308 τήν

2158 4323 2296 4382 ἰδίαν
2331 4332 2553 4403 θέμενος
2586 4337 2769 4411 ψυχὴν
2798 4323 2942 4413 Ἵύπὶρ
2973 4341 3157 4412 ἡμῶν,
3191 4323 3323 4395 Θεὸν
3359 4340 3530 4415 Λόγον
3583 4329 3729 4410 μιμοῦσ

2395 4397 2403 4403 .
2600 4397 2608 4409 .
2665 4397 2738 4411 η.
2914 4397 2922 4413 .
2997 4397 3028 4412 ..
3146 4397 3156 4410 ,
3452 4397 3465 4415 .
3583 4397 3646 4410 .-

2068 4397 2114 4462 D
2150 4436 2308 4487 μενος
2365 4423 2454 4476 καὶ
2503 4424 2563 4478 τὸ
2624 4425 2806 4498 τίμιον
2866 4430 3004 4502 αἷμα
3058 4430 3373 4485 κενώσαντα
3431 4423 3728 4506 φιλανθρώπῳ

2146 4508 2335 4582 τρόπῳ
2367 4511 2499 4587 ὑπὲρ
2529 4512 2855 4590 ἀχαρίστων.

2219 4597 2600 4673 Ἀθυμούντων
2692 4603 2967 4678 ἀνάφυξις,
3075 4605 3424 4672 πενθούντων
3509 4601 3725 4669 ἀντίληψις

2148 4685 2312 4758 ὀξεῖα,
2333 4693 2430 4743 τοῦ
2460 4689 2668 4764 κόσμου
2699 4689 2917 4766 ἕτοιμος
2974 4697 3288 4771 προστάτης
3349 4696 3442 4751 καὶ
3497 4693 3720 4768 πρόχειρος

2148 4774 2451 4853 ἐπικουρία,
2510 4783 2830 4856 χρυσοφαῆς
2882 4782 3100 4859 ὠράθης
3155 4783 3348 4855 ⁴ἥλιος,
3425 4789 3528 4840 τῶν
3583 4778 3721 4853 alpini“

2143 4865 2426 4940 τεθρίππῳ
2453 4866 2840 4946 έπιδιφρεύων,
2873 4873 3023 4949 σοφὲ,
3057 4872 3147 4927 καὶ
3203 4872 3514 4948 ὀχούμενος
3544 4869 3721 4942 ὀχήματι

2145 4953 2385 5029 χαρίτων
2429 4959 2792 5034 χρυσαντίγῳ.

2219 5045 2517 5115 Θαυμάτων
2598 5045 2787 5121 αἴγλῃ,
2868 5048 3182 5125 εὐεργεσιῶν
3277 5049 3599 5125 μαρμαρυγῇ
3632 5060 3722 5117 Wa.

2144 5139 2286 5189 κτῶν
2319 5137 2502 5212 ψυχὴν
2553 5134 2758 5192 ἅπασαν
2812 5139 2902 5194 καὶ
2956 5139 3260 5216 πυρσεύων,
3323 5139 3628 5214 τρισμάκαρ,
3664 5127 3719 5182 ιιπῖ

2145 5222 2291 5278 λύων
2326 5225 2556 5298 ἀθυμίας
2584 5226 2675 5281 τὸν
2710 5227 2891 5305 ζόφον,
2935 5227 3119 5306 φέγγει
3173 5229 3438 5302 εὐθυμίας
3498 5225 3580 5280 καὶ
3629 5237 3720 5294 χ²Ρ”

2147 5316 2314 5385 μονῆς
2334 5315 2421 5368 καὶ
2456 5314 2811 5393 εὐφροσύνης.

2215 5403 2282 5460 Οἱ
2315 5407 2415 5457 σοῦ
2445 5403 2646 5479 ἀγῶνες
2671 5404 2761 5460 καὶ
2811 5406 2862 5460 οἱ
2893 5407 3128 5480 κάματοι
3186 5407 3274 5461 καὶ
3344 5407 3400 5459 οἱ
3458 5400 3605 5474 ἀτμοὶ
3648 5400 3718 5448 τῶν

2139 5494 2460 5566 πόνων,καὶ
2493 5495 2544 5548 οἱ
2586 5492 2810 5571 ἷδρῶτές
2869 5517 2986 5570 σου,
3054 5498 3128 5560 ὡς
3187 5495 3443 5571 θυμίαμα
3496 5489 3719 5554 συνθέσεως
