3888 6136
215 195 352 254 1389

1477 184 1774 240 HYMNUB
1808 182 1884 235 IN
1921 183 1984 240 Β.
2021 185 2334 240 PETRUM.

3469 189 3608 246 1390

210 316 297 372 καὶ
328 314 636 388 ποΛύτιμον
673 311 841 390 μόρον
871 311 946 374 εἷς
1007 308 1234 372 εὐωδίας
1283 309 1458 382 ὀσμὴν
1511 301 1848 382 προσαχθὲνι
1887 347 1895 370 λ

2071 315 2185 376 ata,
2221 314 2274 364 te
2309 308 2530 365 mundo
2563 309 2787 364 ﬂumen
2819 310 3304 366 sanctificationis
3335 311 3608 382 prmbue—

209 426 292 465 τες
348 408 426 474 τῷ
479 405 720 478 Χριστῷ,
779 400 1026 472 ποταμὸν
1082 401 1440 472 ἁγιάσματος,
1498 394 1586 449 καὶ
1668 394 1854 464 πηγὴν

210 494 356 548 θείου
393 475 589 567 μόρου,
624 491 712 544 καὶ
746 487 984 562 πέλαγος
1047 484 1624 558 θαυματουργημάτων
1677 475 1858 542 ἕθεντό

215 602 270 636 σε
299 580 517 652 κόσμῳ,
549 577 794 633 Νικόλαε
824 575 1142 652 ἱερομύστα.

287 669 592 724 θεοτόκιον.
655 699 722 710 ——-
769 667 927 740 Ὑπὲρ
1008 663 1204 734 αἰτίαν,
1291 663 1420 734 ὑπὲρ
1494 657 1697 715 ἔννοιαν
1774 656 1864 710 τὸν

219 757 555 833 προελθόντα
589 755 761 829 Λόγον
794 755 844 823 ἐξ
899 752 1145 807 ἀναιτίου
1209 751 1441 824 Ιῐατρὸς,
1489 749 1579 803 καὶ
1621 751 1728 801 τῶν
1779 743 1867 799 ὅν-

218 869 324 901 των
357 847 570 899 πάντων
606 843 780 898 αἶ’τιον
848 841 1233 911 ἐσωμάτωσας,
1286 841 1458 912 Κόρη
1513 839 1568 891 σὲ
1617 837 1720 910 γὰρ
1775 833 1870 888 αἷ-

221 935 336 988 τίαν
389 930 595 1008 ἔσχηκε
648 931 1017 1006 σαρκούμενος
1087 927 1145 982 ἐκ
1204 931 1322 998 σοῦ,
1400 928 1488 979 ἱνα
1553 925 1701 998 σώσῃ
1778 941 1868 976 τον

223 1021 524 1096 ἄνθρωπον,
561 1021 634 1081 ὡς
665 1017 1056 1096 φιλάνθρωπος
1089 1015 1262 1092 φύσει·
1326 1011 1396 1068 δι’
1448 1014 1519 1066 ὧν
1566 1011 1656 1065 καὶ
1707 1010 1871 1079 ἐνην-

221 1112 478 1182 θρὼπησε
532 1107 728 1174 θέλων,
785 1107 875 1161 καὶ
937 1105 1334 1180 συνανεστράφη
1422 1101 1729 1176 ἀνθρώποις
1784 1119 1875 1174 φι-

228 1195 588 1272 λανθρώπως.

629 1298 765 1378 ’ῼδὴ
799 1301 872 1357 ϐ’.
907 1301 993 1369 Μή
1035 1295 1302 1373 ἐποδύρου
1338 1317 1466 1369 μου.

294 1409 488 1470 Ἲλεῶς
517 1402 607 1462 ἔσο
643 1427 757 1480 μοι,
796 1409 1002 1480 Σῶτερ,
1045 1404 1100 1458 ἐν
1159 1403 1340 1477 ἡμέρᾳ
1389 1409 1488 1470 τῆς
1547 1397 1727 1468 δίκης,
1788 1399 1884 1455 ὅτε

233 1499 576 1573 παρίσταμαι
627 1494 833 1569 γυμνὸς
896 1498 976 1565 τῷ
1037 1494 1244 1566 βήματι
1302 1495 1382 1562 τῷ
1440 1489 1538 1560 σῷ’
1599 1487 1688 1542 καὶ
1741 1484 1883 1556 ⁸ίλεῳ

223 1585 346 1640 τότε
404 1586 646 1659 πρόσχες
710 1603 802 1654 μοι
889 1577 1124 1654 ὄμματι,
1197 1576 1480 1636 Νικολάου
1549 1580 1646 1631 τοῦ
1733 1573 1886 1628 Θείου

1973 403 2130 464 runt,
2162 414 2462 452 sacrarum
2496 399 2772 468 magister
2801 399 3058 467 Nicolae,
3089 407 3145 454 et
3173 399 3396 454 fontem
3429 401 3610 455 divini

1974 486 2193 553 odoris,
2228 492 2286 540 et
2315 487 2745 559 praestigiosum
2777 503 2959 542 mare.

2049 665 2317 734 Deiparaa.
2350 695 2418 704 -—
2449 666 2669 718 Praeter
2717 681 2976 730 causam,
3027 670 3358 735 praeterque
3400 665 3620 736 cogita-

1979 753 2200 806 tionem
2234 769 2300 806 ex
2333 757 2552 807 aeterno
2583 755 2752 808 Patre
2784 755 3047 824 genitum
3103 770 3300 807 rerum
3351 755 3619 809 omnium

1980 845 2282 895 auctorem
2313 857 2558 912 corpore
2593 840 2844 907 donasti,
2879 841 3087 911 Virgo;
3143 846 3200 894 te
3249 839 3409 894 enim
3457 839 3624 912 geni-

1984 929 2192 983 tricem
2231 929 2457 994 habuit,
2518 933 2822 998 assumpto
2875 944 3144 998 corpore,
3199 933 3263 980 ut
3321 929 3626 982 hominem

1986 1017 2214 1072 salvum
2245 1017 2484 1080 faceret,
2517 1007 2720 1086 utpote
2745 1021 2958 1070 natura
2983 1016 3446 1088 benignissimus
3473 1035 3486 1084 ;
3511 1033 3630 1087 qua

1985 1107 2214 1160 ratione
2246 1104 2439 1158 libens
2470 1103 2646 1158 homo
2680 1103 2868 1158 factus
2900 1108 3008 1174 est,
3043 1110 3102 1158 et
3131 1104 3444 1176 benignius
3474 1107 3632 1161 inter

1987 1195 2262 1250 homines
2293 1198 2676 1249 conversatus
2709 1197 2814 1248 est.

2469 1301 2579 1355 Ode
2606 1301 2699 1354 IX.
2730 1301 2806 1355 Ne
2837 1315 2918 1353 me
2949 1299 3152 1354 doleas.

2062 1408 2394 1464 Misericors
2423 1408 2570 1463 mihi
2613 1413 2760 1472 esto,
2818 1407 3097 1472 Salvator,
3149 1406 3210 1460 in
3260 1407 3353 1461 die
3393 1408 3630 1478 judicii,

1995 1497 2229 1568 quando
2261 1497 2456 1551 nudus
2487 1495 2560 1550 ad
2594 1495 2852 1550 tribunal
2882 1501 3050 1548 tuum
3081 1495 3396 1561 accedam;
3433 1502 3490 1549 et
3531 1497 3635 1552 be-

1997 1587 2174 1658 nigno
2205 1590 2346 1639 tunc
2379 1601 2472 1638 me
2502 1585 2672 1638 oculo
2705 1583 3067 1638 consideres.
3101 1584 3320 1637 Nicolai
3354 1584 3469 1638 divi
3503 1601 3636 1655 gra-

227 1651 678 1749 npse6eiatc'vab
731 1673 833 1746 γάρ
898 1651 1167 1742 ε’ί-μόνος
1227 1663 1398 1728 ὅντως
1487 1664 1728 1740 χρηστὸς
1786 1662 1877 1716 καὶ

2083 1692 2097 1740 ;
2129 1681 2189 1728 tu
2225 1674 2382 1728 enim
2415 1672 2579 1727 solus
2609 1689 2742 1726 vere
2775 1672 2972 1726 bonus
3003 1677 3062 1726 et
3091 1673 3450 1726 misericors.

225 1761 416 1822 ’ίλεως.

296 1857 382 1911 Ὠς
411 1852 512 1919 τὴν
557 1849 837 1919 πραότητα
893 1847 1112 1921 στέρξας
1167 1849 1264 1899 τοῦ
1321 1842 1554 1908 θεόπτου
1603 1841 1869 1908 Μωσέως,

230 1940 319 1992 καὶ
353 1940 452 2007 τήν
513 1937 717 1991 ἐκείνου
778 1932 1083 2008 έκληρώσω
1144 1930 1298 2002 δόξαν
1358 1937 1458 1999 τῆς
1520 1931 1758 2004 μορφῆς·
1810 1927 1872 1980 τὸ

229 2029 328 2104 γὰρ
389 2025 682 2099 πρόσωπόν
739 2045 836 2078 σου
891 2023 980 2078 καὶ
1042 2021 1176 2095 μετὰ
1234 2019 1460 2075 θάνατον
1517 2015 1874 2092 σελασφόροις

232 2118 410 2172 ἀκτῖσι
442 2116 616 2171 άΰλου
672 2117 954 2192 φωτισμοῦ
1009 2112 1100 2167 καὶ
1157 2112 1300 2186 αὐγῇ
1355 2110 1664 2186 γλυκυτάτη
1722 2124 1874 2178 περι-

235 2205 510 2278 ελάμπετο
521 2248 532 2261 .

305 2290 754 2365 Ἀναμοχλεύσας
786 2290 845 2344 ἐκ
880 2289 1094 2364 βάθρων
1153 2292 1234 2360 τῷ
1278 2284 1480 2360 μοχλῷ
1535 2289 1644 2338 τῶν
1696 2282 1874 2354 εὐχῶν

232 2403 350 2446 σου,
380 2381 469 2436 καὶ
498 2377 840 2455 τειχοσείστῃ
869 2382 1113 2452 κραταιῷ
1144 2381 1222 2447 τῷ
1273 2375 1432 2447 ὃπλῳ
1476 2378 1574 2428 τοῦ
1621 2374 1875 2443 σταυροῦ,

230 2469 391 2545 ἕναγῆ
449 2469 644 2542 τεμένη
706 2469 1064 2540 μιαρωτάτων
1133 2467 1292 2533 θεῶν,
1377 2463 1583 2535 εὐαγεῖς
1669 2458 1876 2524 οἴκους,

237 2543 434 2632 μάκαρ,
467 2559 744 2630 ἀνήγειρες
799 2557 1016 2627 Χριστῷ
1062 2559 1144 2625 τῷ
1186 2551 1390 2626 κυρίως
1447 2549 1537 2604 καὶ
1590 2550 1742 2620 μόνῳ
1786 2543 1877 2600 καὶ

234 2648 369 2702 κατὰ
399 2645 555 2721 φύσιν
590 2648 726 2714 Θεῷ.

305 2736 448 2796 Νοὸς
497 2735 818 2788 άνύστακτον
879 2726 1032 2803 ὄμμα
1087 2731 1428 2802 κεκτημένος
1477 2729 1566 2782 καὶ
1629 2727 1885 2801 θεόφρον,

233 2826 322 2880 καὶ
381 2823 682 2895 καιομένην
745 2819 966 2894 ἀρεταῖς
1057 2815 1319 2890 λαμπάδα
1401 2818 1588 2891 νοερὰν
1643 2815 1730 2869 καὶ
1788 2813 1886 2888 ἀρ-

240 2911 532 2984 δευομένην
615 2908 896 2964 πλουσίως
983 2909 1220 2962 πάντοτε
1302 2908 1398 2972 τῆς
1511 2901 1886 2975 έλεημοσύνης

241 3001 411 3074 ἐλαίῳ
455 2998 696 3074 δαψιλεῖ,
755 2997 830 3060 εἷς
889 2996 1062 3072 χαρὰν
1123 2993 1482 3064 εἰσελήλυθας
1537 2991 1634 3047 τοῦ
1693 2989 1888 3064 Κυρίου

247 3112 364 3148 σου.

317 3183 456 3232 Νοῦν
485 3174 854 3251 αὐτοκράτορα
912 3174 1056 3248 ἔχων
1104 3177 1211 3227 τῶν
1271 3171 1516 3247 ὀρέξεων,
1563 3169 1757 3244 Πάτερ,
1805 3173 1886 3240 τῷ

248 3265 650 3340 κοσμοκράτορι
706 3266 892 3338 ἐχθρῷ
975 3262 1230 3332 ἀντέστης
1312 3266 1604 3338 κραταιῶς,
1687 3260 1888 3335 βοηθὸν

249 3356 568 3424 πλουτήσας
626 3355 716 3408 τὸν
773 3351 1207 3426 Παντοκράτορα·
1265 3353 1356 3406 καὶ
1399 3357 1582 3415 παθῶν
1634 3348 1890 3424 βασιλεύ-

250 3467 344 3507 σας
398 3443 673 3518 πάρέστης
733 3442 785 3496 έν
841 3442 988 3496 νυκτὶ
1077 3438 1296 3516 βασιλεῖ
1370 3438 1762 3508 Κωνσταντίνῷ
1814 3437 1894 3508 τῷ

249 3535 633 3607 αὐτοκράτορι.

321 3619 462 3680 Οὐδὲ
517 3618 786 3694 παράλιος
841 3621 1096 3693 ψάμμος,
1162 3615 1286 3672 οὐδὲ
1342 3615 1550 3686 πλῆῢες
1618 3613 1898 3688 κυμάτων,

253 3711 288 3781 ἢ
325 3710 483 3788 βόλοι
516 3706 716 3784 δρόσου
745 3708 836 3762 καὶ
862 3708 1056 3762 λεπταὶ
1087 3704 1316 3780 ψεκάδες
1346 3710 1582 3782 νιφετοῦ,
1616 3704 1678 3758 οὐ
1730 3703 1900 3778 χορὸς

255 3803 516 3877 ἀστέρων,
550 3797 675 3854 οὐδὲ
705 3799 960 3874 σταγόνες
998 3798 1234 3872 βροχῆς,
1265 3797 1354 3850 καὶ
1394 3794 1638 3867 ποτάμια
1695 3794 1904 3869 ῥεῖθρα,

258 3891 322 3947 οὐ
348 3892 560 3963 νάματα
589 3891 780 3962 πηγῶν
838 3890 958 3947 τοῖς
1029 3889 1145 3945 σοῖς
1207 3883 1464 3956 θαύμασι,
1525 3882 1716 3956 Πάτερ,
1771 3901 1907 3954 παρ-

267 3981 628 4049 ισωθήσονται
643 4019 656 4033 .

333 4067 644 4124 Θεοτόκιον.
681 4097 746 4108 -
804 4067 912 4118 Τοῢ
972 4065 1109 4118 Θεοῦ
1167 4062 1304 4116 κατὰ
1366 4061 1528 4136 χάριν
1583 4060 1708 4122 τοὺς
1767 4059 1919 4146 υἱοὶ)ς

263 4161 369 4212 τῶν
401 4156 704 4230 ἀνθρώπων
728 4154 756 4207 ὁ
789 4149 1060 4215 συναίδιος
1089 4151 1210 4214 Υἱὸς
1242 4150 1331 4205 καὶ
1383 4151 1559 4224 Λόγος
1603 4154 1700 4204 τοῦ
1755 4154 1889 4204 Θεοῦ

265 4245 340 4307 ὡς
373 4221 514 4306 Υἱὸς.
554 4243 844 4319 ἀνθρώπου
905 4240 962 4295 ἐκ
1019 4243 1118 4294 σοῦ
1178 4221 1489 4314 γενόμενος-
1533 4221 1921 4321 άπειργάσατοζ

268 4331 447 4408 Κόρη·
485 4330 542 4388 δν
575 4331 796 4403 αἳτησαι
829 4329 970 4405 κάμὲ
1001 4329 1116 4385 υἱὸν
1145 4325 1272 4384 ὄντα
1299 4328 1518 4403 γεέννης
1574 4330 1708 4380 Θεοῦ
1758 4333 1925 4396 ποιῆ-

273 4440 358 4474 σαι
393 4421 532 4476 υἱόν.

745 4535 1053 4590 ΙΩΑΝΝΟΥ
1089 4535 1427 4590 ΜΟΝΑΧΟΥ

429 4653 668 4706 ΚΑΝΩΝ
707 4653 824 4706 ΕΙΣ
866 4651 1010 4707 TON
1058 4651 1267 4705 APION
1307 4651 1580 4706 ΠΕΤΡΟΝ
1617 4651 1754 4707 TON

887 4720 1312 4776 ΚΟΡΥΦΑΙΟΝ.

349 4838 426 4893 Οὗ
459 4837 494 4903 ἡ
526 4835 869 4911 άκροστιχίς.
903 4835 1142 4911 Μο-Λπῄν
1177 4830 1290 4903 ᾇδω
1322 4854 1430 4902 σοι,
1489 4835 1676 4908 Πέτρε,
1725 4841 1922 4906 ’Υμνος

965 4905 1236 4962 Ἰωάννου.

391 5020 520 5101 ’ῼδὴ
555 5027 634 5090 A',
665 5023 841 5096 ἿΙχος
875 5019 1064 5096 βαρύς.
1093 5019 1283 5075 Νεύσει
1319 5039 1409 5074 σον
1441 5020 1578 5094 πρὸς
1609 5016 1812 5094 γεώδη.

355 5133 516 5205 [Cod.
550 5132 589 5186 f.
627 5136 725 5187 107
783 5132 864 5204 b.]
925 5127 1115 5200 Μόνην
1174 5127 1510 5198 ἐπιποθήσας
1557 5131 1661 5182 τῶν
1711 5128 1924 5202 ἀγαθῶν

283 5225 392 5276 τῶν
429 5219 771 5294 μελλόντων,
805 5221 956 5295 σοφὲ,
986 5222 1084 5289 τὴν
1117 5217 1440 5289 ἀπόλαυσιν,
1472 5221 1536 5273 τὰ
1569 5217 1758 5295 ῥέοντα
1787 5239 1926 5294 παρ-

286 5307 534 5386 έδραμες·
597 5309 716 5365 ὅθεν
773 5311 986 5384 Χρίστῷ
1033 5306 1351 5378 ἐκολλήθης
1423 5308 1512 5363 καὶ
1596 5309 1925 5383 συνεκράθης

286 5399 434 5472 αὐτῷ
464 5397 714 5474 διαπύρῳ
747 5401 970 5472 στοργῇ.
1891 5467 1894 5470 Δ

355 5489 526 5547 Ὄλον
608 5508 666 5543 σε
743 5487 1102 5563 πυρακτώσας
1182 5486 1310 5560 πυρὶ
1395 5484 1550 5558 ἆῢλῳ
1629 5488 1718 5541 καὶ
1802 5494 1928 5568 θείῳ

2057 1849 2566 1904 Mansuetudinem
2601 1849 2702 1919 qui
2735 1849 3021 1920 diligebas
3055 1847 3168 1901 divi
3205 1847 3438 1917 Moysis,
3469 1847 3629 1902 illus-

1983 1945 2136 1994 trem
2168 1939 2293 2009 ejus
2325 1937 2579 1993 formam
2621 1939 2862 1992 sortitus
2913 1953 3014 2002 es;
3067 1953 3203 1990 nam
3248 1936 3443 1990 vultus
3493 1941 3630 1991 tuus

1983 2030 2072 2084 vel
2103 2035 2235 2100 post
2263 2033 2512 2082 mortem
2548 2027 2729 2082 radiis
2777 2027 3041 2098 fulgebat
3070 2025 3403 2096 splendidis
3435 2027 3630 2080 incor-

1985 2117 2147 2188 porei
2180 2117 2424 2171 luminis
2455 2121 2514 2170 et
2544 2117 2672 2170 luce
2704 2116 3058 2186 gratissima.

2057 2295 2342 2349 Funditus
2374 2293 2633 2348 avellens
2663 2297 2824 2347 vecte
2853 2309 3096 2363 precum
3129 2298 3387 2360 tuarum,
3413 2299 3477 2347 ut
3501 2309 3628 2348 cru-

1987 2384 2070 2438 cis
2103 2385 2286 2438 ariete
2311 2399 2514 2436 muros
2537 2382 2830 2452 quatiens,
2858 2381 3240 2436 exsecrabilia
3264 2383 3484 2452 templa
3515 2383 3624 2436 im-

1986 2473 2220 2542 piorum
2253 2471 2499 2524 deorum
2529 2469 2806 2536 evertisti,
2839 2469 3008 2524 beate
3035 2488 3048 2536 ;
3101 2475 3422 2524 et‘sanctas
3455 2471 3624 2524 sedes

1989 2559 2218 2614 Christo
2250 2559 2556 2614 mditicasti
2583 2559 2684 2628 qui
2716 2557 2876 2612 solus
2910 2563 2967 2612 et
2996 2565 3208 2613 natura
3229 2575 3362 2612 vere
3413 2561 3588 2614 Deus.

2065 2737 2315 2807 Spiritus
2346 2737 2516 2790 oculo
2548 2735 2829 2806 prmditus
2859 2735 3016 2806 vigili
3051 2740 3108 2788 et
3163 2736 3282 2805 pio,
3336 2741 3394 2790 et
3441 2735 3631 2790 facem

1995 2843 2204 2898 gerens
2237 2825 2546 2880 virtutibus
2577 2824 2906 2890 ardentem,
2940 2830 2998 2878 et
3025 2823 3447 2878 misericordia:
3501 2825 3632 2878 oleo

1997 2915 2370 2970 abundanter
2413 2915 2757 2981 instructus,
2802 2913 2863 2966 in
2915 2913 3196 2985 gaudium
3261 2913 3498 2968 Domini
3545 2913 3635 2968 in-

2000 3001 2214 3058 troisti.

2068 3182 2322 3234 Mentem
2351 3178 2577 3234 habens
2609 3177 2916 3233 affectibus
2953 3177 3382 3244 dominantem,
3443 3181 3636 3246 Pater,

2001 3268 2206 3324 mundi
2265 3267 2518 3340 principi
2567 3266 2755 3322 valide
2827 3267 3116 3334 restitisti,
3203 3268 3641 3338 Omnipotentis

2002 3359 2218 3414 auxilio
2250 3357 2488 3428 adjutus
2546 3357 2865 3412 affectuum
2924 3373 3028 3410 rex
3083 3357 3410 3426 apparuisti
3469 3361 3642 3412 nocte

2005 3447 2390 3503 Constantino
2423 3445 2786 3516 imperatori.

2080 3629 2195 3681 Nec
2229 3642 2410 3682 arena
2431 3624 2646 3678 littoris
2667 3640 2777 3678 nec
2817 3623 3104 3677 ﬂuctuum
3131 3621 3324 3689 turba,
3357 3638 3465 3676 nec
3495 3623 3648 3679 roris

2013 3715 2278 3786 guttulaa,
2311 3731 2421 3768 nec
2456 3717 2662 3767 tenues
2693 3711 2843 3766 nivis
2890 3710 3164 3780 globulae,
3197 3727 3308 3764 nec
3356 3715 3649 3766 astrorum

2017 3805 2255 3866 chorus,
2289 3819 2396 3856 nec
2427 3800 2766 3856 nimborum
2801 3799 2996 3864 stilla),
3029 3804 3130 3854 aut
3157 3798 3423 3853 fluminis
3453 3799 3651 3867 unda),

2020 3897 2121 3948 aut
2149 3891 2404 3946 fontium
2434 3889 2677 3962 lympha
2705 3892 2956 3959 possunt
2975 3887 3278 3942 miraculis
3304 3887 3438 3955 tuis,
3462 3889 3655 3958 Pater,

2024 3980 2352 4052 comparari
2370 4019 2380 4034 .

2096 4071 2374 4139 Deiparw.
2407 4096 2475 4105 --
2505 4064 2606 4120 Dei
2637 4065 2825 4137 gratia
2872 4065 3026 4120 ﬁlios
3071 4063 3382 4118 hominum
3431 4063 3663 4133 liberet,

2031 4160 2132 4230 qui
2151 4157 2334 4212 Filius
2361 4155 2464 4209 Dei
2487 4159 2814 4208 coaeternus
2847 4157 2903 4207 et
2935 4153 3210 4216 Verbum,
3241 4167 3349 4223 per
3379 4156 3434 4206 te
3485 4151 3666 4206 Filius

2031 4245 2293 4302 hominis
2322 4243 2512 4297 factus
2542 4246 2649 4307 est,
2681 4241 2886 4312 Virgo;
2923 4241 3020 4312 qui
3053 4257 3146 4295 me
3169 4239 3360 4295 filium
3381 4239 3667 4312 gehent

2033 4334 2337 4406 inquirere
2366 4330 2528 4385 venit
2557 4335 2622 4384 ut
2651 4329 2752 4384 Dei
2787 4329 2942 4385 ﬁlius
2975 4329 3203 4384 ﬁerem.

2519 4537 2815 4594 JOANNIS
2848 4537 3179 4594 MONACHI
3215 4584 3217 4586 .

2195 4653 2492 4716 HYMNUS
2533 4659 2603 4714 IN
2644 4654 3252 4784 ΒΙὲξέΤὲῧίΜΡΕΤΒυΜ
3291 4651 3504 4705 CORY-

2101 4851 2304 4905 P—rimw
2349 4863 2600 4902 versuum
2641 4846 2836 4900 litterae
2880 4843 3226 4910 signiﬁcant:
3270 4837 3538 4910 ‘Carmen
3571 4833 3676 4888 tibi

2351 4935 2520 4984 cano,
2550 4919 2720 4971 Petre
2745 4933 2758 4982 ;
2795 4907 3050 4984 hymnus
3074 4907 3340 4964 Joannis.

2099 5035 2210 5090 Ode
2233 5037 2272 5090 1.
2309 5034 2482 5089 Sonus
2512 5036 2712 5103 gravis.
2747 5029 3108 5086 lnclinatione
3137 5031 3234 5079 tua
3262 5024 3334 5078 ad
3377 5029 3618 5078 terrena.

2109 5143 2290 5197 Unico
2327 5142 2538 5196 ardens
2595 5140 2924 5194 futororum
2973 5133 3266 5188 bonorum
3315 5129 3532 5196 studio,
3590 5143 3684 5182 sa-

2035 5232 2223 5304 piens,
2257 5230 2494 5302 fugitiva
2524 5224 2839 5288 fastidisti;
2885 5221 3044 5276 unde
3096 5220 3327 5275 Christo
3378 5215 3686 5273 adhaasisti

2033 5320 2472 5376 ferventissima
2501 5331 2638 5372 cum
2671 5331 2738 5367 eo
2771 5311 3088 5366 dilectione
3121 5309 3503 5380 conjunctus.

2106 5503 2315 5556 Totum
2357 5501 2411 5568 te
2464 5493 2596 5564 igne
2663 5492 3010 5562 incorporeo
3065 5493 3124 5543 et
3176 5487 3372 5548 divino
3431 5481 3695 5554 perussit
