3888 6136
411 205 545 296 hut

1938 206 2298 301 AnDﬁNDA.

3655 234 3767 313 {an

408 342 844 441 carbunculus;
880 382 1057 435 quem
1085 365 1231 419 vidit
1260 365 1401 420 olim
1437 366 1615 420 Isaias
1675 366 1915 422 ﬂamma
1960 368 2036 421 in-

2170 368 2193 420 6
2253 366 2445 440 ἂνθραξ
2505 366 2693 431 ἇϋλος·
2756 368 2812 423 δν
2871 367 3003 424 εἶδεν
3062 368 3280 433 Ἡσαΐας
3356 375 3496 429 ποτὶ
3568 373 3766 453 ἄνθρακι

409 474 693 529 corporea
726 475 993 512 errorum
1024 476 1236 529 corpus
1269 458 1738 513 comburentem.

481 636 803 690 Lucernam
835 637 1143 691 ardentem
1176 643 1233 691 et
1289 637 1564 707 lampada
1611 636 2048 707 splendentem,

407 723 536 779 luce
569 726 783 779 divina)
815 726 1145 796 disciplina)
1178 731 1405 799 mentes
1451 726 1912 791 illuminantem,
1943 727 2048 779 Pe-

402 817 511 880 tre,
542 814 794 883 praebuit
834 820 886 868 te
921 816 1171 886 Spiritus
1205 821 1443 869 sanctus
1473 815 1744 886 gentibus
1778 815 1932 867 inter
1964 818 2049 867 te-

408 900 625 956 nebras
653 901 1022 973 degentibus.

470 989 662 1059 Fides,
697 1008 851 1061 spes,
878 991 1155 1055 Charitas,
1181 991 1408 1044 militia)
1432 996 1545 1045 tuae
1568 1006 1769 1055 arma;
1798 989 2047 1045 infracta

399 1076 603 1143 lorica,
640 1080 921 1149 utrinque
955 1085 1162 1133 acutus
1196 1080 1375 1146 ensis,
1410 1085 1468 1133 et
1488 1080 1653 1150 galea
1685 1078 1914 1145 salutis,
1948 1095 2045 1132 ve-

400 1168 663 1222 nerande
694 1169 983 1238 apostole.

468 1346 745 1413 Deiparée.
770 1375 837 1383 —
860 1348 1111 1415 Apertus
1136 1350 1243 1409 est,
1270 1345 2043 1415 DeiGenitricis,purissimo

397 1438 497 1487 tuo
518 1434 662 1487 Filio
684 1434 963 1503 antiquus
986 1434 1318 1505 paradisus,
1335 1451 1509 1504 quem
1536 1435 1831 1488 clauserat
1852 1435 2044 1504 prima

395 1539 611 1593 parens
639 1540 652 1590 ;
691 1527 747 1577 et
780 1524 979 1595 generi
1012 1524 1319 1577 hominum
1353 1524 1627 1577 restituta
1658 1528 1746 1578 est
1788 1523 2043 1593 pristina

392 1612 607 1681 patria.

819 1758 927 1811 Ode
956 1758 1058 1811 III.
1093 1726 1199 1820 Qui
1229 1758 1288 1809 in
1314 1757 1615 1825 princip-io.

472 1898 687 1968 Aquila
718 1899 1040 1969 apparuisti
1070 1898 1326 1952 nubibus
1348 1898 1575 1952 invecta
1599 1916 1611 1963 ;
1637 1914 1771 1952 nam
1800 1896 1858 1950 in
1884 1895 2037 1950 oculi

396 1988 537 2054 ictu,
592 1987 787 2041 divino
849 1994 905 2041 et
962 1988 1369 2057 omnipotente.
1429 1987 1669 2057 Spiritu,
1730 1986 1799 2040 de
1862 1988 2043 2039 Roma

407 2077 468 2129 in
499 2076 634 2129 Sion
668 2092 773 2145 per
787 2076 1005 2129 nubem
1032 2075 1351 2131 translatus
1382 2094 1464 2142 es,
1490 2076 1673 2129 vivam
1697 2074 1798 2128 Dei
1820 2074 2041 2128 nubem

404 2168 738 2219 curaturus.

475 2341 612 2404 Quae
646 2339 911 2411 purgavit
940 2341 1112 2405 Deus,
1177 2338 1337 2392 solus
1382 2342 1592 2392 natura
1640 2336 1918 2405 mundus,
1970 2354 2045 2391 ne

401 2429 580 2482 violet
608 2429 803 2495 homo,
838 2429 1055 2499 inquit.
1100 2430 1242 2481 Nam
1265 2428 1465 2482 omnia
1490 2427 1589 2481 Dei
1624 2445 1801 2499 opera
1824 2428 2048 2483 munda

402 2516 643 2571 mundis
671 2535 683 2584 ;
719 2522 1101 2589 quapropter,
1138 2519 1330 2583 Petre,
1366 2517 1613 2587 puriﬁca
1644 2534 1738 2571 me
1770 2517 2046 2587 precibus

403 2607 517 2661 tuis
550 2606 621 2661 ab
653 2606 978 2661 immundis
1011 2605 1343 2660 affectibus.

476 2784 717 2841 Plebem
751 2785 1044 2841 allocutus
1076 2784 1138 2839 in
1189 2785 1347 2850 Sion,
1382 2789 1441 2839 et
1470 2784 1550 2838 ibi
1607 2785 1864 2857 primum
1908 2785 2045 2839 fidei

406 2892 743 2929 sermonem
776 2874 1124 2945 praedicans,
1160 2874 1359 2928 statim
1392 2890 1646 2927 messem
1682 2874 1865 2928 tulisti
1894 2873 2045 2927 fera-

405 2979 555 3031 cem,
584 2968 642 3017 et
670 2964 730 3017 in
762 2963 991 3017 Christo
1022 2962 1277 3033 genuisti
1328 2961 1809 3018 celebratissimm
1853 2961 2046 3015 Trini-

406 3052 534 3117 tati,
568 3052 881 3107 ecclesiam
912 3052 1091 3106 trium
1124 3051 1375 3105 millium
1405 3052 1686 3105 virorum.

474 3141 645 3195 Velut
673 3141 785 3195 faex
814 3143 974 3196 aeria
1005 3146 1176 3195 nocte
1205 3158 1310 3211 per
1339 3140 1527 3194 maria
1570 3140 1931 3211 navigantes,
1963 3139 2045 3194 ita
2073 3106 2116 3172 α

398 3246 560 3285 mare
591 3230 970 3285 tenebrosum
1004 3236 1061 3284 et
1089 3229 1406 3283 obscurum
1460 3229 1776 3300 procellosi
1826 3228 2043 3283 erroris

400 3318 779 3375 traducentes
812 3320 940 3373 luce
974 3319 1111 3373 ﬁdei
1144 3317 1521 3387 illuminasti,
1554 3320 1745 3372 Petre.

464 3588 735 3658 Deiparae.
768 3617 834 3625 —
865 3586 941 3639 Te
970 3599 1267 3638 summum
1299 3582 1611 3655 refugium,
1638 3587 1695 3637 et
1716 3582 1787 3637 ad
1817 3583 2042 3638 salvan-

394 3670 529 3745 dam
562 3675 1000 3747 paratissimam
1037 3672 1489 3738 auxiliatricem,
1544 3673 1811 3740 Domina,
1866 3674 2037 3726 vehe-

400 3771 629 3819 menter
659 3782 760 3818 oro
794 3768 847 3818 et
883 3763 1185 3832 deprecor,
1238 3762 1497 3815 animam
1546 3778 1739 3815 meam
1784 3762 2037 3833 suscipe,

399 3870 433 3909 a
483 3853 863 3907 tabernaculo
920 3852 1295 3921 migrantem,
1382 3855 1441 3903 et
1522 3849 1805 3904 derelicta
1863 3855 2037 3917 terra,

400 3942 579 3997 aliam
610 3941 911 4013 regionem
940 3940 1282 4009 potituram.

873 4108 984 4165 Ode
1012 4109 1114 4165 IV.
1149 4108 1254 4172 Qui
1276 4098 1557 4176 paternos.

398 4296 423 4299 _
464 4226 571 4291 Qui
605 4224 1035 4296 discipulorum
1069 4223 1335 4277 omnium
1367 4222 1595 4293 primus
1619 4222 1929 4276 cucurristi
1962 4222 2035 4277 ad

389 4313 728 4385 sepulcrum
760 4312 1267 4383 praestantissima)
1298 4310 1450 4376 vitm,
1483 4310 1545 4363 in
1608 4311 1879 4380 sepulcro
1932 4328 2035 4382 pe-

384 4407 541 4457 tram:
574 4401 985 4456 obdurationis
1017 4399 1413 4453 dormientem
1447 4399 1637 4453 excita
1658 4416 1752 4453 me
1782 4416 1889 4470 per
1919 4418 2036 4471 pae-

383 4491 718 4545 nitentiam.

458 4578 773 4634 Recordari
806 4578 1008 4631 horret
1037 4592 1205 4629 mens
1239 4578 1381 4644 quot
1412 4577 1619 4641 terras,
1654 4579 1795 4643 quot
1845 4577 2033 4631 maria

388 4665 727 4738 pervadere,
754 4670 898 4735 quot
920 4665 1183 4729 sudores,
1214 4668 1355 4731 quot
1378 4662 1609 4717 labores
1628 4663 1886 4731 perferre
1910 4682 2029 4720 non

389 4756 673 4812 dubitasti
712 4772 817 4827 pro
850 4754 1159 4825 Evangelio
1189 4752 1408 4823 gratim.

460 4935 524 4988 ln
555 4933 711 4988 malo
742 4945 1177 4987 consenescens
1209 4929 1416 4999 procul
1447 4946 1481 4984 a
1508 4929 1599 4984 via
1630 4930 1753 4997 Dei,
1773 4936 2025 5000 utroque

384 5023 608 5093 poplite
639 5021 906 5076 claudico
934 5044 948 5086 ς
980 5017 1237 5085 devium,
1270 5022 1492 5083 sancte,
1524 5018 1597 5073 ad
1625 5019 1900 5074 virtutem
1929 5036 2021 5073 re-

378 5110 591 5165 forma.

449 5200 765 5267 Acceptam
798 5212 832 5251 a
860 5196 1090 5251 Christo
1122 5195 1467 5260 Ecclesiam,
1510 5210 1687 5263 quam
1733 5197 1856 5265 ipse
1907 5198 2021 5250 Do-

377 5286 576 5341 minus
605 5284 932 5349 constituit,
974 5301 1095 5337 non
1138 5291 1337 5339 autem
1388 5283 1679 5351 homines,
1723 5282 1873 5337 bene
1922 5300 2021 5356 gu-

372 5360 658 5439 bernasti,
699 5377 765 5427 ut
794 5387 1026 5438 navem,
1059 5372 1347 5444 apostole.

438 5511 516 5608 'l‘e
538 5549 798 5622 speciem
817 5547 1016 5614 Jacob,
1037 5564 1214 5619 quam
1242 5546 1551 5610 mundam,
1575 5551 1633 5602 et
1657 5546 1927 5615 electam,
1960 5554 2020 5605 et

2163 457 2332 530 πυρὸς
2392 454 2560 510 ἀυλου
2620 458 2863 513 καίοντα·
2921 460 3017 526 τὴν
3080 458 3217 529 ὕλην
3274 468 3369 530 τῆς
3432 460 3642 535 πλάνης
3686 469 3765 523 ἀπ-

2162 545 2371 620 ἔφηνεν.

2234 634 2440 707 Δύχνον
2476 632 2894 711 φωτοϐολοῦντα
2918 636 3006 690 καὶ
3068 630 3347 713 χρυσαυγῆ
3408 661 3467 694 σε
3517 640 3758 715 λαμπάδα,

2157 724 2219 775 τὸ
2305 724 2501 798 φέγγος
2580 725 2945 805 πυρσεύουσαν
3029 733 3131 795 τῆς
3208 728 3349 790 θείας
3433 729 3764 804 ἐπιγνώσεως,

2160 811 2347 884 Πέτρε,
2377 812 2439 864 τὸ
2472 813 2625 885 ἅγιον
2659 812 2875 886 Ηνεῦμα
2922 819 3039 877 τοῖς
3088 814 3493 889 ἐσκοτισμένοις
3544 817 3762 894 ἀνέδειξεδ

2158 894 2379 961 ἔθνεσιν.

2230 987 2437 1057 ΙΙίστις,
2500 987 2677 1060 ἐλπὶς,
2746 990 2952 1065 ἀγάπη,
3034 998 3133 1061 τῆς
3212 1000 3310 1062 σῆς
3400 1004 3644 1071 στρατιᾶς
3713 999 3762 1053 τὰ

2156 1074 2320 1130 ὅπλα·
2364 1078 2391 1130 ὁ
2453 1079 2629 1153 θώραξ
2686 1080 2713 1132 6
2768 1079 3061 1155 ἁρῥηκτος,
3120 1083 3155 1151 ἡ
3222 1084 3471 1158 μάχαιρα
3528 1091 3561 1154 ἡ
3618 1084 3760 1142 δίστο-

2160 1187 2281 1237 μος,
2312 1167 2400 1220 καὶ
2432 1168 2466 1235 ἡ
2502 1168 2891 1241 περικεφαλαία
2939 1172 2973 1237 ἡ
3032 1171 3127 1224 τὸῦ
3176 1173 3473 1245 σωτηρίου,
3529 1174 3761 1230 ἀπόστολε

2154 1254 2322 1326 τίμιε.
2796 1312 2799 1315 η

2224 1344 2529 1399 Θεοτὸκιον.
2593 1379 2657 1388 -
2731 1347 3041 1417 Ἠνοικται,
3126 1354 3432 1423 Θεομῆτερ,
3515 1357 3590 1423 τῷ
3654 1374 3761 1407 παν-

2153 1432 2409 1506 αχράντῳ
2441 1454 2535 1487 σου
2566 1434 2711 1506 τόκῳ
2744 1436 2771 1488 6
2800 1435 2968 1489 πάλαι
3022 1436 3367 1511 παράδεισος,
3420 1441 3479 1494 δν
3510 1443 3543 1508 ἡ
3576 1445 3757 1515 προμή-

2150 1542 2263 1595 τωρ
2292 1516 2517 1576 ἔκλεισε
2573 1524 2661 1576 καὶ
2719 1527 2796 1594 τῷ
2850 1528 2956 1578 τῶν
3017 1526 3313 1600 ἀνθρώπων
3374 1529 3520 1602 γένει
3571 1530 3753 1599 πάλινὴ

2154 1610 2355 1684 ἀρχαία
2386 1610 2579 1685 πατρὶς
2605 1608 2949 1670 ἀποδέδοται.

2546 1733 2674 1812 ᾨδή
2710 1743 2778 1793 1".
2812 1739 2872 1794 Ὁ
2904 1740 3020 1791 κατ’
3050 1739 3226 1814 ἀρχὰς
3258 1740 3405 1802 τοὺς.

2224 1847 2647 1925 Νεφελοδρόμος
2694 1852 2896 1913 ἀετὸςὸ
2923 1855 3228 1923 πεζοπὸρος
3282 1853 3557 1930 ἐδείχθης’
3604 1857 3649 1911 ἐν
3685 1858 3755 1931 ῥο-

2150 1941 2227 2009 πῇ
2286 1938 2387 2013 γὰρ
2444 1938 2622 2012 ὥσπερ
2686 1938 2997 2016 ὀφθαλμοῦ,
3088 1940 3168 2013 τῷ
3243 1950 3623 2018 παντουργικῴ
3689 1956 3754 2006 καὶ

2154 2032 2282 2097 θεῖῳ
2340 2028 2633 2098 Πνεύματι,
2689 2028 2794 2083 ἀπὸ
2861 2036 2961 2097 τῆς
3042 2032 3263 2103 Ῥώμης
3351 2032 3405 2086 ἐν
3487 2034 3617 2088 Σιὼν
3689 2032 3754 2087 διὰ

2152 2114 2380 2191 νεφέλης
2434 2116 2637 2191 ὶγένου,
2714 2115 2972 2186 κηδεῦσαι
3055 2121 3155 2188 τήν
3238 2118 3492 2197 ἔμψυχον
3569 2122 3751 2199 νερέλην

2153 2208 2307 2261 Θεοῦ.

2223 2295 2292 2349 ’Ἀ
2344 2294 2620 2369 ἐκαθάρισε
2679 2296 2829 2367 Θεὸς,
2886 2297 2914 2350 ὁ
2961 2298 3193 2371 καθαρὸς
3248 2298 3406 2375 φύσει
3464 2302 3639 2373 μόνος,
3687 2302 3742 2371 μή

2153 2382 2421 2437 κοινούτω
2478 2385 2780 2458 ἄνθρωπος,
2836 2387 2991 2460 φησί·
3063 2386 3153 2440 καὶ
3224 2388 3329 2461 γὰρ
3408 2390 3606 2465 καθαρᾶ
3660 2394 3746 2448 τοῖς

2154 2477 2410 2545 καθαροῖς
2443 2471 2551 2526 ἐστι
2582 2472 2756 2528 πάντα
2794 2474 2859 2526 τὰ
2908 2468 3041 2547 ἔργα
3094 2479 3192 2529 τοῦ
3251 2481 3413 2530 Θεοῦ’
3476 2474 3554 2531 διὸ
3607 2478 3743 2530 παθῶν

2154 2558 2467 2631 ἀκαθάρτων
2525 2561 2753 2635 καθαρόν
2847 2581 2932 2633 με,
3014 2556 3201 2636 Πέτρε,
3283 2570 3407 2627 ταῖς
3492 2560 3742 2639 πρεσϐείαις

2157 2669 2273 2704 σου.

2228 2739 2637 2811 Δημηγορήσας
2668 2737 2719 2792 ἐν
2760 2738 2929 2808 Σιὼν,
2988 2738 3076 2793 καὶ
3127 2739 3219 2793 τὸν
3264 2748 3371 2810 τῆς
3419 2744 3634 2804 πίστεως
3672 2740 3737 2793 λό-

2153 2846 2246 2901 γον
2279 2826 2636 2901 κατασπείρας
2694 2832 2913 2900 πρὼτος
2968 2827 3020 2881 ἐν
3082 2828 3243 2902 αὐτῇ,
3298 2830 3575 2904 πολύχουν
3624 2829 3735 2888 εὐθὺς

2152 2912 2245 2968 τὸν
2304 2915 2504 2989 στάχυν
2562 2912 2814 2989 ἤνεγκας,
2871 2920 3262 2994 καρποφρήσας
3325 2919 3378 2973 ἐν
3452 2920 3648 2994 Χριστῷ
3688 2920 3732 2987 τῇ

2154 3010 2487 3076 πανυμνήτῳ
2540 3002 2754 3078 Τριάδι,
2813 3003 3018 3078 ἀνδρῶν
3087 3006 3419 3082 τρισχιλίων
3503 3006 3731 3076 ἐκκλησίαν

2154 3094 2371 3161 σεπτήν.

2222 3181 2309 3241 Ὧς
2360 3178 2594 3253 διαέριος
2653 3183 2858 3254 πυρσὸς
2912 3188 3027 3246 τοῖς
3086 3185 3139 3238 ἐν
3198 3184 3432 3261 πελάγει
3513 3185 3727 3249 θαλάσσης

2148 3270 2538 3341 ποντουμὲνοις
2594 3272 2761 3344 μέσον
2856 3278 2957 3341 τῆς
3040 3276 3254 3345 νυκτὸς,
3338 3276 3582 3337 ὡσαύτως
3642 3276 3725 3330 τοῖς

2148 3357 2376 3412 πλέουσι
2431 3360 2530 3428 τήν
2590 3358 2857 3415 θάλασσαν
2916 3362 3017 3430 τὴν
3078 3365 3305 3438 ζοφερὰν
3367 3360 3479 3421 καὶν
3509 3362 3724 3426 σκοτεινήν

2146 3454 2246 3515 τῆς
2276 3448 2661 3521 πολυκύμονος
2703 3448 2918 3519 πλάνης
2971 3446 3166 3526 ἔφανας
3225 3454 3390 3527 φωτὶ,
3450 3452 3611 3526 Πέτρε,
3653 3454 3723 3514 τῆς

2146 3536 2399 3597 πίστεως.

2218 3624 2524 3681 Θεοτόκιον.
2554 3658 2623 3668 —-
2676 3625 2745 3679 Σὲ
2800 3626 3057 3702 κραταιάν
3110 3632 3448 3707 καταφυγήν,
3496 3629 3574 3683 καὶ
3621 3624 3721 3699 πρὸς

2143 3715 2206 3768 τὸ
2254 3716 2441 3782 σώζειν
2498 3714 2722 3787 ἑτοίμην
2768 3716 3116 3789 προστασίαν,
3172 3717 3454 3789 Δέσποινα,
3504 3718 3721 3787 πλουτῶν.

2146 3808 2361 3877 θερμῶς
2393 3804 2615 3858 ἱκετεύω
2664 3824 2722 3857 σε
2778 3804 2865 3858 καὶ
2917 3802 3133 3879 δέομαι,
3180 3814 3279 3877 τῆς
3330 3807 3466 3882 ἐμῆς
3511 3807 3719 3879 πρόστηθί

2145 3895 2353 3965 ψυχῆς,
2386 3891 2771 3967 χωριζομένης
2801 3898 2897 3949 τοῦ
2951 3896 3209 3969 σκήνους,
3259 3897 3353 3951 καὶ
3399 3896 3524 3969 πρὸς
3562 3894 3717 3961 κόσμον

2145 3976 2315 4034 ἄλλον
2347 3979 2683 4054 ἀπαιρούσης
2714 3980 2773 4035 ἐκ
2801 3988 2924 4055 γῆς.

2620 4101 2748 4173 Ὦδή
2783 4111 2853 4161 A‘.
2884 4107 2947 4162 Ὁ
2979 4108 3296 4181 πατρικούς.

2213 4220 2275 4276 Ὀ
2332 4216 2666 4293 προδραμὼν
2722 4218 2932 4273 πάντων
2992 4227 3248 4293 μαθητῶν
3312 4223 3400 4279 gn;
3450 4220 3531 4278 ιέὸν
3588 4218 3708 4293 τάςον

2225 4328 2237 4331 Α
2302 4306 2651 4331 2..,m-___’__-_.
2723 4310 2863 4331 v.3,
2954 4310 3000 4331 γε
3103 4310 3115 4331 τ
3256 4313 3265 4329 ι
3584 4300 3682 4331 ,._'n-.’.

2140 4315 2238 4377 τῆς
2298 4306 2659 4362 ἐνυποστάτου
2722 4310 3038 4391 ζωῆς,ῆτὸν
3100 4310 3150 4364 ἐν
3204 4313 3366 4391 τάφῳ
3446 4333 3507 4391 με
3567 4300 3703 4362 καθεύ-

2142 4394 2301 4450 δοντα
2359 4394 2632 4456 λιθώδους
2687 4388 2970 4466 πρώσεως,
3032 4392 3120 4452 διὰ
3210 4388 3491 4471 μετάνοιαν
3545 4394 3707 4458 duim,-
3804 4430 3805 4471 γ

2057 4474 2104 4537 D
2137 4506 2255 4542 σον.

2210 4571 2440 4648 Ἰλιγγιᾷ
2497 4572 2621 4634 νοῦς
2676 4579 2958 4627 κατανοεῖν
3007 4576 3105 4643 τήν
3166 4573 3217 4629 ἐν
3273 4578 3505 4649 θαλάσσῃ
3556 4570 3622 4626 καὶ
3663 4566 3698 4619 ἓν

2137 4666 2207 4735 γῇ
2265 4658 2538 4735 περίοδον·
2599 4659 2726 4722 τοὺς
2782 4662 3039 4731 ἱορῶτας,
3118 4662 3246 4726 τοὺς
3327 4666 3577 4737 καμάτους
3636 4674 3696 4708 σου

2139 4748 2235 4811 οὕς
2268 4747 2432 4819 ἔτλης
2464 4749 2777 4824 γηθόμενος
2812 4750 2944 4825 ὑπὲρ
2991 4755 3089 4805 τοῦ
3145 4752 3478 4829 Εὐαγγελίου
3515 4756 3594 4817 τῆς
3630 4744 3694 4817 χὰ-

2136 4857 2303 4909 ριτος.

2206 4925 2544 4989 Παλαιωθεὶς
2574 4924 2701 4987 ὅλος
2744 4924 2795 4979 ἐν
2856 4932 3045 4990 κακοῖς
3100 4929 3207 4984 ἀπὸ
3263 4936 3367 4985 τῶν
3422 4924 3592 5001 τρίϐων
3627 4920 3687 4971 τοῦ
3796 4960 3797 5035 ,

2238 5015 2307 5035 -ν
2383 5013 2432 5035 ιη
2588 5014 2601 5035 ›
2772 5016 2783 5035 ι
3014 5023 3037 5033 -
3097 5020 3109 5035 .
3196 5019 3209 5035 ι
3484 5020 3495 5035 ,
3563 5015 3671 5035 .--η

2135 5020 2268 5069 Θεοῦ
2291 5013 2549 5089 ὲχώλανα
2578 5014 2915 5089 ἀμφοτέραις
2945 5023 3064 5079 ταῖς
3097 5019 3304 5093 ἰγνύαις
3326 5039 3443 5095 μων
3473 5015 3687 5092 ἀρτὶωσονι

2133 5106 2267 5179 ἅγιε,
2300 5104 2390 5158 τὸν
2422 5105 2558 5178 πρὸς
2599 5104 2794 5177 ἀρετήν
2830 5126 2896 5176 με
2925 5106 3266 5179 χωλεύοντα.

2205 5194 2298 5248 Ἐκ
2328 5196 2424 5246 τοῦ
2472 5193 2704 5265 Χριστοῦ
2761 5190 2822 5246 σὺ
2875 5191 3207 5267 παραλαϐὼν
3268 5200 3365 5266 τήν
3418 5186 3686 5260 Ἐκκλησίαν,

2129 5281 2195 5348 ἦν
2256 5279 2414 5341 αὐτὸς
2471 5280 2497 5333 6
2556 5278 2754 5351 Κύριος
2827 5281 2918 5335 καὶ
2992 5281 3091 5337 οὐκ
3157 5283 3425 5356 ἄνθρωποι
3462 5280 3685 5351 ,ἐπήξατοι

2129 5366 2317 5429 λαλῶς
2425 5362 2790 5442 ἐκυϐέρνησας
2878 5368 2954 5431 ὠς
3040 5368 3247 5428 ὁλκάδα
3325 5374 3521 5442 ταύτην,
3590 5358 3684 5418 ἀπό·

2128 5455 2316 5513 πολε.
3038 5526 3049 5529 Α,
3782 5455 3791 5571 ἑ

2197 5546 2478 5571 n___1--.-_.
2635 5546 2747 5571 πυ..
2808 5545 2993 5571 ---λιμ
3040 5549 3054 5571 ρ
3308 5556 3333 5568 .-
3388 5553 3424 5571 η
3476 5540 3554 5571 ΑΕ
3612 5536 3675 5571 ...ιν

2195 5546 2504 5603 Θεοτὸκιον.
2538 5578 2608 5592 -ι
2635 5546 2749 5617 Τὴν
2807 5545 3086 5620 καλΑονήν
3142 5572 3199 5607 σε
3243 5556 3337 5608 τοῦ
3388 5540 3569 5614 Ἰακὼϐ,
3612 5536 3675 5601 τήν
