3888 6136
216 376 353 452 ιεοε

203 501 436 578 καθαρὰν
519 500 610 555 καὶ
669 498 930 568 ἐκλεκτὴν
1017 500 1105 553 καὶ
1159 497 1390 570 ἄμωμον
1450 493 1514 564 ἤν

205 591 496 664 Χριστὸςὸ
527 590 679 657 Θεὸς,
714 589 741 642 6
800 586 992 644 κάλλει
1053 585 1403 660 ἀσύγκριτος,
1461 581 1704 650 ἱκετεύω,
1756 581 1852 634 Δὲ-

211 699 427 748 σποινα,
459 677 630 732 σῶσόν
668 697 753 749 με.

604 791 732 868 Ὠδή
765 792 838 848 E‘.
877 791 1042 865 Κύριε
1076 790 1103 843 6
1161 789 1290 851 Θεός
1336 809 1462 861 μου.

289 882 512 955 Ῥώμης
543 882 572 934 ὁ
599 878 926 948 πολιοῦχος,
958 877 1045 933 καὶ
1101 885 1204 946 τῆς
1260 875 1532 952 βασιλείας
1565 877 1592 928 ὁ
1622 879 1853 948 ταμιοῦ-

219 993 342 1048 χος,
404 975 438 1041 ἡ
495 971 664 1046 πέτρα
708 973 809 1039 τῆς
893 970 1146 1035 πίστεως,
1204 969 1231 1023 6
1292 967 1510 1043 στερρὸς
1594 964 1851 1039 θεμέλιος

215 1067 314 1130 τῆς
339 1059 635 1129 καθολικῆς
662 1059 993 1129 Ἐκκλησίας
1027 1059 1193 1132 ἱεροῖς
1250 1056 1516 1130 ὑμνείσθω
1566 1055 1619 1109 ἐν
1677 1053 1854 1128 ᾅσμα-

211 1170 315 1206 σιν.

283 1239 428 1298 Ἕως
486 1235 704 1298 ἑπτάκις
755 1235 924 1290 πάλαι
980 1238 1077 1289 τοῦ
1143 1235 1376 1308 Χριστοῦ
1440 1231 1746 1302 πυθόμενος
1804 1233 1850 1285 εἰ

217 1311 445 1402 ἀφήσεις
499 1330 616 1386 τοῖς
671 1322 1120 1398 ἐξαμαρτάνουσιν
1176 1322 1250 1383 εἲς
1307 1321 1384 1388 σε,
1449 1317 1630 1392 Πέτρε,
1681 1316 1849 1387 ἤκου-

211 1433 329 1476 σας.
361 1412 438 1469 Οὐ
497 1410 639 1486 λέγω
698 1433 780 1465 σοι
834 1409 938 1472 ἔως
992 1409 1235 1478 ἑπτάκις,
1274 1404 1734 1481 ἑϐδομηκοντάκις
1793 1404 1852 1460 δὲ

219 1498 430 1572 μάλλον
455 1497 608 1566 ἑπτά,

284 1585 480 1658 Τίμιος
504 1585 736 1640 ἐναντίον
767 1585 966 1660 Κυρίου
1016 1585 1044 1640 6
1100 1584 1323 1649 Θάνατος
1377 1587 1482 1637 τῶν
1546 1581 1704 1636 ὁσίων
1755 1581 1846 1636 αύ-

209 1679 329 1745 τοῦ,
359 1674 536 1736 καθὼς
592 1676 909 1749 γέγραπται·
949 1674 976 1727 ὀ
1036 1673 1128 1736 σὸς
1160 1672 1236 1743 δὲ,
1270 1673 1610 1748 πανεύφημε,
1650 1670 1849 1744 πολλῷ

208 1764 535 1840 τιμιώτερος
595 1759 790 1836 ὄντως,
842 1764 916 1826 ὡς
975 1767 1072 1818 τοῦ
1123 1761 1268 1827 θείου
1325 1762 1526 1822 πάθους
1559 1759 1846 1837 ἐκσιρράγι-

214 1839 344 1925 σμα.

283 1945 494 1998 ’Ἅπασα
526 1939 766 2016 μαλακία
820 1941 880 1995 ἐκ
927 1945 1034 1996 τῶν
1091 1940 1477 2008 πιστευόντων,
1557 1938 1644 1992 καὶ
1705 1941 1848 1992 πᾶσα

207 2029 364 2092 νόσος
391 2036 512 2092 ταῖς
555 2029 895 2100 ἀλεξικάκοις
949 2051 1044 2084 σου
1101 2027 1382 2106 παλάμαις
1439 2026 1730 2098 ἠλαύνετο,
1787 2027 1848 2090 ἅς

205 2117 460 2181 ἐπιτιθεὶς
492 2124 608 2181 τοῖς
636 2122 905 2189 νοσοῦσιν,
943 2119 1112 2192 ὑγιεῖς
1159 2115 1418 2186 ἐδείκνυς,
1453 2115 1741 2172 ἀπόστολε.

275 2208 584 2263 Θεοτόκιον.
619 2240 686 2250 --
713 2211 985 2280 *Υψωσας,
1040 2205 1286 2272 Θεοτόκε,
1345 2206 1441 2274 τήν
1488 2209 1844 2266 ταπεινωθεῖ-

206 2317 296 2351 σαν
351 2297 643 2368 ἀνθρώπων
730 2294 908 2372 φύσιν,
983 2295 1072 2349 καὶ
1153 2293 1353 2362 ταύτην
1411 2293 1686 2368 ἐξήγειρας
1743 2295 1841 2346 τοῦ

211 2384 445 2460 ἀρχαίου
476 2381 790 2457 πτώματος·
821 2384 914 2439 τὸν
949 2383 1177 2455 Χριστὸν
1209 2383 1336 2456 γὰρ,
1363 2381 1454 2436 τὸν
1514 2382 1842 2454 ἀνορθοῦντα

206 2474 334 2536 τοὺς
365 2473 850 2550 κατερῥαγμὲνους,
881 2470 1190 2546 ἐγέννησας.

732 2584 862 2655 Ὠδὴ
898 2587 954 2655 ζ’.
985 2589 1318 2642 Ναυτιῶντα.

280 2677 358 2734 Τὰ
385 2674 556 2750 ψευδῆ
593 2681 816 2750 σημεῖα,
870 2676 962 2730 καὶ
1018 2676 1112 2736 τὰς
1159 2671 1540 2750 φασματώδεις
1592 2669 1846 2745 δυνάμεις

211 2769 310 2820 τοῦ
346 2767 619 2838 Σίμωνος,
679 2762 866 2839 Πέτρε,
917 2767 1014 2817 τοῦ
1069 2763 1369 2838 καταράτου
1427 2761 1502 2822 εἰς
1553 2762 1614 2815 τὸ
1675 2761 1842 2834 μηθὲν

211 2851 475 2916 διαλύσας
507 2851 791 2922 ἀνέλυσας,
823 2853 897 2915 ὡς
927 2852 1091 2920 ἣλιος
1112 2850 1310 2926 γνόφον
1335 2851 1424 2905 καὶ
1460 2849 1724 2924 ὀμίχλην·
1755 2849 1845 2904 καὶ

214 2940 430 3006 πολλὰς
460 2939 712 3015 δυνάμεις
736 2941 788 2995 ἐν
821 2945 936 3012 Θεῷ
963 2940 1240 3011 ἐποίησας.

282 3033 346 3088 Ἡ
379 3035 514 3086 Θεοῦ
571 3032 734 3108 σοφία
791 3032 826 3099 ἡ
879 3028 1262 3100 ἐξουσιάζουσα
1311 3027 1548 3098 πάντων,
1599 3027 1690 3082 καὶ
1737 3029 1844 3097 σοὶ,

207 3121 400 3192 ῌέτρε,
432 3116 660 3174 δέδωκεν
683 3117 918 3191 ἐξουσίαν
969 3122 1158 3172 πατεῖν
1215 3117 1394 3174 ἐπάνω
1453 3115 1724 3194 σκορπίων
1755 3117 1846 3172 καὶ

1429 371 1731 427 ΗῩΜΝΠΒ
1770 371 1846 424 IN
1880 370 1941 423 Β.
1982 367 2388 426 GEORGIUM.

1879 1855 1928 1920 B

3473 364 3610 420 1394

1601 495 1856 567 ἠγάπησε
1884 495 1934 560 Α
1969 493 2402 550 sanctissimam
2434 495 2638 550 dilexit
2667 495 2932 548 Christus
2962 494 3115 546 Deus
3161 491 3604 564 pulchritudine

1964 582 2448 655 incomparabilis
2476 601 2488 637 :
2523 601 2646 653 oro,
2681 584 2948 650 Domina,
2977 582 3135 637 salva
3163 583 3280 636 me.

2353 789 2463 845 Ode
2495 791 2555 844 V.
2594 789 2819 844 Domine
2857 789 2994 842 Deus
3035 803 3202 841 meus.

2032 879 2231 932 Romae
2261 883 2579 950 prmses,et
2608 879 2748 950 regii
2766 877 2980 944 aerarii,
3003 882 3170 948 petra
3193 875 3598 942 ﬁdei,ﬁrmum

1961 967 2266 1021 catholicae
2296 967 2570 1038 Ecclesia)
2593 967 3068 1035 fundamentum,
3087 966 3268 1021 sacris
3286 965 3603 1019 celebreris

1962 1054 2346 1112 carminibus.

2037 1232 2210 1300 Usque
2292 1233 2508 1301 septies,
2559 1230 2867 1301 respondit
2917 1229 3021 1283 tibi
3071 1229 3338 1284 Christus
3383 1229 3608 1298 petenti

1961 1319 2192 1390 quoties
2224 1319 2608 1390 peccantibus
2640 1321 2702 1374 in
2734 1324 2790 1374 te
2843 1315 3286 1384 dimittendum,
3319 1319 3438 1372 Non
3485 1317 3608 1372 dico

1961 1409 2062 1461 tibi
2089 1424 2259 1488 usque
2288 1410 2501 1478 septies,
2533 1409 2626 1462 sed
2654 1424 2824 1478 usque
2845 1409 3153 1477 septuagies
3180 1408 3397 1476 septies.

2029 1586 2380 1640 Honorabilis
2410 1603 2594 1641 coram
2618 1589 2849 1641 Domino
2914 1601 3058 1641 mors
3112 1592 3426 1640 sanctorum
3455 1585 3595 1654 ejus,

1958 1674 2043 1728 uti
2076 1674 2360 1744 scriptum
2393 1679 2628 1740 est;tua
2657 1691 2790 1729 vero
2814 1673 3001 1729 multo
3023 1673 3596 1744 honorabilior,quia

1959 1761 2169 1817 divinae
2199 1763 2492 1834 passionis
2525 1780 2659 1820 vera
2681 1764 2894 1836 imago.

2027 1939 2231 1994 Omnis
2265 1957 2440 2012 scpor
2496 1941 2704 2011 procul
2759 1957 2793 1996 a
2839 1938 3237 2006 credentibus,
3299 1942 3358 1993 et
3403 1940 3600 1996 omnis

1955 2029 2197 2084 morbus
2229 2030 2562 2100 pellebatur
2593 2030 2914 2085 salutiferis
2945 2029 3062 2084 tuis
3105 2027 3406 2096 manibus,
3456 2045 3601 2100 quas

1954 2118 2318 2190 imponenda
2347 2119 2664 2190 languidis,
2701 2119 2952 2174 sanabas
2987 2134 3215 2184 omnes,
3241 2117 3528 2188 apostole.

2025 2209 2292 2276 Deiparw.
2327 2239 2394 2246 —
2411 2207 2788 2262 Humiliatam
2812 2207 3124 2262 hominum
3147 2213 3421 2262 naturam
3435 2208 3603 2262 resti-

1952 2296 2142 2359 tuisti,
2165 2297 2263 2350 Dei
2301 2296 2582 2362 Genitrix,
2609 2296 2854 2366 antiquo
2887 2312 3026 2351 casu
3051 2296 3393 2365 depressam
3413 2296 3596 2351 erexi-

1953 2385 2024 2439 sti
2057 2400 2234 2452 ;nam
2269 2385 2526 2456 genuisti
2557 2385 2880 2452 Christum,
2905 2385 3008 2456 qui
3050 2385 3268 2440 exaltat
3313 2385 3595 2444 humiles.

2477 2587 2588 2642 Ode
2623 2589 2716 2641 VI.
2757 2589 2957 2642 Vomen
2965 2593 3098 2642 tum.

2023 2675 2278 2731 Fallacia
2307 2676 2474 2747 signa
2501 2675 2802 2731 maledicti
2825 2675 3101 2744 Simonis,
3133 2677 3391 2744 Petre,et
3411 2692 3594 2732 vanas

1953 2765 2195 2820 virtutes
2225 2782 2466 2836 prorsus
2492 2765 2773 2833 avertisti,
2809 2764 2962 2819 sicut
2989 2765 3080 2819 sol
3093 2764 3368 2820 tenebras
3391 2765 3598 2822 etcali-

1954 2853 2150 2925 ginem
2179 2853 2376 2926 fugat;
2411 2859 2470 2908 et
2497 2853 2685 2908 multa
2713 2853 2978 2925 prodigia
2997 2854 3060 2907 in
3091 2855 3206 2916 Deo
3237 2853 3450 2910 fecisti.

2028 3029 2411 3100 Omnipotens
2435 3030 2536 3084 Dei
2564 3029 2875 3101 sapientia,
2941 3030 3042 3086 tibi
3085 3047 3340 3102 quoque,
3399 3033 3591 3098 Petre,

1953 3117 2296 3174 facultatem
2329 3118 2492 3174 dedit
2547 3137 2724 3190 super
2773 3120 3112 3190 scorpiones
3172 3119 3592 3176 deambulandi

210 3203 385 3284 ὄφεων
420 3210 526 3260 τῶν
559 3227 616 3259 τε
651 3207 858 3280 ὃρατῶν
917 3204 1004 3260 καὶ
1055 3207 1320 3279 ἀοράτων,
1347 3203 1422 3260 ὧν
1469 3213 1569 3274 τῆς
1620 3201 1823 3261 ἰοϐόλοι

2015 3207 2219 3262 sibiles
2251 3213 2308 3262 et
2336 3208 2662 3262 invisibiles
2696 3225 2986 3280 ;quorum
3035 3227 3069 3264 a
3097 3211 3412 3280 gvenenata
3459 3225 3594 3264 ma-

209 3295 539 3371 κακουργίας
571 3295 726 3368 ῥῦσαί
761 3317 846 3367 με.

283 3383 380 3440 Καὶ
413 3380 650 3455 μᾶλλον,
685 3383 871 3457 Πέτρε,
903 3382 1026 3444 τοὺς
1059 3382 1422 3456 ὡραιοτάτους
1455 3405 1550 3438 σου
1591 3379 1840 3446 πὸδας...

205 3473 442 3544 Reliqua
470 3473 868 3527 desiderantur.

691 3588 992 3644 ΙΩΑΝΝΟΥ
1022 3589 1358 3644 ΜΟΝΑΧΟΥ

423 3708 663 3762 ΚΑΝΩΝ
695 3706 806 3760 ΕΙΣ
839 3705 982 3760 TON
1009 3707 1216 3760 APION
1271 3707 1628 3773 I‘EQPI‘ION,

281 3805 342 3859 οὗ
371 3805 406 3874 ἡ
435 3803 770 3894 ἀκροστιχίς·
805 3783 1073 3894 Γεωργιου
1107 3802 1377 3894 μάρτυρος
1433 3781 1587 3874 ὑμνῶ
1641 3803 1770 3866 τοὺς

657 3874 878 3936 ἃθλους.
925 3874 1079 3934 Αἶνος
1111 3874 1386 3930 Ἰωάννου.

420 3959 550 4030 Ὠδὴ
597 3963 676 4018 Α“.
709 3963 889 4048 Ἦχος
937 3958 1034 4017 πλ.
1074 3957 1141 4014 δ’·
1177 3959 1627 4036 Ἀρματηλάτην.

279 4079 441 4152 [C0d.
475 4079 513 4132 f.
555 4080 700 4148 153.]
733 4077 1076 4146 Γεοπονήσας
1128 4081 1208 4148 τῷ
1259 4081 1474 4150 σταυρῷ
1526 4079 1624 4146 τὴν
1687 4079 1844 4154 ἂρου-

207 4187 302 4242 ραν
344 4173 445 4235 τῆς
505 4163 765 4236 διανοίας,
819 4166 908 4220 καὶ
966 4163 1020 4220 ἐν
1075 4164 1208 4238 αὐτῇ
1261 4165 1483 4239 σπείρας
1549 4167 1738 4242 ἀρετὰς
1788 4169 1838 4223 ἐν

209 4253 458 4330 δάκρυσι,
528 4257 757 4328 θερίζεις
804 4252 1149 4330 ἆγαλλίασιν·
1210 4253 1301 4308 διὰ
1357 4255 1459 4330 γὰρ
1520 4258 1840 4332 μαρτυρίου,

205 4349 464 4422 Γεώργιε,
497 4345 836 4419 ἐγεώργησας
866 4345 1066 4401 στάχυν
1097 4345 1443 4423 ψυχοτρόφον
1485 4346 1732 4416 ἀείζωον.

278 4437 365 4492 ’Ev
397 4439 474 4506 τῷ
504 4433 722 4511 σφοδρῷ
771 4441 870 4503 τῆς
900 4430 1144 4496 ἀσεϐείας
1189 4433 1426 4490 κλύδωνι
1483 4431 1662 4507 ἔστης,
1723 4438 1840 4492 ἀοί-

208 4524 354 4598 διμε,
388 4524 460 4586 ὡς
511 4523 748 4600 ἀρραγὴς
800 4523 988 4596 πὲτρα,
1045 4529 1133 4579 καί
1187 4526 1260 4589 ὡς
1315 4526 1522 4602 πύργος
1578 4529 1839 4598 ἅσειστος,

207 4613 435 4690 γενναίῳ
509 4615 847 4684 ἂναστήματι
896 4619 995 4682 τῆς
1083 4621 1296 4688 στερεᾶς
1352 4637 1448 4670 σου
1504 4615 1728 4692 καρδίας
1776 4619 1842 4672 τά

207 4707 312 4757 τῶν
344 4700 620 4756 κολάσεων
651 4701 866 4772 κύματα
895 4699 1040 4755 λύων
1090 4701 1164 4763 εἷς
1223 4701 1492 4777 ἀφρώδεις
1547 4705 1842 4780 πομφόλυ-

241 4810 322 4852 ας.

241 4811 274 4844 α
312 4833 322 4845 .

205 4811 240 4865 γ
279 4812 485 4955 ΞΩφθης
517 4877 590 4938 ὡς
625 4875 761 4931 λέων
796 4877 1072 4937 πεποιθὼς
1102 4875 1129 4930 6
1162 4873 1386 4941 δίκαιος’
1446 4882 1556 4934 τῶν
1611 4883 1838 4954 ἀγεννῶν

206 4968 310 5040 γὰρ
342 4969 524 5030 παθῶν
563 4965 860 5040 βασιλικῶς
907 4961 1086 5038 ἄρξας,
1121 4966 1408 5036 ἀπτοῆτως
1464 4966 1725 5042 ὥρμησας
1768 4971 1842 5034 ὡς

205 5052 346 5110 λὲων
379 5055 455 5116 εἰς
485 5056 546 5109 τὸ
570 5051 806 5119 σταδιον,
855 5053 982 5118 τοὺς
1036 5053 1268 5129 ἐχθροὺς
1314 5056 1709 5127 καταπλήττων
1765 5060 1838 5122 ὥς

199 5163 349 5206 τινας
400 5142 608 5220 φαύλας
665 5141 953 5206 ἀλώπεκας
1006 5142 1085 5216 τῷ
1146 5141 1414 5218 βασιλικῷ
1469 5167 1566 5202 σου
1626 5148 1840 5223 βρυχή-

209 5253 358 5304 ματι.

273 5321 426 5376 Ῥοῦν
473 5326 573 5390 τῆς
625 5321 835 5390 ἀπατης
899 5319 1146 5396 ἀκρατῶς
1227 5323 1546 5398 φερόμενον,
1609 5346 1834 5400 μαρτυς,

201 5408 484 5482 ἀνέκοψας·
538 5409 600 5462 τὸ
651 5409 752 5485 γὰρ
809 5409 973 5465 αὐτοῦ
1019 5412 1134 5480 ζὲον
1198 5412 1284 5466 καὶ
1346 5413 1406 5467 τὸ
1470 5413 1830 5487 ἀκμαιότατον

203 5496 462 5574 ῥαγδαίας
493 5495 873 5574 προσϐαλόντα
930 5521 1014 5555 σοι
1063 5500 1152 5556 καὶ
1212 5500 1460 5580 σφοδρῶς
1510 5507 1834 5582 προσραγέν-

199 5607 290 5654 τα,
321 5588 408 5641 οἱα
461 5590 713 5664 φραγμός
769 5588 1134 5666 ἀκαθαίρετος,
1194 5592 1369 5648 ὀπίσω
1427 5600 1630 5670 χωρεῖν
1705 5617 1834 5676 κατ-

203 5695 529 5752 ηναγκασας.

1957 3297 2223 3369 lignitate
2247 3314 2339 3351 me
2371 3297 2610 3352 liberes.

2023 3389 2102 3441 Ac
2121 3388 2337 3456 potius,
2363 3389 2556 3458 Petre,
2619 3387 3092 3458 speciosissimos
3131 3387 3310 3459 pedes
3340 3393 3590 3444 tuos.....

1953 3477 2184 3545 Reliqua
2204 3477 2604 3531 desiderantur.

2447 3591 2742 3646 JOANNIS
2770 3589 3098 3646 MONACHI

2201 3705 2486 3758 HYMNUS
2528 3705 2598 3756 IN
2641 3705 2925 3758 BEATUM
2957 3705 3339 3760 GEORGIUM.

1949 3814 2146 3869 Pri-mae
2197 3825 2444 3864 versuum
2503 3809 2698 3884 littera}
2740 3817 2938 3884 sonant
2967 3827 2984 3862 :
3033 3811 3262 3884 Georgii
3311 3814 3587 3884 martyris

2232 3886 2404 3934 canto
2447 3881 2791 3934 certamina.
2847 3881 2994 3934 Laus
3042 3882 3305 3937 Joannis.

2163 3971 2271 4026 Ode
2291 3971 2336 4024 Ι.
2371 3971 2546 4024 Sonus
2575 3967 2672 4024 πλ.
2705 3972 2757 4024 4.
2793 3972 2994 4025 Curras
3025 3974 3372 4040 agitatorem.

2021 4090 2201 4142 Cruce
2230 4103 2502 4156 campum
2535 4086 2751 4140 mentis
2777 4086 3108 4148 excoluisti,
3157 4085 3358 4156 ibique
3409 4087 3470 4140 in
3501 4087 3585 4143 la-

1951 4177 2169 4248 crymis
2199 4175 2443 4230 virtutes
2476 4174 2808 4240 seminasti,
2841 4190 3000 4228 nunc
3033 4175 3208 4228 metis
3240 4174 3588 4230 exsultatio-

1951 4283 2086 4322 nem
2109 4283 2122 4332 ;
2157 4280 2292 4318 nam
2317 4280 2421 4333 per
2441 4261 2811 4332 martyrium,
2837 4263 3063 4335 Georgi,
3091 4280 3346 4318 messem
3361 4265 3583 4336 parasti

1952 4353 2360 4426 spiritualibus
2387 4351 2744 4420 mternisque
2763 4349 3050 4406 fructibus
3073 4352 3371 4408 refertam.

2021 4443 2210 4496 Media
2236 4441 2629 4511 inimpiorum
2645 4441 3283 4510 tempestateimmotus
3297 4443 3586 4512 restitisti,

1948 4530 2034 4584 vir
2063 4529 2377 4592 celebrate,
2409 4527 2569 4580 velut
2591 4526 2940 4582 inconcussa
2951 4535 3138 4598 petra,
3163 4533 3222 4583 et
3237 4529 3589 4584 velutturris

1953 4621 2314 4680 firmissima.
2365 4617 2622 4689 ingenua
2675 4615 2871 4670 cordis
2921 4618 3198 4672 ﬁrmitate
3222 4606 3589 4673 cruciatuum

1952 4708 2166 4764 ﬂuctus
2197 4706 2455 4762 eludisti.

2021 4884 2360 4954 Apparuisti
2390 4885 2548 4940 velut
2571 4886 2663 4941 leo
2695 4886 2846 4942 ﬁdus
2873 4889 2932 4939 et
2955 4885 3146 4954 justus
3172 4897 3184 4947 ;
3222 4897 3361 4936 nam
3393 4881 3586 4952 pravis

1951 4973 2374 5042 cupiditatibus
2405 4975 2681 5046 regaliter
2705 4975 3045 5030 dominatus
3071 4987 3152 5038 es,
3187 4975 3466 5042 tanquam
3491 4970 3582 5026 leo

1951 5059 2280 5130 intrepidus
2312 5063 2568 5118 stadium
2599 5064 2895 5130 invadisti,
2948 5061 3266 5130 hostesque
3321 5061 3586 5116 terruisti

1950 5164 2056 5203 ceu
2087 5149 2337 5204 miseras
2369 5151 2571 5222 vulpes
2607 5153 2766 5224 regio
2799 5150 3014 5221 rugitu.

2017 5328 2406 5397 Impotentem
2441 5329 2656 5384 erroris
2682 5327 2906 5382 ﬂuxum
2942 5326 3286 5392 cohibuisti,
3319 5332 3583 5398 martyr;

1948 5432 2086 5471 nam
2114 5417 2241 5488 ejus
2271 5419 2386 5471 vim
2416 5419 2822 5473 vehementem
2852 5421 2908 5470 et
2939 5416 3580 5488 turbidam,asperum-

1946 5523 2060 5577 que
2085 5507 2394 5578 impetum,
2431 5507 2592 5562 velut
2639 5512 2870 5578 septum
2903 5506 3342 5572 inconcussum,
3375 5510 3567 5560 retro-

1943 5595 2108 5669 gredi
2139 5597 2397 5670 coegisti.
