3888 6136
378 371 516 428 1395
1883 394 1913 444 Δ

2193 392 2250 446 Α.
3621 402 3728 458 1396

458 500 679 600 lingua
708 503 876 600 tarda
898 509 956 560 et
971 507 1161 576 exilis,
1195 526 1378 581 osque
1424 511 1652 568 discors
1705 517 1762 569 te
1792 513 1993 586 hymni

2215 512 2525 569 Θεοτόκιον.
2561 546 2626 555 -
2662 517 2890 569 ΓΛῶσσα
2945 512 3169 591 βραδεῖα
3220 519 3309 573 καὶ
3362 525 3539 598 σαφῶς
3592 508 3731 600 ἰσχνά

392 587 692 646 celebrare
713 592 1018 664 gloriatur,
1050 597 1261 653 Domin
1278 616 1312 654 a
1339 617 1352 668 ;
1387 605 1442 655 te
1464 603 1624 658 enim
1648 609 1927 659 cantantc

2196 623 2348 671 ωνος,
2407 602 2495 657 καὶ
2530 602 2704 676 στόμα
2752 601 2995 679 δύσηχόν
3053 627 3137 660 σοι
3196 616 3526 686 προσφωνεῖν
3572 612 3731 684 ὕμνους

390 693 496 732 nes
519 680 866 752 angelorum
900 683 1119 757 linguai
1151 692 1210 742 et
1238 688 1531 746 flammea:
1564 697 1622 747 et
1646 693 1855 765 ignem,
1878 698 1925 747 et

2194 686 2528 761 ὃλαϐοῦνται,
2563 691 2840 747 Δέσποινα’
2874 693 2932 748 σὲ
2987 695 3090 770 γὰρ
3149 695 3403 769 ὑμνοῦσιν
3453 697 3632 756 ἅπασαι
3652 708 3729 757 τῶν

389 781 810 839 corporeorum
842 788 962 827 ora.

2197 778 2396 855 γγέλων
2428 781 2482 834 αἱ
2512 780 2757 857 γλῶσσαι
2788 783 2843 836 αἱ
2877 780 3161 859 φλογεροὶ,
3192 786 3282 839 καὶ
3314 787 3647 866 πυρίμορφοι,
3667 792 3732 845 καὶ

2149 872 2257 923 τῶν
2290 869 2594 942 ἀσωμάτων
2623 872 2689 925 τά
2711 870 2972 943 στόματα.

848 951 959 1007 Odc
987 953 1088 1010 1H.
1123 956 1229 1019 Qui
1280 960 1584 1025 conﬁrmat.

2613 958 2744 1039 ’ῼδή
2778 960 2849 1015 Γ’.
2899 961 2961 1018 Ὁ
3016 962 3328 1038 στερεώσας.

474 1038 547 1093 Ut
575 1038 823 1111 gloriam
854 1046 913 1095 et
940 1043 1123 1098 vitam
1155 1045 1216 1099 in
1246 1045 1476 1101 Christo
1509 1048 1871 1105 reconditam
1904 1068 2009 1105 con

2223 1048 2335 1101 Ἵνα
2364 1053 2466 1116 τῆς
2497 1038 2656 1119 δόξης
2687 1048 2777 1103 καὶ
2810 1053 2955 1117 ζωῆς
3010 1057 3109 1119 τῆς
3166 1049 3219 1104 ἐν
3278 1058 3499 1129 Χριστῷ
3547 1075 3733 1129 κρυπτο-

407 1126 685 1200 tingeres,
717 1129 1037 1201 despexisti
1063 1132 1309 1205 gloriam
1342 1134 1631 1207 fugacem,
1657 1144 1716 1192 et
1743 1156 1942 1211 corru;

2200 1136 2319 1203 ἐνης
2349 1135 2640 1211 ἐπιτύχῃς,
2690 1138 3093 1213 κατεφρόνησας
3150 1126 3634 1214 δόξηςἾλυομὲνης,
3672 1143 3735 1199 καὶ

396 1213 579 1270 bilem
592 1217 766 1272 vitam
783 1219 1084 1290 sapienter
1105 1222 1417 1295 neglexisti
1435 1242 1448 1292 ;
1475 1241 1657 1297 quare
1678 1244 1931 1298 permor‘

2199 1229 2399 1298 θαρτῆς
2430 1222 2717 1299 ἠλόγησας
2749 1223 2993 1298 εὐλόγως
3052 1232 3216 1296 ζωῆς·
3273 1225 3358 1283 διὸ
3417 1213 3504 1283 διὰ
3556 1230 3734 1294 θανάτου

398 1304 577 1361 vitam
608 1306 882 1363 invenisti
917 1314 1227 1367 (sternam.

2155 1308 2303 1386 εὗρες
2335 1312 2477 1380 ζωὴν
2508 1314 2605 1381 τὴν
2637 1312 2876 1369 αἰώνιον.

473 1395 599 1450 Non
654 1395 977 1453 laborando
1035 1400 1326 1470 defecisti,
1388 1420 1504 1457 non
1577 1403 1929 1478 defatigatus
1986 1423 2008 1461 ε

2226 1400 2305 1456 Οὐ
2328 1403 2729 1476 κατενάρκησας
2755 1403 2969 1476 καμὼν,
3016 1403 3118 1458 οὐκ
3175 1404 3460 1467 ἐκοπίασας
3514 1408 3642 1470 δΑως
3684 1409 3736 1469 ὡς

404 1483 708 1556 velutigne
741 1486 964 1541 etferro
989 1504 1280 1561 pugnans,
1307 1490 1460 1546 ferro
1483 1497 1541 1547 et
1561 1494 1722 1548 omni
1737 1495 1939 1549 adama

2204 1488 2478 1560 αχόμενος
2499 1490 2633 1564 πυρὶ
2670 1491 2762 1544 καὶ
2816 1489 3048 1564 σιδήρῳ,
3102 1493 3130 1546 ὁ
3188 1490 3417 1566 σιδήρου
3456 1494 3542 1548 καὶ
3584 1497 3736 1557 παντὸς

404 1573 652 1636 ﬁrmior,
690 1574 793 1629 sed
849 1577 1051 1632 omnia
1104 1578 1405 1649 pertulisti
1439 1581 1596 1636 velut
1642 1583 1808 1637 testis
1839 1583 1939 1638 alii

2202 1573 2465 1649 δάμαντος
2509 1577 2889 1653 περῥότατος,
2948 1577 3074 1634 ἀλλ’
3131 1579 3308 1644 οὕτως
3363 1580 3642 1657 ἐκαρτέρεις
3684 1584 3737 1644 ὡς

398 1663 719 1733 passionis.

2160 1666 2360 1738 θεωρὸς
2393 1663 2568 1721 ἄλλου
2598 1668 2925 1741 πάσχοντος.

475 1754 588 1806 Pro
617 1753 846 1809 Christo
878 1757 1306 1825 conversantis,
1353 1758 1767 1814 instrumentis
1798 1765 2010 1815 tortore

2228 1753 2386 1828 Ὑπὲρ
2419 1760 2658 1829 Χριστοῦ
2687 1755 3067 1829 προσομιλῶν,
3099 1755 3492 1831 κολαστηρίοις
3536 1757 3737 1833 ὀργάνοις

408 1856 623 1912 corpus
655 1843 715 1897 in
747 1848 944 1914 partes
975 1844 1267 1911 dividunt,
1301 1851 1359 1900 et
1386 1852 1584 1918 partes
1629 1848 1691 1903 in
1717 1849 1943 1903 minuti:

2203 1844 2581 1914 ιτατέμνουσιν
2653 1844 2726 1906 ὡς
2784 1845 2948 1916 μὲρη,
3006 1846 3092 1899 καὶ
3148 1844 3290 1917 μέλη
3359 1842 3639 1921 διαιροῦσιν
3684 1845 3738 1907 εἷς

410 1947 529 1997 ma,
567 1932 887 1987 fortissime
915 1951 927 2000 ;
962 1933 1066 1988 sed
1096 1935 1381 1990 charitate
1412 1936 1625 1991 Christi
1656 1941 1945 1992 mentem:

2201 1931 2331 1986 επτά
2356 1931 2420 1985 τὸ
2450 1931 2609 2004 σῶμά
2637 1953 2758 1999 σου,
2792 1930 3090 1997 πολύαθλε·
3162 1935 3254 1989 τὸν
3286 1933 3549 2011 λογισμὸν
3576 1933 3736 2009 ἐτήρεις

415 2037 516 2075 vas
546 2021 1007 2092 integerrimam.

2158 2018 2400 2092 ἄτμητον
2433 2021 2491 2075 ἐκ
2517 2028 2616 2090 τῆς
2646 2020 2857 2097 ἀγάπης
2887 2023 3140 2094 Χριστοῦ.

490 2110 757 2163 Afﬂictus
788 2116 1030 2181 propter
1057 2112 1376 2180 Christum,
1409 2113 1510 2184 qui
1549 2119 1790 2184 propter
1819 2118 1873 2168 te
1905 2114 2025 2169 afﬂi

2232 2111 2605 2183 Μαστιγωθεὶς
2638 2107 2727 2164 διὰ
2757 2111 2982 2184 Χριστὸν
3012 2111 3106 2165 τὸν
3156 2109 3245 2166 διὰ
3294 2114 3353 2168 σὲ
3414 2111 3734 2188 μαπιχθέντα,

419 2202 548 2252 ctus
579 2198 864 2265 est,illum
883 2199 943 2252 in
967 2199 1247 2253 membris
1271 2202 1387 2255 tuis
1404 2200 1954 2272 glorificasti,tanqu

2205 2199 2246 2250 πὶ
2274 2195 2499 2270 δοξάσας
2523 2205 2641 2260 τοῖς
2672 2204 2789 2260 σοῖς
2824 2197 3008 2270 μὲλεσι
3037 2202 3252 2268 τοῦτον,
3287 2202 3365 2265 ὡς
3417 2204 3483 2257 τά
3529 2200 3740 2275 στίγματα

419 2286 693 2357 stigmata
722 2286 849 2355 ejus
869 2286 1067 2340 ferens
1099 2288 1397 2342 carnitum
1424 2288 1619 2351 afﬁxa,
1654 2294 1712 2343 et
1740 2290 1954 2363 ipseglc

2200 2285 2320 2340 ὗτοῦ
2355 2286 2619 2361 βαστάσας
2647 2291 2715 2360 τῇ
2748 2287 2922 2359 οἰκείᾳ
2952 2289 3106 2363 σαρκὶ
3166 2287 3554 2362 ἀντεδοξάσθης
3590 2286 3735 2357 πλέον,

414 2374 624 2428 ﬁcatus
656 2390 717 2427 es
748 2375 957 2446 magis,
1002 2375 1403 2432 illustrissime
1435 2377 1662 2449 Georgi.

1264 2376 1403 2432 sime
1435 2377 1662 2449 Georgi.
2160 2371 2512 2448 δεδοξασμένε
2542 2377 2799 2451 Γεώργιε.

486 2464 761 2532 Deiparav.
796 2493 859 2501 -—
912 2465 1297 2519 Peccatorum
1357 2466 1621 2536 procella
1673 2466 2021 2537 iniquitatur

2230 2465 2532 2521 Θεοτόκιον.
2594 2498 2659 2508 -
2716 2464 3025 2539 ’Λμαρτιῶν
3087 2487 3152 2538 με
3215 2467 3486 2540 καταιγῖς,
3550 2466 3736 2538 ἀνομιῶν

418 2556 759 2622 tempestas,
814 2552 1201 2625 malignitatis
1261 2555 1488 2625 scopuli
1540 2555 1831 2624 dejiciunt
1861 2573 1953 2611 me

2197 2554 2437 2626 ρικυμία,
2467 2552 2889 2625 ἀλλεπάλληλοι
2919 2552 3178 2616 σπιλάδες
3210 2556 3405 2617 κακίας
3462 2557 3732 2618 συνωθοῦσιν

418 2642 597 2697 imam
631 2643 1034 2713 impietatem;
1095 2644 1171 2698 da
1214 2644 1601 2717 mihi,Virgo,
1661 2645 1950 2714 dextram,

2199 2644 2233 2703 Υς
2268 2641 2429 2715 βαθὺν
2466 2642 2627 2714 βυθὸν
2675 2645 2775 2710 τῆς
2827 2643 3210 2718 ἀπογνώσεως·
3244 2641 3340 2706 δός
3394 2665 3507 2717 μοι,
3539 2642 3734 2715 Παρθένε,

419 2731 631 2787 ﬂuctus
660 2732 950 2787 viventem
982 2749 1078 2787 me
1102 2733 1332 2788 obruat.

2158 2735 2341 2805 χεῖρα,
2382 2731 2457 2803 μή
2486 2734 2633 2802 κῦμα
2664 2735 2841 2799 ζῶντα
2864 2730 3084 2806 καλύψῃ
3121 2753 3207 2805 με.

664 2840 774 2895 Ode
805 2840 903 2894 IV.
962 2841 1039 2892 Tu
1090 2839 1320 2907 Christe,
1360 2840 1618 2894 Dominus
1641 2857 1808 2896 meus.

2465 2833 2595 2905 Ὠδὴ
2625 2843 2691 2891 A‘.
2729 2834 2805 2890 Σύ
2840 2858 2964 2909 μου,
2998 2838 3219 2911 Χριστὶ,
3254 2838 3479 2911 Κύριος.

484 2927 828 2982 Rhetoricas
858 2929 1272 2999 contempsisti
1305 2929 1765 3000 disputationes,
1818 2934 1875 2983 et
1911 2928 2019 2984 insi

2227 2926 2552 3001 Ῥητορικὴν
2633 2924 2949 3000 ἐρεσχελίαν
3024 2923 3332 2995 διὲπτυσας,
3419 2925 3504 2981 καὶ
3569 2925 3730 2998 ἀσόφων

412 3017 703 3087 pientium
734 3033 919 3087 nugas
938 3016 1171 3071 veritati
1203 3017 1435 3088 sibique
1494 3018 1865 3072 contentiose
1915 3035 1945 3072 c

2191 3012 2465 3089 γλήναφον,
2497 3016 2565 3086 τῇ
2595 3010 2825 3083 ἀληθείᾳ
2853 3014 2940 3067 καὶ
2972 3014 3184 3075 ἑαυτοῖς
3217 3012 3627 3086 διαμαχομένων
3652 3011 3726 3086 ἐρι-

410 3105 829 3160 tradicentium
856 3123 869 3171 ;
900 3106 1114 3159 Christi
1145 3107 1245 3160 Dei
1267 3107 1621 3176 sapientiam
1655 3106 1863 3161 doctus
1886 3112 1944 3161 et

2197 3106 2361 3161 τικοίς
2383 3100 2696 3168 ἀντιθέσεσι,
2751 3106 2983 3176 Χριστοῦ
3053 3106 3186 3158 Θεοῦ
3243 3102 3436 3179 σοφίαν
3492 3103 3561 3163 ὡς
3615 3101 3732 3174 σοφὸς

413 3195 689 3266 geniosus
723 3211 791 3248 ex
824 3195 1023 3248 anima
1046 3194 1333 3264 dilexisti,
1364 3195 1593 3266 Georgi.

2078 3224 2120 3291 α
2157 3189 2243 3243 καὶ
2275 3187 2540 3263 ἀγχίνους
2569 3188 2628 3242 ἐκ
2647 3192 2833 3291 ψμχῆς
2862 3191 3167 3262 ἀγαπήσας,
3202 3191 3461 3265 Γεώργιε.

476 3282 824 3337 Turbulenti
854 3283 1290 3337 vehementium
1317 3283 2011 3354 tormentorumimpetus

2241 3279 2549 3355 Τυφωνικαὶ
2579 3276 2825 3356 σφοδρῶν
2882 3279 3124 3353 βασάνων
3171 3279 3496 3346 ἀντίπνοιαι,
3542 3279 3617 3334 καὶ
3664 3296 3734 3348 μα-

415 3377 473 3425 et
525 3370 899 3425 amarissima
958 3370 1328 3442 flagellorum
1384 3371 1654 3439 flumina,
1715 3376 1773 3426 et
1826 3373 1950 3427 turb

2201 3367 2365 3442 τίγων
2420 3368 2663 3440 ποταμοὶ
2718 3366 3060 3440 πικρότατοι,
3108 3368 3197 3421 καὶ
3272 3368 3545 3443 πυραυγὴς
3591 3362 3736 3435 θολερᾶ

412 3465 702 3535 igneaque
746 3461 945 3533 pluvia
968 3462 1143 3516 simul
1180 3467 1234 3515 te
1267 3461 1576 3529 invadunt,
1610 3469 1668 3516 et
1696 3463 1889 3518 subito
1915 3480 1947 3519 a

2200 3460 2354 3535 ἱροχὴ
2389 3458 2500 3530 ἅμα
2532 3454 2927 3533 προσϐαλόντα,
2958 3459 3049 3513 καὶ
3098 3456 3367 3536 αἰφνίδιόν
3426 3481 3504 3514 σοι
3551 3456 3735 3526 προσρήι

409 3550 599 3621 piunt,
633 3549 737 3603 sed
767 3547 1161 3602 confessionis
1187 3553 1301 3602 tua:
1322 3548 1532 3603 turrim
1584 3549 1944 3606 labefacere]

2197 3556 2349 3615 ξαντα,
2384 3546 2481 3601 οὐκ
2510 3545 2752 3601 ἔπτωσαν
2784 3548 2874 3603 τὸν
2921 3548 3124 3623 πύργον
3180 3554 3280 3617 τῆς
3335 3555 3433 3617 σῆς
3479 3543 3732 3620 ὁμολογίας·

406 3639 643 3701 valent;
673 3654 812 3692 nam
840 3638 900 3690 in
933 3641 1101 3707 petra
1134 3636 1379 3692 fundata
1410 3643 1554 3693 erat.

1521 3643 1554 3693 |:.
2168 3637 2219 3691 ἐν
2251 3640 2318 3709 τῇ
2349 3635 2518 3710 πέτρᾳ
2544 3636 2647 3712 γὰρ
2676 3633 3056 3708 τεθεμελίωτο.

480 3729 803 3781 Fornacem
839 3725 1042 3779 multis
1073 3725 1249 3797 lignis
1272 3742 1619 3781 succensam
1640 3769 1654 3795 ,
1682 3728 1836 3783 velut
1857 3727 2015 3783 thala

2236 3724 2374 3799 Ὕλῃ
2406 3722 2594 3798 πολλῇ
2633 3724 2737 3799 γὰρ
2794 3723 3092 3803 ἐξάφθησάν
3122 3746 3205 3779 σοι
3254 3728 3505 3800 κάμινον,
3556 3721 3617 3784 ὦς
3660 3738 3734 3772 πα-

412 3831 576 3869 mum
627 3814 927 3867 roscidum
986 3813 1291 3885 ingressus
1324 3831 1388 3868 es
1422 3834 1434 3883 ;
1469 3816 1713 3887 angelus
1764 3818 1921 3871 enim

2196 3811 2333 3868 τάδα
2394 3809 2648 3887 δροσερὰν
2692 3809 3025 3885 εἰσέδραμες·
3078 3812 3309 3888 ἅγγελος
3353 3819 3488 3878 θεῖος
3536 3812 3622 3887 γὲρ
3666 3827 3731 3862 κα-

412 3917 609 3957 rorem
632 3899 947 3971 quemdam
977 3917 1257 3972 spargens
1292 3901 1552 3957 fornacis
1574 3904 1943 3974 temperabat

2198 3902 2367 3964 απτάς
2392 3902 2477 3955 οἶα
2515 3900 2683 3966 πνοὴν
2744 3897 2939 3975 δρόσου
2998 3897 3320 3975 διασυρίζων
3357 3900 3567 3968 ἐποίησε
3588 3898 3639 3951 τὸ
3666 3896 3733 3967 μὲ-

413 3990 637 4055 dorem,
673 3986 1009 4043 excutiebat
1039 3987 1363 4056 ﬂammam,
1383 3995 1441 4043 et
1462 3990 1595 4062 igne
1622 3992 1948 4061 superiore:

2304 3994 2403 4059 τῆς
2454 3989 2714 4061 καμίνου,
2775 3987 3072 4043 ἐκτινάσσει
3114 3990 3211 4057 τήν
3272 3989 3457 4067 φλόγα
3483 3988 3561 4044 καὶ
3607 3982 3731 4057 πυρὸς

406 4077 739 4151 praestabat.

2166 4077 2530 4150 δυνατώτερον
2564 4074 2737 4145 δείξας
2756 4097 2837 4133 σε.

476 4167 725 4221 Verbum
761 4166 860 4220 Dei
891 4166 1078 4221 vivum
1115 4173 1172 4221 et
1194 4166 1564 4221 salutiit’crum
1600 4167 1805 4239 lingua
1826 4184 2011 4240 get-en

2235 4169 2415 4238 Ῥῆμα
2470 4169 2603 4220 Θεοῦ
2663 4168 2765 4233 ζῶν
2824 4166 2911 4219 καὶ
2973 4167 3115 4235 ζωὴν
3175 4167 3541 4241 παρεχόμενον
3590 4160 3632 4217 ἐν
3684 4158 3729 4228 σῇ

398 4254 824 4320 illustrissime,
867 4256 1152 4325 gentilem
1185 4257 1294 4307 vi"?
1320 4257 1501 4311 {icasti
1537 4261 1672 4311 ante
1703 4257 1918 4312 Christi

2193 4254 2387 4329 ’λώσσῃ
2421 4255 2620 4331 φέρων,
2666 4250 3013 4326 παναοίδιμε⁹
3068 4255 3255 4329 νεκρὸν
3307 4255 3547 4323 ἐζώωσας
3574 4248 3628 4305 δι’
3669 4244 3728 4299 εὖ·

402 4359 680 4401 scensum
703 4342 1090 4407 defunctum;
1134 4342 1328 4397 divino
1389 4346 1747 4415 baptismate
1804 4346 1937 4417 bapt

2308 4340 2562 4410 Ἕλληνα
2593 4341 2817 4404 θανόντα
2846 4342 2950 4416 πρὸ
2990 4347 3089 4411 τῆς
3144 4346 3379 4416 Χριστοῦ
3433 4333 3725 4396 καταϐάσεως·

406 4441 554 4496 tum,
579 4433 640 4485 in
672 4432 945 4504 gehenna
968 4430 1118 4502 ignis
1150 4430 1417 4485 liberasti
1446 4433 1642 4501 (Deest.
1693 4444 1833 4495 θεοτ.
1877 4443 1925 4490 et

2189 4432 2504 4503 Ξαπτίσματι
2536 4427 2593 4483 δὲ
2623 4429 2749 4501 θείῳ
2783 4428 3069 4505 βαπτίσας,
3127 4434 3319 4486 τοῦτον
3371 4430 3422 4484 ἐν
3469 4426 3625 4504 γεέννῃ
3659 4442 3724 4474 πυ-

411 4523 462 4577 V
488 4522 691 4591 echus.)

2186 4522 2259 4583 ›ὸς
2290 4519 2670 4593 ἡλευθὲρωσας
2720 4522 2795 4588 (1)
2825 4521 2973 4575 Deest
3018 4523 3168 4575 Θεοτ.
3228 4526 3279 4574 et
3337 4520 3450 4575 σάω
3499 4519 3544 4572 V
3577 4508 3721 4575 collus.)

1113 4610 1222 4666 Ode
1270 4611 1334 4665 V.
2080 4574 2258 4639 Dr'
2436 4574 2503 4593 ν.

2436 4574 2503 4593 ν·
2872 4602 3298 4675 tam;

544 4740 557 4754 .
607 4740 619 4752 .
650 4715 848 4754 amare
880 4702 1252 4771 gemuerunt,
1278 4703 1336 4752 et
1364 4697 1539 4752 deum
1570 4698 1672 4753 Dei
1714 4716 1904 4769 praeco
1934 4700 2044 4754 hu-

2229 4741 2244 4756 ο
2307 4740 2320 4753 -
2377 4693 2925 4767 -πικρῶςοῗ’μῶζαν,
2976 4695 3065 4748 καὶ
3121 4694 3212 4749 τὸν
3271 4695 3389 4758 θεὸν
3444 4696 3566 4749 Θεοῦ
3602 4682 3716 4758 κῆρυξ

402 4805 579 4845 mana
608 4806 744 4843 voce
777 4788 836 4843 in
871 4788 1173 4860 pulverem
1205 4786 1447 4859 redegit.
1493 4788 1673 4841 Deum
1722 4787 1925 4842 videns

1759 4787 1925 4842 idens
1974 4788 2046 4842 ab
2157 4785 2468 4861 ἀνθρωπίνῃ
2503 4787 2656 4862 φωνῇ
2689 4781 2989 4852 ἐλεπτύνθη
3030 4781 3103 4844 εἷς
3136 4787 3294 4857 χοῦν.

405 4879 605 4950 impiis
628 4878 998 4950 principibus
1033 4878 1325 4931 offensum
1358 4893 1474 4929 non
1530 4876 1888 4944 sustinuisti,

2281 4876 2341 4928 ’1:’
2390 4858 2607 4945 ἀνόμων
2666 4872 2966 4957 ἀρχόντων,
3010 4868 3226 4945 βλέπων
3275 4866 3606 4945 ὑϐριζόμενον

409 4968 605 5022 divino
638 4969 830 5023 studio
859 4984 960 5023 cor
982 4966 1699 5035 inﬂammatus,magnum
1725 4965 1944 5021 erranti

2287 4963 2531 5037 ἤνεγκας,
2557 4958 2704 5014 ἀλλά
2729 4958 2855 5030 θείῳ
2885 4955 3038 5030 ζήλῳ
3090 4957 3338 5036 ἀναφθεὶς
3392 4958 3488 5023 τήν
3539 4947 3717 5037 καρδίαν,

412 5071 673 5110 errorem
708 5055 1046 5127 increpasti,
1075 5060 1131 5108 et
1163 5055 1346 5109 Deum
1396 5054 1692 5108 Christum
1749 5054 1947 5109 confes

2182 5034 2444 5123 ἰιήλεγξας
2471 5046 2756 5122 παρελθὼν
2818 5046 2894 5106 εἷς
2956 5034 3211 5119 μεγάλην
3257 5050 3363 5099 τῶν
3423 5034 3717 5109 πλανωμένων

412 5160 495 5200 es.
2159 5139 2257 5207 τήν
2289 5138 2519 5206 ἀπάτην,
2553 5135 2639 5190 καὶ
2674 5135 2805 5189 Θεὸν
2835 5134 2924 5188 τὸν
2964 5135 3193 5208 Χριστὸν
3226 5131 3593 5206 ὡμολόγησας.

480 5230 739 5302 Martyrii
772 5230 880 5295 tui,
900 5230 1179 5299 Salvator,
1208 5231 1360 5284 viam
1379 5245 1655 5302 peragam
1682 5235 1739 5284 et
1767 5230 2015 5284 laetabor

2288 5224 2543 5299 αρτυρίου
2601 5244 2719 5291 σου,
2768 5227 2978 5296 Σῶτερ,
3032 5216 3288 5295 ἔψαλλες,
3344 5218 3615 5307 δραμοῦοαι

411 5321 493 5375 ita
516 5318 817 5386 cantabas,
841 5319 1228 5391 Georgi,dum
1261 5319 1511 5391 speciosi
1542 5317 1627 5373 tui
1656 5317 1835 5388 pedes
1851 5318 1946 5372 feri

2355 5311 2477 5369 ὁδὸν
2510 5312 2596 5368 καὶ
2624 5313 3026 5390 τερφθήσομαι,
3061 5309 3114 5364 ἐν
3165 5315 3243 5382 τῷ
3272 5305 3609 5380 καθηλοῦσθαι
3635 5305 3722 5350 τοὺς

1976 5478 2198 5533 NOTAE.

488 5629 561 5697 (t)
607 5627 672 5679 In
704 5624 832 5679 Vita
881 5624 935 5679 S.
988 5621 1245 5747 Gregorii
1309 5638 1417 5693 par
1469 5622 1590 5676 fere
1646 5620 1716 5675 de
1773 5619 2020 5690 Trajano
2068 5619 2428 5687 ﬁtnarratio,
2476 5632 2655 5689 quam
2716 5615 2972 5687 theologi
3021 5631 3227 5678 omnes
3281 5613 3542 5670 refutant.
3578 5605 3715 5706 111va

488 5698 686 5747 auium
719 5696 969 5747 Allatius
1000 5694 1064 5747 in
1126 5691 1382 5747 ‘xamine
1410 5692 1693 5747 librorum
1735 5691 1885 5746 Eccl.
1950 5693 2043 5745 Gr.

419 5691 686 5754 omnium
719 5696 969 5751 Allatius
1000 5694 1064 5749 in
1103 5691 1382 5747 Examine
1410 5692 1693 5747 librorum
1735 5691 1885 5746 Eccl.
1950 5693 2043 5745 Gr.
3638 5692 3643 5706 ‘
