3888 6136
185 368 337 426 1397

1416 368 1716 422 HYMNUS
1752 368 1827 421 IN
1863 369 1922 424 Β.
1964 369 2367 427 GEORGIUM.

3458 371 3599 428 1398

173 492 419 568 ὡραιους
463 509 559 545 σου
614 486 807 557 πόδας,
866 487 1120 564 Γεώργιε,
1177 485 1424 560 σιδηραῖς
1477 488 1705 561 κρηπίσι
1734 508 1798 543 κα

1978 493 2197 563 repidis
2228 496 2695 567 conﬁgebantur,
2761 501 2821 553 et
2872 495 3080 565 clavis,
3140 500 3199 550 et
3252 511 3461 551 cruore
3491 500 3593 552 tuo

170 579 582 657 περιπείρεσθαι
613 582 730 639 τοῖς
759 575 942 650 ἣλοις,
992 577 1187 649 καὶτῷ
1219 576 1403 652 λύθρῳ
1463 577 1737 655 φοινίσσον
1769 577 1831 631 τὸ

176 668 404 731 ἔδαφος.

254 691 456 833 ἒῖῗέέὸν
511 752 785 830 ἀνδριάντι
845 753 933 809 καὶ
1018 752 1358 829 παρικαλλὶς
1396 798 1410 824 ,
1496 755 1832 830 ὡραιότητος

174 844 407 921 ἄγαλμα
447 848 542 900 τοῦ
590 847 724 899 Θεοῦ
768 843 822 897 αἱ
874 846 1082 917 χεῖρες,
1142 844 1197 896 αἱ
1217 843 1308 896 τὸν
1366 840 1650 915 ἄνθρωπον
1673 863 1832 897 κατα-

176 936 504 990 σκευάσασαι
539 931 592 987 ἐν
620 928 809 1004 πολλῇ
865 931 1029 1008 σοφίᾳ
1084 930 1173 985 καὶ
1232 930 1509 1004 ἐπιστήμη
1564 930 1740 1003 ἔξεσάν
1773 952 1830 985 σε

173 1022 273 1077 καὶ
306 1021 379 1083 εἷς
405 1018 611 1083 κάλλος
644 1018 987 1094 εὐρύθμησαν
1016 1019 1239 1095 ἄφατον.

246 1109 552 1165 Θεοτόγιον.
587 1140 654 1151 -
686 1106 1011 1182 Ὠρυόμενος
1054 1103 1196 1161 λέων
1244 1106 1433 1179 κύκλῳ
1478 1105 1825 1182 περιέρχεται

163 1202 448 1253 καταπιεῖν
484 1217 551 1270 με
599 1199 776 1265 ζητῶν
834 1199 950 1256 τοῖς
1009 1193 1173 1248 αὐτοῦ
1224 1191 1432 1249 ὀδοῦσι·
1470 1196 1544 1266 μή
1584 1216 1649 1267 με
1677 1192 1826 1267 δῴης

166 1285 247 1347 εἷς
302 1286 494 1360 θήραν,
553 1284 943 1355 πανάμωμε,ἠ
972 1281 1101 1336 Θεὸν
1159 1286 1390 1337 τεκοῦσα
1444 1283 1535 1337 τὸν
1597 1286 1826 1358 κραταιᾷ

163 1373 402 1447 παλάμῃ
431 1372 547 1443 θείᾳ
568 1372 676 1426 τῶν
708 1369 942 1426 λεόντων
972 1370 1068 1433 τὰς
1098 1369 1278 1442 μύλας
1324 1368 1483 1435 συνθλ
1497 1372 1714 1428 ἀσαντα.

580 1474 713 1556 ᾯδή
749 1477 809 1546 ζ’.
842 1478 957 1545 Τὴν
997 1472 1179 1546 δέησιν
1207 1475 1407 1551 ἐκχεῶ.

238 1567 347 1624 Τὸν
377 1565 622 1621 τείναντα
662 1564 749 1620 ἐπὶ
802 1564 968 1635 ξύλου
1009 1565 1103 1627 τὰς
1137 1570 1344 1640 χεῖρας,
1395 1566 1484 1620 καὶ
1537 1569 1605 1639 τῇ
1637 1564 1820 1639 λόγχῃ

165 1657 271 1724 τὴν
302 1653 538 1729 πλεῦρᾶν
567 1654 885 1729 ὀρυχθέντα,
934 1654 1112 1728 Λόγον
1144 1658 1277 1709 Θεοῦ
1302 1653 1392 1707 καὶ
1441 1654 1571 1708 Θεὸν
1619 1675 1820 1728 καταγ-

166 1741 411 1819 γέλλων,
442 1742 761 1819 ἀναρτηθεὶς
815 1741 904 1797 ἐπὶ
956 1740 1145 1811 ζύλου,
1201 1743 1455 1816 Γεώργιε,
1488 1747 1705 1804 κοντοῖς
1734 1739 1814 1796 διδ

1943 582 2375 652 parvimentum
2400 585 2671 642 rubebat.

2012 760 2149 825 Quaa
2182 765 2437 817 statuam
2468 764 2791 818 effecerunt
2810 762 3059 818 rationis
3081 777 3358 833 capacem
3382 766 3440 817 et
3458 761 3585 833 pul-

1940 848 2294 905 cherrimam
2321 852 2578 923 speciem
2595 852 2696 906 Dei
2719 868 2954 917 manus,
2983 851 3283 905 hominem
3307 856 3586 921 parentes

1937 937 1999 992 in
2030 938 2220 994 multa
2244 940 2537 1010 sapientia
2589 946 2648 995 et
2697 940 2970 1003 scientia,
3005 939 3413 1010 exspoliarunt
3442 944 3498 994 te
3530 944 3588 995 et

1936 1025 2379 1096 pulchritudine
2406 1034 2463 1082 te
2493 1035 2933 1083 exornaverunt
2962 1028 3273 1083 ineffabili.

2006 1114 2279 1184 Deiparae.
2328 1145 2400 1156 —
2456 1118 2712 1189 Rugiens
2770 1118 2987 1172 circuit
3030 1117 3123 1171 leo
3167 1133 3441 1187 quaerens
3490 1133 3585 1173 me

1936 1201 2216 1259 dentibus
2270 1204 2588 1269 devorare;
2651 1221 2726 1260 ne
2788 1222 2882 1259 me
2932 1205 3130 1259 tradas
3187 1206 3250 1259 in
3302 1206 3585 1276 praedam,

1933 1290 2214 1347 inviolata
2242 1294 2344 1348 Dei
2377 1294 2650 1365 genitrix,
2689 1294 2789 1364 qui
2825 1294 3052 1365 potenti
3083 1310 3189 1348 sua
3235 1294 3431 1349 divina
3459 1311 3587 1350 ma-

1931 1394 2014 1433 nu
2044 1381 2316 1436 maxillas
2345 1382 2586 1438 leonum
2614 1381 2956 1454 confringit.

2381 1488 2491 1543 Ode
2527 1489 2621 1553 VI,
2658 1490 2847 1543 Preces
2878 1487 3123 1557 effando.

1999 1575 2105 1639 Qui
2139 1592 2348 1630 manus
2399 1592 2578 1646 super
2630 1577 2857 1648 lignum
2904 1575 3173 1640 tetendit,
3221 1574 3392 1646 cujus
3424 1575 3579 1631 latus

1926 1661 2134 1718 lancea
2163 1664 2550 1734 perforatum,
2607 1665 2859 1719 Verbum
2910 1664 3010 1719 Dei
3059 1669 3118 1718 et
3147 1665 3329 1719 Deum
3358 1664 3484 1735 ipse
3514 1665 3577 1720 in

1926 1750 2086 1822 ligno
2144 1753 2435 1808 exaltatus
2491 1752 2850 1823 praedicasti,
2929 1752 3175 1824 Georgi;
3237 1752 3363 1823 ipse
3420 1752 3575 1807 latus

171 1830 395 1916 επείρου
424 1832 519 1896 τὰς
572 1828 837 1905 πλευρὰς,
886 1828 1010 1886 ἀλλ’
1068 1828 1207 1904 εὐχῇ
1262 1831 1358 1894 τὰς
1406 1830 1583 1903 ἀκμὰς
1640 1830 1798 1885 αύτῶη

1978 1839 2111 1894 astis
2140 1840 2441 1910 perfossus
2480 1857 2568 1908 es,
2621 1841 2725 1895 sed
2768 1840 3045 1912 precibus
3095 1856 3299 1895 earum
3326 1840 3578 1896 vulnera

172 1914 488 1989 ἤμϐλυνας.

264 1942 437 1975 οΛυνα
475 1961 488 1975 ο

220 1942 304 2062 P:0
334 1942 500 2061 λίθων
532 2005 984 2079 ἀναισθητότερος
1042 2004 1238 2072 οὕτως,
1289 2004 1363 2068 ὠς
1394 2006 1484 2060 καὶ
1517 2003 1694 2070 λίθοις
1725 2005 1822 2059 ἀν-

170 2097 452 2166 αισθητοις
484 2093 783 2167 λατρεύων,
815 2093 1001 2148 ὕπτιόν
1042 2114 1099 2148 σε
1147 2093 1231 2148 ἐπ’
1279 2092 1507 2171 ἐδάφους
1537 2092 1821 2155 ἀπλώσας,

170 2185 310 2258 λίθῳ
342 2183 522 2256 βαλεῖ,
556 2182 785 2251 ἐκπιέζει
816 2182 882 2236 τὰ
925 2181 1216 2257 σπλάγχνα
1264 2202 1381 2251 σου,
1416 2183 1579 2243 αὐτὸς
1612 2179 1670 2235 δὶ
1718 2183 1816 2250 τήν

167 2273 367 2349 πέτραν
388 2278 486 2342 τῆς
538 2276 703 2341 ζωῆς,
733 2270 825 2325 τὸν
871 2269 1177 2343 πολύτιμον
1225 2269 1378 2335 λίθον
1434 2270 1647 2332 ἐπόθεις
1680 2271 1818 2345 Χρι-

174 2362 300 2418 στόν
311 2404 326 2418 .

240 2451 583 2519 Ὑπέκκαυμα
610 2451 705 2502 τοῦ
752 2447 923 2521 πυρὸς
978 2450 1075 2501 τοῦ
1132 2443 1397 2501 ἀσϐέστου
1457 2444 1812 2521 χρηματίζων

170 2539 201 2593 ὁ
254 2537 370 2598 υἱὸς
399 2536 427 2590 ὁ
465 2542 566 2605 τῆς
621 2535 861 2611 γεέννης,
918 2538 1128 2588 νεοκαεῖ
1183 2535 1270 2588 καὶ
1326 2533 1517 2607 ζεούσῃ
1576 2528 1816 2604 ἀσϐέστῳ

167 2622 541 2699 καταχωννύει
590 2643 669 2692 σε,
705 2623 929 2697 μάρτυς·
964 2618 1089 2676 ἀλλ’
1148 2621 1381 2697 εὕρηκας
1440 2622 1685 2691 συνήθως
1715 2616 1817 2694 ἄγ-

172 2711 337 2787 γελον
368 2711 627 2791 φρουρὸν,
657 2712 748 2765 τὸν
786 2708 1043 2785 ῥύόμενόν
1076 2730 1134 2764 σε
1164 2708 1224 2764 ἐκ
1251 2709 1529 2772 νεότητος.

248 2796 511 2874 Σιδήρὸυ,
545 2796 721 2868 λίθου,
784 2795 1022 2870 χαλκοῦ,
1053 2794 1359 2870 ἀδάμαντος
1417 2795 1811 2871 ἰσχυρώτερος,

176 2889 433 2963 Γεώργιε,
465 2881 678 2961 ὤφθης⁸
737 2881 962 2939 ἕκαστον
1020 2886 1122 2960 γὰρ
1181 2888 1288 2940 τῶν
1339 2884 1809 2958 ἀπηριθμημένων

173 2980 497 3051 παραχωρεῖ
524 2978 604 3047 τῷ
633 2973 763 3046 πυρὶ
812 2970 1216 3045 δαπανώμενον·
1252 2973 1415 3036 αὐτὸς
1459 2970 1537 3043 δὲ,
1572 2973 1616 3026 ὥ
1645 2969 1809 3046 χάρι-

166 3083 264 3125 τος
292 3060 537 3131 πολλῆς,
566 3062 654 3116 καὶ
686 3061 981 3135 παμφάγου
1003 3062 1171 3135 πυρὸς
1197 3060 1581 3137 ὑπερίσχυσας.

242 3148 548 3205 Θεοτόκιον.
581 3180 648 3190 —
674 3149 946 3223 Ἀπάτορα
998 3150 1091 3203 τὸν
1137 3149 1390 3224 ἀμήτορα
1445 3149 1643 3210 τίκτεις
1677 3147 1806 3221 ὑπὲρ

172 3234 372 3293 ἔννοιαν
402 3236 492 3290 καὶ
522 3235 676 3313 φύσιν
727 3235 816 3289 καὶ
873 3233 1064 3309 λόγον,
1114 3234 1206 3290 ⁹ίνα
1261 3238 1389 3292 Θεὸν
1434 3236 1800 3310 ἀπεργάσηται
1833 3212 1876 3280 C

173 3328 334 3391 θέσει·
390 3325 478 3379 τὸν
549 3323 872 3379 πεπτωκότα
926 3321 1111 3379 ἐλπίδι
1140 3371 1155 3393 ,
1215 3324 1470 3394 θεότητος
1527 3326 1752 3396 ἀξίωσον
1786 3368 1801 3395 ,

172 3414 455 3482 Δέσποινά,
484 3413 625 3486 κάμὲ
653 3416 752 3478 τῆς
783 3412 1036 3487 γλυκείας
1056 3413 1219 3468 αὐτοῦ
1249 3413 1605 3487 ὡραιότητος.

544 3518 674 3599 ᾨδή
706 3521 778 3578 Ζ’.
810 3520 877 3577 Οἱ
918 3519 977 3575 ἐκ
1002 3527 1104 3590 τῆς
1137 3518 1419 3589 Ἰουδαίας,

241 3614 375 3666 Θεοῦ
415 3631 472 3665 σε
525 3609 618 3665 τὸν
678 3607 912 3676 ὁπλίτην
973 3606 1128 3663 οὐδὲν
1162 3605 1351 3682 ἴσχυσε
1412 3607 1630 3682 βλάψει,
1677 3605 1802 3662 οὐδὲ

168 3699 530 3773 λυμήνασθαι,
565 3697 625 3752 ού
660 3696 942 3773 βράσματα
965 3692 1235 3767 λεϐήτων,
1268 3697 1329 3751 οὐ
1360 3699 1615 3772 χάσματα
1646 3694 1803 3751 λεόν-

164 3806 294 3844 των·
327 3787 388 3842 ού
417 3788 517 3861 γὰρ
561 3783 628 3854 δὴ
679 3783 989 3860 παραδώσει
1019 3785 1147 3847 Θεὸς
1174 3786 1357 3859 ψυχὴν
1414 3785 1601 3857 θηρίος
1655 3785 1800 3858 αύτῷ

170 3876 251 3948 ἐξο
261 3873 691 3949 μολογουμένην.

236 3966 501 4039 Λογισμῷ
531 3959 817 4030 διαιτήσας
845 3963 914 4033 τῇ
965 3963 1120 4035 ψυχῇ
1175 3960 1264 4014 καὶ
1325 3960 1482 4035 σαρκί
1510 3981 1629 4030 σου,
1658 3962 1795 4036 μάρ-

162 4074 255 4117 τυς
287 4053 536 4127 Γεώργιε,
584 4054 663 4120 τῷ
692 4048 958 4121 πνεύματι
1015 4050 1076 4102 τὸ
1128 4054 1308 4121 σῶμα,
1338 4054 1417 4120 τῷ
1439 4050 1702 4124 κρείττονι
1731 4052 1794 4106 τὸ

167 4146 348 4215 χεῖρον
424 4143 700 4214 νουνεχῶς
780 4135 1162 4208 καθυπέταξας,
1220 4135 1504 4209 διαιτητὴς
1560 4134 1793 4215 ἀκριϐὴς

164 4230 337 4307 φανεὶς
364 4232 472 4282 τῶν
500 4227 635 4301 πρὸς
665 4226 833 4299 ἀξίαν.

228 4319 288 4375 Ὁ
342 4316 555 4378 κλεινὸς
613 4314 981 4393 ἀθλοφόρουὸ
1012 4312 1231 4385 πολλὴν
1291 4314 1593 4390 παρῥησίαν
1652 4318 1789 4392 πρὸς

159 4408 248 4460 τὸν
279 4408 510 4478 Σωτῆρα
538 4401 814 4470 πλουτῶν,
841 4404 933 4459 τὸν
991 4402 1227 4459 πλοῦτον
1275 4403 1382 4459 τῶν
1414 4407 1600 4461 παθῶν
1654 4428 1781 4480 μου,

159 4493 247 4547 τὸν
275 4493 473 4565 φόρτον
499 4494 608 4546 τῶν
639 4495 816 4546 κακῶν
842 4514 949 4564 μου
990 4491 1372 4566 διασκόρπισον
1407 4491 1619 4566 δέομαι,
1653 4494 1782 4550 ἀνα-

160 4581 346 4655 κωχὴν
383 4601 476 4652 μοι
508 4576 712 4645 διδοὺς,
742 4579 831 4633 καὶ
862 4582 1163 4655 κουφισμὸν
1192 4586 1289 4637 τοῦ
1324 4582 1543 4657 βάρους.

228 4674 443 4739 Ὕμνοις
504 4668 707 4740 μάρτυς
759 4666 1054 4737 ύμνείσθω,
1102 4669 1130 4722 ὁ
1179 4669 1279 4735 τὴν
1339 4670 1543 4724 σύνεσιν
1603 4672 1789 4748 μέγας,

1932 1925 2240 1993 obtudisti,

2000 2015 2093 2069 Sic
2123 2015 2418 2086 lapidibus
2447 2015 2674 2084 durior,
2705 2034 2815 2072 ceu
2863 2016 3129 2087 lapidum
3158 2016 3374 2083 fautor,
3406 2017 3576 2072 humi

1928 2104 2178 2175 supinus
2200 2104 2525 2175 explicatus
2551 2121 2633 2170 es,
2670 2112 2728 2160 et
2746 2105 2982 2175 injectis
3003 2104 3317 2175 lapidibus,
3350 2105 3577 2160 viscera

1928 2192 2270 2263 expressisti
2298 2198 2438 2260 tua;
2469 2193 2595 2264 ipse
2643 2198 2841 2248 autem
2888 2198 3117 2263 petram
3147 2193 3302 2259 vita),
3336 2197 3395 2247 et
3422 2192 3572 2264 lapi-

1925 2278 2061 2335 dem
2087 2281 2415 2351 pretiosum
2446 2281 2744 2336 Christum
2775 2280 3151 2351 exquirebas.

1994 2457 2143 2510 Dum
2170 2461 2224 2510 te
2254 2456 2724 2529 inexstinguibili
2768 2456 2890 2530 igni
2943 2457 3174 2512 tradere
3223 2462 3472 2513 conatur
3496 2460 3569 2514 ﬂ-

1921 2544 2037 2599 lius
2057 2545 2691 2617 gehennaa,ferociente
2714 2551 2771 2600 et
2791 2546 3021 2601 ardenti
3042 2547 3283 2601 ﬂamma
3307 2550 3563 2617 torquet,

1920 2638 2181 2705 martyr;
2216 2633 2319 2689 sed
2366 2640 2720 2689 consuetum
2765 2635 3044 2689 invenisti
3094 2634 3408 2703 fautorem,
3459 2637 3562 2707 qui

1920 2726 1977 2776 te
2008 2738 2079 2776 ex
2100 2723 2411 2793 juventute
2435 2721 2688 2777 fovebat.

1991 2812 2187 2879 Ferro,
2239 2810 2455 2881 lapide,
2515 2827 2651 2877 aare,
2706 2810 3022 2865 adamante
3053 2810 3280 2877 fortior,
3329 2812 3558 2885 Georgi,

1917 2899 2076 2954 visus
2106 2914 2208 2965 es;
2251 2899 2465 2953 horum
2508 2900 2669 2954 enim
2715 2900 2960 2971 quodvis
3006 2900 3140 2971 igne
3188 2900 3467 2968 solvitur;
3501 2906 3562 2957 at
3657 2966 3670 2979 .

1917 2991 2001 3053 tu,
2032 2988 2220 3059 gratia
2246 2986 2482 3056 referte,
2516 2987 2759 3043 edacem
2787 2988 2977 3044 vicisti
3007 2989 3225 3060 ignem.

1988 3167 2253 3236 Deiparaz.
2312 3194 2382 3207 --
2427 3165 2663 3237 Absque
2714 3171 2966 3222 matrem
3012 3168 3300 3241 genitum,
3350 3184 3557 3224 rursus

1913 3252 2136 3324 absque
2157 3258 2321 3325 patre
2338 3253 2527 3325 gignis
2543 3259 2758 3325 praiter
2772 3254 3185 3326 cogitationem
3206 3261 3263 3310 et
3281 3260 3556 3311 naturam

1913 3349 1972 3397 et
1996 3345 2309 3408 rationem,
2341 3349 2409 3399 ut
2452 3344 2594 3400 deos
2642 3361 2753 3400 nos
2800 3345 3055 3412 efﬁciat;
3106 3363 3208 3417 spe
3257 3346 3553 3418 dejectum

1911 3431 2215 3488 divinitate
2243 3433 2525 3504 digneris,
2560 3435 2828 3502 Domina,
2871 3440 2929 3489 et
2956 3435 3114 3490 dulci
3164 3435 3293 3507 ejus
3338 3434 3547 3507 gratia.

2353 3541 2462 3595 Ode
2502 3542 2618 3595 VII.
2654 3543 2759 3605 Qui
2786 3542 2852 3596 de
2878 3544 3091 3597 Iudaea.

1978 3629 2053 3682 Te
2085 3629 2185 3683 Dei
2218 3629 2467 3682 militem
2499 3628 2845 3683 voluitnihil
2864 3630 3079 3684 laedere
3097 3636 3198 3684 aut
3224 3631 3546 3701 offendere,

1908 3732 2018 3771 nec
2049 3717 2201 3787 ignis
2232 3716 2441 3783 fervor,
2476 3734 2585 3771 nec
2608 3718 2846 3772 leonum
2878 3718 3074 3784 furor;
3101 3736 3220 3773 non
3247 3719 3407 3774 enim
3439 3725 3549 3774 tra-

1908 3803 2008 3859 det
2037 3806 2189 3859 Deus
2219 3804 2381 3873 feris,
2432 3822 2563 3875 quae
2606 3806 2802 3876 ipsum
2847 3808 3118 3863 confessa
3159 3808 3355 3877 fuerit,
3407 3808 3543 3863 ani-

1907 3908 2089 3947 mam.

1976 3981 2222 4035 Ratione
2276 3981 2534 4050 dirigens
2584 3982 2843 4038 animam
2894 3991 2953 4039 et
3008 4001 3269 4049 carnem,
3323 3991 3547 4057 martyr

1905 4070 2132 4140 Georgi,
2183 4070 2415 4140 spiritui
2461 4088 2693 4142 corpus,
2740 4073 2975 4127 meliori
3026 4074 3195 4144 pejus
3238 4074 3544 4145 subjecisti

1903 4158 2220 4228 sapienter,
2248 4159 2508 4229 prudens
2537 4161 2863 4231 apparuisti
2894 4162 3024 4216 vita;
3055 4163 3380 4218 institutor.

1966 4335 2190 4406 Inclyte
2211 4335 2451 4405 athleta,
2485 4336 2584 4406 qui
2616 4342 2841 4394 tantam
2868 4355 3067 4395 coram
3088 4341 3386 4399 Salvatore
3409 4343 3540 4401 lau-

1892 4425 2028 4480 dem
2074 4427 2474 4497 promeruisti,
2508 4428 2946 4485 multitudinem
2987 4433 3331 4502 passionum
3364 4452 3527 4492 mea-

1893 4530 2047 4581 rum,
2096 4514 2327 4569 turbam
2380 4515 2673 4570 malorum
2720 4534 2987 4573 meorum
3035 4520 3264 4590 disjice,
3312 4540 3540 4593 quasso,

1818 4575 1862 4638 Β
1894 4603 2162 4672 requiem
2196 4602 2271 4657 da
2300 4602 2467 4671 mihi,
2502 4610 2560 4659 et
2587 4606 2786 4660 oneris
2817 4607 3105 4663 levamen.
3194 4628 3196 4630 '

1968 4690 2210 4759 Hymnis
2232 4691 2549 4746 celebreris
2578 4699 2820 4764 martyr,
2845 4694 3239 4768 intelligentia
3262 4715 3531 4769 magnus,

160 4755 245 4810 καὶ
291 4757 390 4824 τὴν
441 4752 632 4828 σοφίαν
690 4753 882 4821 πολὺς,
943 4755 973 4808 ὁ
1026 4753 1211 4830 λόγοις
1268 4756 1641 4828 στηλιτεύσας,
1698 4762 1787 4815 καὶ

1978 4775 2187 4847 pientia
2236 4778 2420 4846 dives,
2479 4781 2580 4850 qui
2613 4781 2802 4836 verbis
2860 4782 3272 4839 incriminatus
3333 4802 3417 4850 es,
3477 4792 3536 4842 et

158 4839 334 4919 ἔργοις
360 4836 722 4913 θριαμϐεύσας
750 4842 849 4908 τὴν
878 4842 1087 4910 ἀπάτην
1114 4844 1212 4911 τὴν
1236 4838 1447 4918 ἔεργον,
1480 4846 1568 4899 καὶ
1589 4867 1788 4921 καταγ-

1978 4865 2171 4920 eribus
2197 4866 2514 4921 confudisti
2563 4869 2818 4924 otiosum
2868 4887 3150 4938 errorem,
3200 4872 3301 4941 qui
3334 4874 3530 4930 Chris-

156 4930 338 5006 γείλας
371 4929 599 5005 Χριστὸν
629 4929 750 4983 Υἱὸν
786 4932 919 4983 Θεοῦ
940 4930 1029 4983 καὶ
1059 4930 1251 5003 Λόγον.

222 5019 526 5073 Θεοτόκιον.
559 5048 628 5059 -
659 5015 735 5070 Σὺ
766 5019 927 5090 γενοῦ
988 5037 1078 5088 μοι
1138 5017 1447 5091 προστάτις,
1492 5019 1554 5074 σὺ
1586 5020 1785 5097 φαιδρὰ

1893 4955 2016 5005 tum
2048 4953 2380 5022 praedicasti
2412 4957 2627 5011 Filium
2654 4959 2756 5013 Dei
2790 4963 2848 5012 et
2879 4959 3152 5013 Verbum.

1960 5041 2231 5109 Deiparce.
2290 5074 2332 5081 -
2362 5045 2445 5097 Tu
2499 5062 2589 5099 me
2620 5046 2881 5117 adjuves,
2936 5051 2997 5099 tu
3041 5063 3134 5101 me
3165 5051 3394 5121 egregie
3425 5051 3529 5107 de-

152 5106 475 5179 παραστάτις
511 5148 525 5172 ,
586 5105 1010 5203 θεογεννήτριαὶ
1071 5104 1231 5174 ἡνίκα
1281 5107 1379 5175 την
1439 5111 1623 5183 ψυχὴν
1676 5132 1779 5183 μου

1978 5127 2117 5193 fdas,
2177 5130 2279 5184 Dei
2339 5133 2641 5187 Genitrixl
2716 5134 2951 5203 quando
3023 5136 3284 5193 animam
3332 5156 3527 5199 meam

150 5193 349 5270 ἐσχάτη
382 5195 465 5249 καὶ
497 5192 704 5269 μεγάλη
765 5187 1046 5268 καταλάϐῃ
1101 5214 1429 5269 περιστασις,
1476 5197 1565 5252 καὶ
1596 5197 1779 5270 ἕξελοῦ

1978 5216 2168 5288 ειτὶρίεῐ
2194 5219 2405 5276 ultima
2435 5228 2493 5276 et
2541 5238 2771 5277 summa
2819 5225 3164 5296 necessitas,
3213 5228 3402 5286 libera
3430 5248 3527 5287 me

153 5303 218 5355 με
243 5283 425 5357 χειρὸς
456 5281 664 5355 λῃστῶν
696 5281 1033 5356 ἀεροπόρων.

426 5367 555 5439 Ὠδὴ
614 5371 697 5428 Η“,
759 5367 1176 5433 Ἑπταπλασίως
1243 5371 1490 5444 κάμινος.

215 5458 532 5521 Ἀθανασίαν
574 5457 765 5530 εὕρατο
824 5455 913 5512 διὰ
969 5456 1064 5512 σοῦ
1124 5459 1459 5531 Ἀθανάσιος,
1515 5473 1615 5535 τῆς
1647 5468 1774 5531 ἀθα-

1886 5303 1958 5359 de
1989 5305 2316 5363 latronibus
2346 5311 2637 5368 :ethereis.

2265 5398 2376 5452 Ode
2412 5399 2558 5451 VIII.
2591 5399 2853 5469 Septuplo
2878 5406 3142 5458 caminus.

1955 5478 2269 5541 Ἀθανασίαν
2298 5484 2506 5538 habuit
2532 5502 2637 5555 per
2669 5493 2721 5540 te
2754 5488 3248 5561 Athanasius,noc
3277 5498 3521 5553 nomine

143 5545 323 5612 νασίας
354 5546 382 5601 ὁ
413 5544 640 5624 φαιδρὸς
689 5546 992 5618 ἐπώνυμος·
1048 5549 1305 5623 τυράννου
1360 5556 1646 5628 προστάξει
1674 5558 1774 5633 γὰρ

1985 5568 2095 5624 rito
2135 5573 2509 5642 conspicuus.
2560 5576 2704 5630 Nam
2754 5580 2987 5648 tyranni
3023 5582 3199 5652 jussu
3251 5585 3521 5640 mortife-

145 5635 508 5712 θανατηφόρον
560 5635 839 5713 φάρμακόν
897 5656 983 5690 σοι
1023 5639 1346 5714 κεκερακὼς,
1404 5640 1627 5710 ἀπαθῶς
1678 5667 1775 5704 πε-

1885 5670 2021 5711 rum
2051 5656 2157 5711 tibi
2186 5658 2618 5729 promiscuerat
2659 5679 2950 5722 venenum
2973 5685 3007 5739 ,ν
3041 5685 3291 5726 carnens
3319 5678 3520 5731 autem
