3888 6136
386 284 523 371 1399

384 415 443 467 te
472 411 624 468 illud
648 413 893 487 impune
924 415 1252 488 bibentem,
1300 420 1610 494 obstupuit
1658 429 1714 481 et
1760 423 2035 480 virtutem

390 498 624 574 agnovit
655 502 871 560 Christi
904 504 1007 577 qui
1036 513 1289 565 mortem
1312 503 1583 567 "sustulit.
1808 504 1835 519 ”
1956 508 1957 515 “

460 606 689 663 Robore
718 609 950 666 caelitus
998 618 1057 666 et
1084 614 1300 671 invicta
1327 616 1377 670 vi
1428 600 1694 674 munitus
1742 622 1885 673 rotas
1920 623 2035 673 tor-

391 699 659 776 mentum
703 698 1041 776 pertulisti;
1091 701 1301 773 gladiis
1359 705 1688 776 confossus,
1744 706 1922 762 ﬁbras
1981 711 2040 762 et

390 770 942 857 nervoS'ldivulsu‘s,
1002 792 1178 863 rupta
1238 808 1510 849 ossorum
1583 796 1920 863 concordia,
1982 800 2040 851 et

391 873 687 945 spicarum
720 874 909 931 instar
939 866 1138 933 sacros
1171 879 1384 955 digitos
1413 899 1620 938 omnes
1650 880 1958 958 collegisti.

457 1051 809 1133 Crudelibus
858 1055 1055 1112 nervis
1106 1058 1286 1130 pedes
1332 1066 1391 1115 et
1436 1079 1651 1117 manus
1683 1063 2039 1134 discerptus,

383 1132 632 1196 nervum
657 1132 947 1198 enervasti
972 1146 1162 1201 hostis
1183 1147 1463 1219 ferreum,
1493 1152 1666 1223 cujus
1685 1151 1876 1206 cervix
1907 1169 2042 1207 con-

386 1227 575 1285 fracta
605 1230 714 1285 Fuit
764 1233 1100 1290 manifeste.
1152 1234 1419 1293 Christus
1470 1239 1630 1295 enim
1681 1241 1955 1296 ﬁrmabat
1988 1247 2042 1296 te

386 1316 639 1374 militem
690 1320 886 1390 suum,
945 1325 1140 1379 nervis
1198 1330 1254 1382 te
1306 1329 1477 1383 mreis
1535 1330 1936 1401 circumdans,
1977 1336 2044 1386 ut

388 1407 578 1478 aiunt,
610 1414 789 1480 atque
833 1412 948 1466 vim
999 1413 1105 1468 tibi
1158 1414 1457 1486 inspirans
1502 1417 1563 1471 in
1609 1418 1727 1473 Deo
1774 1419 2045 1492 prodigia

392 1496 673 1565 faciendi,
708 1515 773 1554 ac
804 1500 1080 1556 virtutem
1116 1498 1379 1559 solvendi
1415 1505 1815 1562 tenebrarum.

463 1604 765 1685 Quomodo
788 1607 942 1661 Deus
960 1608 1226 1664 Christus
1250 1616 1307 1664 et
1333 1613 1530 1667 omnis
1548 1618 1833 1668 creaturae
1852 1615 2044 1669 Domi-

389 1711 502 1775 nus
526 1692 877 1749 ethumanaa
909 1692 1137 1753 natura:
1171 1690 1397 1770 auctor,
1431 1703 1523 1756 vel
1553 1702 1769 1758 invitos
1803 1704 2045 1775 coegisti

388 1770 690 1836 daemones
721 1783 907 1837 Deum
938 1787 1231 1854 conﬁteri,
1263 1788 1405 1843 licet
1456 1796 1672 1846 natura
1724 1792 2040 1846 mendaces
2069 1787 2118 1853 B

389 1854 707 1926 sinti‘Nam
758 1878 1111 1943 potestatem
1162 1882 1325 1931 tuam
1376 1878 1437 1933 in
1488 1879 1648 1950 ipsos
1696 1881 1887 1949 veriti,
1932 1897 2040 1936 ceu

387 1959 537 2015 servi
567 1959 903 2033 flagriones,
942 1964 1221 2021 mandata
1253 1971 1354 2023 tua
1378 1968 1761 2040 peragebant.

460 2139 735 2225 ῼΙθλίρανέε.
769 2171 839 2179 -
868 2142 1119 2197 Carnem
1152 2145 1483 2215 suscipiens
1518 2162 1589 2199 ex
1619 2147 1905 2218 sanguine
1944 2152 2041 2202 tuo

390 2226 798 2297 incorporeus,
833 2229 1139 2285 hominem
1170 2234 1510 2307 carnalibus
1543 2236 1870 2307 subjectam
1893 2236 2041 2291 desi-

393 2315 597 2381 deriis,
621 2322 679 2369 et
703 2312 943 2387 spiritus
993 2312 1319 2390 expertem,
1368 2306 1830 2393 Spiritus'Sancti
1866 2308 2040 2381 domo

395 2404 711 2472 roboravit,
745 2423 811 2460 ac
848 2407 959 2461 vim
992 2407 1153 2465 dedit
1192 2427 1403 2483 corpus
1456 2413 1777 2484 superbum
1808 2416 2041 2487 sapien-

396 2498 486 2550 ter
516 2496 1037 2567 comprimendi,et
1063 2499 1127 2554 in
1150 2490 1493 2558 servitutem
1510 2503 2038 2579 redigendi,V’irgo.

702 2760 813 2817 Ode
839 2762 932 2816 IX.
966 2763 1263 2849 Infremuit
1292 2766 1467 2820 omnis
1492 2764 1735 2820 auditus.

463 2899 772 2955 Gressibus
804 2900 989 2955 animi
1021 2899 1105 2953 tui
1138 2899 1200 2952 in
1229 2903 1398 2970 petra
1437 2898 1575 2953 ﬁdei
1620 2899 1906 2967 fundatis,
1943 2916 2037 2954 er-

390 2988 543 3041 roris
586 2988 905 3044 simulacra
954 2989 1017 3041 in
1049 2988 1351 3059 pulverem
1406 2987 1713 3059 dejeeisti;
1768 2988 1920 3043 collo
1965 2988 2038 3043 ad

398 3077 577 3130 Deum
608 3077 918 3143 inclinato,
952 3082 1011 3131 et
1041 3082 1312 3132 truncata
1340 3077 1533 3146 gladio
1566 3077 1811 3144 cervice,
1845 3077 2033 3132 athle-

394 3169 471 3230 ta,
504 3164 577 3220 ad
606 3182 806 3220 rerum
837 3166 1105 3220 omnium
1139 3170 1317 3236 caput
1344 3166 1629 3237 migrasti.

469 3344 589 3397 Ceu
618 3345 812 3398 lilium
840 3345 972 3399 nive
1005 3344 1315 3399 candidius
1334 3343 1393 3398 in
1422 3344 1572 3398 valle
1598 3349 1921 3414 martyrum
1944 3344 2045 3398 ﬂo-

401 3431 612 3496 ruisti;
646 3432 843 3486 divino
887 3433 1153 3503 martyrii
1197 3433 1425 3487 lavacro
1454 3432 1813 3497 rubefactus,
1846 3449 2044 3488 rosam

404 3519 641 3576 edidisti
668 3521 961 3585 rubidam,
993 3522 1143 3578 bene
1171 3522 1451 3587 olentem,
1486 3520 1810 3587 odoratam,
1836 3538 2043 3577 omnes

402 3609 685 3682 singulari
718 3611 1063 3682 passionum
1088 3610 1302 3666 Christi
1333 3608 1512 3664 odore
1545 3611 1847 3666 recreasti.

474 3787 651 3840 Ferro
684 3787 915 3842 firmius
958 3787 1266 3858 prmbuisti
1318 3806 1534 3861 corpus
1562 3796 1729 3844 tuum
1761 3788 2044 3843 invictum

403 3875 630 3944 Georgi,
666 3880 1098 3930 tormentorum
1128 3876 1362 3933 molleis
1385 3878 1787 3949 nequidquam
1809 3894 2045 3947 percus-

400 3978 568 4026 sum;
601 3962 763 4017 velut
791 3979 945 4033 aqua
972 3964 1188 4035 frigida
1220 3967 1508 4038 sanguine
1536 3971 1636 4021 tuo
1668 3966 1860 4020 calido
1894 3965 2043 4019 tinc-

399 4056 526 4106 tum
568 4052 762 4107 acrius
810 4053 1087 4108 effectum
1145 4058 1253 4120 est,
1307 4055 1443 4124 igne
1492 4054 1795 4109 charitatis
1828 4054 2040 4109 Christi

399 4137 763 4195 induratum.

465 4333 680 4389 Christi
701 4336 888 4407 gratia
918 4337 1018 4406 qui
1041 4338 1327 4392 mundum
1354 4340 1509 4403 vicit,
1524 4340 1695 4412 juxta
1726 4340 2038 4412 promissa,

394 4428 747 4493 potestatem
776 4424 1064 4495 principis
1094 4426 1271 4497 hujus
1300 4428 1508 4481 mundi
1542 4430 1832 4499 superasti
1864 4430 2038 4483 inhu-

1905 302 2273 359 ADDENDA.

1938 378 1941 385 ‘
2016 368 2123 409 ’,Η
2167 366 2228 409 Hi

2066 425 2117 512 Α
2150 426 2372 489 πωκότα
2404 427 2533 485 ἰδὼν
2563 452 2641 504 σε,
2687 429 3023 508 κατεπλάγη,
3081 431 3171 486 καὶ
3221 432 3284 487 τὸ
3330 434 3520 509 κράτος
3566 434 3729 512 ἐπέγνω

2096 500 2111 528 ε
2140 520 2379 591 Χριστοῦ
2408 522 2506 573 τοῦ
2535 518 2861 583 καθελοντος
2890 510 2982 575 τὸν
3016 521 3241 583 θάνατον
3270 522 3495 594 θανάτῳ.

2138 611 2319 698 Ἰσχὺν
2377 624 2466 679 καὶ
2547 619 2730 690 σθένος
2808 628 3027 701 ἄμαχον
3116 626 3402 703 οὐρανόθεν
3470 633 3726 704 ζωσάμενος

2137 712 2237 780 τὴν
2293 712 2380 767 ἐπὶ
2437 716 2639 789 τροχὸν
2711 715 3006 793 περιφορὰν
3097 717 3352 796 ὑπὲφερες
3387 737 3398 750 ·
3448 718 3729 792 τεμνόμενος

2120 801 2335 877 ξίφεσι,
2366 805 2483 867 ἶνας
2532 804 2622 859 καὶ
2653 809 2812 880 νεῦρα
2868 807 3177 878 σπώμενος,
3235 807 3323 861 καὶ
3382 811 3728 883 περιθραυόμε-

2140 910 2232 951 νος
2267 891 2438 945 ὀστῶν
2477 893 2763 966 ἁρμονίας,
2817 893 2905 948 καὶ
2932 888 3114 965 δίκην
3162 892 3446 971 ἀσταχύων
3495 892 3729 971 θεριζόμε-

2140 999 2232 1041 νος
2265 981 2466 1042 πάντας
2495 979 2623 1045 τοὺς
2646 980 2824 1055 ἱεροὺς
2857 980 3177 1045 δακτύλους.

2213 1068 2445 1144 Νεύροις
2478 1070 2655 1142 ὠμοῖς
2698 1062 3007 1145 ξαινόμενος
3038 1077 3146 1126 τῶν
3203 1077 3404 1147 χειρῶν
3451 1073 3539 1128 καὶ
3583 1072 3729 1129 ποδῶν

2144 1179 2265 1227 σου,
2323 1159 2413 1213 τὸν
2477 1158 2674 1234 ἐχθρὸν
2727 1159 3064 1233 ἐξηνεύρισας
3119 1165 3301 1234 νεῦρον
3357 1160 3619 1237 σιδηροῦν,
3687 1165 3729 1219 οὗ

2144 1250 2439 1321 προφανῶς
2470 1247 2497 1300 ὁ
2529 1246 2831 1321 τραχηλος.
2891 1249 3116 1319 Χριστὸς
3157 1250 3256 1323 γὰρ
3305 1244 3518 1325 ἕνεόρου
3552 1271 3604 1305 σε
3631 1252 3729 1324 ὑπὲρ

2145 1334 2310 1388 αὐτοῦ
2355 1334 2693 1410 μαχόμενον,
2737 1337 2896 1411 νεῦρά
2944 1358 3029 1393 σοι
3080 1336 3264 1412 χαλκᾶ
3309 1338 3591 1413 περιτιθεὶς
3633 1340 3728 1403 ὠςὸ

2147 1421 2311 1496 λόγος
2339 1423 2426 1476 καὶ
2460 1421 2684 1495 δύναμιν
2732 1423 2980 1497 ἐμπνέων
3037 1430 3132 1479 τοῦ
3189 1432 3415 1495 ποιῆσαι
3448 1424 3726 1499 δυνάμειςέν

2144 1515 2222 1583 τῷ
2251 1510 2386 1583 Θεῷ,
2419 1512 2508 1566 καὶ
2541 1510 2697 1567 λῦσαι
2726 1514 2826 1582 τὴν
2856 1510 3080 1586 δύναμιν
3114 1518 3212 1569 τοῦ
3242 1517 3494 1578 σκόπους.

2220 1623 2344 1678 ’Ότι
2404 1620 2533 1682 Θεὸς
2590 1621 2679 1676 καὶ
2738 1620 2936 1695 Κύριος
2976 1622 3004 1676 ὁ
3039 1622 3267 1692 Χριστὸς
3321 1620 3496 1695 πάσης
3549 1623 3727 1685 κτίσεως

2147 1709 2238 1764 καὶ
2269 1709 2613 1787 ᾼημιουργὸς
2665 1715 2766 1777 τῆς
2822 1708 3167 1783 ἀνθρωπίνης
3218 1709 3449 1782 φύσεως,
3498 1711 3580 1765 καὶ
3607 1709 3729 1766 ἄκον-

2148 1820 2241 1861 τας
2274 1794 2469 1861 ἔκειθες
2520 1796 2813 1871 ὁμολογεῖν
2867 1796 2995 1859 νοῦς
3054 1797 3334 1869 δαίμονας,
3389 1798 3558 1853 καίτοι
3600 1819 3727 1876 φανε-

2150 1893 2257 1964 ρῶς
2297 1883 2644 1964 φιλοψευδεῖς
2701 1882 2855 1947 ὄντας
2907 1885 3080 1959 φύσει·
3132 1888 3232 1955 τὴν
3290 1888 3388 1956 σὴν
3417 1888 3517 1963 γὰρ
3546 1884 3729 1949 δεδιότες

2147 1977 2263 2031 κατ’
2296 1976 2472 2030 αὐτῶν
2506 1973 2768 2045 ἐξουσίαν,
2802 1974 2876 2036 ὡς
2934 1970 3121 2029 δοῦλοι
3183 1974 3493 2050 μαστυγίαι,
3520 1975 3576 2030 τὸ
3602 1995 3727 2049 προσ-

2147 2067 2345 2141 ταχθὲν
2378 2062 2731 2138 ἐνεπλήρουν.

2222 2153 2529 2210 Θεοτόκιον.
2563 2185 2633 2194 -
2673 2152 2854 2226 Σάρκα
2912 2146 3094 2206 λαϐὼν
3155 2152 3183 2205 ὁ
3241 2148 3474 2224 ἄσαρκος
3529 2151 3582 2207 ἐκ
3622 2173 3727 2205 παν-

2150 2245 2330 2318 άγνων
2386 2243 2630 2315 αἱμάτων
2689 2262 2785 2295 συυ
2814 2284 2828 2308 ,
2886 2240 2976 2295 τὸν
3038 2241 3454 2315 καθυπαχθὲντα
3506 2246 3728 2315 σαρκικοῖς

2149 2331 2445 2406 θελήμασι,
2496 2332 2585 2386 καὶ
2626 2331 2931 2403 πνεύματός
2985 2331 3215 2404 ἄμοιρον
3266 2330 3637 2404 γεγεννημένον
3662 2332 3724 2385 ἆν-

2151 2425 2392 2496 θρωπον,
2452 2420 2764 2492 Πνεῦματος
2809 2418 2964 2493 ἁγίου
3012 2422 3234 2494 παροχῇ
3291 2416 3621 2491 δυναμώσας,
3661 2438 3723 2471 σο-

2151 2516 2265 2590 φῶς
2302 2508 2615 2578 ὑποπιέζειν
2642 2509 2705 2563 τὸ
2754 2504 3062 2583 δυσάγωγον
3116 2507 3297 2581 σῶμα,
3324 2504 3662 2581 δουλαγωγεῖν
3684 2526 3724 2560 τε

2147 2604 2307 2655 τοῦτο
2338 2598 2610 2674 ἐνίσχυσε,
2640 2595 2893 2672 Παρθένε.

2539 2761 2670 2833 Ὠδὴ
2704 2769 2775 2818 Θ’.
2808 2760 3025 2839 Ἓφριξε
3054 2766 3198 2816 πᾶσα
3225 2760 3396 2833 ἀκοή.

2220 2893 2459 2969 Ἰδρύσας
2491 2914 2586 2948 σου
2639 2893 2705 2947 τὰ
2755 2890 2927 2961 νοητὰ
2980 2884 3292 2961 διαδήματα
3352 2887 3407 2943 ἐν
3460 2888 3612 2961 πέτρᾳ
3652 2887 3719 2946 τῆς

2147 2986 2400 3055 πίστεως,
2432 2984 2499 3039 τὰ
2526 2979 2872 3059 ἀφιδρύματα
2907 2978 2976 3033 τὰ
3014 2984 3116 3046 τῆς
3147 2976 3362 3046 ἀπάτης
3395 2977 3471 3037 εἰς
3498 2979 3615 3050 χοῦν
3640 2971 3724 3026 ἐλέ-

2146 3091 2369 3136 πτυνας·
2401 3071 2590 3134 κλίνας
2636 3064 2838 3143 αὐχένα
2894 3064 2952 3121 δὲ
3006 3070 3124 3138 Θεῷ
3174 3065 3265 3119 καὶ
3297 3065 3435 3140 ξίφει
3488 3065 3577 3132 τήν
3601 3062 3720 3134 χάραν

2065 3144 2108 3210 G
2151 3184 2246 3219 σου
2277 3159 2635 3233 ἀποτμηθεὶς,
2692 3156 2924 3226 ἀθλητᾶ,
2957 3154 3094 3230 πρὸς
3140 3154 3238 3222 τὴν
3271 3154 3488 3208 πάντων
3536 3148 3720 3212 κεφαλήν

2151 3250 2512 3321 ἀνελήλυθας.

2220 3346 2304 3401 Ὠς
2329 3339 2511 3414 κρίνον
2571 3333 2925 3412 χιονοφεγγές
2980 3331 3033 3387 ἐν
3087 3329 3306 3387 κοιλᾶσι
3358 3334 3465 3385 τῶν
3498 3325 3718 3401 μαρτύρων

2151 3430 2459 3500 ἐξήνθησας’
2490 3430 2569 3497 τῷ
2600 3426 2728 3496 θείῳ
2773 3423 2956 3496 λύθρῳ
2987 3418 3043 3474 δὶ
3064 3425 3144 3491 τῷ
3169 3426 3273 3488 τῆς
3329 3418 3592 3489 ἀθλήσεως
3628 3433 3716 3489 φοι-

2150 3518 2489 3590 νισσόμενος,
2548 3511 2704 3589 ῥόδον
2764 3509 2964 3587 ἐφάνης
3021 3509 3277 3583 ἐρυθρὸν,
3339 3504 3542 3573 εὐῶδες,
3594 3501 3714 3575 μυρί-

2150 3627 2337 3675 πνουν,
2368 3605 2455 3659 καὶ
2516 3608 2675 3658 πᾶσιν
2736 3597 2992 3659 ἔπνευσας
3046 3596 3414 3671 ὑπερκόσμιον
3461 3594 3614 3666 ὀσμὴν
3649 3591 3721 3643 τῶν

2151 3698 2336 3751 παθῶν
2364 3697 2463 3749 τοῦ
2492 3693 2748 3765 Χριστοῦ.
3178 3770 3192 3776 _
3326 3770 3340 3776 μ
3381 3771 3390 3776 _
3641 3766 3663 3776 -

2222 3782 2399 3838 Μόνον
2456 3779 2684 3852 σιδήρου
2741 3776 2944 3837 παντὸς
2999 3774 3062 3829 τὸ
3103 3770 3420 3836 πολύαθλόν
3479 3790 3562 3824 σου
3608 3770 3721 3833 σῶμα

2152 3870 2497 3947 στεῤῥότερον
2540 3862 2720 3942 ὤφθη,
2767 3865 3020 3956 Γεώλργιε,
3057 3859 3566 3956 βασάνωνῌσφύραις
3609 3853 3721 3956 μένῖν

2154 3960 2456 4014 ἀτύπωτοψ
2487 3957 2562 4016 ὡς
2615 3951 2674 4009 δὲ
2720 3954 2773 4009 ἐν
2832 3949 2984 4007 ὕδατι
3040 3953 3238 4025 ψυχρῷ
3268 3949 3352 4019 τῷ
3384 3952 3458 4018 σῷ
3486 3947 3641 4018 θερμῷ
3662 3947 3718 3991 at-

2156 4068 2282 4122 ματι
2318 4046 2480 4123 βαφὲν
2532 4043 2877 4116 ἐστώμωτια,
2930 4043 3010 4110 τῷ
3061 4037 3192 4112 πυρὶ
3247 4032 3628 4111 προχαλκευθὶν
3650 4033 3716 4094 τῆς

2152 4138 2362 4213 ἀγάπης
2392 4136 2650 4208 Χριστοῦ.

2221 4337 2466 4404 Νικήσας
2511 4332 2698 4406 χᾶριτι
2758 4329 2994 4401 Χριστοῦ
3046 4322 3143 4379 τοῦ
3202 4323 3516 4392 νικήσαντος
3556 4316 3629 4409 τὸν
3651 4309 3711 4409 κόῖ

2150 4445 2304 4499 σμον,
2337 4424 2411 4483 ὡς
2444 4405 2608 4496 ἔφησε
2657 4421 2753 4472 τοῦ
2783 4413 3224 4488 κοσμοκράτορος
3281 4412 3376 4499 τᾲς
3400 4405 3709 4499 *ἐξουσίας-νιίὶ

392 4527 756 4580 manumque
788 4512 1145 4581 imperium;
1177 4513 1361 4568 victor
1403 4515 1627 4570 athleta
1674 4533 1704 4570 e
1753 4522 1910 4572 terra
1965 4517 2026 4572 ad

2162 4494 2564 4586 αἰσανθρώπους
2620 4507 2816 4580 ἀρχάς·
2874 4499 3280 4587 τροπαιοφορος
3332 4494 3705 4587 ἆθλητής-γῆθεν

394 4598 657 4655 coelestia
685 4598 956 4665 evolasti,
991 4601 1217 4671 potenti
1249 4601 1455 4656 dextra
1484 4608 1822 4658 coronatus.

466 4793 808 4849 Fluminum
839 4793 1019 4849 undis
1050 4800 1363 4865 sequantur
1404 4797 1719 4853 innumera
1748 4798 2037 4872 prodigia,

398 4878 529 4954 quae
559 4884 722 4939 vivus
772 4888 949 4955 atque
1006 4883 1185 4939 etiam
1236 4890 1367 4956 post
1398 4891 1646 4942 mortem
1695 4887 2036 4959 perfecisti;

395 4988 530 5026 vere
558 4974 718 5027 enim
748 4974 946 5028 vivunt
976 4973 1036 5028 in
1070 4974 1184 5027 Deo
1235 4974 1327 5028 vel
1377 4979 1510 5045 post
1556 4981 1804 5032 mortem
1849 4977 2034 5048 justi;

398 5074 538 5113 nam
569 5059 628 5112 in
664 5075 841 5115 manu
871 5061 975 5116 Dei
1009 5062 1222 5116 animae
1253 5078 1541 5116 meorum.

469 5252 613 5306 Cum
645 5269 980 5308 sermonem
1012 5255 1291 5312 idoneum
1334 5274 1456 5313 non
1483 5257 1758 5326 habeam,
1790 5276 1896 5315 nec
1922 5261 2039 5315 lin-

397 5355 573 5413 guam
596 5340 909 5397 facundam
932 5360 1060 5413 quas
1091 5346 1405 5402 innumera
1422 5353 1521 5402 tua
1550 5353 1711 5419 gesta
1740 5348 2037 5403 celebrare

398 5429 609 5498 valeat,
663 5430 841 5485 verba
899 5432 1147 5503 suscipe,
1208 5441 1535 5508 martyrum
1584 5436 1790 5503 decor;
1837 5454 1939 5491 oro
1982 5442 2041 5491 et

401 5535 612 5590 precor
660 5517 1018 5574 Salvotorem
1046 5537 1242 5576 meum
1289 5525 1585 5580 Christum
1636 5531 1698 5580 ut
1744 5542 1879 5581 eum
1921 5526 2039 5581 mei

404 5600 702 5664 misereat.
741 5609 888 5663 Deest
918 5605 1210 5669 θεοτόκιον.

2152 4584 2507 4679 άνεφοίτησας
2534 4595 2669 4672 πρὸς
2722 4593 2790 4648 τὰ
2843 4589 3090 4666 οὐράνια,
3149 4586 3294 4659 δεξίᾷ
3347 4584 3592 4651 νικοποιῷ
3632 4592 3705 4629 στε-

2151 4690 2511 4767 φθησόμενος.

2220 4796 2438 4869 Νάμασι
2468 4796 2584 4849 τοῖς
2622 4792 2728 4845 τῶν
2782 4788 3042 4859 ποταμῶν
3091 4786 3443 4853 παρισοῦνται
3473 4774 3533 4830 τὰ
3571 4767 3703 4873 ἅπξιρῖ

2149 4864 2421 4958 θαύματα,
2474 4883 2607 4954 ἅπερ
2658 4876 2906 4936 ἐτέλεσας
2960 4873 3049 4928 καὶ
3112 4875 3213 4938 ζῶν
3273 4870 3362 4924 καὶ
3420 4864 3491 4961 ἔτι
3540 4864 3643 4961 μετὰ

2145 4954 2302 5034 τέλος
2330 4975 2528 5031 τεΛεῖς’
2588 4964 2752 5026 ὅντως
2809 4963 2909 5039 γὰρ
2944 4965 3103 5031 ζῶσιν
3132 4958 3186 5013 ἐν
3218 4962 3335 5029 Θεῷ
3391 4954 3475 5010 καὶ
3523 4954 3631 5039 μετᾷ
3648 4954 3704 5039 to:

2147 5063 2370 5116 θάνατον
2403 5057 2626 5126 άληθῶς
2684 5053 2735 5108 οἱ
2793 5038 3013 5106 δίκαιοι·
3071 5047 3123 5103 ἐν
3175 5046 3321 5123 χειρὶ
3369 5043 3464 5119 γὰρ
3491 5040 3574 5093 τοῦ
3616 5038 3701 5085 Θεοῦ

2149 5152 2204 5205 αἱ
2233 5148 2405 5224 ψυχαὶ
2438 5147 2638 5201 αὐτῶν.

2217 5259 2332 5315 Οὐκ
2359 5255 2502 5329 ἔχων
2550 5250 2718 5325 λόγου
2774 5246 3078 5324 προφορὰν,
3137 5240 3262 5298 οὐδὲ
3318 5237 3551 5329 γλῶσσαν
3587 5226 3700 5329 ﬁlm-

2147 5311 2350 5425 γράφον
2390 5311 2568 5399 ’πάντα
2624 5311 2988 5425 δεδυνηιμὲνην
3047 5311 3232 5425 διαλῶς
3283 5311 3378 5425 τᾲι
3404 5311 3697 5425 σὰὶγεραίρξὶν

2146 5396 2434 5511 ὲδάξιθμα·
2480 5431 2693 5506 ῥήματα
2746 5396 2886 5495 ῖδέίὺ,
2928 5396 3211 5509 ιλαρεύρων
3253 5396 3698 5511 καλλονῆνῖἷθ⁰Ῠξξ

2146 5497 2269 5599 you"
2304 5497 2578 5599 τρέπομαι
2606 5515 2696 5571 καὶ
2726 5512 2949 5569 ἱκετεύω
2986 5504 3077 5567 τὸν
3127 5513 3358 5583 Σωτῆρα
3390 5522 3485 5578 μου
3532 5497 3696 5567 Ἀριστον

2146 5599 2370 5668 ἱλεῶσαί
2403 5630 2489 5685 με.
2521 5611 2672 5667 Deest
2700 5599 3009 5661 Θεοτόκιον.

3629 315 3733 395 μοί)

3792 5924 3808 5952 1
