3888 6136
280 313 415 400 mi

747 432 1040 488 ΙΩΑΝΝΟΥ
1081 433 1424 488 ΜΟΝΔΧΟΓ

499 524 733 578 ΚΑΝΩΝ
773 523 885 598 En:
925 519 1065 577 TON
1105 521 1316 576 AI‘ION
1356 523 1684 598 ΒΑΑΣΙΟΝ.

277 629 343 682 οὗ
393 631 427 697 ἡ
475 627 815 703 ἀκροστιχίςς
870 627 1135 703 Βλαιτους
1176 627 1399 703 ’ἀνυμῶν
1448 634 1554 683 τῶν
1606 630 1908 683 πόνωντοῦ

740 697 979 754 Βλασίου
1018 697 1126 772 ἐγὼ
1175 697 1451 765 Ἰωάννης.
1493 713 1496 720 ’

493 784 622 865 ᾨδή
656 787 736 840 A'.
771 788 944 859 Ἢχος
985 783 1082 842 πλ.
1135 782 1200 842 δ’.
1253 782 1696 859 Ἀρματηλάτην.

350 895 507 966 [Cod.
552 894 594 949 f.
650 888 750 947 172
808 893 890 963 11.]
945 890 1198 959 Ἃληθῶς
1253 889 1642 959 καθυποτάξας,
1689 890 1907 960 Βλάσιε,

273 983 416 1049 πάθη
444 981 512 1035 τά
542 977 717 1053 ἄλογα
761 984 841 1051 τῷ
873 979 1087 1054 ἀρχικῷ
1113 999 1116 1002 ’
1145 977 1320 1052 λόγῳ,
1357 978 1624 1052 βασιλέως
1673 979 1906 1052 πρόστα-

272 1090 390 1141 γμα
443 1068 531 1121 καὶ
590 1066 761 1141 λόγον
819 1066 1134 1139 έφαύλισας,
1194 1065 1428 1120 Βασιλέα
1473 1065 1726 1136 κηρύξας,
1783 1067 1906 1134 οὗὴ

272 1157 418 1231 ἀρχή
448 1153 748 1228 ἀδιάδοχος
779 1155 867 1208 καὶ
905 1152 1152 1228 βασιλεία
1180 1153 1423 1214 αἰώνιος.

349 1245 550 1318 Σοφίαν
576 1244 626 1297 έν
657 1243 848 1312 ἀνοίξει
899 1241 1165 1313 στὸματος
1212 1239 1362 1294 δίδου
1415 1262 1530 1313 μοι,
1560 1240 1697 1316 Λόγε
1753 1245 1907 1310 Θεοῦ,

269 1335 362 1388 τὸν
397 1334 542 1407 ἱερὸν
582 1329 751 1394 ὅντως
781 1332 1079 1403 ἀνυμνῆσαι
1133 1331 1383 1386 Βλάσιον⁶
1416 1330 1574 1390 αὐτὸς
1603 1331 1704 1404 γὰρ
1733 1330 1909 1402 τούτῳ

272 1420 478 1483 ἔδωκας
531 1419 740 1496 σοφίαν,
890 1420 1196 1484 ἀντιστῆναι
1255 1415 1352 1470 οὐκ
1411 1415 1634 1491 ἴσχυσαν
1678 1419 1729 1470 oi
1760 1417 1906 1488 αὐτῷ

273 1509 659 1580 ἀντικείμενοι.

341 1596 641 1668 Ἀμπέλου,
690 1596 883 1668 Πάτερ,
943 1593 1231 1670 ζωηφόρου
1283 1593 1510 1666 γέγονας
1569 1591 1760 1663 κλῆμα
1806 1597 1909 1646 πό-

273 1683 551 1761 λύφορον,
598 1685 690 1744 τὰς
746 1683 934 1756 ἀρετὰς
982 1683 1156 1758 φέρων
1199 1681 1274 1741 ὡς
1324 1680 1611 1755 πεπείρους
1656 1679 1902 1754 βότρυας·

1542 315 1838 404 smnus
1875 317 1952 402 ut;
1987 317 2046 394 ε.
2084 318 2418 402 amarum.

3525 321 3664 404 1402

2514 445 2634 499 JOA
2650 444 2809 520 NNIS
2855 445 3051 522 Motu
3061 444 3182 498 om

2610 533 2680 585 IN
2727 533 3050 587 SANCTUM
3090 532 3414 618 BLASlUlti.

2015 619 2079 685 in
2114 651 2222 704 quo
2254 641 2448 705 prima;
2476 656 2726 694 versuum
2759 642 2963 696 litterae
2986 641 3298 709 signiﬁcant
3319 656 3337 692 :
3383 625 3663 694 Cermina

2238 707 2508 762 laborum
2541 712 2719 764 Blasii
2763 711 2995 764 celebro
3039 727 3142 764 ego
3173 713 3442 764 Joannes.

2341 726 2508 762 ΟΙἮῙΠ
2541 726 2719 764 masn
2763 726 2995 765 GeleDI‘O
3039 727 3142 765 €20
3173 726 3442 765 Joannes.

2238 727 2508 762 laborum
2541 727 2719 764 masn
2763 727 2995 765 celebro
3039 727 3142 781 ego
3173 727 3442 765 Joannes.

2231 797 2344 850 Ode
2373 799 2419 850 1.
2451 799 2627 852 Sanus
2649 799 2734 867 pl.
2767 799 2818 854 4.
2851 797 3053 854 Curras
3097 801 3442 867 agitatorem.

2091 901 2324 955 Rationi
2356 920 2489 957 vere
2521 905 2826 974 subjecisti
2859 906 3126 959 carnales
3158 906 3424 972 affectus,
3457 904 3610 959 Blasi
3639 921 3652 970 ;

2017 989 2171 1057 regis
2204 990 2548 1044 mandatum
2610 998 2668 1044 et
2714 1008 2916 1045 vocem
2968 991 3396 1061 contempsisti,
3440 995 3655 1062 Regem

2015 1075 2350 1143 praadicans
2388 1078 2479 1130 cui
2513 1083 2773 1148 potestas
2819 1079 3023 1134 innata
3052 1086 3110 1133 et
3138 1085 3424 1134 internum
3467 1080 3652 1150 impe-

2017 1163 2194 1218 rium.
2865 1212 2867 1215 τ
3396 1167 3400 1174 ’
3521 1167 3543 1178 ¹“

2085 1251 2159 1304 Os
2211 1252 2498 1321 aperienti
2550 1254 2902 1323 sapientiam
2955 1259 3190 1324 przBsta,
3246 1255 3494 1309 Verbum
3527 1256 3650 1325 Dei,

2015 1356 2128 1408 quo
2163 1347 2433 1395 sanctum
2465 1343 2724 1396 Blasium
2757 1342 2929 1413 digne
2978 1342 3305 1396 celebrem:
3348 1343 3458 1412 ipsi
3492 1345 3650 1397 enim

2015 1426 2364 1496 sapientiam
2413 1428 2649 1496 dedisti,
2709 1430 2801 1483 cui
2843 1430 3117 1483 resistere
3165 1446 3286 1483 non
3341 1431 3651 1484 valuerunt

2014 1514 2353 1571 adversarii.
3238 1513 3240 1524 ’
3351 1509 3355 1514 ⁷

2087 1603 2303 1670 Vineae,
2337 1606 2526 1669 Pater,
2582 1605 2936 1660 vivificantis
2985 1606 3173 1660 factus
3203 1622 3264 1660 es
3294 1607 3520 1676 palmes
3561 1608 3645 1660 fe-

2013 1691 2262 1757 cundus,
2313 1692 2626 1747 virtutibus
2691 1694 2851 1748 velut
2911 1695 3036 1747 uvis
3086 1687 3348 1748 maturis.
3380 1701 3643 1762 ornatus,

270 1770 695 1843 ἀποτυλώμενος
729 1772 862 1846 ξίφει
910 1768 965 1824 δὲ
1011 1769 1099 1823 καὶ
1139 1770 1292 1823 ποσὶν
1345 1768 1452 1842 οὐχ
1500 1768 1720 1840 ὡραίοις
1770 1768 1874 1821 ἀπο

2062 1778 2221 1832 Ladiis
2248 1773 2513 1834 abscisus
2545 1786 2604 1835 et
2640 1783 2890 1851 pedibus
2937 1782 3313 1836 conculcatUs
3358 1779 3648 1852 impo’rtu-

265 1856 473 1922 θλιϐεἶς
501 1865 683 1928 πᾶσιν,
718 1857 938 1927 Βλάσιε,
973 1857 1149 1919 οἷ’νους
1181 1856 1510 1926 κατανύξεως
1542 1851 1798 1918 ἔϐλυσας.

340 2039 638 2113 Προφανῶς
688 2035 772 2090 έπὶ
823 2040 928 2090 τῶν
979 2032 1154 2108 ἔργων
1202 2031 1451 2102 δέδειξαι,
1499 2033 1634 2087 κατά
1676 2033 1770 2086 τὸν
1806 2031 1898 2103 μέ-

265 2146 359 2199 γαν
411 2119 558 2192 Γὼϐ,
590 2123 870 2194 ἀληθινὸς,
903 2127 1095 2196 πρᾶος,
1156 2122 1466 2194 συμπαθὴς,
1523 2121 1613 2174 καὶ
1672 2117 1899 2190 δίκαιος,

267 2208 491 2282 εὺσεϐἠς
512 2213 599 2266 καὶ
641 2213 947 2284 ἄμεμπτος,
979 2209 1320 2284 ἀπεχόμενος
1369 2210 1532 2269 ὀντως
1568 2207 1628 2261 ἐκ
1656 2205 1899 2278 πονηροῦ

268 2303 610 2376 πράγματος,
633 2299 1039 2375 ἱερομαρτόρων
1074 2298 1368 2372 ἀγλάϊσμα.

340 2389 645 2445 Θεοτόκιον.
678 2419 747 2430 —
774 2388 871 2443 Ἐκ
925 2387 1022 2454 τῆς
1055 2385 1208 2458 ῥίζης
1267 2383 1459 2439 Ἰεσσαὶ
1522 2383 1896 2457 βλαστήσασαν

270 2472 467 2554 ῥάϐδον
528 2477 847 2549 ὑπέρτιμον,
904 2475 968 2528 τὸ
998 2475 1089 2528 τὸν
1151 2473 1384 2547 Χριστὸν
1440 2469 1620 2536 ἄνθος,
1678 2469 1896 2539 ἀληθῶς

268 2566 598 2639 ἀμάραντον,
633 2564 734 2618 ὑπὸ
777 2566 870 2616 σοῦ
910 2563 1210 2631 ἀνθήσασαν
1268 2560 1366 2627 τὴν
1427 2559 1574 2634 ἁγίαν
1604 2560 1896 2632 Παρθένον,

267 2658 399 2709 Θεοῦ
442 2654 542 2722 τὴν
585 2649 747 2706 πόλιν
803 2651 902 2719 τὴν
962 2646 1210 2724 ἔμψυχον
1269 2648 1610 2724 ῗεροπρεπῶς
1671 2649 1898 2724 μακαρί-

266 2764 342 2798 σω
349 2763 442 2816 μεν
453 2786 465 2799 .

797 2826 926 2906 ’ῼδὴ
958 2834 1027 2883 Γ.
1074 2827 1363 2901 Οὐρανίας.

336 2917 700 2989 Βουληθέντες
759 2916 1035 2991 ζωγρῆσαί
1092 2937 1149 2970 σε
1204 2916 1338 2983 πρὸς
1391 2917 1602 2988 σφαγὴν
1659 2911 1842 2968 ἄδικον
1879 2959 1892 2982 ,

264 3007 409 3071 ὄντες
444 3010 544 3064 ὑπὸ
592 3013 687 3062 σοῦ
739 3009 1100 3082 ζωγρηθέντες
1149 3008 1283 3078 πρὸς
1338 3004 1553 3059 αἰωνίαν
1608 3006 1750 3074 ζωὴν
1781 3008 1896 3076 Θεῷ

260 3100 646 3172 προσήχθησαν
695 3099 918 3170 θήραμα,
974 3096 1124 3163 ζὼων
1184 3093 1400 3166 ἀλόγων
1459 3091 1662 3164 πολλῷ
1691 3114 1892 3165 τιμιωα

260 3186 434 3241 τάτων
454 3189 534 3256 τῷ
554 3183 973 3258 Παντοκράτορι.

334 3273 489 3346 Ὑπὲρ
548 3272 730 3345 ἄμμον
809 3271 1083 3340 θαλάσσης
1130 3272 1198 3326 τὰ
1249 3269 1332 3336 σὰ,
1366 3271 1496 3346 σοφὲ
1527 3317 1541 3341 ,
1602 3272 1846 3343 θαύματα
1879 3291 1892 3303 ·

262 3361 448 3424 παύεις
512 3363 611 3435 γάρ
679 3363 870 3434 ψυχῶν
936 3359 1025 3413 καὶ
1095 3357 1363 3430 σωμάτων
1435 3358 1578 3426 πάθη
1645 3359 1837 3412 ἀνίατα
1878 3376 1888 3387 ·

264 3451 474 3522 λαιμῶν
529 3451 822 3520 παθήματα
873 3448 961 3501 καὶ
1011 3445 1318 3523 φλεγμονὰς
1367 3443 1628 3515 διαλόεις,
1683 3447 1768 3499 καὶ
1827 3448 1894 3500 τὰ

261 3540 392 3593 κατά
421 3539 520 3606 τὴν
549 3538 795 3614 φάρυγγα
825 3536 1094 3610 ξηραίνεις
1125 3533 1380 3610 ῥεύματα.

333 3622 651 3688 Σεϐαστείας
678 3625 767 3678 τὸν
796 3623 1054 3698 μέγαν....
1091 3624 1255 3685 ὡς....

329 3714 627 3788 Ἀγρυπνίᾳ
683 3713 914 3784 συντόνῳ
970 3712 1056 3765 καὶ
1117 3713 1397 3782 προσευχῇ
1453 3709 1680 3784 γέγονας
1724 3711 1890 3772 τόπος

262 3800 388 3876 ὅρος
445 3807 523 3873 τῷ
577 3803 762 3874 Κυρίῳ
819 3800 907 3855 καὶ
985 3803 1100 3869 Θεῷ
1153 3793 1367 3854 Ἰακὼϐ·
1424 3799 1572 3872 ἅγιον
1631 3800 1894 3870 σκήνωμα

260 3894 361 3966 γὰρ
409 3893 496 3946 καὶ
548 3893 790 3961 Πνεῦμα,
837 3891 871 3956 ἡ
905 3888 1073 3962 Τριάς
1132 3885 1431 3955 ἐσκήνωσεν
1485 3885 1535 3939 ἐν
1585 3889 1652 3958 τῇ
1700 3883 1893 3957 καρδίᾳ

258 4000 371 4037 σου.

325 4067 608 4122 Θεοτόκιον
648 4110 661 4123 .
719 4095 788 4106 -
839 4062 1044 4138 Νοεράν
1117 4082 1175 4116 σε
1226 4056 1424 4116 λαϐίδα
1478 4061 1566 4114 τὸν
1628 4060 1889 4129 ἀληθινὸν

255 4154 488 4230 ἄνθρακα
546 4157 809 4230 φέρουσαν
865 4151 1092 4224 Χριστὸν
1153 4148 1204 4204 ἐν
1257 4148 1522 4224 ἀγκάλαις
1606 4144 1890 4224 ἔγνωμεν,

255 4243 534 4299 Δέσποινα·
593 4241 645 4296 ἐν
684 4240 730 4314 ᾧ
759 4238 1088 4316 κατάφλεξον
1142 4237 1208 4291 τά
1255 4233 1575 4312 φρυγανώδη
1635 4257 1738 4308 μου
1788 4233 1893 4289 πά-

253 4335 340 4401 θη,
370 4332 460 4384 καὶ
489 4331 583 4384 τὸν
613 4334 734 4384 νοῦν
768 4329 998 4403 καθαρὸν
1035 4324 1475 4398 ὑλομανήσαντα.

641 4431 770 4510 ’ῼδὴ
814 4433 884 4488 Δ’.
933 4433 1263 4501 Εἷσακήκοα,
1314 4429 1493 4504 Κύριε.

323 4516 612 4596 Ὑπερέϐης
640 4521 737 4588 τὴν
768 4517 1012 4588 αἶ’σθησιν
1059 4518 1149 4573 καὶ
1196 4519 1285 4572 τὸν
1336 4519 1700 4591 ὑπέραισχρον
1736 4538 1879 4589 παρ-

257 4614 575 4685 εχώρησας,
639 4613 867 4682 χρυσαῖς
925 4607 1171 4681 πτέρυξιν
1221 4606 1517 4678 ἱπτάμενος
1571 4608 1670 4674 τῆς
1726 4607 1884 4679 ἱερω-

258 4699 420 4769 σύνης
450 4699 540 4752 καὶ
571 4695 876 4765 ἀθλήσεως.

322 4788 621 4860 Μυροθήκη
653 4784 943 4858 γενόμενος
1003 4780 1312 4853 Πνεύματος
1348 4782 1496 4856 ἁγίου
1542 4783 1630 4835 καὶ
1683 4780 1885 4836 εὐωδία

251 4880 502 4952 Χριστοῦ,
533 4877 634 4942 τὴν
666 4874 840 4944 ὀσμὴν
870 4877 970 4940 τῆς
1020 4869 1181 4925 αὐτοῦ
1225 4871 1474 4944 γνώσεως
1523 4869 1613 4923 καὶ
1643 4874 1749 4924 τῶν
1778 4891 1882 4923 πα-

253 4967 314 5035 θη
326 4967 507 5037 μάτων
539 4957 776 5023 ἔπεισας.
1472 4961 1474 4964 ’

321 5053 645 5123 Νοσυμένων
699 5047 980 5121 λυτήριον,
1039 5066 1290 5117 πονηρων
1343 5045 1660 5118 πνευμάτων
1715 5066 1879 5122 φυγαο

253 5141 529 5214 δευτήριον
586 5138 675 5193 καὶ
729 5133 998 5210 δαιμόνων
1048 5132 1176 5204 ’δέος
1235 5132 1484 5188 ἄστεκτον
1545 5133 1632 5188 καὶ
1693 5135 1880 5210 βαρεῖα

256 5230 440 5304 μάστιξ
469 5229 531 5282 τὸ
562 5228 652 5281 σὸν
695 5223 888 5296 ὄνομα.

315 5319 401 5380 Ὡς
460 5315 667 5390 ποιμὴν
732 5313 826 5386 μὲν
885 5310 1202 5384 ἐποίμανας,
1264 5310 1457 5365 ἄνωθεν
1505 5312 1578 5372 ὡς
1633 5307 1877 5386 πρόϐατα

245 5403 692 5480 ποιμαινόμενος,
721 5405 799 5473 τῷ
829 5402 1023 5464 τιθέντι
1069 5395 1154 5462 δὶς
1186 5393 1587 5476 ὡς’πρόϐατον,
1621 5397 1692 5461 ὦς
1721 5400 1874 5476 κριὸς

248 5479 648 5572 προσηνέχθης,
679 5491 954 5566 ἱερώτατε.
1252 5489 1256 5492 ’

314 5581 618 5662 ῥεοτόκιον.
656 5611 725 5621 —
909 5575 964 5632 ἐν
994 5582 1152 5633 πᾶσιν
1211 5576 1505 5660 ἀχώρητον
1562 5577 1870 5654 ἀστενοχω-

1951 1867 1958 1882 '
2011 1863 2124 1932 nis,
2157 1867 2451 1934 omnibus,
2486 1869 2662 1936 Blasi,
2687 1869 2887 1923 vinum
2926 1869 3169 1942 largitus
3207 1859 3649 1939 'est'compunc-

2013 1952 2210 2008 tionis.

2081 2043 2380 2098 Manifeste
2413 2045 2687 2115 operibus
2717 2045 3002 2115 probatus
3033 2061 3115 2114 es,
3140 2045 3313 2116 juxta
3362 2061 3642 2116 magnum

2008 2129 2111 2183 Job
2155 2147 2344 2196 verus,
2377 2138 2742 2198 mansuetus,
2784 2129 3141 2194 misericors,
3178 2138 3237 2186 et
3257 2133 3476 2202 justus,
3509 2127 3642 2203 pius

2009 2222 2067 2270 et
2096 2219 2655 2288 irreprehensibilis,
2713 2219 3016 2274 abstinens
3074 2236 3206 2274 vere
3239 2220 3311 2274 ab
3361 2212 3525 2274 omni
3579 2238 3641 2275 re

2009 2304 2186 2370 mala,
2228 2312 2554 2377 martyrum
2593 2306 2792 2362 decus.

2079 2393 2343 2461 Deipararz.
2375 2425 2444 2434 -η-
2473 2394 2707 2464 Virgam
2753 2396 3074 2465 pretiosam
3119 2411 3187 2450 ex
3216 2395 3414 2450 radice
3465 2398 3642 2450 Jessm

2007 2481 2458 2550 germinantem,
2499 2482 2765 2536 Christus
2796 2483 3003 2537 ﬂorem
3047 2499 3179 2537 vere
3227 2485 3641 2539 amaranthum

2010 2570 2374 2636 eﬂ‘erentem,
2411 2569 2645 2624 beatam
2677 2570 2995 2640 Virginem,
3029 2571 3215 2626 vivam
3264 2573 3365 2626 Dei
3415 2571 3635 2639 sedem,

2007 2656 2425 2711 convenienter
2453 2657 2842 2713 celebremus.

2553 2833 2664 2886 Ode
2690 2831 2791 2887 IlI.
2826 2831 3085 2888 leestes.

2075 2917 2181 2981 Qui
2205 2923 2259 2971 te
2291 2917 2562 2972 volebant
2602 2919 2674 2973 ad
2732 2920 3015 2989 injustam
3062 2920 3482 2975 mactationem
3514 2939 3639 2977 ser-

2005 3021 2158 3073 vare,
2191 3022 2226 3059 a
2256 3011 2310 3060 te
2342 3006 2413 3059 ad
2445 3007 2620 3061 vitam
2669 3013 2950 3062 aiternam
2997 3009 3206 3063 servati
3239 3015 3396 3076 sunt,
3429 3015 3487 3064 et
3517 3011 3633 3064 Deo

2005 3095 2183 3149 oblati
2244 3101 2382 3148 sunt
2433 3096 2681 3150 victima)
2744 3097 2951 3152 ovibus
3007 3099 3236 3154 ratione
3296 3099 3632 3154 carentibus

2000 3182 2186 3235 multo
2227 3183 2533 3253 gratiores.

2069 3273 2262 3324 Arena
2294 3271 2475 3324 maris
2500 3271 2678 3340 'plura
2721 3276 2820 3326 tua
2864 3272 3148 3343 prodigia.
3181 3273 3434 3344 sapiens.
3487 3276 3629 3329 Nam

1999 3359 2332 3412 animarum
2375 3375 2804 3428 corporumque
2853 3359 3218 3416 insanabiles
3267 3362 3506 3417 morbos
3529 3380 3628 3418 cu-

1998 3463 2093 3500 ras
2120 3465 2132 3513 ;
2167 3448 2419 3518 gutturis
2451 3449 2684 3504 dolores
2709 3449 2883 3504 solvis
2915 3457 2973 3504 et
2999 3456 3279 3518 tumores,
3298 3458 3358 3507 et
3379 3453 3639 3524 laryngis

2003 3535 2163 3589 sistis
2194 3535 2406 3590 fluxus.

2067 3711 2336 3766 Assiduis
2393 3711 2602 3783 vigiliis
2661 3718 2718 3766 et
2773 3713 3036 3767 oratione
3090 3713 3278 3768 factus
3336 3731 3398 3768 es
3448 3713 3633 3780 locus,

1997 3815 2168 3852 mons
2200 3799 2447 3853 Domino
2479 3804 2536 3853 et
2567 3802 2683 3854 Deo
2713 3800 2886 3854 Jacob
2913 3819 2925 3866 ;
2959 3817 3099 3855 nam
3133 3806 3404 3856 sanctum
3437 3802 3636 3856 taber-

1997 3887 2274 3940 naculum
2307 3893 2364 3941 et
2388 3893 2624 3943 sanctus
2656 3889 2925 3959 Spiritus,
2958 3890 3210 3944 Trinitas
3255 3890 3541 3945 habitavit
3568 3891 3630 3944 in

1994 3975 2168 4029 corde
2203 3980 2319 4029 tuo.

2063 4064 2338 4132 Deiparae.
2375 4094 2438 4104 —
2470 4065 2806 4135 Supernum
2839 4070 2895 4120 te
2942 4081 3038 4120 vas
3071 4066 3463 4136 agnoscimus,
3519 4068 3632 4120 Do-

1993 4150 2175 4216 mina,
2208 4167 2339 4220 quas
2399 4168 2600 4206 verum
2658 4153 2975 4207 carbonem
3014 4153 3314 4207 Christum
3356 4154 3418 4207 in
3467 4153 3631 4208 ulnis

1993 4238 2237 4308 portasti
2264 4259 2278 4306 ;
2311 4239 2414 4294 illo
2444 4239 2723 4293 combure
2756 4241 3093 4295 surculosas
3127 4257 3288 4296 meas
3323 4241 3631 4311 passiones

1995 4343 2126 4395 qum
2161 4327 2372 4381 anima:
2405 4327 2722 4381 candorem
2761 4328 3097 4398 inquinant.

2380 4435 2490 4490 Ode
2513 4436 2610 4490 IV.
2652 4437 2948 4506 Exaudim’,
2992 4440 3235 4492 Domine.

2384 4481 2487 4490 ν..-
2513 4481 2532 4488 -
2560 4481 2570 4490 ,
2598 4481 2610 4490 .
2652 4481 2948 4506 -..παρη
2992 4481 3235 4492 "um.-.

1918 4481 1961 4562 Ο
2061 4525 2308 4577 Omnem
2340 4539 2580 4577 sensum
2611 4525 2924 4594 superasti,
2949 4529 3007 4578 et
3035 4525 3447 4596 turpissimum
3469 4512 3631 4581 exce-

1995 4612 2152 4679 disti,
2187 4613 2382 4668 aureis
2415 4613 2730 4667 sacerdotii
2762 4618 2821 4668 et
2843 4615 3109 4685 martyrii
3141 4616 3252 4670 alis
3283 4616 3493 4670 elatus.

2065 4790 2450 4861 Unguentum
2474 4790 2664 4845 factus
2711 4793 2962 4861 Spiritus
3005 4794 3190 4847 sancti
3224 4799 3281 4846 et
3309 4791 3628 4862 fragrantia

1991 4877 2224 4943 Christi,
2248 4878 2473 4931 bonum
2493 4878 2735 4934 odorem
2759 4881 3018 4935 scientias
3045 4886 3102 4934 et
3130 4880 3475 4950 passionum
3497 4882 3625 4951 ejus

1992 4964 2300 5020 dil‘l‘udisti.

2059 5053 2438 5107 Infirmorum
2471 5054 2649 5119 salus,
2674 5054 2965 5108 malorum
2988 5054 3301 5124 spirituum
3333 5055 3621 5128 refugium

1989 5145 2046 5195 et
2066 5141 2381 5196 dmmonun
2411 5145 2601 5196 terror
2625 5141 3014 5196 intolerabilis
3047 5146 3103 5196 et
3122 5158 3290 5215 grave
3322 5144 3620 5215 flagellum

1986 5233 2151 5282 tuum
2184 5244 2420 5283 nomen.

2056 5318 2172 5371 Ceu
2202 5323 2402 5387 pastor
2431 5333 2667 5388 gregem
2696 5316 2922 5382 rexisti,
2956 5317 3268 5373 desursum
3298 5318 3457 5374 velut
3486 5336 3621 5373 oves

1984 5423 2253 5477 pascens,
2305 5406 2552 5460 Domino
2606 5409 2805 5460 autem
2846 5410 3128 5477 tanquam
3168 5407 3288 5462 ovis
3337 5411 3438 5463 aut
3468 5407 3619 5462 aries

1985 5494 2217 5550 oblatus
2248 5511 2308 5548 es
2340 5492 2732 5548 sanctissime.

2051 5583 2316 5652 Deiparae.
2348 5609 2410 5622 —
2437 5581 2625 5636 Nullis
2651 5580 2939 5638 limitibus
2973 5582 3352 5642 terminatum
3375 5587 3432 5640 et
3451 5583 3613 5642 caalis
