3888 6136
350 368 486 424 1403
1853 364 1885 414 Δ

2148 363 2218 416 ιΔ.
3577 362 3683 419 μοι

342 495 634 559 latiorem,
670 492 861 563 Virgo,
897 491 1043 545 mire
1078 487 1405 558 concepisti
1434 503 1447 551 ;
1473 491 1530 541 et
1548 491 1612 541 ut
1634 486 1825 541 bonus
1848 502 1877 556 p

2143 486 2279 553 ήτως
2314 530 2328 552 ,
2385 486 2530 560 Κόρη
2568 530 2581 555 ,
2651 485 2939 560 ἐχώρησας
2996 483 3230 557 οὐρανῶν
3286 482 3678 559 εὖρυχωρότερον

344 589 546 654 ceptor
575 583 869 636 innocuos
902 578 1083 633 simul
1115 583 1172 630 et
1200 576 1563 647 negligentes
1595 592 1830 645 pueros.
1868 615 1879 627 .

2151 574 2226 648 πὲρ
2256 578 2401 627 νοῦν*
2444 577 2533 628 καὶ
2575 575 2648 637 ὡς
2700 572 2866 634 καλὸς
2916 566 3275 647 παιδοτρίϐης
3324 570 3489 626 ἄκακα
3533 572 3686 630 παιδία

2089 661 2178 714 καὶ
2214 662 2384 736 βρὲφη
2418 660 2668 733 ἀκηδῆ...

1055 770 1165 825 Ode
1210 771 1275 824 V.

2792 764 2918 846 ’ῼδή
2951 768 3027 823 E'.

427 882 498 935 Ut
525 896 618 933 me
650 877 885 932 divitiis.
920 916 932 929 .
966 917 977 929 .
1014 878 1130 929 Deo
1172 875 1433 929 obtulisti
1466 874 1623 928 velut
1644 875 1955 927 innocente

2157 876 2268 929 Ἰνα
2295 874 2348 927 τί
2401 896 2467 947 με
2524 876 2837 948 χρήματι...
2895 878 2974 944 τῷ
3023 877 3137 943 Θεῷ
3192 873 3461 945 προσῆξας
3508 876 3680 949 καθαρὰ

348 985 532 1039 agnos
559 973 615 1020 et
642 981 896 1028 amoma,
931 981 1036 1034 per
1076 980 1290 1016 novum
1346 963 1560 1033 ignem,
1594 980 1698 1032 per
1728 960 1883 1032 gladi

2147 984 2163 1023 :
2194 963 2352 1036 ἀρνία
2380 964 2468 1017 καὶ
2526 960 2730 1035 ἄμωμα
2781 961 3227 1025 ἀλοκαυτωθὲντα
3284 959 3374 1015 δῖἀ
3402 962 3560 1034 πυρὸς
3587 986 3682 1019 και-

349 1057 610 1123 incensa,
654 1054 895 1107 odorem
927 1051 1263 1121 fragrantia;
1296 1051 1562 1104 Domino.

2090 1056 2183 1106 νοῦ
2212 1057 2306 1105 τοῦ
2339 1053 2517 1129 ξίφη..
2552 1054 2727 1125 ὁσμήν
2760 1049 2984 1113 εὐωδίας
3010 1056 3089 1122 τῷ
3122 1052 3366 1107 Κτίσαντι
3403 1072 3414 1119 ;

422 1144 703 1197 Somnum
753 1140 1124 1211 negligentiae
1170 1139 1240 1191 ab
1294 1138 1479 1192 oculis
1529 1138 1852 1200 excutiens;
1888 1135 1957 1188 dii

2164 1142 2483 1215 Νυσταγμὸν
2548 1141 2811 1214 ῥᾳθυμίας
2860 1139 3319 1211 ἀποτιναξάμενος
3376 1140 3478 1195 ἀπὸ
3520 1139 3689 1217 βλεφά-

350 1236 645 1299 noctuque
676 1231 791 1283 Deo
840 1226 1221 1292 inserviebas,
1274 1225 1545 1295 precibus
1584 1226 1863 1278 continuo

2155 1252 2199 1281 ›ν
2230 1249 2347 1300 σου,
2379 1227 2718 1303 πανημέριός
2774 1248 2833 1282 τε
2888 1228 2977 1281 καὶ
3038 1227 3336 1301 παννύχιος
3392 1234 3503 1299 Θεῷ
3552 1250 3690 1303 προσ-

352 1317 633 1388 dulgebas
665 1323 722 1369 et
764 1316 1007 1385 psalmis
1042 1318 1099 1367 et
1141 1314 1397 1384 hymnis,
1452 1312 1596 1365 tibia
1637 1312 1868 1365 Domini

2151 1318 2338 1389 Ξρευες,
2384 1324 2714 1391 προσευχαῖς
2766 1315 3052 1391 σχολάζων
3086 1313 3450 1389 ἐπαγρύπνοις
3480 1316 3686 1389 ψαλμοῖς

355 1410 503 1460 ctus.
2092 1403 2179 1458 καὶ
2210 1404 2422 1475 ὕμνοις,
2452 1404 2539 1457 καὶ
2574 1402 2737 1468 ἄυλος
2766 1403 2909 1474 αὐτῷ
2948 1402 3360 1475 συγγενόμενος.

423 1487 1214 1554 Omnemlaboremlevabas,
1234 1503 1472 1541 omnem
1501 1486 1909 1539 infirmitatem
1933 1501 1958 1538 e

2165 1494 2341 1549 Πάντα
2370 1492 2532 1547 πόνον
2582 1494 2871 1571 κουφίζων,
2906 1498 3075 1546 πᾶσαν
3132 1491 3397 1564 μαλακίαν
3448 1494 3530 1546 καὶ
3562 1494 3686 1547 νόσον

354 1581 625 1634 morbum
657 1578 943 1643 sanabas;
1002 1577 1101 1647 qui
1151 1592 1339 1645 usque
1391 1575 1462 1628 ad
1513 1580 1567 1627 te
1611 1590 1889 1628 accesseri

2151 1601 2346 1651 »μενος,
2373 1580 2499 1641 τοὺς
2533 1579 2966 1655 προστρέχοντάς
3025 1599 3108 1632 σοι
3164 1577 3234 1632 δι’
3267 1579 3437 1653 εὐχῆς
3468 1580 3550 1633 καὶ
3575 1578 3686 1655 ἀφῇς

352 1669 497 1721 votis
531 1675 587 1721 et
616 1682 795 1720 manu
825 1665 1135 1719 reficiebas
1163 1681 1174 1716 :
1209 1680 1344 1717 nam
1375 1663 1554 1733 gratis
1602 1662 1875 1731 accepisti

2157 1670 2426 1742 εράπευες’
2490 1666 2693 1742 δωρεὰν
2755 1663 2936 1721 λαϐὼν
2966 1667 3208 1740 γάρ,καὶ
3268 1663 3471 1740 δωρεὰν
3517 1666 3692 1726 ἐδίδους

351 1755 531 1825 gratis
562 1754 797 1819 dedisti,
828 1753 985 1805 velut
1018 1753 1306 1822 ingenuus
1324 1750 1536 1803 Christi
1569 1749 1886 1819 discipulus

1765 1749 1913 1802 “1115-
2095 1762 2243 1823 πᾶσι,
2278 1756 2351 1819 ὡς
2376 1758 2609 1829 Χριστοῦ
2644 1757 2891 1828 μαθητὴς
2909 1755 3299 1828 γνησιώτατος.

426 1842 713 1896 Laborum
746 1846 978 1894 tuorum
1010 1840 1233 1892 fructus
1266 1840 1487 1908 spicam
1538 1837 1800 1905 martyrii
1852 1853 1961 1906 prex

2160 1844 2220 1899 Ὀ
2248 1848 2353 1897 τῶν
2386 1844 2564 1897 πόνων
2594 1864 2687 1897 σου
2723 1842 2927 1918 καρπὸς
2975 1844 3175 1916 στάχυν
3231 1841 3522 1916 μαρτυρίου
3550 1837 3686 1895 ἐϐλὰ-

350 1930 522 1997 fudit,
558 1929 731 1994 Blasi,
764 1928 1067 1999 plagarum
1099 1926 1243 1981 falce
1276 1926 1612 1995 decerptam
1646 1925 1782 1978 etin
1810 1942 1885 1978 om

2155 1952 2273 2001 ησε,
2335 1930 2547 2000 Βλάσιε,
2606 1932 2873 2002 αἰκισμῶν
2934 1928 3169 2003 δρεπάνῃ
3231 1931 3569 2002 θεριζόμενον
3620 1930 3686 1981 καὶ

352 2035 485 2072 rum
520 2019 726 2071 horreo
747 2016 1075 2081 collectam,
1101 2021 1159 2067 et
1187 2016 1433 2068 Domino
1466 2015 1523 2066 iu
1558 2030 1769 2083 panem
1802 2030 1887 2083 pu:

2149 2019 2447 2093 ιναγόμενον
2481 2019 2554 2079 εἷς
2595 2020 2871 2089 ἀποθήκας
2914 2023 3020 2071 τῶν
3063 2017 3327 2090 οὐρανῶν,
3378 2016 3468 2070 καὶ
3492 2022 3564 2087 τῷ
3587 2026 3684 2070 Δεσ-

355 2108 570 2161 simum
602 2109 1073 2158 transmutatam.
2091 2110 2229 2181 πότῃ
2258 2110 2633 2181 καθαρώτατον
2666 2105 2826 2179 ἄρτον
2848 2106 3158 2181 γινόμενον.

427 2196 694 2260 Deiparaz.
728 2223 795 2230 —
826 2192 989 2244 Nunc
1022 2196 1075 2243 te
1116 2189 1368 2251 beatam,
1403 2188 1801 2253 Sanctissima,
1831 2188 1962 2241 celei

2163 2196 2445 2251 Θεοτόκιον
2481 2240 2492 2253 .
2556 2229 2619 2240 -
2677 2198 2784 2252 Νῦν
2840 2216 2896 2249 σε
2932 2237 2946 2263 ,
3008 2195 3268 2267 [Ιάναγνε,
3327 2200 3491 2248 πᾶσαι
3545 2194 3687 2268 γενεαῖ

357 2280 532 2334 brent
563 2294 767 2332 omnes
788 2278 1235 2349 generationum
1267 2277 1695 2347 generationes.
1722 2278 1862 2330 Nam
1887 2301 1892 2326 ‹

2153 2289 2283 2338 νεῶν
2339 2285 2741 2359 μακαρίζουσι,
2806 2284 3067 2356 μακαρίαν
3130 2282 3308 2337 οὖσαν·
3372 2284 3400 2337 ὁ
3466 2282 3686 2356 μακάριος

360 2367 523 2422 solus
554 2366 761 2419 beatus
793 2365 1095 2431 Dominus,
1130 2380 1222 2418 me
1253 2381 1286 2417 a
1316 2364 1651 2418 daemonum
1702 2370 1893 2435 potest

2153 2375 2259 2435 5νος
2319 2374 2593 2443 Δεσπότης
2651 2374 2751 2448 γὰρ
2813 2373 2947 2427 κατά
3020 2370 3327 2433 δυναστείας
3388 2370 3688 2443 ίδαιμονικῆς

362 2454 633 2521 liberato,
664 2452 1126 2529 benignissimus
1158 2470 1262 2522 per
1294 2458 1346 2505 te
1379 2452 1668 2522 apparuit.

2096 2459 2363 2538 ρυόμενὸς
2392 2485 2476 2536 με,
2510 2461 2598 2517 διὰ
2626 2468 2720 2517 σοῦ
2751 2462 3137 2539 φιλάνθρωπος
3171 2461 3451 2537 ἐπὲφανεν.

1048 2568 1157 2622 Ode
1194 2569 1286 2622 VI.

2803 2575 2932 2655 ’ᾳδὴ
2961 2578 3020 2645 ξ’.

435 2675 503 2728 Ut
534 2674 677 2728 olim
710 2672 886 2742 piscis
912 2672 1144 2743 spinam
1168 2673 1333 2742 pueri
1366 2674 1585 2743 gutturi
1610 2674 1853 2728 inﬁxam
1885 2674 1967 2726 eri

2164 2684 2252 2744 Ὦς
2307 2682 2474 2737 πάλαι
2531 2684 2628 2750 τὴν
2685 2681 2781 2736 τοῦ
2839 2682 3031 2755 ἰχθύος
3111 2685 3341 2746 ἄκανθαν
3403 2682 3681 2756 ἑμπαγεῖσαι

364 2762 565 2833 puisti,
599 2762 681 2814 sic
711 2766 769 2814 et
797 2777 953 2814 nunc
984 2778 1017 2814 a
1037 2761 1401 2830 voluptatum
1425 2762 1613 2831 spina,
1638 2761 1795 2815 velut
1824 2777 1899 2815 aci

2155 2775 2172 2823 5
2228 2768 2412 2842 λαιμῷ
2464 2774 2560 2825 τοῦ
2619 2768 2878 2838 παιδίου,
2940 2769 3079 2824 οὕτω
3134 2771 3224 2825 καὶ
3273 2774 3363 2823 νῦν
3428 2772 3500 2832 ὡς
3555 2769 3690 2839 ὀξεῖαν

367 2852 575 2921 sagitta
605 2850 664 2901 in
698 2849 963 2902 animum
986 2849 1273 2915 immissa,
1296 2848 1484 2903 libera
1504 2865 1597 2903 me
1620 2866 1724 2919 per
1752 2866 1902 2903 mani

2164 2856 2369 2930 [ολίδα]
2423 2856 2474 2911 ἐν
2532 2862 2611 2929 τῷ
2667 2857 2855 2930 λαιμῷ
2904 2861 3001 2926 τῆς
3056 2862 3242 2933 ψυχῆς
3301 2858 3580 2931 ἱσταμένου
3622 2876 3689 2910 σου

365 2942 527 2991 tuam
560 2938 860 2989 intactam.

2153 2966 2191 3010 ;ν
2250 2944 2474 3007 ἄκανθαν
2528 2949 2633 2998 τῶν
2693 2943 2904 3013 ἠδολῶν
2940 2988 2953 3014 ,
3010 2944 3200 3019 ἂναφεῖ
3270 2945 3449 3022 ὲπαφῃ
3504 2966 3588 2999 σου

2099 3030 2306 3087 ἑλαυνε.

439 3110 805 3166 Mortalitatis
834 3116 1024 3166 vestes
1055 3112 1333 3179 coriacas,
1368 3119 1424 3166 et
1454 3112 1725 3166 interitus
1756 3129 1974 3166 sensun

2172 3123 2502 3195 Νεκρώσεως
2561 3118 2913 3194 δερματίνους
2984 3124 3222 3195 χιτῶνας
3278 3121 3371 3175 καὶ
3447 3122 3506 3175 τὸ
3556 3120 3690 3173 πάθος

367 3200 577 3255 exuisti
614 3217 627 3264 ;
658 3201 872 3254 amictu
904 3199 1190 3270 deposito,
1230 3201 1476 3271 gloriam
1510 3200 1755 3270 adeptus
1787 3218 1849 3253 es
1888 3218 1902 3270 ι

2156 3212 2197 3272 ἱς
2253 3186 2453 3285 φθορᾶς
2508 3186 2729 3280 ἐξεδῦςω
2786 3186 3125 3277 καταστόλὴν
3180 3210 3369 3285 ἀφεὶς,
3427 3208 3513 3262 καὶ
3568 3205 3691 3275 δόξης

366 3287 693 3341 nuditatem
721 3304 733 3353 ;
763 3303 900 3340 nam
952 3286 1147 3340 nudus
1177 3286 1247 3340 ad
1277 3287 1536 3341 tabulam
1585 3286 1857 3357 alligatus
1886 3304 1901 3341 ι

2154 3298 2502 3369 ιφιεσάμενος
2560 3294 2650 3349 διὰ
2703 3298 3031 3372 γυμνώσεως
3066 3316 3078 3328 ·
3136 3298 3337 3371 γυμνὸς
3414 3297 3511 3369 γὰρ
3576 3295 3689 3365 ἷκρύ-

369 3376 520 3448 Suus
551 3375 868 3429 ἀίῙίὶΟοΓῖυε
891 3392 950 3428 es
981 3376 1183 3429 Ῑίὶῐθνᾶ-
2100 3405 2256 3445 πτιος
2316 3381 2486 3447 δεθεὶς
2540 3384 2635 3445 τὰς
2706 3382 2945 3458 πλευρὰς
3017 3383 3361 3460 κατεσκάφης
3432 3388 3541 3446 τοῖς
3588 3378 3689 3434 ὄνυ-

2102 3473 2197 3542 ξιν.

443 3551 631 3604 Mollis
663 3555 719 3604 et
750 3550 987 3604 infirma
1019 3550 1232 3605 mulier
1263 3568 1587 3621 pugnarum
1621 3556 1851 3606 tuarum
1885 3554 1978 3605 vir-

2171 3561 2245 3615 Τὸ
2278 3565 2476 3633 χαῦνον
2510 3560 2597 3614 καὶ
2647 3561 2860 3623 ἀσθενὲς
2892 3564 2986 3614 τοῦ
3019 3559 3233 3628 θήλεως
3262 3563 3342 3624 τῶ
3401 3557 3587 3631 ετερῥῷ
3610 3558 3690 3607 τῶν

374 3645 494 3694 tute
528 3639 797 3692 roborata
828 3646 936 3704 est,
971 3645 1027 3692 et
1066 3640 1310 3693 viriliter
1361 3641 1587 3694 hostem
1620 3658 1909 3711 repugnav

2159 3653 2205 3700 iw
2242 3648 2458 3721 ἀγώνων
2494 3646 2763 3721 ἐρρώσθη,
2821 3648 2909 3701 καὶ
2969 3644 3235 3720 ἀνδρικῶς
3267 3646 3347 3718 τῷ
3380 3646 3556 3719 ἐχθρῷ
3600 3664 3694 3694 συν-

369 3728 586 3783 restitit
611 3728 770 3780 enim
803 3727 891 3780 vel
922 3728 1184 3797 periculo
1211 3729 1339 3781 vitae
1374 3729 1526 3782 malo
1559 3736 1817 3798 peccato,
1852 3748 1904 3800 p1

2157 3737 2337 3804 ελάκη·
2374 3734 2721 3805 ἀντικατέστη
2772 3737 2858 3789 καὶ
2918 3736 3021 3809 γάρ
3084 3736 3280 3808 μέχρις
3340 3734 3562 3806 αἳματος
3590 3729 3692 3803 πρὸς

370 3821 459 3870 te?
489 3821 759 3870 naturam
781 3815 1113 3869 οοῘῙΠοίᾶιᾶ·
2100 3826 2199 3891 τήν
2259 3823 2519 3898 ἁμαρτίαν
2579 3823 2863 3896 πονηρὰν,
2924 3823 3056 3898 ὑπὲρ
3133 3822 3291 3897 φύσιν
3371 3818 3691 3893 ἀνταγωνισά-

2107 3932 2285 3983 μενον.

445 3992 553 4056 Qui
583 3990 705 4044 vult
754 4007 959 4045 omnes
992 3990 1179 4045 salvos
1240 3992 1366 4045 fieri
1417 3998 1473 4045 et
1519 3993 1592 4047 ad
1641 3995 1980 4065 agnitionem

2172 4000 2233 4055 Ὀ
2290 3997 2461 4062 θέλων
2523 3996 2719 4060 πάντας
2791 4000 3109 4071 ἀνθρώπους
3188 4003 3429 4066 σωθῆναι
3500 3996 3579 4050 καὶ
3629 3991 3692 4047 tui

370 4081 629 4137 veritatis
660 4079 875 4143 venire,
908 4080 1265 4133 confortatas
1288 4097 1388 4133 ore
1412 4086 1508 4134 tuo
1533 4082 1830 4149 mulieres,
1856 4100 1905 4153 qi

2155 4092 2301 4141 θῶσιν
2328 4086 2581 4157 ἀληθείας
2629 4092 2748 4148 ταῖς
2782 4092 2897 4148 σαῖς
2959 4086 3146 4160 εὐχαῖς
3197 4088 3289 4147 τάς
3328 4090 3576 4159 γυναῖκας
3603 4100 3690 4133 στο-

367 4170 535 4240 juxta
567 4168 727 4221 Pauli
762 4169 1001 4222 effatum
1035 4167 1093 4221 in
1126 4168 1375 4222 vinculis
1400 4170 1672 4240 genuisti,
1710 4170 1789 4223 ita
1820 4171 1902 4224 rol

2159 4178 2311 4244 ὦπας,
2371 4175 2430 4236 ἃς
2466 4174 2515 4229 ἐν
2550 4172 2772 4247 δεσμοῖς
2830 4176 2962 4229 κατᾶ
3011 4172 3226 4229 Παῦλον
3269 4172 3566 4248 ἐγέννησας,
3594 4166 3694 4242 πρὸς

375 4256 522 4310 ravit
551 4261 615 4309 ut
643 4254 867 4326 gladios
900 4261 956 4309 et
985 4256 1184 4327 plagas
1214 4262 1273 4310 et
1304 4258 1497 4328 ignem
1534 4258 1785 4312 adirent.

2159 4286 2250 4341 φος
2308 4263 2393 4317 καὶ
2457 4264 2713 4337 μάστιγας
2782 4263 2869 4317 καὶ
2929 4266 3033 4331 πῦρ
3093 4263 3466 4333 ἀντιτάξασθαι
3536 4257 3694 4313 ταύτας

2102 4353 2378 4425 ἐνίσχυσεν
2389 4393 2401 4406 .

440 4440 706 4511 Dciparaz.
742 4471 809 4481 ——-
840 4440 1010 4495 Casiis
1042 4441 1329 4495 excelsius
1363 4444 1807 4498 tabernaculum
1830 4450 1883 4497 te
1914 4445 1975 4497 in

2175 4439 2477 4496 Θεοτόκιον.
2537 4472 2603 4480 ——-
2658 4440 2814 4514 Ὑπὲρ
2873 4437 3038 4511 ὕψους
3086 4438 3315 4511 οὐρανοῦ
3375 4458 3433 4491 σε
3486 4435 3690 4503 σκήνομα

366 4531 607 4583 veniens
640 4529 698 4582 in
732 4530 901 4582 terris
950 4528 1078 4582 caeli
1127 4529 1424 4594 Conditor,
1460 4530 1559 4583 Dei
1619 4532 1898 4597 Genitrix,

2187 4529 2454 4601 Δομήτωρ
2514 4527 2774 4599 οὐρανοῦ,
2835 4529 3155 4601 Θεομῆτωρ,
3216 4526 3392 4599 εὑρών
3427 4525 3480 4579 ἐν
3508 4526 3590 4599 γῇ,
3639 4518 3690 4576 ὡς

368 4637 619 4690 sponsus
647 4619 786 4673 exiit
816 4635 884 4672 ex
919 4619 1227 4689 splendido
1262 4620 1517 4674 thalamo
1549 4622 1766 4673 ventris
1792 4621 1894 4687 tui,

2153 4616 2333 4690 ιμφίος
2366 4614 2607 4688 προῆλθε
2661 4617 2718 4669 ἐκ
2774 4616 3095 4693 φωτοφόρου
3146 4620 3350 4670 παστοῦ
3408 4616 3505 4681 τῆς
3532 4607 3688 4679 νηδύος

369 4726 608 4764 carnem
669 4708 877 4762 exinde
927 4708 1035 4762 sibi
1071 4710 1393 4778 assumpsit
1433 4710 1584 4763 Deus
1632 4709 1904 4763 cwlorum

2151 4725 2220 4769 ›υ,
2252 4705 2348 4771 τὴν
2382 4703 2549 4775 σάρκα
2595 4704 2896 4780 νυμφεύσας
2941 4705 3112 4774 hauri};
3144 4705 3171 4757 ὁ
3203 4704 3331 4764 Θεὸς
3359 4707 3463 4756 τῶν
3494 4698 3686 4772 οὐρανῶν

368 4798 561 4851 omnis
592 4796 807 4851 carnis.

2101 4792 2191 4846 καὶ
2222 4793 2398 4861 πάσης
2431 4792 2641 4867 σαρκός.

806 4912 915 4966 Ode
955 4912 1072 4963 VII.
1109 4910 1214 4974 Qui
1242 4926 1309 4963 ea:
1335 4911 1543 4966 Iudaea.

2488 4905 2617 4984 ’ῼδὴ
2652 4913 2719 4965 Z'.
2752 4908 2817 4964 Oi
2848 4905 2905 4961 ἐκ
2927 4913 3028 4975 τῆς
3058 4905 3338 4969 Ἰουδαίας.

438 5018 875 5072 Validissimum
928 5017 1084 5070 senis
1129 5017 1405 5071 baculum
1468 5018 1709 5085 portasti
1759 5035 1973 5073 crucen

2174 5012 2471 5086 Βακτηρίαν
2529 5018 2624 5069 τοῦ
2674 5016 2879 5088 γήραος
2945 5014 3017 5075 ὡς
3078 5011 3352 5079 δυνατὴν,
3409 5010 3575 5087 φέρων
3622 5006 3685 5057 τὸν

366 5105 621 5159 divmam
658 5122 670 5168 ;
704 5106 876 5174 virgis
924 5122 1075 5159 carsa
1124 5110 1211 5157 est
1258 5105 1415 5175 virga
1457 5104 1689 5173 pietatis
1733 5122 1888 5159 nunc

2154 5108 2242 5156 ιῑον
2311 5104 2556 5175 σταυρόν*
2635 5102 2968 5173 τυπτόμενος
3025 5107 3141 5163 ταῖς
3200 5096 3425 5177 ῥάϐδοις
3470 5101 3503 5167 ἡ
3536 5089 3689 5171 ῥάϐδος

366 5194 533 5249 culus
566 5198 718 5247 tuus.
756 5236 767 5247 .
806 5234 817 5245 .
852 5199 910 5245 et
942 5210 1031 5246 me
1063 5192 1389 5247 admonuit.

2152 5186 2366 5253 ισεϐείας
2395 5194 2483 5243 νῦν
2507 5191 2597 5245 καὶ
2619 5194 2653 5259 ἠ
2687 5191 2949 5264 βακτηρία
2980 5212 3078 5244 σου
3104 5190 3216 5246 ἐμ..
3249 5188 3338 5244 καί
3367 5177 3687 5262 παρεκάλεσέν

2146 5299 2188 5337 ε.

437 5369 577 5439 Lupi
612 5385 676 5422 os
708 5383 879 5421 vorax
912 5367 1074 5421 freno
1110 5410 1121 5422 .
1161 5409 1173 5422 .
1209 5412 1221 5425 .
1256 5368 1770 5439 przesidio”divinae
1792 5370 1972 5440 gratia

2151 5301 2349 5421 ελύκου
2387 5368 2561 5439 στόμα
2616 5367 2933 5444 παμφάγον,
2986 5365 3269 5441 χαλινῷ...
3332 5365 3561 5441 χορηγεῖ
3600 5355 3686 5423 θείς

367 5464 425 5514 et
455 5456 794 5511 morborum
855 5454 1084 5509 turbam
1135 5458 1556 5512 miraculorum
1614 5457 1839 5529 fulgore
1870 5457 1902 5511 d

2149 5455 2282 5530 άριτι
2369 5456 2458 5510 καὶ
2562 5457 2887 5529 νοσημάτων
2980 5454 3154 5530 ἀχλὺν
3228 5452 3356 5529 αῐλῃ
3438 5449 3684 5522 θαυμάτων

366 5546 577 5619 pergis.

2097 5542 2265 5605 λύεις.

433 5635 824 5707 Conjicientes
853 5636 911 5689 in
962 5635 1154 5689 lacum
1189 5677 1201 5691 .
1233 5677 1246 5690 .
1288 5677 1300 5689 .
1334 5636 1633 5706 mulieres,
1695 5636 1968 5692 cwlicola:

2172 5630 2628 5708 ΣυγκΛεισάμεναι
2687 5630 2967 5705 λάκκῳ....
3026 5636 3270 5707 γυναῖκες
3307 5674 3320 5701 ,
3370 5629 3492 5689 τοὺς
3546 5624 3676 5696 οὐρα-
