3888 6136
231 395 258 452 4
275 397 383 450 405

1491 403 1792 456 HYMNUB
1825 401 1900 452 ΙΝ
1937 402 1996 454 Β.
2035 399 2370 454 BLASIUM.

3483 389 3620 448 1406

233 519 432 580 νίωνας
460 517 587 580 τοὺς
619 517 861 594 μάκάρας
910 519 1130 584 ἀθλίους
1181 521 1483 598 ἀπέφηναν,
1511 523 1598 577 καὶ
1645 521 1868 582 τούτους

2061 519 2374 574 becilitatis
2406 521 2741 590 arguerunt,
2777 517 3052 585 ipsosque
3077 514 3410 585 praecipites
3454 513 3616 585 deje-

233 612 322 678 τῷ
375 608 524 682 βυθῴ
569 609 956 682 καθώρμησαν,
1007 614 1286 681 Μωσαῖκῷ
1331 616 1447 665 κατ’
1495 609 1666 665 αὐτῶν
1721 629 1878 684 τερα-

236 699 571 769 τουργοῦσαι
599 694 810 769 τρύπῳ.

320 784 624 839 Θεοτόκιον.
682 817 751 826 —-
806 786 924 840 Ἵνα
961 786 1108 859 σώσῃ
1161 787 1252 840 τὸν
1306 787 1509 861 κόσμον
1568 788 1595 840 ὁ
1645 787 1880 855 Ποιήσας

244 874 342 927 τὸν
396 873 624 944 κόσμον,
681 867 835 944 ὤφθη
899 874 1089 948 βροτὸς
1151 873 1238 928 ἐπὶ
1293 883 1416 950 γῆς·
1475 876 1563 929 καὶ
1617 875 1715 948 γὰρ
1759 894 1878 926 συν-

244 961 552 1037 ανεστράφη
613 961 918 1034 ἀνθρώποις
970 960 1352 1038 φιλάνθρωπος
1385 1010 1400 1034 ,
1451 963 1661 1036 ὁραθεὶς
1711 958 1878 1020 ὅντως

241 1047 538 1122 ἄνθρωπας
594 1047 644 1102 ἐν
697 1051 765 1120 τῇ
797 1046 999 1104 δούλου
1033 1054 1216 1127 μορφῇ
1263 1052 1466 1123 μητρὸς
1520 1049 1571 1119 ἐξ
1629 1049 1882 1121 ἀπειράν-

247 1133 404 1211 δρου.

709 1251 838 1321 Ὠδή
871 1256 951 1310 Η’.
987 1255 1420 1316 Ἐπταπλασίως.

317 1361 405 1420 Ὠς
437 1357 571 1432 ἁγίῳ
601 1358 870 1432 Πνεύματι
931 1360 1326 1432 κουφιζόμενος
1360 1405 1375 1430 ,
1411 1358 1606 1414 Βλάσιε
1635 1402 1647 1424 ,
1681 1357 1883 1428 λίμνης

241 1449 329 1503 ἐπὶ
379 1449 564 1502 νώτων
624 1447 881 1524 ἀσφαλῶς
936 1448 1282 1522 ὀχούμενος,
1339 1448 1574 1519 ἀτρέμας
1631 1441 1881 1506 ἐϐάδισας

244 1537 365 1590 καθ’
391 1537 552 1610 ὑγρὰν
588 1534 712 1589 ὁδὸν
765 1540 844 1606 τῷ
901 1537 1080 1605 παντὶ,
1139 1537 1226 1589 καὶ
1284 1535 1370 1588 ἐπὶ
1429 1541 1632 1602 λεπτῆς
1689 1533 1881 1609 ἐπιφα-

244 1623 390 1685 νείας
427 1621 631 1676 ὑδάτων
659 1625 956 1693 κεκάθηκας
999 1621 1231 1698 ἑδραῖος,
1279 1627 1499 1695 στερεοῦ
1523 1642 1670 1680 τινος
1703 1619 1881 1693 ὥσπερ

247 1709 476 1785 ἔχοντος
514 1709 734 1785 βυθόθεν
763 1711 942 1784 ἡρέμα
973 1732 1067 1764 σου
1095 1711 1158 1763 τὸ
1183 1715 1359 1780 σῶμα.

323 1814 676 1891 Ὑλογεώδεις
715 1813 918 1891 ἄψυχοι
977 1816 1026 1870 οἶ
1076 1815 1187 1868 θεοὶ
1237 1813 1668 1888 χρηματίζοιτες
1715 1809 1881 1887 ἄρδην

255 1904 562 1972 ἀπώλεσαν,
613 1905 691 1967 εἷς
745 1907 902 1980 βυθὸν
950 1901 1260 1970 κατέδυσαν,
1306 1903 1517 1957 κάκεῖνο
1567 1903 1888 1956 πεπόνθασιν

253 1993 385 2066 ὅπερ
437 1992 586 2047 αὐτοὶ
631 1991 934 2067 δεδράκασι,
995 1993 1240 2068 ῥίψαντες
1271 1989 1522 2052 πολλοὺς
1587 1989 1690 2044 ὑπὸ
1744 1993 1886 2063 Χρι-

257 2083 380 2135 στὸν
437 2077 690 2153 ποιμένα,
725 2081 796 2141 ὡς
848 2085 939 2133 νῦν
997 2082 1120 2140 τοὺς
1177 2079 1503 2150 στρατιώτας
1530 2077 1657 2137 τοὺς
1704 2079 1888 2137 αὐτοῖς

256 2171 613 2236 πεποιθότας,
663 2169 787 2230 τοὺς
847 2165 1011 2229 ὅντῶς
1069 2167 1476 2242 παραπλῆγας,
1528 2165 1654 2226 τοὺς
1715 2161 1884 2226 ὅντως

256 2257 529 2328 ἠλιθίους.

328 2346 452 2399 Ἐπὶ
513 2343 733 2420 ἄντυγος
788 2345 1057 2406 καταπτὰς
1113 2349 1259 2406 θεῖος
1327 2340 1551 2417 ἅγγελος
1621 2339 1886 2408 ἐπικαθη-

261 2436 406 2507 μένῳ
425 2439 539 2496 τοῖς
567 2440 667 2502 τῆς
720 2431 920 2505 λίμνης
971 2430 1144 2496 ὕδασι,
1192 2433 1276 2499 τὸ,
1327 2433 1511 2501 Χαῖρε,
1546 2430 1626 2482 σοὶ
1659 2427 1888 2502 φθέγγε-

255 2545 391 2590 ται,
451 2522 541 2575 καὶ
600 2520 849 2596 γλυκερῷ
934 2519 1206 2596 φιλήματί
1282 2538 1338 2571 σε
1409 2515 1742 2590 ἐπιχαρίτως
1797 2516 1886 2568 καὶ

261 2612 553 2678 ἀσπάζεται
595 2609 788 2682 λέγων·
851 2611 1119 2678 Ανάστηθι
1175 2607 1264 2661 καὶ
1322 2603 1498 2678 δεῦρο,
1535 2597 1890 2674 ἀπολάμϐανε

255 2699 464 2773 χαίρων
522 2699 612 2752 τὸν
675 2695 929 2774 στέφανον
987 2703 1085 2765 τῆς
1144 2693 1325 2765 δόξης,
1363 2695 1452 2747 τὸν
1513 2692 1596 2745 σοὶ
1653 2694 1887 2762 ἡτοιμα-

257 2786 474 2857 σμένον.

327 2880 422 2942 Γῆ,
481 2874 566 2928 καὶ
628 2871 829 2942 πηλὸς,
887 2871 974 2924 καὶ
1039 2864 1328 2944 βόρϐορος,
1385 2865 1744 2940 χρηματίζων
1791 2864 1888 2916 τύ-

255 2982 441 3034 ραννος
469 2964 632 3036 γήϊνα
661 2964 846 3038 φρονεῖ
888 2960 975 3013 καὶ
1023 2958 1260 3030 κοσμικά
1303 2955 1594 3030 λογίζεται·
1644 2953 1705 3006 τὸ
1747 2952 1886 3024 μέγα

251 3050 526 3124 τεράστιον
576 3056 674 3116 τῆς
731 3052 828 3102 τοῦ
887 3047 1126 3120 Χριστοῦ
1183 3042 1482 3116 δυνάμεως,
1538 3039 1757 3112 δαίμοσι
1787 3059 1882 3092 σα-

251 3145 408 3209 προῖς
467 3138 732 3198 ἀνατιθεὶς
782 3137 1083 3197 ἀνιάτως...
1143 3135 1237 3188 τὸν
1295 3133 1394 3207 γὰρ
1453 3129 1622 3191 ὅντως
1681 3127 1881 3200 ὀνομά-

1990 615 2218 675 cerunt,
2251 609 2425 662 Mosis
2457 607 2529 661 ad
2561 607 2749 660 instar
2778 604 3042 675 prodigia
3061 603 3123 657 in
3153 619 3253 657 eos
3285 601 3548 656 edentes.

2063 786 2330 854 Deiparae.
2361 814 2428 824 —
2459 785 2530 838 Ut
2577 783 2760 836 salvet
2789 779 3076 836 mundum
3108 780 3345 834 Creater
3399 777 3622 847 mundi,

1991 875 2257 928 mortalis
2287 873 2443 927 visus
2475 877 2563 926 est
2595 872 2656 924 in
2693 875 2885 925 terra:
2919 885 3055 922 nam
3095 867 3401 921 hominum
3431 865 3626 919 fautor

1990 961 2285 1031 apparuit,
2333 977 2462 1014 vere
2507 961 2680 1012 homo
2733 958 3010 1028 probatus
3059 956 3310 1010 formam
3356 953 3502 1007 servi
3551 969 3622 1006 ex

1989 1054 2176 1102 matre
2207 1048 2426 1118 virgine
2459 1046 2774 1116 accipiens.

2483 1247 2594 1302 Ode
2647 1248 2794 1300 VIII.
2843 1244 3125 1314 Septuplo.

2063 1357 2233 1410 Velut
2262 1359 2462 1409 sancto
2495 1353 2712 1424 Spiritu
2754 1352 3010 1420 adjutus,
3045 1349 3220 1414 Blasi,
3255 1363 3431 1417 super
3460 1347 3622 1401 lacus

1957 1507 1962 1512 _
1992 1445 2230 1498 dorsum
2265 1459 2468 1497 secure
2499 1442 2673 1506 latus,
2707 1439 3012 1493 interritus
3043 1437 3284 1490 omnino
3315 1435 3620 1488 humidam

1991 1531 2142 1585 viam
2175 1529 2456 1594 incessiti,
2491 1533 2548 1582 et
2577 1526 2836 1580 instabili
2865 1525 2926 1578 in
2962 1540 3128 1593 aqum
3161 1523 3498 1576 summitate
3525 1521 3623 1574 llr-

1991 1619 2162 1673 miter
2209 1617 2550 1682 consedisti,
2591 1613 2749 1668 haud
2796 1628 2964 1668 secus
3004 1629 3069 1665 ac
3115 1611 3160 1664 si
3210 1625 3424 1680 corpus
3453 1613 3620 1662 tuum

1993 1707 2238 1778 abyssus
2269 1706 2392 1775 ipse
2425 1704 2762 1758 sustineret.

2063 1814 2276 1884 Lignea
2305 1809 2623 1865 simulacra
2660 1824 2788 1877 qua;
2821 1805 2921 1858 Dei
2971 1804 3340 1858 habebantur
3383 1801 3620 1871 penitus

1917 1874 1961 1937 Β
1991 1902 2366 1964 interierunt,
2399 1900 2460 1952 in
2510 1897 2798 1968 gurgitem
2839 1893 3109 1948 demersa
3153 1896 3308 1954 sunt,
3346 1894 3403 1942 et
3431 1889 3616 1960 legem

1995 1991 2302 2044 subierunt
2349 2003 2524 2058 quam
2571 1987 2912 2055 posuerant,
2961 1980 3162 2034 multis
3206 1979 3277 2032 ad
3326 1977 3618 2031 Christum

1991 2083 2288 2148 pastorem
2319 2075 2575 2146 rejectis,
2605 2074 2683 2126 ita
2713 2075 2778 2125 ut
2807 2069 3022 2124 milites
3045 2068 3144 2137 qui
3177 2066 3320 2136 ipsis
3347 2065 3622 2120 inservie-

1990 2167 2153 2236 bant,
2187 2172 2288 2221 aut
2317 2171 2555 2233 stupore
2584 2167 2685 2216 aut
2713 2160 2924 2213 rubore
2954 2157 3404 2212 conficerentur.

2065 2344 2245 2396 Lacus
2275 2339 2453 2395 undis
2483 2337 2842 2391 insidentem
2873 2333 3108 2388 divinus
3156 2330 3399 2402 angelus
3428 2329 3619 2382 valere

1984 2431 2174 2503 jubet,
2205 2435 2262 2482 et
2301 2428 2456 2482 dulci
2499 2425 2700 2480 osculo
2751 2422 3073 2486 blanditur,
3123 2435 3190 2474 ac
3237 2434 3413 2472 curru
3443 2421 3497 2471 te
3531 2432 3620 2470 re-

1991 2519 2214 2588 cipiens
2237 2516 2379 2570 dicit
2405 2532 2418 2567 :
2461 2516 2714 2583 Assurge
2745 2517 2802 2565 et
2829 2510 2982 2574 veni,
3015 2509 3210 2577 accipe
3243 2507 3412 2561 laetus
3455 2520 3623 2558 coro-

1989 2623 2129 2662 nam
2159 2605 2362 2676 gloriaa
2395 2619 2526 2673 qum
2559 2600 2664 2654 tibi
2695 2603 2898 2670 parata
2929 2601 3035 2653 est.

2058 2875 2253 2936 Terra,
2278 2885 2529 2934 caenum,
2553 2870 2611 2920 et
2633 2865 2809 2918 limus
2833 2881 2845 2932 ;
2876 2862 2974 2932 qui
3007 2863 3245 2914 vocatur
3265 2873 3364 2912 rex
3387 2861 3620 2912 terrena

1989 2961 2170 3016 sentit
2199 2963 2256 3014 et
2287 2957 2584 3013 mundana
2605 2954 2838 3025 cogitat.
2871 2954 3073 3022 Magno
3101 2947 3364 3019 prodigio
3389 2945 3620 2999 virtutis

1988 3049 2198 3104 Christi
2235 3053 2434 3117 turpes
2471 3045 2772 3098 daemones
2821 3040 3083 3094 funditus
3113 3035 3420 3107 perdidisti
3454 3075 3466 3088 .
3505 3071 3518 3083 .
3557 3075 3568 3086 .
3607 3073 3619 3086 .

1987 3153 2120 3192 vere
2141 3151 2350 3190 vocare
2381 3133 2732 3187 salvatorem
2762 3129 2860 3198 qui
2892 3127 2963 3182 ab
2994 3125 3248 3180 inﬁrmis
3278 3121 3620 3193 parentibus

255 3231 360 3294 ζειν
393 3233 612 3299 σωτῆρα
665 3225 792 3286 τοὺς
849 3220 1319 3298 προαπολωλότας
1375 3220 1464 3273 ὑπ’
1525 3219 1758 3272 ἀσθενῶν
1787 3236 1878 3292 γο-

2057 3225 2252 3282 ιῐῐιιιειιί
2281 3223 2532 3276 fuerant.

254 3335 408 3369 νεων.

321 3405 626 3457 Θεοτόκιον.
685 3432 751 3442 ---
799 3402 885 3462 Ὠς
941 3400 1174 3470 καθαρὰν
1231 3397 1554 3466 κατοικήσας
1612 3396 1712 3460 τήν
1775 3396 1878 3466 μή·

250 3512 376 3566 τραν
437 3511 531 3544 σευ
593 3491 620 3542 ὁ
679 3489 1023 3563 Δημιουργὸς
1090 3493 1188 3554 τῆς
1247 3485 1590 3555 ἀνθρωπίνης
1651 3482 1882 3559 φύσεως,

250 3579 504 3650 ἐξῴκησε,
553 3577 834 3645 Δέσποινα,
867 3578 964 3643 τὴν
1023 3574 1074 3627 ἒν
1130 3577 1265 3644 ἡμῖν
1322 3572 1612 3641 οἱκήσασαν
1674 3589 1884 3642 προπα-

251 3667 476 3740 τορικήν
537 3665 842 3739 παρθενίαν,
891 3662 1018 3725 τοὺς
1074 3661 1242 3715 πάλαι
1281 3664 1490 3736 πικρῶς
1547 3656 1890 3720 ἀποικισθέν-

255 3776 348 3816 τας
404 3759 499 3809 τοῦ
555 3757 784 3827 τερπνοῦ
841 3748 1169 3826 παραδείσου
1203 3792 1216 3817 ,
1271 3747 1516 3820 ἐνῴκισεν
1590 3745 1643 3802 ἐν
1710 3744 1888 3817 τούτῳ

256 3844 412 3898 αὐτὸν
447 3841 896 3916 δοξολογοῦντας.

680 3951 809 4021 Ὠδή
838 3953 910 4009 Θ’.
937 3951 1150 4021 Ἐξέστη
1176 3949 1464 4020 ἐπιτιμῶν.

331 4065 468 4124 Ἰλύῖ
495 4063 582 4119 καἲ
622 4057 874 4136 βορϐόρῳ
924 4062 1220 4132 ἁμαρτιῶν,
1273 4057 1357 4110 οἷα
1414 4059 1606 4129 χοῖρος
1662 4053 1739 4107 αεὶ
1769 4073 1888 4106 κοι-

260 4156 582 4226 ταζὸμενος,
612 4153 702 4207 καὶ
744 4151 836 4205 τὸν
889 4149 1044 4224 ὑγρὸν
1093 4147 1231 4222 βίον,
1261 4147 1357 4212 τήν
1413 4143 1636 4219 ῥέουσαν
1688 4139 1890 4210 ἡδονὴν

267 4241 516 4310 διώκων,
568 4242 824 4314 ἅρπασμα
870 4239 1162 4313 πρόκειμαι
1214 4238 1292 4304 τῷ
1341 4231 1493 4303 λύκῳ
1545 4235 1623 4301 τῷ
1679 4233 1886 4300 νοητῷ,

266 4331 426 4384 αὐτοῦ
457 4333 590 4384 Θεοῦ
620 4327 943 4402 θεράποντος
973 4333 1072 4394 τῆς
1106 4325 1272 4398 θήρας
1314 4317 1621 4391 ἐξελοῦμαι,
1677 4319 1891 4390 μήποτε

268 4419 461 4493 βρῶμα
487 4417 691 4471 τούτων
712 4417 972 4490 γένωμαι.

332 4503 536 4578 Ὡραῖοί
561 4523 654 4556 σου
713 4503 766 4556 o't
813 4499 992 4568 πόδες,
1048 4499 1310 4574 ἱερουργεὶ⁸
1361 4497 1459 4564 τήν
1504 4495 1727 4570 εἰρήνην
1783 4493 1886 4566 γὰρ

2063 3405 2326 3471 Πείρανω.
2369 3427 2431 3438 -
2467 3392 2972 3461 Quemadmodum
3007 3389 3106 3460 qui
3129 3389 3424 3458 integrum
3455 3390 3618 3438 tuum

1991 3498 2224 3546 uterum
2253 3487 2536 3542 habitavit
2567 3485 2838 3538 humanae
2870 3484 3094 3534 natura:
3141 3475 3438 3541 Conditor,
3473 3472 3623 3543 pris-

1995 3581 2176 3634 tinam
2209 3593 2338 3646 quaa
2369 3575 2540 3628 nobis
2571 3574 2761 3626 inerat
2789 3567 3184 3638 integritatem
3207 3562 3485 3624 restituit,
3515 3560 3618 3622 ita,

1995 3671 2132 3724 sunt
2187 3665 2329 3717 illnc
2359 3661 2500 3714 olim
2546 3677 2616 3713 ex
2663 3654 3059 3712 amoenissima
3108 3649 3378 3721 paradiso
3428 3647 3622 3718 ejecti,

1997 3755 2264 3822 Domina,
2298 3752 2397 3822 qui
2433 3747 2668 3804 reduxit
2695 3747 2888 3817 ipsum
2919 3741 3305 3796 celebrantes.

2340 3955 2448 4009 Ode
2474 3952 2570 4006 IX.
2617 3947 2826 4004 Extitit
2862 3942 3279 4018 reprehendens.

2070 4059 2231 4112 Limo
2265 4060 2322 4108 et
2340 4067 2503 4108 coeno
2529 4053 2902 4120 peccatorum
2925 4060 3030 4098 ceu
3051 4056 3266 4113 porcus
3287 4035 3620 4106 indulgens,

1999 4153 2058 4201 et
2087 4146 2260 4199 vitam
2307 4141 2593 4195 lubricam
2642 4141 2700 4190 et
2745 4134 3102 4203 voluptatem
3151 4126 3449 4198 fugitivam
3481 4123 3622 4176 affe-

1999 4239 2184 4298 ctans,
2219 4229 2415 4301 praeda
2444 4227 2664 4280 habeor
2693 4222 2814 4292 lupi
2849 4217 3172 4291 spiritalis;
3205 4214 3308 4269 Dei
3346 4210 3620 4283 praesidio

1997 4339 2031 4376 a
2061 4322 2184 4375 fera
2213 4318 2430 4372 liberer
2458 4331 2532 4368 ne
2562 4312 2731 4366 istius
2761 4309 3045 4381 pabulum
3077 4303 3318 4359 efﬁciar.

2067 4494 2324 4566 Speciosi
2347 4491 2526 4564 pedes
2542 4489 2647 4554 tui,
2677 4483 3080 4548 sanctissime;
3103 4496 3241 4534 nam
3263 4491 3468 4548 pacem
3491 4489 3622 4544 qua)

265 4595 364 4660 τὴν
393 4593 758 4666 ὑπερέχουσαν
813 4589 1015 4642 ἅπαντα
1054 4591 1200 4648 νοῦν.
1230 4585 1318 4640 καὶ
1374 4587 1441 4640 τὰ
1502 4585 1631 4654 ὑπὲρ
1687 4579 1885 4634 ἔννοιαν

2057 4588 2308 4654 :superat
2329 4595 2562 4634 omnem
2595 4591 2856 4639 sensum,
2881 4577 2938 4626 et
2963 4585 3218 4640 superna
3236 4567 3392 4620 bona
3419 4561 3628 4634 praedi-

266 4681 436 4755 ἀγαθὰ
488 4676 838 4753 εὖαγγελίσω,
897 4675 1114 4744 Βλάσιε,
1166 4675 1372 4748 βήματι
1425 4671 1708 4755 τυράννου,
1751 4689 1886 4742 παρ-

269 4754 507 4839 εστηκὼς
533 4767 586 4822 ἒν
618 4763 770 4820 ὕδασι
828 4762 1062 4824 πολλοῖς
1118 4783 1176 4815 τε
1230 4761 1322 4822 τας
1376 4754 1593 4834 τρίϐους
1624 4757 1889 4826 ἐποιήσω,

263 4859 350 4913 καὶ
382 4856 482 4911 οὐκ
510 4855 846 4930 ἐγνώσθησαν
877 4851 942 4904 τὰ
969 4847 1098 4923 ἴχνη
1143 4869 1256 4903 σου.

333 4946 434 5001 Καὶ
496 4939 710 5011 ἕπνιξας
766 4939 974 5014 ἀγχόνῃ
1053 4941 1160 4992 τῶν
1219 4938 1478 5005 νηστειῶν
1565 4931 1889 5005 λαιμαργίαν

267 5035 470 5104 θηρίων
534 5029 852 5100 ἀκόρεστον,
909 5023 1144 5080 σκύλλαν
1206 5023 1437 5095 πικρὰν,
1499 5018 1658 5094 ὕδραν
1716 5018 1895 5072 πολυ-

271 5120 524 5195 κέφαλον,
585 5115 836 5189 μυθικήν·
889 5113 1122 5174 ἐντεῦθεν
1175 5109 1334 5184 χάριν
1392 5107 1620 5180 εἴληφας
1650 5109 1714 5160 τὰ
1761 5107 1895 5158 κατά

269 5193 354 5266 τὸν
415 5209 632 5282 θώρακα
678 5204 766 5258 καὶ
831 5202 1028 5274 λαιμὸν
1077 5199 1396 5275 πηγνύμενα
1455 5197 1608 5251 ὀστέα
1663 5193 1892 5266 ἐξέλκειν

269 5295 548 5358 ἀνωδύνως
580 5292 696 5364 θείᾳ
724 5289 1058 5368 προσψαύσει
1089 5292 1196 5343 τῶν
1227 5287 1494 5359 λειψάνων
1528 5305 1644 5338 σου.

341 5538 353 5549 .
391 5536 403 5548 .
442 5535 454 5548 .
489 5535 502 5548 .
536 5486 693 5550 όδους
723 5483 962 5560 διαρτίας
998 5482 1320 5557 μεταλαχὼν
1355 5479 1694 5551 ἐπαλλήλοις
1725 5477 1894 5535 πάλαι

270 5581 590 5652 νοσήμασιν,
619 5571 794 5630 ἕλκων
831 5572 971 5641 ζωὴν
1026 5571 1506 5640 πολυπαθεστάτην
1555 5568 1642 5622 καὶ
1680 5578 1894 5641 μοχθη.

271 5669 382 5749 ράν·
413 5651 478 5721 τὸ
509 5667 610 5742 γὰρ
642 5669 738 5732 τῆς
771 5659 909 5732 ὕλης
933 5701 946 5716 .
981 5703 994 5718 .
1031 5703 1043 5718 .
1081 5706 1092 5720 .
1125 5679 1250 5714 κτον
1302 5662 1531 5714 πάντοτε
1573 5651 1892 5736 φέρόμενον,

2000 4673 2167 4737 casti,
2201 4671 2394 4735 Blasi;
2428 4683 2624 4722 coram
2683 4679 2836 4733 rege,
2869 4661 3020 4714 viam
3063 4657 3170 4711 tibi
3217 4669 3393 4724 super
3441 4667 3626 4720 aquas

2001 4759 2243 4832 parasti,
2273 4773 2384 4812 nec
2410 4753 2811 4824 apparuerunt
2841 4746 3080 4817 vestigia
3101 4749 3217 4798 tua.

2073 4937 2301 5004 Laqueo
2354 4927 2730 5000 transgulasti
2789 4919 3182 4978 insatiabilem
3238 4913 3627 4970 esurientium

2001 5023 2258 5076 ferarum
2297 5019 2634 5090 ingluviem,
2687 5012 2929 5082 scyllam
2977 5004 3324 5072 terribilem,
3379 5001 3626 5073 hydram

1995 5113 2166 5183 juxta
2195 5089 2422 5162 fabulas
2450 5105 2654 5159 multis
2701 5097 2988 5170 capitibus
3032 5095 3416 5156 instructam;
3471 5089 3628 5144 unde

2003 5177 2249 5272 gratiam
2298 5193 2570 5264 accepisti
2613 5204 2746 5242 ossa
2775 5185 2996 5254 absque
3046 5182 3247 5237 dolore
3296 5177 3628 5250 expellendi

2003 5269 2226 5358 pectori
2257 5289 2314 5338 et
2341 5279 2559 5352 gutturi
2607 5275 2805 5340 inﬁxa,
2839 5271 3032 5327 divino
3063 5269 3450 5339 reliquiarum
3497 5271 3630 5320 tua-

2005 5393 2136 5433 rum
2169 5375 2461 5430 contactu.

2009 5525 2023 5542 .
2069 5524 2080 5537 .
2128 5523 2140 5535 .
2185 5521 2198 5533 .
2243 5521 2256 5533 .
2302 5519 2314 5531 .
2360 5517 2370 5530 .
2414 5515 2426 5527 .
2462 5469 2758 5526 continuis
2794 5469 2920 5539 jam
2959 5464 3190 5536 pridem
3219 5461 3441 5518 morbis
3471 5459 3626 5516 afﬂi-

2005 5577 2152 5634 ctus,
2169 5569 2344 5622 vitam
2365 5564 2528 5617 traho
2553 5559 2946 5614 miserrimam
2962 5560 3020 5610 et
3035 5553 3466 5610 difficillimam.
3484 5552 3626 5604 Nam

2007 5657 2274 5717 carnales
2305 5654 2548 5710 affectus
2597 5650 2710 5704 huc
2748 5647 3006 5716 illucque
3054 5643 3234 5697 invita
3279 5643 3476 5694 mente
3509 5640 3630 5711 agi-
