3888 6136
364 299 504 353 1407

1876 304 2220 357 ΑΒΒΕΝΒΑ
2230 339 2245 354 .

3600 308 3715 363 1408

355 404 483 491 tati,
515 442 608 482 me
639 428 1115 486 circumveniunt
1157 433 1656 503 opprimuntque;
1694 428 1997 485 doloribus
2031 430 2079 494 Α

2110 421 2464 494 πλημμελῶς
2494 427 2589 477 τοῦ
2619 427 2734 491 νοῦ,
2766 430 3055 497 πολιορκεῖ
3086 445 3174 497 με,
3206 424 3450 503 σφοδρῶς
3485 450 3551 500 με
3581 451 3715 486 κατι.

368 515 568 569 multis
600 518 849 572 crucior.

435 604 595 657 Alios
628 606 873 659 sanandi
902 608 952 660 vi
985 608 1223 679 gaudes,
1257 609 1524 679 prodigia
1573 607 1854 679 operandi
1887 607 2000 659 vir-

366 696 549 744 tutem
576 708 609 745 a
640 694 755 745 Deo
778 694 1044 764 adeptus,
1081 697 1387 764 praemium
1422 697 1741 750 illustrium
1768 701 2002 748 tuorum

364 780 785 845 certaminum;
813 782 1119 835 vulnerum
1133 788 1396 837 tumores
1426 790 1483 836 et
1506 782 2005 853 gutturisinﬂam-

362 866 650 920 mationes
681 868 807 922 sine
841 870 1041 923 dolore
1082 872 1422 942 restinguis,
1458 887 1817 941 prorsusque
1844 870 2004 924 tollis

362 955 583 1022 potenti
616 960 712 1008 tua
745 972 901 1010 cura.

430 1043 611 1105 Quam
632 1044 876 1097 Domino
900 1045 1211 1115 profudisti
1238 1063 1493 1116 precem,
1521 1049 1712 1111 Pater,
1739 1051 2003 1116 tempore

357 1129 629 1184 interitus
660 1132 767 1197 tui,
802 1138 860 1185 et
908 1149 1064 1186 nunc
1097 1134 1386 1202 profunde
1432 1140 1495 1188 ut
1546 1136 2001 1188 intercessorem

357 1222 411 1270 te
445 1218 766 1273 habeamus
801 1222 899 1289 qui
949 1227 1001 1274 te
1058 1222 1437 1285 invocamus;
1497 1226 1570 1277 'l‘e
1632 1224 2005 1276 inveniamus

356 1306 765 1360 auxiliatorem
788 1314 847 1361 et
882 1309 1255 1385 liberatorem
1286 1312 1343 1364 in
1367 1312 1689 1373 doloribus,
1719 1312 1778 1364 in
1810 1327 2011 1364 neces-

358 1395 650 1457 sitatibus,
703 1397 763 1450 in
815 1399 1038 1452 morbis
1082 1401 1383 1469 periculis,
1445 1402 1503 1455 in
1561 1400 2007 1455 discriminibus

358 1488 415 1535 et
445 1483 966 1539 vicissitudinibus.

428 1571 694 1639 Deiparw.
725 1604 790 1613 —
823 1573 1181 1629 Salvatorem
1216 1582 1272 1629 et
1304 1577 1618 1631 Dominum
1671 1584 1727 1631 et
1759 1577 2003 1631 Libera-

359 1664 543 1713 torem
572 1677 701 1729 quae
732 1668 945 1731 przeter
975 1671 1257 1725 mentem,
1293 1672 1349 1718 et
1372 1667 1688 1729 rationem,
1712 1672 1770 1719 et
1790 1667 2003 1737 cogita-

2115 512 2340 587 τρύχον,
2370 510 2607 573 πολλαῖς
2640 509 2870 572 ὠδύναις
2902 512 3069 569 ἀπολ.
3102 559 3113 570 .
3152 558 3164 569 .
3198 558 3211 569 .

2185 606 2299 654 Τῶν
2336 601 2578 671 ἰαμάτων
2611 595 2752 674 ἔχων
2808 603 2990 675 πηγήν
3046 602 3120 662 ὡς
3177 602 3461 674 θαυμάτων
3501 606 3717 679 πλουτῇ-

2118 711 2210 752 σας
2241 689 2511 762 ἐνέργειαν
2545 687 2631 743 ἐπὶ
2682 693 2836 757 Θεοῦ,
2868 688 3102 753 ἔπαθλον
3148 696 3256 746 τῶν
3307 694 3488 756 ἄθλων
3519 717 3607 749 σου
3631 704 3715 753 τῶν

2119 783 2347 847 σεπτῶν,
2402 778 2465 831 τὰ
2519 783 2625 831 τῶν
2680 780 2931 851 τρώσεων
2992 779 3362 855 πιρῥώματα,
3414 783 3503 836 καὶ
3552 785 3637 847 τὰς
3676 788 3713 841 ἐν

2118 869 2198 937 τῷ
2231 867 2462 942 λάρυγγι
2494 865 2801 942 φλεγμονὰς
2834 865 3126 937 μαλάσσεις
3176 866 3483 941 ἀνωδυνως,
3526 874 3715 947 σκορπί.

2124 962 2231 1025 ζεις
2261 953 2577 1023 λεληθότως
2606 954 2934 1016 ἐπιστασίαις
2958 976 3072 1009 σου.
3110 999 3123 1011 .
3155 999 3167 1011 .
3206 1000 3216 1011 .
3249 956 3500 1019 κώδεσιν,

2188 1046 2289 1099 ’Ήν
2332 1041 2478 1112 ηὔξω
2534 1046 2611 1113 τῷ
2668 1042 2933 1115 Δεσπότῃ,
2993 1044 3186 1119 Πάτερ,
3244 1046 3415 1120 εὐχὴν
3476 1046 3529 1102 έν
3574 1057 3717 1123 καιρῷ

2112 1138 2191 1203 τῷ
2220 1139 2320 1199 τῆς
2358 1139 2457 1199 σῆς
2487 1129 2819 1192 τελειώσεως
2856 1175 2868 1196 ,
2902 1131 3067 1205 εὕχου
3120 1133 3208 1185 καὶ
3238 1138 3327 1187 νῦν
3363 1180 3376 1205 ,
3429 1137 3572 1197 ὅπως
3599 1139 3717 1192 ἀντι-

2116 1219 2369 1291 λήπτορα
2402 1218 2617 1292 ἔχωμεν
2678 1220 2729 1272 οἱ
2790 1220 2845 1272 σὲ
2902 1219 3345 1293 ἐπικαλούμενοι·
3405 1220 3619 1298 ἔχοιμεν
3646 1230 3711 1280 καὶ

2120 1308 2314 1383 ῥύστην
2368 1309 2456 1360 καὶ
2513 1308 2712 1380 βοηθὸν
2764 1307 2813 1360 ἐν
2875 1304 3093 1374 λύπαις,
3140 1308 3190 1362 έν
3230 1304 3510 1383 ἀνάγκαις,
3556 1312 3603 1367 ἐν
3649 1315 3715 1369 νό-

2119 1418 2254 1466 σοις,
2288 1394 2339 1449 έν
2366 1392 2654 1461 κινδύνοις,
2688 1392 2974 1469 διαφοραῖς
3001 1396 3090 1450 καὶ
3122 1392 3512 1471 περιστάσεσιν.
3590 1410 3597 1415 “

2179 1572 2485 1627 Θεοτόκιον.
2538 1606 2607 1615 -
2666 1579 2896 1647 Σωτῆρα
2970 1573 3058 1627 καὶ
3137 1574 3409 1645 Δεσπότην
3489 1578 3575 1631 καὶ
3627 1585 3711 1633 Λυ-

2105 1664 2315 1736 τρωτῆν
2353 1662 2479 1734 ὑπὲρ
2515 1660 2679 1734 λόγον
2707 1661 2794 1715 καὶ
2828 1666 2949 1715 νοῦν
2981 1662 3071 1715 καὶ
3103 1660 3365 1733 διάνοιαν,
3394 1668 3582 1728 πάθος.
3616 1713 3627 1724 .
3657 1711 3667 1723 .
3692 1709 3707 1727 .

359 1749 579 1802 tionem
600 1750 1479 1820 carnalitergenuisti,Domina,
1500 1754 1569 1807 ab
1588 1754 2000 1809 aliectibusme
2032 1770 2079 1833 Β

2111 1751 2391 1813 Δέσποινα,
2448 1754 2675 1803 τεκοῦσα
2730 1754 3074 1820 σωματικῶς,
3135 1749 3194 1803 έκ
3234 1756 3339 1805 τῶν
3403 1759 3581 1816 παθῶν
3628 1777 3708 1827 μου

355 1836 541 1889 libera
572 1836 837 1907 corporis
867 1846 923 1892 et
954 1841 1132 1893 animi
1163 1858 1174 1906 ;
1205 1842 1507 1897 circumda
1540 1844 1683 1895 mihi
1719 1844 1998 1897 amictum

356 1925 537 1979 divini
563 1927 764 1980 auxilii
792 1945 803 1993 ;
830 1928 986 1983 salva
1016 1945 1129 1996 me,
1165 1929 1333 2004 Virgo
1362 1931 1566 1985 mundi
1601 1931 1924 1985 liberatrix.
1990 1928 1991 1931 “

2109 1838 2264 1914 ῥῦσαί
2320 1858 2384 1909 με
2434 1842 2542 1891 τῶν
2600 1842 2922 1909 σωματικῶν
2980 1839 3069 1891 καὶ
3128 1843 3233 1892 τῶν
3305 1843 3597 1916 ψυχικῶνσ
3642 1844 3709 1895 καὶ

2111 1927 2254 1991 θείας
2289 1927 2542 1999 βοηθείας
2585 1924 2784 1992 στολὴν
2834 1921 3223 1999 περιϐαλοῦσα,
3258 1929 3433 1983 σῶσόν
3470 1951 3550 2003 με,
3581 1933 3701 2004 Κόρη

2105 2015 2532 2088 κοσμοσώτειρα.

1400 2260 1482 2343 s.
1543 2258 2001 2369 JOANNIS
2063 2257 2687 2371 DAMASCENI

757 2418 1723 2557 FRAGMENTA
1830 2424 1979 2547 IN
2081 2423 2200 2550 S.
2303 2411 3321 2557 MATTHzEUM*

1303 2646 1410 2713 (Ea:
1442 2644 1647 2697 Catena
1680 2646 1874 2698 Nicetz
1909 2643 2091 2699 Balth.
2139 2644 2395 2719 θοι-(ιθήο
2434 2644 2774 2714 interprete.)

420 2898 695 2970 §.A_1>:XII,
731 2901 835 2970 ira
860 2901 921 2970 In
955 2899 1057 2953 illo
1082 2904 1344 2969 tempore
1377 2900 1521 2953 abiit
1539 2901 1705 2953 Jesus
1728 2916 1833 2970 per
1860 2904 1984 2953 sata
2016 2900 2057 2966 C

423 2960 708 3041 Sabbato}
744 2969 1017 3037 discipuli
1052 2960 1245 3023 autem
1271 2972 1398 3041 ejus
1431 2960 1979 3040 esurientes‘cmpe-

422 3044 559 3091 runt
588 3038 801 3092 vellere
834 3041 1044 3109 spicas,
1079 3048 1135 3094 et
1164 3038 1493 3097 comedere.
1530 3064 1557 3089 ››

417 3234 485 3285 Et
515 3248 713 3286 servus
746 3237 899 3299 tuus,
936 3234 1147 3304 inquit,
1182 3240 1238 3289 et
1264 3236 1567 3307 subjugale
1620 3236 1679 3289 in
1730 3235 1982 3289 Sabbato

350 3321 722 3389 requiescet:
758 3322 816 3374 id
866 3329 971 3385 est,
1004 3323 1416 3377 hebdomadali
1466 3325 1575 3378 hac
1606 3325 1743 3387 vita,
1779 3324 1981 3393 subju-

345 3406 472 3477 gale
505 3406 742 3475 quidem
789 3407 955 3476 quasi
1002 3424 1213 3478 corpus
1245 3426 1277 3464 a
1309 3412 1584 3465 servitute
1633 3413 1853 3482 peccati
1889 3429 1980 3465 re-

348 3494 631 3562 quiescet,
682 3494 891 3548 divinis
951 3501 1145 3550 autem
1189 3498 1479 3552 mandatis
1516 3500 1846 3564 ‘inserviet;
1894 3500 1980 3553 ira

344 3599 478 3635 vero
512 3588 569 3635 et
595 3584 1093 3653 concupiscentia,
1129 3590 1408 3655 tanquam
1460 3604 1656 3641 servus
1702 3589 1976 3657 requies-

344 3675 455 3735 cet,
490 3673 604 3725 Deo
652 3679 847 3726 autem
879 3689 1082 3728 vacare
1106 3675 1448 3745 jubebitu‘r:
1500 3677 1977 3747 concupiscentia

346 3759 584 3827 quidem
614 3761 808 3813 omnis
842 3761 923 3814 ad'
947 3763 1126 3814 Deum
1159 3764 1429 3823 tendens,
1465 3764 1551 3817 ira
1580 3780 1739 3833 vero,
1771 3770 1976 3818 contra

345 3862 445 3899 eos
477 3846 575 3913 qui
611 3848 789 3899 Deum
826 3855 1186 3919 oppugnant,
1221 3856 1446 3904 armata
1476 3854 1567 3920 (1).

412 4021 583 4075 XVII.
632 4023 681 4073 2.
743 4023 861 4075 «Et
893 4023 1340 4095 transfiguratus
1398 4031 1488 4079 est
1544 4030 1677 4080 ante
1728 4043 1846 4081 eos.
1908 4028 1974 4081 Et

342 4108 711 4179 resplenduit
755 4110 932 4167 facies
974 4112 1103 4181 ejus
1135 4112 1287 4166 sicut
1325 4112 1450 4178 sol;
1484 4114 1831 4169 vestimenta
1860 4132 1970 4169 au-

341 4202 459 4249 tem
492 4197 618 4266 ejus
649 4198 783 4252 alba
808 4199 961 4253 facta
991 4206 1147 4267 sunt,
1181 4202 1331 4255 sicut
1365 4202 1484 4255 nix.
1520 4223 1547 4250 ››

410 4284 879 4355 Transﬂguratur
925 4288 1207 4342 Dominus
1241 4330 1254 4355 ,
1307 4307 1426 4343 non
1479 4289 1634 4360 quod
1682 4307 1799 4345 non
1849 4296 1973 4345 erat

335 4386 666 4437 assumens,
717 4373 818 4426 sed
879 4375 1035 4443 quod
1085 4381 1209 4429 erat
1254 4378 1573 4431 ostendens
1623 4379 1967 4449 discipulis:

336 4466 393 4513 et
424 4460 695 4530 splendet
724 4461 903 4515 facies
949 4462 1075 4530 ejus
1123 4463 1274 4515 sicut
1300 4464 1386 4517 sol
1429 4466 1445 4533 (
1480 4466 1607 4518 luce
1649 4466 1805 4518 enim
1856 4466 1971 4520 alia

333 4548 604 4601 clarescit
634 4549 959 4602 secundum
993 4551 1378 4620 hypostasim)
1406 4569 1417 4616 ;
1456 4553 1604 4605 sicut
1630 4553 1729 4606 nix
1772 4558 1967 4608 autem

336 4636 645 4689 albescunt
699 4635 1033 4691 aecundum
1093 4640 1347 4692 Marcum
1406 4640 1532 4707 ejus
1585 4641 1967 4710 vestimenta,

334 4724 583 4778 amictus
614 4724 772 4778 enim
809 4724 1012 4778 habitu
1053 4725 1434 4795 gloriﬁcatur,
1462 4745 1579 4781 non
1613 4729 1829 4782 unione
1860 4731 1963 4799 hy-

332 4812 635 4881 postatica.
675 4813 742 4865 Ut
790 4828 922 4865 vero
966 4813 1074 4875 sol,
1103 4828 1255 4866 unus
1287 4830 1419 4867 cum
1448 4816 1542 4881 sit,
1595 4815 1740 4870 duas
1788 4817 1965 4871 habet

332 4899 710 4965 subStantias,
760 4900 985 4954 scilicet
1030 4916 1211 4953 unam
1244 4902 1412 4964 lucis,
1439 4920 1568 4972 qum
1614 4906 1775 4974 prior
1812 4905 1964 4960 facta

330 4994 436 5053 est,
497 4994 555 5040 et
611 4988 855 5043 alteram
916 4990 1178 5060 corporis
1236 4991 1531 5045 creatione
1579 4994 1958 5063 posterioris;

322 5092 428 5145 per
454 5080 640 5128 totum
671 5082 867 5131 autem
926 5095 1137 5148 corpus
1170 5078 1269 5131 lux
1303 5094 1423 5132 non
1455 5079 1684 5134 divisim
1734 5084 1957 5149 unitur,

322 5179 388 5218 ac
420 5178 665 5232 corpore
699 5172 975 5219 manente
1044 5167 1141 5220 lux
1173 5166 1449 5221 omnibus
1483 5172 1650 5223 terrae
1690 5170 1955 5240 partibus

2169 2898 2318 2973 «M’Ev
2377 2896 2566 2973 ἐκείνῳ
2612 2902 2690 2969 τῷ
2732 2902 2905 2973 καιρῷ
2954 2898 3219 2973 ἐπορεύθη
3272 2900 3299 2953 ὁ
3349 2902 3557 2973 Ἰησοῦς
3603 2902 3691 2973 τοῖς

2099 2964 2336 3052 ξιάξϐασι
2393 2967 2479 3022 διὰ
2534 2964 3123 3052 τιῶνὐσπορί“μων,“ὀὶ
3172 2964 3229 3024 6%
3276 2964 3513 3052 μαῇηταὶ
3564 2970 3691 3052 αὑτοξ

2093 3038 2370 3164 ἐπεὲνασαν
2406 3082 2421 3107 ,
2486 3040 2575 3093 καὶ
2665 3037 2896 3112 ἤρξαντο
2982 3038 3194 3096 τίλλειν
3276 3037 3560 3116 στάχυας,
3623 3038 3688 3093 καὶ

2091 3122 2181 3174 ισθ
2210 3131 2305 3167 ειν,
2338 3134 2365 3161 n

2162 3231 2262 3286 Καὶ
2296 3227 2543 3290 ὁδοῦλός
2600 3251 2716 3299 σου,
2775 3230 2927 3307 φησὶ,
2985 3230 3075 3285 καί
3128 3232 3191 3285 τὸ
3251 3232 3540 3307 ὑποζύγιον
3569 3231 3685 3299 ἐντῷ

2092 3315 2357 3390 Σαϐϐάτῳ
2416 3320 2846 3388 ἀναπαυθήσεται
2884 3340 2894 3350 ·
2956 3321 3266 3387 τουτέστιν,
3324 3319 3379 3373 ἐν
3437 3325 3514 3391 τῷ
3564 3314 3686 3373 ἐϐδο-

2092 3413 2307 3480 ματικῴ
2363 3406 2540 3479 τούτῳ
2601 3408 2744 3481 βίῳο
2800 3409 2875 3468 ὡς
2944 3406 3039 3480 μὲν
3098 3408 3395 3482 ὐποζύγίον
3450 3411 3508 3463 τὸ
3562 3410 3683 3477 σῶμα

2085 3499 2183 3564 τῆς
2242 3494 2489 3557 δουλείας
2544 3503 2642 3564 τῆς
2702 3495 2966 3569 ἁμαρτίας
3052 3499 3410 3565 παυθήσετεψ
3492 3502 3595 3555 ταῖς
3639 3491 3683 3546 δὲ

2087 3586 2252 3645 θείαις
2311 3584 2556 3647 ἐντολαῖς
2631 3583 3079 3657 ἐξυπηρετήσεται
3113 3602 3125 3614 ’
3192 3585 3266 3646 ὡς
3325 3582 3387 3640 ’δὲ
3443 3582 3682 3645 δοῦλοςὸ

2084 3672 2254 3743 θυμὸς
2284 3674 2368 3725 καὶ
2422 3671 2698 3744 ἐπιτυμία,
2754 3679 2853 3739 τῆς
2918 3673 3011 3743 μὲν
3071 3674 3337 3744 ἁμαρτίας
3373 3672 3679 3737 καταπαυθή-

2084 3781 2250 3831 σεται,
2306 3762 2382 3832 τῷ
2438 3758 2491 3814 δὲ
2550 3765 2663 3830 Θεῷ
2713 3760 3001 3835 σχολάζειν
3057 3761 3557 3837 ἐπιτραπήσεταιοὴ
3604 3759 3676 3830 μὲν

2083 3849 2339 3921 ἐπιθυμία
2398 3850 2531 3921 πρὸς
2588 3848 2715 3901 Θεὸν
2774 3847 2950 3904 ἅπασα
3002 3851 3310 3922 τεινομένη,
3367 3852 3395 3905 ὁ
3444 3848 3494 3906 δὲ
3540 3848 3676 3921 θυμὸς

2080 3938 2215 3991 κατὰ
2243 3941 2349 3990 τῶν
2381 3941 2475 3990 τοῦ
2499 3940 2630 3991 Θεοῦ
2654 3934 2975 4010 δυσμενειῶν
3010 3936 3398 4010 ὁπλιζόμενος.

2155 4050 2180 4075 ‹‹
2217 4026 2314 4080 Kal
2358 4026 2755 4099 μετεμορφώθη
2791 4024 3091 4098 ἔμπροσθεν
3144 4027 3336 4081 αὐτῶν.
3390 4027 3489 4083 Καὶ
3538 4023 3677 4095 ἔλαμ-

2094 4115 2104 4151 ι
2216 4112 2229 4127 ι
2349 4111 2371 4147 λ
2627 4110 2639 4127 ’
2720 4115 2746 4125 ··
2809 4111 2822 4132 ι
2935 4112 2954 4141 .ο
3103 4131 3115 4144 .
3190 4112 3202 4128 ε
3416 4112 3428 4130 ι
3584 4111 3625 4142 ν-
3656 4113 3673 4143 .-

2082 4132 2148 4185 γε
2177 4133 2237 4165 το
2270 4131 2341 4185 πρ
2358 4131 2558 4165 ισωπον
2583 4132 2770 4181 αυτου,
2795 4133 2865 4173 ως
2887 4113 2913 4166 ὁ
2942 4110 3094 4181 ήλιος
3148 4134 3213 4166 τα
3244 4110 3298 4167 δὲ
3330 4113 3519 4186 ἱματια
3547 4132 3675 4166 αυ.ω

2083 4196 2362 4273 έγένοδντο
2393 4197 2657 4268 λευκὰ,ὡς
2686 4199 2746 4251 τὸ
2769 4203 2899 4274 φῶς.
2939 4224 2964 4249 υ
3402 4212 3405 4217 '

2152 4289 2599 4363 Msmpopcpo’iwt
2635 4288 2662 4340 ὁ
2728 4282 2926 4360 Κύριος
2975 4289 3102 4362 οὐχ,
3154 4289 3183 4341 ’ὀ
3242 4288 3340 4343 οὐκ
3396 4293 3482 4357 ἦν,
3534 4306 3669 4359 προσ·

2081 4371 2407 4447 λαϐόμενος,
2444 4372 2565 4429 ἀλλ’
2605 4364 2749 4448 ὅπερ
2785 4375 2849 4442 ἦν
2908 4382 3023 4436 τοῖς
3086 4383 3354 4453 μαθηταῖς
3388 4377 3667 4453 ἐκφαινόμε-

2077 4486 2189 4533 νος,
2252 4466 2338 4518 καὶ
2404 4464 2605 4535 λάμπει
2659 4465 2718 4517 τὸ
2777 4465 3068 4538 πρόσωπον
3124 4460 3285 4521 αὐτοῦ
3343 4468 3419 4529 ὡς
3476 4469 3501 4521 ὁ
3543 4464 3669 4535 ἥλιος

2077 4554 2236 4629 (φωτὶ
2296 4552 2394 4626 γὰρ
2454 4550 2609 4623 ἄλλῳ
2689 4559 2987 4621 ταυτιζεται
3045 4556 3160 4608 καθ’
3234 4555 3534 4627 ὑπόστασιν)
3594 4556 3664 4624 (2)·

2076 4642 2148 4702 ὡς
2208 4639 2265 4695 δὲ
2324 4642 2460 4715 χιὼν
2517 4640 2849 4696 λευκαίνεται
2903 4644 3038 4696 κατὰ
3093 4643 3315 4718 Μάρκον
3356 4646 3423 4699 τὰ
3472 4644 3663 4717 ἱμάτια.

2076 4726 2351 4803 Περιϐολή
2386 4729 2487 4803 γὰρ
2533 4727 2804 4801 δοξάζεται
2856 4729 3060 4805 σχέσει,
3102 4732 3214 4807 οὐχ
3269 4731 3448 4787 ένώσει
3488 4735 3548 4805 τῇ
3577 4728 3662 4784 καθ’

2078 4817 2393 4873 ὑπόστασιν.
2447 4819 2648 4891 ’Ὠσπερ
2704 4816 2760 4872 δὲ
2816 4819 2843 4873 ὁ
2900 4815 3063 4887 ἤλιος
3118 4820 3190 4881 εἶς
3248 4820 3415 4883 ἐστιν,
3474 4817 3573 4895 ἔχει
3622 4814 3663 4869 δὲ

2072 4903 2257 4966 οὐσίας
2312 4902 2430 4974 δύο,
2492 4909 2590 4959 τοῦ
2645 4927 2702 4959 τε
2758 4907 2957 4982 φωτὸς,
2990 4907 3230 4983 ’ὸγέγονε
3282 4908 3554 4983 πρότερον,
3595 4903 3659 4957 καὶ

2068 4994 2163 5047 τοῦ
2193 4997 2261 5065 τῇ
2305 4994 2474 5047 κτίσει
2524 4992 2958 5069 έφυστερίζοντος
3014 4996 3290 5068 σώματος,
3352 4994 3421 5051 δι’
3474 4992 3590 5049 ὅλου
3615 4988 3657 5044 δί

2070 5085 2165 5136 τοῦ
2214 5082 2468 5154 σώματος
2520 5082 2582 5135 τὸ
2642 5086 2754 5157 φῶς
2813 5079 3133 5157 ἆδιαιρέτως
3190 5084 3411 5152 ἥνωται,
3464 5084 3543 5137 καὶ
3585 5080 3657 5133 τοῦ

2067 5170 2322 5241 σώματος
2358 5171 2635 5242 μένοντος,
2663 5171 2723 5223 τὸ
2772 5174 2885 5245 φῶς
2934 5175 3060 5225 πᾶσι
3104 5178 3202 5241 τῆς
3235 5179 3338 5246 γῆς
3368 5170 3658 5249 ἐφαπλοῦται

390 5286 407 5307 ⁸
444 5285 761 5354 Vestiganti
794 5288 937 5340 mihi
971 5287 1297 5359 fragmenta
1318 5291 1442 5346 haac
1472 5291 1711 5345 nonnisi
1745 5295 2065 5364 excerptim
2098 5295 2157 5349 in
2192 5294 2365 5349 editis
2395 5300 2733 5351 occurrunt.
2766 5297 2918 5352 Emr.

1901 5409 2119 5465 NOTAE.

389 5488 463 5563 (1)
615 5494 753 5543 tom.
786 5490 978 5563 XQVI,
1014 5494 1147 5545 I202
1177 5509 1299 5563 seq.

391 5560 466 5627 (2)
497 5560 579 5617 Cf.
613 5578 807 5633 supra,
840 5562 963 5615 794.
