3888 6136
231 280 368 336 1409
458 355 462 360 ι

1356 235 1802 331 FRAGMENTA
1840 235 1915 330 ni
1951 290 2010 343 ε.
2051 235 2500 338 muralium.

3482 243 3620 344 1110

222 409 339 464 τοῖς
398 397 635 476 μέρεσιν“
693 397 834 454 οὕτω
885 401 972 454 καὶ
1034 402 1061 454 6
1110 398 1337 472 Χριστὸς
1392 402 1506 474 φῶς
1567 396 1627 451 ἐκ
1684 399 1864 473 φωτὸς

2065 404 2368 459 funditur:
2402 407 2485 462 ita
2513 408 2691 462 etiam
2718 407 3004 474 Christus,
3039 407 3239 462 lumen
3272 407 3342 461 de
3391 407 3618 463 lumine

226 490 462 566 ἄναρχον
497 487 580 555 ὅν,
620 487 709 543 καὶ
761 488 1077 564 ἀπρόσιτον,
1132 487 1182 541 ἐν
1225 491 1306 558 τῷ
1355 491 1598 560 χρονικῷ
1625 486 1715 540 καὶ
1744 507 1859 540 κτι-

227 584 337 650 στῷ
364 577 653 654 γενόμενος
694 577 926 649 σώματι,
978 578 1054 637 εἰς
1105 575 1214 630 ἐστι
1265 573 1613 644 δικαιοσύνης
1644 573 1863 642 ἽΙλιος,

229 670 306 730 εἷς
334 667 563 741 Χριστὸς
621 664 671 720 ἐν
730 662 848 718 δυσὶ
904 670 1023 724 ταῖς
1083 665 1288 738 φύσεσι·
1349 665 1437 718 καὶ
1486 665 1549 718 τὸ
1585 665 1676 734 μὲν
1709 664 1868 735 σῶμα

229 755 617 830 περίγραπτον,
649 756 684 822 ἡ
717 751 774 807 δὲ
824 754 1014 822 θεότης
1066 752 1358 827 ἁχώρητος
1408 752 1460 807 ἐν
1513 757 1673 806 πᾶσιν
1713 749 1864 819 οὖσα,

229 844 321 898 καὶ
350 840 559 898 πάντων
620 841 886 895 ἐπέκεινα·
954 841 1044 895 καὶ
1102 840 1282 915 ὥσπερ
1337 838 1517 916 ἕτερον
1581 841 1672 912 μὲν
1707 839 1868 908 ἣλιος

461 931 562 1005 γὰρ
621 929 731 984 ἐστι
789 929 986 1004 φωτὸς,
1046 931 1371 1004 καθορᾶσθαι
1442 929 1517 1001 μή
1579 926 1869 1000 δυνάμενος

230 1016 478 1094 τρανῶς),
512 1019 695 1091 ἑτερου
743 1016 800 1071 δὲ
845 1018 908 1071 τὸ
965 1021 1102 1094 φῶς,
1158 1019 1220 1072 τὸ
1279 1017 1328 1089 ἐξ
1385 1017 1553 1070 αὐτοῦ
1602 1017 1737 1088 πρὸς
1767 1022 1866 1090 γῆν

232 1106 622 1180 ἀφικνούμενον
680 1107 887 1182 (ὁρᾶται
957 1107 1061 1180 γὰρ
1135 1105 1224 1159 καὶ
1291 1099 1659 1180 προϐλέπεται
1711 1103 1872 1179 σοφία

229 1201 326 1251 τοῦ
385 1195 518 1251 Θεοῦ
573 1197 664 1252 καὶ
745 1195 1145 1272 φιλανθρωπία,
1205 1195 1278 1255 ὡς
1337 1194 1393 1248 ἓν
1457 1192 1532 1268 μή
1593 1190 1869 1253 παντελῶς

228 1286 497 1361 ἀμέτοχοι
553 1291 660 1340 τῶν
719 1285 902 1340 καλῶν
960 1283 1406 1357 κατασταίημεν)·
1467 1282 1609 1338 οὕτω
1661 1283 1722 1336 τὸ
1778 1282 1871 1352 μὲν

232 1375 525 1448 πρόσωπον
583 1370 681 1429 τοῦ
760 1375 992 1447 Χριστοῦ
1062 1371 1267 1444 λάμπει
1334 1370 1652 1445 τρανότερον
1713 1371 1784 1430 ὡς
1845 1369 1872 1422 ὁ

231 1459 391 1532 ἣλιος
450 1462 602 1536 (ὅπερ
660 1463 760 1536 γὰρ
814 1460 867 1515 ἐν
928 1460 1209 1529 αἰσθητοῖς
1271 1460 1297 1512 6
1353 1459 1539 1528 ἥλιος,
1597 1463 1760 1512 τοῦτο
1821 1457 1870 1511 ἐν

231 1558 451 1622 νοητοῖς
485 1551 513 1606 ὁ
545 1553 694 1616 Θεὸς)
740 1553 840 1624 (3),
889 1545 962 1612 ὡς
1013 1548 1070 1603 δὲ
1120 1553 1234 1625 φῶς
1288 1547 1620 1602 λευκαίνεται
1649 1549 1714 1602 τὰ
1745 1548 1876 1620 ἱμα-

232 1661 343 1708 τια,
399 1641 470 1710 τῇ
528 1637 805 1713 μεταδόσει
865 1643 962 1692 τοῦ
1035 1633 1214 1701 θείου.
1250 1638 1429 1713 φωτὸς
1487 1634 1870 1712 ἀγλαϊζόμενα.

233 1731 352 1784 ’Ὁτι
387 1723 569 1800 μέντοι
604 1729 715 1802 οὐχ
765 1728 840 1790 ὡς
898 1728 925 1781 ὁ
982 1726 1145 1794 ἥλιος
1202 1722 1463 1799 ἔλαμψεν,
1491 1723 1639 1821 ⁶όιλλςὶι
1670 1723 1750 1779 ὅτι
1785 1725 1872 1778 καὶ
1913 1759 1956 1821 Β

235 1821 331 1870 τοῦ
365 1814 761 1891 ὑποδείγματος
814 1819 996 1886 μεῖζον
1041 1815 1108 1882 ἧν
1159 1814 1222 1867 τὸ
1271 1817 1408 1890 φῶς,
1459 1810 1658 1884 ἔδειξαν
1692 1813 1742 1866 οἱ
1779 1832 1876 1885 μα-

239 1903 396 1974 θηταὶ
449 1901 718 1964 πεσόντες.
775 1902 838 1956 Εἰ
896 1902 998 1976 γὰρ
1225 1897 1451 1975 ἄκρατον
1511 1901 1577 1968 ἦν
1630 1899 1692 1954 τὸ
1745 1903 1878 1976 φῶς,

239 1992 386 2047 ἀλλὰ
412 1993 502 2046 καὶ
531 1996 611 2063 τῷ
641 1991 790 2063 ἡλίῳ
819 1989 1152 2064 σύμμετρον,
1185 1988 1285 2043 οὐκ
1314 1989 1372 2042 ἂν
1401 1986 1612 2044 ἔπεσον.

311 2106 338 2134 ι(
371 2079 544 2142 Οὗτός
592 2080 731 2134 ἐστιν
783 2079 906 2140 Υἱός
956 2099 1060 2152 μου
1109 2080 1137 2132 6
1185 2077 1480 2154 ἀγαπητὸς,
1532 2076 1585 2131 ἐν
1635 2077 1679 2148 ᾦ
1711 2073 1880 2145 ηὐδόο

238 2190 402 2240 κησα,
431 2168 595 2223 αὐτοῦ
624 2169 864 2222 ἀκούετε.
898 2189 926 2218 ››

311 2259 676 2329 Ἐπισήμηναι
736 2257 819 2309 ὅτι
889 2253 1150 2330 πρότερον
1234 2255 1327 2326 μὲν
1412 2252 1464 2308 ἐν
1544 2251 1788 2328 Ἰορδάνῃ
1843 2254 1878 2321 ἡ

238 2345 403 2420 Τριὰς
453 2344 807 2420 ἐμαρτυρήθη
865 2346 960 2396 τοῦ
1019 2341 1145 2394 Ι·ἱοῦ
1202 2340 1622 2415 βαπτιζομὲνου,
1669 2340 1881 2412 Πατρὸς

247 2432 448 2489 ἄνωθεν
485 2435 910 2509 μαρτυροῦντος,
949 2435 1044 2484 τοῦ
1100 2429 1410 2502 [Ινεόματος
1441 2429 1568 2483 ὡσεὶ
1598 2427 1885 2503 περιστερὰ

249 2522 678 2598 κατερχομένου.
711 2524 825 2575 Νῦν
857 2517 913 2572 δὲ
942 2518 994 2572 ἐν
1019 2513 1211 2590 Θαϐὼρ
1242 2520 1276 2586 ἠ
1309 2518 1446 2586 αὖτὴ
1479 2516 1646 2572 πάλιν
1683 2537 1882 2591 μαρτυ-

251 2618 420 2688 ρεῖται
450 2616 530 2684 τῶ
557 2609 902 2682 κηρύττοντι,
931 2610 1009 2676 τῷ
1037 2604 1448 2680 κηρῦττομένῳ,
1483 2609 1551 2678 τῇ
1577 2605 1776 2682 νεφέλῃ
1808 2609 1885 2675 τῷ

251 2700 542 2774 Πνεόματι.
574 2695 759 2755 Ταῦτά
783 2716 867 2749 τοι
897 2693 985 2749 καὶ
1014 2689 1179 2748 Δαϐἱδ
1229 2694 1656 2770 προανεφώνησε.
1690 2687 1884 2767 Θαϐὼρ

249 2790 340 2844 καὶ
391 2786 606 2862 Ἐρμὼν
660 2785 711 2840 ἐν
768 2789 849 2856 τῷ
907 2782 1132 2855 ὀνόματί
1185 2803 1280 2836 σου
1337 2779 1772 2857 ἀγαλλιάσονται.
1807 2781 1886 2836 Τὸ

253 2879 349 2951 μὲν
381 2879 485 2952 γὰρ
515 2875 730 2950 Ἑρμῶν
761 2870 1144 2947 ἠγαλλιάσατο
1200 2871 1596 2946 βαπτιζομένου
1625 2869 1721 2923 τοῦ
1752 2874 1886 2944 Χρι-

252 2971 399 3023 στοῦ.
430 2967 506 3022 Τὸ
538 2962 596 3019 δὲ
626 2957 819 3037 Θαϐὼρ
849 2957 1390 3034 μεταμορφουμὲνου,
1415 2956 1602 3026 ἐπειδὴ
1630 2957 1682 3012 ἐν
1710 2959 1888 3032 ἀμφο-

247 3057 427 3130 τὲροις
475 3054 687 3128 ἠνὲχθη
747 3050 925 3125 φωνὴ,
978 3048 1148 3110 Οὗτός
1203 3047 1342 3102 ἐστιν
1393 3048 1421 3101 ὁ
1469 3046 1592 3110 Υἱός
1644 3068 1749 3120 μου
1796 3047 1890 3102 λέ-

246 3163 436 3220 γουσα.

325 3255 352 3282 ‹‹
393 3231 492 3284 Καὶ
568 3223 750 3284 λαϐὼν
825 3229 888 3282 τὸ
960 3227 1224 3299 ποτήριον
1327 3225 1416 3279 καὶ
1493 3225 1892 3300 εὐχαριστήσας

251 3317 450 3375 ἔδωκεν
480 3316 664 3377 αὐτοῖς
689 3317 880 3390 λέγων·
915 3315 1072 3368 Πίετε
1100 3313 1152 3384 ἐξ
1182 3307 1349 3368 αὐτοῦ
1377 3315 1590 3374 πάντες.
1626 3337 1652 3364 ››

327 3406 441 3464 Οὐκ
467 3402 578 3460 ἔστι
607 3403 778 3466 τύπος
803 3403 831 3457 6
863 3400 1024 3476 ἄρτος
1067 3401 1155 3455 καὶ
1210 3403 1355 3463 οἶνος
1395 3406 1492 3456 τοῦ
1523 3400 1773 3472 σώματος
1805 3398 1894 3454 καὶ

256 3495 488 3569 αἳματος
517 3493 614 3549 τοῦ
645 3494 902 3568 Χριστοῦ,
938 3492 1013 3563 μή
1057 3491 1295 3564 γένοιτο,
1329 3489 1455 3545 ἀλλ’
1487 3489 1618 3544 αὐτὸ
1647 3489 1708 3543 τὸ
1740 3492 1898 3561 σῶμα

255 3583 348 3638 καὶ
378 3584 511 3638 αὐτὸ
538 3584 601 3636 τὸ
632 3581 770 3652 αἷμα
799 3577 879 3641 εἷς
906 3577 1156 3633 σύστασιν
1196 3584 1296 3646 τῆς
1324 3578 1592 3652 ἡμετέρας
1623 3579 1810 3651 ψυχῆς
1839 3596 1900 3629 τε

258 3674 346 3727 καὶ
382 3668 636 3744 σώματος
665 3672 908 3744 χωροῦν,
941 3666 1002 3721 οὗ
1045 3664 1448 3738 δαπανώμενον,
1495 3664 1558 3718 οὗ
1608 3666 1902 3739 φθειρόμε-

258 3781 378 3831 νον,
410 3761 512 3814 οὐκ
540 3758 615 3820 εἷς
639 3755 922 3835 ἀφεδρῶνα
948 3758 1189 3830 χωροῦν,
1222 3751 1348 3809 ἀλλ’
1377 3753 1455 3817 εἷς
1481 3755 1581 3822 τὴν
1613 3756 1772 3826 ἡμῶν
1806 3753 1902 3807 οὐ·

262 3849 380 3903 σίαν
405 3868 463 3904 τε
489 3847 581 3902 καὶ
608 3847 957 3919 αυντήρησιν.
993 3843 1053 3898 Ei
1103 3841 1162 3896 δὲ
1205 3844 1292 3896 καὶ
1341 3863 1482 3903 τινες
1514 3841 1776 3896 ἀντίτυπα
1803 3845 1902 3894 τοῦ

259 3941 517 4012 σώματος
565 3936 654 3991 καὶ
704 3939 802 3989 τοῦ
851 3933 1082 4007 α’ίματος
1126 3936 1224 3986 τοῦ
1273 3934 1474 4006 Κυριου
1502 3931 1593 3986 τὸν
1626 3931 1784 4002 ἄρτον
1811 3930 1901 3985 καὶ

255 4029 349 4083 τὸν
410 4028 554 4081 οἶνον
616 4019 893 4091 ἐκάλεσαν,
954 4021 1018 4075 οὗ
1080 4019 1213 4093 μετά
1260 4020 1324 4074 τὸ
1381 4021 1696 4091 ἁγιαστῆναι
1730 4019 1900 4088 εἶπον,

259 4115 405 4171 ἀλλᾶ
433 4114 560 4190 πρὶν
616 4105 963 4187 ἁγιασθῆναι,
1020 4108 1121 4177 τήν
1178 4099 1488 4185 προσφορὰν
1547 4106 1690 4162 οὕτω
1737 4106 1902 4162 καλὲ-

256 4223 463 4263 σαντες.
519 4200 816 4256 Ἀντίτυπα
860 4194 918 4252 δὲ
963 4199 1070 4250 τῶν
1124 4192 1436 4268 μελλόντων
1486 4193 1752 4269 λέγονται,
1796 4196 1907 4268 οὐχ

257 4292 334 4355 ὡς
366 4293 440 4364 μὴ
475 4286 604 4346 ὄντα
628 4289 850 4360 ἀληθῶς
909 4290 1071 4359 σῶμα
1133 4284 1223 4338 καὶ
1282 4286 1419 4356 αἷμα
1476 4282 1728 4357 Χριστοῦ,
1779 4281 1905 4338 ἀλλ’

261 4380 344 4434 δτι
374 4385 466 4434 νῦν
505 4381 598 4451 μὲν
632 4377 700 4432 δι’
754 4372 929 4432 αὐτῶν
995 4375 1302 4448 μετέχομεν
1357 4379 1456 4442 τῆς
1513 4377 1757 4446 Χριστοῦ
1785 4373 1907 4426 θεό-

1977 490 2103 544 sine
2135 493 2448 563 principio,
2512 501 2569 548 et
2625 495 3058 564 inaccessibile,
3102 497 3163 549 in
3219 496 3526 566 temporali
3559 506 3618 554 et

1976 585 2171 634 creato
2223 583 2512 637 exsistens
2556 584 2822 654 corpore,
2874 601 3028 638 unus
3078 589 3166 638 est
3213 584 3302 637 sol
3342 585 3611 654 justitiaa,

1976 683 2130 722 unus
2163 670 2428 724 Christus
2458 672 2520 725 in
2551 672 2782 726 duabus
2826 672 3054 726 naturis
3080 687 3092 724 :
3145 689 3212 726 ac
3242 689 3454 740 corpus
3484 671 3612 740 qui-

1979 755 2113 809 dem
2145 758 2680 830 circumscriptum,
2715 761 2986 814 divinitas
3020 761 3144 812 sine
3175 760 3304 812 loco
3335 761 3395 812 in
3427 759 3617 812 omni-

1979 842 2088 897 bus
2145 847 2458 914 exsistens,
2525 848 2922 918 omnibusque
2980 847 3283 916 superior:
3345 864 3412 900 ac
3469 847 3622 901 sicut

1979 931 2141 985 aliud
2173 934 2412 1003 quidem
2475 935 2563 988 sol
2614 940 2701 990 est
2741 935 2894 1002 (fons
2947 935 3104 988 enim
3163 940 3252 988 est
3309 934 3478 1000 lucis,
3512 950 3622 989 nec

1978 1018 2161 1072 videri
2195 1026 2390 1090 potest
2429 1025 2670 1090 exacte),
2723 1023 2887 1076 aliud
2935 1039 3068 1076 vero
3116 1022 3235 1090 lux,
3289 1039 3419 1091 quas
3456 1022 3526 1075 ab
3555 1039 3622 1076 eo

1980 1107 2042 1160 in
2069 1113 2286 1162 terram
2349 1109 2702 1163 diffunditur
2760 1110 3012 1177 (videtur
3061 1112 3220 1164 enim
3251 1117 3308 1164 et
3338 1111 3623 1180 aspicitur

1983 1195 2276 1264 sapientia
2303 1197 2424 1262 Dei,
2464 1203 2522 1251 et
2569 1198 2923 1269 benignitas,
2959 1203 3025 1251 ut
3072 1198 3276 1266 utique
3326 1198 3620 1252 bonorum

1983 1282 2143 1336 illius
2191 1286 2486 1354 possimus
2534 1302 2662 1340 esse
2701 1286 3090 1357 participes):
3137 1287 3217 1339 ita
3259 1285 3437 1339 facies
3481 1287 3620 1355 qui-

1985 1370 2120 1425 dem
2145 1371 2360 1426 Christi
2393 1374 2665 1444 splendet
2695 1373 2891 1428 lucida
2941 1374 3092 1427 sicut
3139 1373 3226 1426 sol
3258 1373 3437 1442 (quod
3469 1375 3626 1428 enim

1985 1460 2047 1514 in
2079 1460 2468 1516 sensibilibus
2501 1462 2586 1516 sol
2619 1467 2727 1528 est,
2761 1463 2870 1515 hoc
2897 1463 2957 1515 in
2991 1461 3399 1530 spiritualibus
3431 1461 3627 1532 Deus);

1987 1547 2255 1602 sicutlux
2285 1556 2485 1603 autem
2508 1549 2818 1602 albescunt
2848 1549 3200 1602 vestimenta
3226 1549 3630 1604 communica-

1987 1637 2144 1691 tione
2168 1637 2377 1691 divinas
2400 1637 2549 1691 lucis
2570 1637 2882 1691 radiantia.
2906 1638 3104 1705 Neque
3124 1640 3282 1690 certe
3304 1641 3370 1689 ut
3394 1635 3481 1690 sol
3509 1642 3632 1690 tan-

1985 1730 2114 1780 tum
2136 1725 2528 1796 resplenduit,
2553 1725 2654 1780 sed
2679 1726 2785 1780 hac
2817 1724 3208 1779 similitudine
3229 1724 3423 1778 lucem
3447 1725 3625 1779 etiam

1987 1815 2167 1869 fuisse
2199 1815 2506 1886 majorem,
2555 1814 2942 1869 ostenderunt
2988 1813 3264 1867 cadentes
3313 1812 3624 1883 discipuli:

1985 1905 2099 1958 nisi
2135 1904 2294 1958 enim
2325 1903 2648 1974 purissima
2676 1903 2776 1957 lux
2805 1903 3033 1967 fuisset,
3068 1901 3170 1955 sed
3201 1901 3310 1956 soli
3333 1917 3632 1957 commen-

1990 1998 2209 2061 surata,
2244 1995 2448 2063 utique
2481 2011 2606 2048 non
2636 1993 3012 2048 cecidissent.

2059 2085 2109 2134 5.
2145 2103 2173 2131 ‹‹
2206 2081 2308 2136 Hic
2352 2086 2442 2136 est
2488 2081 2670 2136 Filius
2721 2098 2892 2136 meus
2943 2080 3216 2150 dilectus,
3248 2080 3310 2135 in
3341 2097 3456 2150 quo
3486 2080 3634 2136 mihi

1934 2196 1945 2205 ο
1987 2168 2138 2224 bene
2167 2169 2519 2240 complacui,
2554 2170 2750 2240 ipsum
2781 2170 2999 2225 audite.
3035 2188 3060 2219 ι

2056 2259 2376 2328 Iudicatur,
2409 2259 2565 2330 quod
2597 2260 2760 2330 prius
2795 2259 3034 2329 quidem
3066 2257 3127 2312 in
3155 2257 3405 2312 Jordane
3435 2257 3630 2329 bapti-

1986 2353 2110 2403 zato
2143 2349 2287 2403 Filio
2319 2353 2532 2404 testata
2562 2354 2650 2403 est
2695 2349 2969 2414 Trinitas,
3027 2349 3198 2401 Patre
3238 2351 3491 2401 testante
3525 2346 3626 2400 de-

1991 2453 2186 2507 super,
2244 2437 2465 2507 Spiritu
2521 2443 2805 2507 tanquam
2877 2430 3152 2491 columba
3207 2434 3626 2489 descendente.

1989 2527 2154 2579 Nunc
2201 2541 2335 2578 vero
2395 2525 2454 2579 in
2497 2524 2728 2578 Thabor
2785 2524 2898 2594 ipsi
2950 2539 3156 2577 rursus
3216 2522 3624 2578 testimonium

1989 2613 2334 2684 perhibetur
2384 2631 2418 2667 a
2466 2613 2846 2683 praedicante,
2902 2612 2972 2664 ab
3023 2626 3090 2664 eo
3119 2609 3218 2679 qui
3272 2609 3626 2679 praedicatus

1991 2708 2101 2768 est,
2134 2708 2193 2755 et
2221 2701 2397 2766 nube,
2431 2719 2560 2770 quae
2591 2701 2842 2770 Spiritus
2871 2704 2992 2753 est:
3028 2699 3152 2752 haec
3182 2696 3363 2752 David
3393 2713 3629 2767 quoque

1993 2790 2300 2861 praedixit:
2337 2790 2549 2843 Thabor
2580 2797 2631 2842 et
2678 2791 2916 2842 Hermon
2959 2789 3018 2841 in
3060 2788 3278 2842 nomine
3326 2791 3418 2839 tuo
3448 2785 3635 2840 exsul—

1996 2877 2293 2934 taverunt.‘
2328 2879 2584 2933 Hermon
2617 2878 2775 2931 enim
2807 2875 3122 2930 exsultavit
3149 2874 3439 2944 baptizato
3472 2874 3632 2927 Chri-

1997 2973 2106 3022 sto.
2137 2966 2291 3021 Illud
2316 2982 2451 3021 vero
2497 2965 2759 3020 Thabore
2805 2969 3051 3031 mutato,
3108 2963 3248 3034 quia
3278 2962 3339 3017 in
3370 2962 3637 3031 utrisque

1997 3074 2106 3112 vox
2131 3056 2268 3111 data
2299 3060 2388 3110 est
2413 3072 2424 3108 :
2456 3054 2560 3111 Hic
2589 3061 2665 3110 est
2693 3053 2865 3109 Filius
2893 3069 3062 3118 meus,
3094 3052 3318 3106 dicens.

2071 3234 2266 3300 XXVI,
2297 3233 2386 3286 28.
2422 3252 2448 3281 ‹‹
2479 3233 2549 3286 Et
2577 3231 2874 3301 accipiens
2897 3229 3141 3284 calicem
3170 3225 3386 3298 gratias
3417 3225 3552 3297 egit,
3584 3229 3645 3280 et

2004 3323 2166 3378 dedit
2196 3323 2280 3377 eis
2311 3321 2515 3377 dicens
2542 3339 2554 3375 :
2587 3321 2772 3375 Bibite
2804 3337 2874 3375 ex
2906 3320 3016 3374 hoc
3048 3333 3276 3372 omnes.
3311 3337 3340 3365 »

2075 3413 2250 3466 Panis
2283 3415 2342 3465 et
2369 3411 2570 3465 vinum
2599 3427 2720 3464 non
2765 3413 2855 3464 est
2895 3409 3082 3480 ﬁgura
3128 3404 3392 3476 corporis
3423 3408 3482 3458 et
3511 3419 3642 3458 san-

2005 3501 2200 3573 guinis
2231 3500 2468 3567 Christi,
2501 3498 2692 3554 absitl
2745 3497 2848 3552 sed
2898 3497 3095 3568 ipsum
3143 3509 3378 3564 corpus,
3434 3498 3493 3546 et
3522 3492 3648 3562 ipse

2007 3589 2244 3660 sanguis
2275 3588 2348 3642 ad
2379 3588 2862 3642 constitutionem
2921 3585 3134 3639 animas
3179 3586 3396 3635 nostras
3430 3595 3647 3650 corpo-

2005 3679 2206 3748 risque
2236 3677 2566 3742 conferens,
2612 3691 2732 3729 non
2786 3676 3225 3742 consumptum,
3274 3683 3468 3738 neque
3519 3683 3648 3722 cor-

2007 3772 2268 3836 ruptum,
2296 3781 2416 3819 non
2447 3765 2509 3818 in
2541 3778 2841 3818 secessum
2871 3761 3097 3826 abiens,
3143 3758 3246 3813 sed
3279 3758 3340 3811 in
3372 3755 3644 3810 substan-

2011 3854 2152 3908 tiam
2208 3857 2472 3908 nostram
2542 3868 2608 3906 ac
2685 3850 3212 3905 conservationem.
3291 3845 3392 3900 Sin
3448 3849 3648 3899 autem

2010 3941 2285 3997 nonnulli
2341 3941 2517 3996 etiam
2585 3940 2852 4010 antitypa
2907 3936 3170 4008 corporis
3233 3939 3292 3989 et
3347 3932 3652 4003 sanguinis

2013 4031 2522 4086 consecrationem
2553 4029 2849 4094 dixerunt,
2897 4026 2999 4081 sed
3049 4024 3396 4096 priusquam
3446 4035 3656 4074 conse-

2013 4123 2300 4187 craretur,
2368 4119 2451 4172 ita
2504 4117 2866 4172 oblationem
2925 4112 3332 4184 appellantes:
3392 4108 3658 4178 antitypa

2014 4213 2210 4262 autem
2268 4207 2602 4261 futurorum
2662 4205 2963 4269 dicuntur,
3020 4217 3141 4255 non
3199 4204 3482 4267 tanquam
3520 4212 3654 4250 vere

2014 4311 2226 4365 corpus
2257 4299 2316 4348 et
2344 4292 2582 4363 sanguis
2601 4291 2816 4345 Christi
2847 4305 2968 4344 non
3001 4287 3120 4343 sint
3147 4303 3161 4352 ;
3193 4285 3298 4340 sed
3327 4284 3467 4353 quia
3495 4297 3655 4336 nunc

2015 4383 2256 4454 quidem
2289 4383 2361 4437 iis
2393 4380 2608 4436 Christi
2641 4380 3064 4450 participamus
3095 4375 3485 4439 divinitatem,
3519 4376 3658 4426 tunc

259 4486 447 4536 τητος,
478 4468 600 4520 τότε
649 4462 706 4519 δὲ
752 4467 958 4528 νοητῶς
1006 4460 1100 4515 διὰ
1131 4461 1318 4534 μόνης
1363 4457 1463 4528 τῆς
1495 4458 1638 4519 θέας.
1677 4459 1883 4550 ρὲγετα

2065 4492 2151 4528 aro
2184 4472 2668 4528 intellectualiter
2695 4488 2803 4542 per
2842 4470 3028 4524 solam
3073 4464 3660 4536 contemplationem.

265 4555 323 4611 δὲ
383 4553 688 4628 μετάληψις
751 4553 866 4624 μὲν,
926 4548 1009 4604 ὅτι
1068 4547 1138 4604 δι’
1192 4549 1365 4617 αὐτῆς
1415 4541 1904 4619 μεταλαμϐάνομεν

259 4651 371 4713 τῆς.
392 4645 574 4712 Ἰησοῦ
605 4641 881 4709 θεότητος
941 4637 1200 4700 κοινωνία
1254 4635 1331 4706 δὲ,
1384 4634 1472 4689 διὰ
1517 4637 1578 4690 τὸ
1624 4640 1905 4696 κοινωνεῖν

264 4734 414 4806 ἡμᾶς
444 4729 514 4784 δι’
542 4725 710 4798 αὐτῆς
763 4732 862 4797 τῷ.
895 4723 1136 4799 Χριστῷ,
1190 4724 1281 4776 καὶ
1342 4723 1588 4797 μετέχειν
1618 4723 1780 4778 αὐτοῦ
1810 4732 1910 4794 τῆς

266 4818 462 4895 σαρκός
509 4839 572 4873 τε
621 4816 714 4872 καί
751 4813 1053 4884 θεότητος.
1119 4817 1402 4866 Κοινωνεῖν
1458 4809 1515 4865 δὶ
1545 4812 1909 4868 καὶιὲνοῦσθαι

264 4911 354 4964 καὶ
406 4907 679 4977 ἀλλήλοις
727 4903 796 4960 δι’
846 4903 1036 4970 αὐτῆς.
1090 4896 1314 4967 Ἐπειδή
1361 4900 1464 4974 γὰρ
1496 4901 1546 4970 ἐξ
1577 4902 1693 4962 ἑνὸς
1745 4903 1909 4974 ἄρτου

272 4991 765 5072 μεταλαμϐάνομεν
823 4992 1038 5059 πάντες,
1090 4987 1146 5044 ἓν
1204 4993 1365 5062 σῶμα
1420 4991 1655 5063 Χριστοῦ
1710 4991 1801 5045 καὶ
1852 4988 1910 5046 ’ἐν

267 5091 428 5161 αἷμα,
458 5085 549 5140 καὶ
598 5082 867 5152 ἀλλὴλων
928 5077 1068 5153 μὲλη
1127 5077 1406 5154 γινόμεθα,
1467 5076 1744 5150 σύσσωμοι
1777 5080 1911 5153 Χρι-

271 5179 399 5232 στοῦ
428 5173 882 5250 χρηματίζοντες.

344 5321 360 5354 ¹
399 5320 554 5377 Psal.
586 5333 849 5388 Lnxvm,
880 5317 964 5370 13.

2017 4564 2242 4620 Dicitur
2271 4568 2468 4618 autem
2501 4561 2796 4632 susceptio
2827 4560 3090 4630 quidem,
3117 4573 3183 4611 eo
3215 4553 3376 4626 quod
3405 4568 3511 4624 per
3531 4567 3661 4606 eam

2016 4654 2150 4708 Iesu
2183 4653 2576 4723 suscipiamus
2615 4650 3016 4705 divinitatem:
3069 4637 3408 4700 communio
3441 4644 3662 4706 autem,

2020 4759 2086 4796 eo
2120 4742 2275 4812 quod
2307 4758 2414 4795 nos
2448 4756 2581 4795 cum
2612 4738 2841 4792 Christo
2895 4733 3402 4791 communicemus
3434 4742 3500 4782 ac
3531 4743 3664 4796 par-

2020 4830 2228 4900 ticipes
2288 4829 2473 4882 simus
2526 4827 2721 4880 carnis
2778 4825 2940 4879 illius
2971 4840 3038 4877 ac
3095 4817 3370 4874 deitatis:
3429 4831 3496 4869 ac
3558 4829 3664 4884 per

2022 4936 2150 4973 eam
2201 4917 2335 4971 aliis
2385 4931 2619 4986 quoque
2665 4913 3194 4975 communicemur,
3245 4922 3312 4961 ac
3358 4903 3662 4968 uniamur,

2021 5007 2166 5060 Cum
2198 5005 2358 5059 enim
2390 5021 2459 5059 ex
2489 5019 2609 5058 uno
2663 5019 2815 5074 pane
2868 5014 3172 5055 sumamus
3220 5009 3426 5049 omnes
3474 5006 3662 5046 unum

2023 5093 2238 5148 Christi
2271 5109 2506 5163 corpus,
2535 5106 2841 5160 unumque
2874 5086 3463 5158 sanguinem,mutua
3485 5081 3664 5135 etiam

2023 5182 2292 5238 membra
2318 5182 2515 5249 ﬁmus,
2551 5175 2933 5248 concorporei
2963 5173 3177 5229 Christi
3210 5169 3534 5240 nuncupati
3565 5168 3664 5238 (/1).

1850 5450 2071 5507 ΝΟΤᾹΞ.

342 5569 420 5643 (3)
451 5568 534 5625 Cf.
569 5582 769 5642 supra,
800 5563 918 5622 col.
952 5563 1076 5632 799,
1108 5562 1231 5618 800.

2094 5563 2288 5638 (4)(11.
2322 5564 2515 5635 XCIV,
2548 5564 2706 5631 1147,
2740 5562 2898 5618 1151.
