3888 6136
439 184 570 239 1411

435 391 632 451 cessit,
666 394 723 442 et
749 388 953 442 abiens
983 386 1194 455 laqueo
1228 401 1288 437 se
1321 383 1644 454 suspendit.
1684 403 1710 427 η

503 477 814 530 Derelictio
846 476 963 529 alia
991 474 1229 544 quidem
1261 477 1350 526 est
1379 472 1450 526 ob
1483 470 1769 525 occultam
1794 468 2064 522 virtutem

434 571 497 619 ut
527 565 955 626 manifestetur,
990 563 1140 616 sicut
1172 561 1272 614 illa
1309 560 1468 624 Jobi;
1502 560 1617 613 alia
1664 575 1797 611 vero
1845 556 1916 609 ob
1970 573 2064 609 su-

434 653 650 723 perbiae
679 651 1066 717 aversionem,
1117 655 1181 702 ut
1210 649 1311 701 illa
1349 648 1551 712 Pauli;
1586 647 1701 700 alia
1748 651 1945 699 autem
1993 644 2066 697 ad

432 741 676 795 alterius
707 739 1155 802 correctionem,
1209 741 1273 790 ut
1316 736 1504 790 [.azari
1538 752 1603 788 ac
1635 734 1850 787 divitis.
1886 735 2063 786 Natu-

433 829 637 883 raliter
661 829 819 882 enim
849 843 978 881 cum
1014 825 1279 878 videmus
1311 825 1460 877 alios
1492 823 1631 892 pati,
1665 821 2065 892 reprimimur.

433 916 562 969 Alia
591 933 724 969 vero
752 915 824 970 ad
855 914 1096 968 alterius
1126 912 1412 979 gloriam;
1445 917 1509 964 ut
1552 911 1732 975 illius,
1767 910 1865 978 qui
1897 925 1930 962 a
1963 923 2065 960 na-

433 1004 651 1058 tivitate
677 1020 865 1058 cmcus
895 1002 1023 1064 fuit,
1057 1001 1129 1054 ad
1156 1000 1366 1053 Christi
1395 999 1661 1069 gloriam.
1696 997 1826 1051 Alia
1869 1001 2068 1050 autem

436 1092 509 1145 ad
541 1092 783 1146 alterius
822 1091 1031 1150 zelum,
1081 1093 1144 1142 ut
1174 1089 1234 1140 in
1270 1087 1693 1140 testimonium.
1728 1087 1806 1138 Ac
1838 1083 2066 1153 simpli—

433 1183 579 1235 citer
637 1179 749 1232 duo
810 1183 948 1232 sunt
1005 1175 1408 1229 derelictionis
1475 1190 1708 1245 genera.
1767 1175 1867 1226 Est
1909 1172 2067 1225 enim

435 1268 740 1323 derelictio
773 1283 877 1337 per
924 1265 1424 1334 dispensationem
1479 1267 1538 1316 et
1595 1261 2067 1339 instructionem,

435 1364 495 1412 et
524 1361 611 1410 est
638 1355 941 1409 derelictio
992 1369 1121 1422 quas
1180 1353 1256 1406 sit
1312 1351 1507 1405 ﬁnalis
1568 1349 1938 1420 reprobatio;
1973 1350 2068 1402 Di-

437 1446 769 1517 spensativa
800 1443 1038 1512 quidem
1086 1458 1152 1495 ac
1203 1442 1547 1494 instructiva
1596 1456 1725 1508 qum
1772 1439 1844 1492 ad
1875 1454 2067 1492 corre-

440 1535 694 1589 ctionem
726 1550 791 1587 ac
823 1532 1072 1586 salutem
1108 1537 1165 1584 et
1194 1530 1441 1600 gloriam
1474 1529 1635 1581 illius
1667 1529 1751 1591 ﬁt,
1785 1528 1885 1595 qui
1919 1526 2071 1596 pati-

1299 179 1665 234 ADDENDA.
1700 202 1767 214 --
1803 170 2254 229 FRAGMENTA
2293 175 2366 228 ΙΝ
2411 176 2464 227 Β.
2505 176 2948 232 ΜΔΤΤΗΕΠΜ.

504 301 724 365 XXVII,
756 303 807 352 5.
841 321 868 347 ‹‹
902 301 971 351 Ει
999 297 1276 368 projectis
1317 296 1609 366 argenteis
1636 293 1696 347 in
1731 292 1945 362 templo
1978 307 2067 344 re-
2099 290 2147 354 A

3661 179 3762 235 1412

2259 311 2285 341 ι
2315 289 2416 344 Καὶ
2461 289 2617 364 ῥίψας
2673 293 2739 346 τὰ
2793 291 3022 368 ἀργύρια
3071 290 3122 346 ἐν
3175 296 3256 364 τῷ
3312 297 3446 363 ναῷ,
3476 291 3760 368 ἀνεχώρησε·

2174 375 2262 428 καὶ
2296 376 2540 431 ἀπελθὼν
2564 378 2866 454 ἀπήγξατο.
2902 405 2928 432 ››

2247 466 2324 519 T"
2401 464 2442 500 λ.
2674 468 2683 485 1
3052 470 3067 487 ι
3157 464 3181 488 Ἰ
3322 466 3344 486 λ
3381 470 3393 486 ς

2294 488 2365 518 ων
2401 467 2855 540 είκαταλειψεων,
2912 471 2946 536 ἡ
3013 490 3105 541 μεν
3155 489 3269 523 εστι
3319 481 3404 522 οια
3434 470 3760 540 κεκρυμμένην

2179 551 2395 623 ἀρετὴν,
2452 554 2538 607 ἳνα
2587 559 2891 630 φανερωθῇ,
2950 556 3024 616 ὡς
3083 559 3116 624 ἡ
3184 560 3282 609 τοῦ
3339 552 3484 612 Ἰώϐ·
3539 559 3571 624 ἡ
3627 555 3674 611 δὲ
3717 556 3762 612 δι’

2177 639 2493 712 ἀποτροπὴν
2554 643 2946 719 ὑπερηφανίας,
3031 645 3106 706 ὼς
3184 643 3271 696 ἐπὶ
3324 648 3420 698 τοῦ
3481 644 3761 714 Παύλου-ἦ

2179 724 2234 780 δὲ
2264 731 2399 800 πρὸς
2443 727 2731 803 διόρθωσιν
2792 730 2990 799 ἄλλου,
3039 735 3111 792 ὡς
3160 731 3245 786 ἐπὶ
3289 736 3383 787 τοῦ
3438 733 3666 806 Λαζάρου
3703 738 3762 787 καὶ

2176 820 2272 868 τοῦ
2321 817 2604 874 πλουσίου.
2663 823 2916 881 Φυσικῶς
2963 819 3062 892 γὰρ
3113 821 3344 893 ὁρῶντές
3388 840 3540 882 τινας
3575 823 3760 894 πάσχον.

2176 925 2293 968 τας,
2328 905 2750 976 συστελλόμεθα.
2802 908 2865 962 'll
2923 903 2981 961 δὲ
3037 906 3112 969 είς
3169 907 3342 961 ἄλλου
3391 905 3569 978 δόξαν,
3597 909 3763 969 ὡςὸὲι

2176 1002 2394 1070 γενετῆς
2441 993 2665 1072 τυφλὸς,
2715 995 2792 1057 εἷς
2845 995 2997 1067 δόξαν
3049 999 3307 1071 Χριστοῦ.
3339 999 3404 1053 Ἡ
3439 995 3497 1052 δὶ
3540 998 3608 1059 εἱς
3638 997 3759 1052 ἄλλοι

2183 1083 2372 1152 ζῆλον,
2405 1084 2480 1145 ὡς
2509 1084 2596 1138 ἐπὶ
2652 1087 2751 1150 τὴν
2815 1084 3130 1159 μαρτυρίαν,
3189 1086 3290 1142 Καὶ
3340 1087 3532 1149 ἁπλῶς
3571 1086 3760 1153 τῆς

2177 1171 2477 1244 ταλείψεως
2507 1171 2637 1226 είσῖν
2693 1169 2809 1242 εἷ’δη
2868 1171 2985 1228 δόθ’
3040 1170 3152 1228 ἔστι
3208 1175 3307 1248 γάρ
3340 1173 3760 1248 ἐγκατάλειῴςοὶ-

2178 1261 2443 1331 κονομική
2476 1259 2564 1313 καὶ
2596 1257 2938 1328 παιδευτική,
2996 1261 3086 1314 καὶ
3144 1259 3283 1316 ἔστιν
3331 1261 3685 1336 ἐγκατάλειψις
3705 1284 3759 1316 τε·

2180 1348 2304 1401 λεία
2333 1349 2736 1422 ἀπογνωστική.
2792 1348 3129 1420 Οἷκονομικὴ
3195 1351 3288 1421 μὲν
3340 1351 3432 1405 καὶ
3479 1349 3757 1417 παιδευτικῆ,

2181 1434 2216 1503 ἢ
2249 1438 2384 1510 πρὸς
2417 1434 2705 1509 διόρθωσιν
2728 1436 2818 1490 καί
2844 1438 3137 1510 σωτηρίαν,
3161 1437 3250 1492 καί
3275 1435 3432 1508 δόξαν
3456 1444 3549 1492 τοῦ
3577 1439 3758 1512 πάσχον-

2181 1545 2271 1586 τος
2301 1526 2589 1597 γινομένη,
2619 1523 2654 1593 ἤ
2706 1526 2792 1580 καὶ
2840 1527 2976 1600 πρὸς
3025 1524 3210 1580 ἄλλων
3246 1527 3415 1595 ζῆλον
3447 1527 3532 1582 καὶ
3566 1527 3755 1599 μίμησιν,

437 1631 552 1690 tur,
586 1627 686 1677 aut
732 1621 804 1675 ad
837 1621 1086 1674 aliorum
1145 1619 1332 1672 zelum
1392 1635 1459 1671 ac
1509 1616 1919 1680 imitationem,
1975 1620 2064 1668 aut

2187 1610 2217 1680 ἤ
2249 1613 2337 1666 καὶ
2369 1613 2504 1686 πρὸς
2535 1612 2687 1682 δόξαν
2723 1611 2879 1669 Θεοῦ.
2913 1616 3002 1670 Ἣ¹
3032 1612 3088 1668 δὲ
3143 1614 3324 1669 τελεία
3363 1615 3675 1689 κατάλειψις.
3701 1615 3757 1668 ὅτε

435 1713 610 1766 etiam
644 1710 716 1763 ad
757 1711 855 1763 Dei
908 1709 1177 1779 gloriam.
1230 1707 1448 1760 Finalis
1495 1711 1689 1758 autem
1741 1703 2067 1766 derelictio,

434 1816 566 1854 cum
601 1799 716 1851 Deo
747 1798 947 1851 omnia
977 1794 1050 1849 ad
1083 1795 1331 1848 salutem
1360 1798 1693 1864 peragente,
1721 1789 2068 1845 incurabilis

435 1903 502 1940 ex
535 1885 768 1956 proprio
801 1886 1012 1938 affectu
1046 1884 1221 1936 homo
1255 1881 1535 1952 persistit.
1569 1881 1712 1934 Tum
1745 1880 1900 1934 enim
1935 1894 2071 1948 per-

433 1975 642 2028 ditioni
679 1973 928 2027 traditur
957 1979 1022 2026 ut
1047 1971 1223 2025 Judas
1253 1974 1348 2038 (5).

505 2064 665 2116 Vens.
728 2063 873 2114 37.«
906 2062 974 2112 Et
1031 2060 1440 2128 imposuerunt
1500 2074 1677 2127 super
1733 2061 1909 2126 caput
1938 2056 2066 2126 ejus

432 2166 670 2204 causam
699 2149 884 2218 ipsius
916 2148 1196 2216 scriptam
1221 2163 1233 2200 :
1267 2147 1361 2201 hic
1391 2152 1477 2200 est
1503 2147 1668 2199 Jesus
1712 2161 1812 2199 rex
1838 2145 2069 2198 Iudaeo-

432 2254 584 2291 rum.
623 2260 650 2286 ))

502 2325 676 2379 Tituli
710 2325 949 2394 scriptio
981 2339 1158 2393 quam
1192 2323 1414 2377 Pilatus
1468 2339 1646 2392 supra
1696 2322 2065 2376 Dominicum

433 2418 610 2483 caput
637 2412 842 2477 afﬁxit,
878 2411 1161 2481 implebat
1205 2411 1434 2464 Domini
1461 2427 1661 2465 vocem
1689 2427 1701 2464 :
1751 2412 1879 2466 Cum
1911 2410 2066 2463 exal-

433 2509 578 2556 tatus
604 2505 780 2568 fuero,
832 2499 1104 2561 dicentis,
1138 2502 1322 2553 omnia
1379 2500 1591 2552 traham
1635 2500 1707 2553 ad
1737 2500 1996 2567 meipsum
2021 2497 2063 2562 ',

433 2589 770 2643 declarabat
802 2589 977 2659 igitur
1015 2587 1230 2641 ibidem
1266 2588 1390 2641 hmo
1423 2587 1619 2652 lectio,
1665 2603 1783 2639 non
1833 2602 1936 2655 pro
1969 2587 2055 2638 Ju-

434 2679 561 2733 daza
590 2683 841 2738 tantum,
873 2694 1072 2732 verum
1103 2677 1280 2731 etiam
1331 2677 1545 2730 Grmcis
1576 2682 1633 2729 et
1677 2675 1944 2729 Barbaris
1975 2691 2068 2727 sa-

432 2767 685 2821 lutarem
717 2767 842 2820 ﬁeri
876 2766 1232 2835 passionem.

505 2855 592 2908 45.
626 2876 653 2902 ‹‹
687 2855 732 2906 Α
765 2859 928 2907 sexta
977 2859 1172 2907 autem
1223 2853 1367 2906 hora
1429 2851 1686 2906 tenebras
1733 2852 1899 2905 facta:
1931 2855 2069 2904 sunt

433 2957 610 3010 super
634 2941 970 2995 universam
992 2945 1210 2995 terram
1231 2957 1417 3009 usque
1440 2939 1512 2994 ad
1544 2940 1748 2993 horam
1770 2955 2010 2993 noman.
2037 2959 2063 2987 »

500 3028 712 3083 Deﬁcit
737 3029 826 3084 sol
847 3029 998 3082 lunae
1019 3045 1263 3098 corpore
1287 3034 1566 3098 tanquam
1589 3027 1781 3081 medio
1808 3026 2065 3097 quodam

427 3116 796 3187 interposito,
857 3133 923 3170 ac
980 3115 1391 3182 obumbrante,
1450 3132 1642 3185 neque
1687 3116 2065 3186 permittente

429 3204 555 3258 dari
588 3204 758 3258 nobis
790 3204 1002 3259 lucem.
1037 3206 1520 3274 Quandocunque
1553 3205 1729 3274 igitur
1760 3204 2062 3257 inventum

427 3294 606 3346 fuerit
665 3293 820 3346 lunae
869 3310 1082 3362 corpus
1137 3293 1322 3347 solem
1371 3293 1754 3357 abscondere,
1817 3297 1938 3345 tum
1999 3293 2064 3345 ιιι

427 3381 664 3450 eclipsis
691 3381 854 3444 solis,
903 3382 1139 3452 eclipsis
1187 3398 1318 3434 vero
1370 3381 1526 3434 lunae
1558 3399 1627 3436 ex
1656 3380 1866 3434 umbra
1891 3386 2061 3433 terra;

429 3468 637 3534 oritur,
672 3484 805 3522 cum
830 3468 1037 3538 quinta
1083 3473 1140 3522 et
1169 3469 1401 3523 decima
1443 3469 1586 3523 luna
1630 3469 1826 3532 fuerit,
1861 3469 2061 3521 inven-

427 3562 601 3626 taque
633 3572 702 3610 ex
729 3555 970 3611 adverso
1019 3557 1405 3612 extremitatis
1453 3557 1660 3622 centri,
1704 3556 1792 3610 sol
1822 3556 2062 3626 quidem

425 3645 534 3699 sub
566 3650 742 3711 terra,
775 3644 918 3699 luna
947 3660 1080 3700 vero
1109 3662 1288 3716 supra
1319 3651 1556 3700 terram.
1591 3645 1867 3698 Umbram
1899 3644 2059 3698 enim

422 3733 562 3788 facit
587 3740 762 3799 terra,
793 3750 986 3803 neque
1019 3734 1160 3788 sinit
1191 3733 1379 3788 solare
1410 3734 1612 3787 lumen
1645 3733 1953 3804 pervenire
1984 3733 2060 3786 ad

425 3819 650 3888 lunam,
683 3827 859 3890 atque
890 3827 1015 3875 tum
1047 3822 1332 3892 temporis
1355 3821 1574 3876 deﬁcit.

498 3997 744 4064 XXVIII,
776 4000 864 4052 20.
884 3999 995 4051 «Et
1026 4013 1158 4052 ecce
1191 3998 1606 4069 egovobiscum
1639 4013 1768 4052 sum
1788 3996 2062 4051 omnibus

423 4083 846 4156 diebus,usque
859 4085 933 4142 ad
954 4087 1528 4142 consummationem
1551 4086 1770 4140 seaculi.
1800 4089 2004 4140 Amen.
2031 4107 2059 4136 »

494 4173 620 4230 Non
650 4191 785 4229 cum
818 4175 936 4230 illis
983 4181 1211 4230 tantum
1263 4175 1411 4230 dixit
1450 4191 1510 4229 se
1542 4175 1828 4243 futurum,
1860 4191 2061 4228 verum

422 4263 599 4315 etiam
633 4279 767 4316 cum
799 4264 1074 4319 omnibus
1103 4267 1203 4334 qui
1230 4270 1362 4335 post
1392 4264 1526 4320 illos
1557 4269 1726 4318 erant
1755 4263 2055 4318 credituri.

2175 1705 2272 1752 τοῦ
2320 1704 2452 1755 Θεοῦ
2507 1701 2676 1754 πάντα
2731 1701 2867 1774 πρὸς
2922 1701 3195 1775 σωτηρίαν
3253 1703 3629 1774 πεποιηκότος,
3656 1703 3756 1756 ἀνία-

2175 1807 2266 1848 τος
2301 1787 2350 1856 ἐξ
2383 1787 2584 1848 οἰκείας
2613 1789 2920 1861 προθέσεως
2977 1787 3202 1863 διαμένῃ
3258 1791 3285 1844 ὁ
3341 1789 3632 1865 ἅνθρωπος.
3661 1790 3755 1846 Τότε

2177 1876 2278 1949 γὰρ
2311 1875 2386 1936 είς
2413 1875 2688 1931 ἀπώλειαν
2721 1873 3073 1950 παραδίδοται
3101 1878 3175 1939 ὡς
3207 1880 3234 1933 ὁ
3269 1876 3502 1939 Ἰοὖδας.

2247 2079 2273 2104 ι(
2309 2051 2405 2105 Καὶ
2438 2051 2701 2122 ἐπέθηκαν
2751 2053 2932 2108 ἐπάνω
2976 2056 3075 2122 τῆς
3120 2052 3366 2131 κεφαλῆς
3414 2055 3568 2109 αὐτοῦ
3593 2057 3675 2122 τὴν
3694 2053 3746 2107 αἶ·

2172 2140 2290 2194 τίαν
2321 2138 2486 2194 αὐτοῦ
2537 2143 2937 2215 γεγραμμένην·
2987 2143 3161 2206 Οὗτός
3207 2143 3348 2198 ἐστιν
3402 2145 3745 2216 Ἰησοῦςὸβι-

2176 2228 2357 2291 σιλεὺς
2390 2234 2496 2283 τῶν
2530 2227 2827 2287 Ἰουδαίων.
2857 2252 2883 2284 ι

2247 2319 2306 2372 Ἢ
2363 2321 2461 2370 τοῦ
2518 2319 2873 2390 λευκώματος
2925 2321 3104 2396 γραφή
3159 2323 3226 2390 ἢν
3279 2322 3517 2383 Πιλάτος
3566 2323 3740 2392 πρὸτῆς

2176 2409 2452 2478 Κυριακῆς
2484 2401 2645 2476 ἔπηξε
2699 2407 2962 2484 κεφαλῆς,
3017 2409 3115 2476 τὴν
3174 2414 3271 2464 τοῦ
3330 2411 3524 2484 Κυρίου
3564 2409 3743 2479 ἐπλήρου

2175 2495 2377 2570 φωνὴν,
2415 2492 2662 2550 Ἐπειδὰν
2727 2497 2948 2567 ὑψωθῶ,
3013 2495 3286 2572 λέγοντος,
3349 2501 3547 2561 πάντας
3591 2497 3740 2553 Elatiam:-

2174 2583 2310 2656 πρός
2343 2582 2596 2653 ἐμαυτόν.
2628 2581 2864 2652 Ἑδήλου
2885 2586 3065 2640 τοίνυν
3097 2589 3130 2655 ἡ
3159 2585 3363 2642 ἐκεῖθεν
3391 2588 3655 2661 ἂνάγνωτις
3674 2587 3743 2655 οὐχ

2178 2670 2308 2742 ὑπὲρ
2344 2669 2603 2732 Ἰουδαίας
2636 2673 2832 2744 μόνης,
2865 2673 3010 2728 ἀλλὰ
3055 2673 3144 2728 καὶ
3175 2677 3358 2746 πάσης
3387 2675 3581 2745 Ἐλλην
3608 2674 3741 2748 [illis

2173 2758 2261 2812 καὶ
2298 2755 2574 2834 βαρϐάρου
2605 2769 2920 2834 γεγενῆσθαι
2951 2763 3012 2816 τὸ
3045 2765 3316 2834 σωτήριον
3352 2763 3540 2825 πάθος.

2248 2871 2275 2896 ‹‹
2309 2848 2446 2904 Ἀπὸ
2500 2845 2556 2902 δὲ
2600 2846 2758 2916 ἕκτης
2822 2849 2964 2923 ὥρας
3031 2851 3221 2912 σκότος
3280 2851 3494 2926 ἐγένετο
3524 2852 3737 2906 ﬁnierim

2173 2937 2273 3003 τήν
2304 2943 2427 3010 γῆν,
2457 2933 2560 2997 ἕως
2591 2937 2734 3012 ὥρας
2757 2937 2996 3008 ἐννάτης.
3033 2963 3060 2990 ››

2251 3022 2519 3079 Ἐκλείπει
2571 3027 2598 3078 ὁ
2647 3023 2808 3094 ἥλιος
2853 3030 2952 3080 τοῦ
3000 3028 3252 3100 σώματος
3299 3036 3404 3098 τῆς
3437 3028 3645 3099 σελήνης
3669 3027 3737 3079 ὥς·

2171 3131 2271 3185 περ
2329 3133 2378 3166 τι
2439 3112 2756 3186 μεσότειχον
2815 3116 3109 3189 γενομένου
3191 3117 3281 3171 καὶ
3372 3121 3735 3184 ἀποσκιαζοντοςρ

2170 3200 2256 3254 καὶ
2295 3201 2370 3270 μή
2405 3201 2596 3262 ἐῶντος
2655 3198 2966 3266 διαδοθῆναι
3013 3205 3148 3277 ἡμῖν
3204 3207 3267 3259 τὸ
3328 3210 3466 3280 φῶς,
3516 3210 3649 3262 ’Ὁσον
3679 3201 3731 3254 οὖν

2171 3289 2361 3361 εὑρεθῇ
2391 3295 2490 3356 τῆς
2523 3288 2761 3360 σελήνης
2803 3291 3165 3366 ἀποκρύπτειν
3216 3293 3307 3347 τὸν
3343 3292 3524 3362 ἣλιον,
3551 3296 3732 3347 τοσοῦτον

2169 3377 2322 3445 καὶή
2356 3373 2596 3450 ἔκλειψις
2640 3377 2859 3451 γίνεται.
2919 3381 2978 3435 ἹΙ
3041 3378 3097 3435 δὲ
3151 3385 3252 3451 τῆς
3309 3382 3537 3452 σελήνης
3564 3380 3734 3448 ἕκλειῷις

2171 3461 2228 3517 ἐκ
2272 3468 2369 3518 τοῦ
2417 3465 2853 3538 ἀποσκιάσματος
2905 3473 3004 3537 τῆς
3053 3475 3154 3542 γῆς
3207 3470 3442 3544 γίνεται,
3493 3472 3599 3525 ὅταν
3626 3469 3733 3540 γένη-

2171 3572 2257 3606 ται
2329 3551 2829 3609 πεντεκαιδεκαταία
2904 3558 2938 3624 ἡ
3015 3560 3243 3630 σελήνη,
3330 3560 3420 3614 καὶ
3493 3559 3648 3633 εὐρεθῇ
3703 3553 3734 3618 ἐξ

2170 3640 2410 3702 ἐναντίας
2467 3643 2602 3695 κατά
2655 3645 2718 3697 τὸ
2775 3640 2936 3718 ἄκρον
2993 3644 3230 3720 κέντρον,
3282 3648 3310 3701 ὁ
3371 3651 3461 3720 μὲν
3516 3647 3643 3716 ἣλιος
3668 3641 3732 3695 ὖπδ

2171 3735 2276 3802 γῆς
2306 3731 2340 3797 ἡ
2376 3726 2432 3782 δὲ
2460 3729 2662 3799 σελήνη
2700 3732 2830 3804 ὑπὲρ
2873 3739 2995 3807 γῆν.
3058 3735 3436 3808 Ἀποσκίασμα
3464 3738 3555 3809 γὰρ
3582 3731 3731 3794 ποιεῑή

2167 3820 2262 3892 γῆ,
2293 3818 2382 3872 καὶ
2414 3817 2475 3871 οὐ
2506 3817 2689 3894 φθάνει
2718 3821 2781 3874 τὸ
2812 3819 3042 3888 ἡλιακὸν
3085 3827 3200 3900 φῶς
3248 3827 3480 3880 φωτίσαι
3511 3825 3594 3890 τήν
3621 3820 3732 3886 σιλή·

2171 3926 2291 3974 νην,
2323 3907 2566 3960 κακεῖθεν
2595 3905 2851 3964 ἐγλείπει.

2242 4017 2269 4044 ‹‹
2305 3994 2407 4048 Καὶ
2437 3991 2555 4048 ἰδοὺ
2588 3993 2696 4069 ἐγὼ
2728 3998 2847 4068 μεθ’
2877 3998 3028 4069 ὑμῶν
3077 3998 3192 4072 εἶμι
3236 4004 3411 4063 πάσας
3453 4003 3538 4062 τὰς
3567 3999 3729 4070 ἡμέρας.

2169 4080 2271 4142 ἕως
2302 4089 2400 4150 τῆς
2433 4082 2737 4145 συντελείας
2762 4089 2856 4140 τοῦ
2886 4085 3105 4149 αἰῶνος.
3141 4089 3342 4160 Ἀμήν,
3379 4114 3406 4141 η

2242 4171 2318 4228 Οὐ
2353 4173 2468 4243 μετ’
2500 4170 2717 4226 ἐκείνων
2757 4174 2921 4245 μόνον
2954 4176 3093 4230 εἶπεν
3117 4174 3353 4243 ἔσεσθαι,
3382 4179 3518 4234 ἀλλᾶ
3542 4177 3613 4233 καί
3639 4171 3724 4246 μετἆ

2170 4261 2386 4314 πάντων
2440 4265 2546 4314 τῶν
2610 4263 2724 4332 μετ’
2783 4261 3018 4326 ἐκείνους
3075 4266 3456 4322 πιστευόντων.
3495 4267 3561 4324 Οὐ
3587 4257 3720 4337 γὲξδῆ

416 4351 542 4403 Non
575 4351 734 4404 enim
765 4367 952 4422 usque
977 4353 1049 4406 ad
1081 4353 1654 4408 consummationem
1679 4353 1878 4408 smculi
1901 4369 2062 4408 man-

2187 4345 2270 4409 ἱως
2299 4356 2397 4417 τῆς
2425 4347 2734 4411 συντελείας
2789 4356 2885 4405 τοῦ
2934 4352 3132 4416 αἰῶνος
3191 4357 3248 4409 οἱ
3297 4356 3579 4411 ἀπόστολοι
3607 4352 3718 4424 μένειν

419 4438 541 4492 suri
583 4446 752 4494 erant
801 4441 1076 4511 apostoli,
1128 4441 1232 4496 sed
1280 4447 1562 4512 tanquam
1612 4458 1796 4496 unum
1848 4458 2064 4511 corpus

426 4526 632 4581 fideles
653 4528 1081 4598 alloquitur.Ne
1105 4531 1510 4600 enim,inquit,
1531 4530 1674 4584 mihi
1700 4546 1896 4584 rerum
1919 4529 2067 4584 difﬁ-

421 4615 702 4670 cultatem
737 4616 1026 4688 objiciatis
1055 4636 1067 4685 ;
1101 4636 1204 4689 ego
1237 4619 1395 4674 enim
1425 4617 1727 4672 vobiscum
1760 4635 1912 4684 sum,
1963 4615 2064 4688 qui

415 4704 616 4759 omnia
638 4706 818 4761 reddo
839 4707 1056 4762 facilia.
1087 4709 1203 4762 Hoc
1234 4706 1540 4778 prophetis
1573 4723 1807 4776 quoque
1831 4707 1892 4760 in
1911 4707 2062 4761 anti-

420 4793 674 4862 qualege
699 4795 934 4850 assidue
953 4796 1254 4860 dixit,tum
1270 4795 1540 4850 Jeremiaa
1557 4795 1874 4866 pueritiam
1897 4812 2066 4850 excu-

415 4882 589 4948 santi,
622 4887 745 4938 tum
778 4885 1087 4950 Ezechieli,
1123 4889 1245 4938 tum
1305 4887 1503 4955 Moysi,
1549 4885 1775 4940 obrutis
1802 4885 2061 4940 difﬁcul-

419 4975 536 5023 tate
563 4987 575 5023 :
608 4974 723 5040 Ego
753 4973 1027 5028 vobiscum
1057 4989 1192 5027 sum.
1231 4975 1316 5027 Ita
1359 4974 1537 5027 etiam
1576 4975 1736 5029 hisce
1763 4975 1872 5028 hic.
1911 4976 2062 5028 Con-

418 5058 612 5111 sidera
633 5076 766 5113 vero
790 5063 934 5116 mihi
958 5063 1134 5118 etiam
1168 5062 1262 5116 hic
1285 5062 1494 5115 horum
1523 5062 1937 5117 differentiam.
1969 5062 2060 5118 llli

417 5145 712 5216 siquidem
739 5149 809 5202 ad
844 5167 1021 5204 unam
1053 5157 1287 5221 gentem
1323 5150 1486 5204 missi
1530 5167 1935 5220 saepenumero
1966 5167 2058 5205 re-

485 5270 506 5304 ²
535 5271 700 5325 Joan.
735 5276 836 5339 xit,
870 5275 956 5326 32.

2174 4435 2432 4510 ἔμελλον·
2465 4436 2592 4492 ἀλλ’
2619 4439 2691 4500 ὡς
2720 4437 2798 4494 ἐνὶ
2829 4442 3041 4513 σώματι
3073 4439 3382 4518 διαλέγεται
3431 4450 3538 4505 τοῖς
3560 4443 3717 4496 πιστοῖς-

2175 4528 2266 4594 Μή
2299 4527 2401 4602 γὰρ
2459 4548 2573 4600 μοι,
2633 4528 2786 4606 φησὶ,
2843 4532 2942 4600 τὴν
2998 4528 3285 4588 δυσκολίαν
3319 4534 3503 4603 εἴπητε
3527 4537 3612 4587 τῶν
3636 4545 3718 4597 πρι-

2173 4619 2417 4690 γμάτων.
2470 4617 2607 4690 Ἐγὼ
2653 4618 2753 4694 γὰρ
2814 4619 2928 4691 είμι
2992 4623 3108 4694 μεθ’
3191 4624 3340 4696 ὑμῶν
3399 4626 3556 4678 πάντα
3608 4619 3712 4672 ποιῶν

2173 4702 2397 4763 εὔκολα.
2439 4708 2616 4762 Τοῦτο
2656 4707 2746 4762 καὶ
2787 4715 2904 4770 τοῖς
2949 4713 3256 4788 προφήταις
3303 4710 3481 4787 ἔλεγεν
3511 4709 3714 4779 ἐντῇηι·

2173 4791 2302 4863 λαιᾷ
2345 4799 2606 4868 συνεχῶς,
2667 4798 2754 4851 καὶ
2806 4802 2886 4869 τῷ
2939 4798 3173 4872 Ἱερεμίᾳ
3227 4801 3450 4872 νεότητα
3488 4793 3712 4872 προϐαλλο-

2176 4881 2337 4954 μένῳ,
2369 4883 2455 4937 καὶ
2488 4888 2568 4954 τῷ
2601 4886 2798 4958 Μωσῇ,
2837 4886 2927 4940 καὶ
2980 4891 3060 4958 τῷ
3107 4889 3371 4958 ἸεζεκιήΑ
3398 4885 3711 4956 ἀναδυομένοιςν

2173 4972 2316 5043 Ἐγώ
2367 4971 2483 5043 εἰμι
2539 4974 2653 5044 μεθ’
2715 4973 2889 5045 ὑμῶν.
2950 4973 3107 5030 Οὓτω
3163 4977 3253 5031 καὶ
3309 4977 3516 5032 ἐνταῦθα
3555 4972 3710 5028 τούτοις.
3796 4977 3797 4997 ‘

2172 5060 2372 5112 Σκόπει
2447 5056 2504 5113 δὲ
2583 5081 2674 5132 μοι
2749 5062 3015 5126 κάνταῦθα
3070 5066 3169 5133 τῆν
3240 5067 3444 5120 τούτων
3514 5058 3710 5136 315190.55“-

2172 5149 2402 5203 Ἐκεῖνοι
2458 5149 2550 5220 μὲν
2599 5148 2698 5224 γὰρ
2749 5149 2826 5212 εἷς
2869 5148 2921 5206 ἓν
2969 5145 3117 5216 ἔθνος
3166 5153 3598 5226 ἀποστελλόμενοι
3625 5142 3690 5199 ml

1989 5375 2209 5429 ΝΟΤᾹῧ.

481 5455 665 5526 (5)01".
700 5457 884 5525 XCIV,
916 5459 1028 5514 col.
1063 5461 1220 5532 1186,
1256 5466 1410 5516 ιοθ-ι.
