3888 6136
201 223 341 278 1413

1185 227 1506 280 JOANNES
1540 225 2004 279 PATBIARCHA
2039 229 2146 281 CP.
2180 257 2247 266 —
2283 229 2592 284 ΝΟΤΙΤΙΑ.

3452 228 3588 282 1414

200 345 362 408 λάχις
394 351 755 422 παρῃτοῦντοο
812 345 965 401 οὗτοι
1027 345 1083 401 δὲ
1137 345 1292 400 οὐδὲν
1350 350 1595 402 τοιοῦτον
1653 345 1735 420 ἐφ(

2061 357 2256 415 arunt,
2288 352 2347 406 hi
2380 370 2514 407 vero
2547 353 2696 407 nihil
2729 353 2844 408 tale
2897 353 3271 423 protulerunt
3320 368 3454 406 cum
3517 349 3591 406 ad

205 437 364 506 ξαντο
421 434 497 496 εἷς
552 437 650 504 τήν
713 435 1035 507 οἰκουμένην
1095 435 1458 506 πεμπόμενοι.
1511 434 1582 488 Τὸ
1619 431 1675 487 δὲ
1722 429 1847 499 ἕως,

206 521 505 595 πολλαχοῦ
534 529 632 591 τῆς
671 529 904 599 ι’ραφῆς,
934 524 1034 591 τὴν
1068 523 1162 594 μὶν
1190 527 1286 576 τοῦ
1316 522 1621 597 ὡρισμένου
1647 521 1850 594 χρόνου

206 611 543 683 προθεσμίαν
603 610 878 683 σημαίνει·
941 610 1038 664 οὐκ
1093 610 1391 687 ἀποφάσκει
1453 607 1509 663 δὲ
1580 609 1642 663 τὸ
1721 608 1854 680 μετὰ

211 701 399 753 ταῦτα.
435 694 666 771 Ε’ίρηται
696 702 786 751 νῦν
842 698 966 770 περὶ
1008 700 1106 765 τῆς
1155 697 1542 771 Ἀειπαρθὲνου
1590 697 1853 752 Θεοτόκου

217 785 301 839 ὅτι
335 786 432 840 οὐκ
493 785 773 860 ἐγίνωσκεν
826 786 992 854 αὐτὴν
1026 787 1054 840 ὁ
1086 787 1306 863 Ἰωσὴφ,
1351 782 1455 848 ἕως
1485 787 1545 839 οὗ
1574 782 1719 839 ἔτεκε
1766 787 1856 838 τὸν

217 875 334 929 υἱὸν
368 874 535 944 αὐτῆς
566 877 657 929 τὸν
713 875 1085 950 πρωτότοκον
1134 877 1224 930 καὶ
1273 872 1335 928 οὕ
1381 874 1434 929 τί
1489 896 1594 928 που
1640 870 1853 942 οἱητὲον

218 961 300 1016 ὅτι
390 962 524 1035 μετὰ
604 967 770 1017 ταῦτα
853 961 1046 1036 ἀνδρὸς
1132 964 1416 1040 συνάφειαν
1515 958 1854 1033 κατεϐἐξατο.

217 1050 623 1126 Ἐπηγγείλατο
683 1049 772 1105 οὖν
823 1048 1092 1115 κᾶνταῦθα
1132 1052 1159 1105 ὁ
1192 1051 1392 1126 Κύριος
1433 1048 1535 1111 ἕως
1581 1057 1679 1118 τῆς
1732 1069 1856 1102 συν-

213 1137 426 1201 τελείας
455 1141 586 1194 εἷναι
623 1142 736 1213 μεθ’
768 1142 958 1212 ἡμῶν,
992 1141 1099 1214 οὐχ
1125 1140 1197 1200 ὡς
1235 1140 1368 1212 μετὰ
1396 1140 1494 1206 τὴν
1524 1143 1621 1192 τοῦ
1664 1139 1859 1198 αἳῶνος

218 1229 518 1282 συντέλειαν
552 1230 838 1302 χωρισθησ
877 1228 1092 1300 όμενος.
1126 1229 1268 1297 Φησὶ
1296 1232 1425 1303 γοῦν
1455 1228 1482 1281 ὁ
1515 1231 1658 1289 θεῖος
1693 1227 1860 1280 ’Λπό-

219 1314 439 1386 στολος,
498 1317 580 1371 ὃτι
648 1317 782 1388 μετὰ
845 1316 943 1383 τὴν
1031 1319 1216 1384 κοινήν
1299 1316 1580 1370 ἀνάστασιν
1658 1315 1864 1387 Ἀρπα-

221 1403 506 1478 γησὸμεθα
563 1402 615 1457 ἐν
675 1401 926 1480 νεφέλαις
988 1404 1061 1464 εἷς
1121 1402 1418 1472 ἀπάντησιν
1494 1407 1589 1456 τοῦ
1667 1401 1865 1476 Κυρίου

224 1491 300 1554 είς
361 1493 509 1566 ἀὲρα,
570 1491 658 1545 καὶ
718 1491 890 1552 οὕτως
948 1493 1177 1546 πάντοτε
1235 1490 1325 1545 σὺν
1383 1489 1560 1563 Κυρίῳ
1613 1489 1863 1562 ἐσόμεθα.

225 1581 659 1653 Ἀναμιμνήσκει
710 1578 766 1634 δὲ
823 1579 1015 1640 αὐτοὺς
1073 1578 1162 1634 καὶ
1218 1585 1319 1646 τῆς
1401 1576 1722 1644 συιτελείας,
1777 1575 1867 1630 ’ίνα

233 1668 446 1741 μᾶλλον
504 1666 698 1731 αὐτοὺς
754 1666 1145 1745 ἀφελκύσηται,
1202 1666 1292 1720 καὶ
1377 1667 1452 1739 μὴ
1513 1666 1573 1720 τὰ
1630 1666 1868 1738 παρόντα

231 1757 357 1828 ὁρᾷν
393 1753 533 1826 ἀηδῆ
585 1756 772 1827 μόνον,
819 1753 964 1810 ἀλλὰ
1005 1755 1097 1808 καὶ
1141 1756 1209 1808 τὰ
1259 1753 1534 1826 μέλλοντα
1587 1753 1757 1826 ἀγαθᾶ
1806 1753 1872 1806 τὰ

235 1844 524 1918 ἀπέραντα·
582 1844 649 1897 τὰ
706 1844 800 1915 μὲν
857 1843 960 1918 γὰρ
1019 1842 1240 1918 λυπηρά
1292 1863 1453 1919 φησιν
1531 1843 1664 1916 ἅπερ
1747 1841 1875 1894 ὑπο-

239 1934 496 2002 στήσεσθε
527 1931 576 1985 ἐν
625 1930 704 2003 τῷ
760 1931 988 2004 παρόντι
1045 1931 1164 2006 βίῳ,
1213 1929 1692 2004 συγκαταλύονται·
1742 1929 1878 1983 ὅπου

236 2019 414 2094 γεκαὶ
445 2019 663 2082 αὐτὸςὸ
722 2021 852 2074 αἰὼν
914 2020 1070 2078 οὗτος
1127 2018 1202 2082 είς
1260 2018 1564 2073 συντέλειαν
1622 2015 1755 2090 ἥξει·
1815 2017 1881 2071 τὰ

239 2106 294 2161 δὲ
342 2108 558 2182 χρηστά
619 2109 691 2162 ὢν
749 2107 1116 2163 ἀπολαύσεσθε
1171 2107 1403 2161 ἀθάνατα
1464 2107 1630 2178 μένει·
1691 2105 1878 2167 Οὕτως

237 2195 462 2268 ἀλείψας
503 2195 595 2250 καὶ
652 2195 864 2270 ἐγείρας
921 2195 1094 2250 αὐτῶν
1152 2195 1218 2249 τὰ
1274 2195 1617 2272 φρονήματα,
1672 2193 1760 2247 καὶ
1811 2197 1879 2266 τῇ

245 2285 434 2356 μνήμῃ
515 2291 616 2352 τῆς
698 2285 908 2358 ἡμέρας
982 2282 1186 2352 ἐκείνης
1267 2282 1582 2354 ἐξέπεμψεν.
1658 2281 1719 2337 Ἥ
1777 2282 1881 2356 γὰρ

240 2374 420 2448 ἡμέρα
476 2373 651 2444 ἐκείνη
709 2379 824 2435 τοῖς
877 2372 928 2427 ἐν
986 2373 1372 2447 κατορθώμασι
1426 2376 1554 2440 ζῶσι
1632 2371 1882 2440 ποθεινὴ,

242 2459 418 2536 ὥσπερ
479 2462 569 2515 οὗν
627 2467 743 2524 τοῖς
804 2460 854 2516 ἐν
914 2463 1268 2536 ἁμαρτήμασι
1341 2454 1569 2533 φοϐερὰ,
1645 2459 1882 2532 καθάπερ

242 2556 358 2612 τοῖς
419 2548 754 2611 καταδίκοις’
817 2548 963 2604 ἀλλὰ
1041 2550 1116 2620 μὴ
1176 2543 1508 2620 φοϐηθῶμεν
1567 2546 1729 2618 μόνον
1796 2545 1885 2600 καὶ

245 2638 573 2715 φρίττωμεν,
637 2636 783 2692 ἀλλὰ
834 2639 922 2691 καὶ
983 2631 1454 2710 μεταϐαλλώμεθα
1526 2632 1629 2696 ἕως
1697 2634 1886 2709 καιρός

243 2727 376 2797 ἐστι,
427 2729 527 2795 τὴν
585 2724 760 2794 καλὴν
818 2723 1120 2780 ἀλλοίωσιν
1180 2722 1593 2796 ἀλλοιούμενοι,
1646 2720 1737 2776 ἵνα
1793 2724 1888 2790 τῆς

248 2815 480 2870 αἰωνίου
541 2817 687 2883 ζωῆς
741 2811 1143 2885 ἀπολαύσωμεν
1205 2811 1258 2867 ἰν
1317 2814 1536 2886 Χριστῷ
1573 2812 1756 2879 Ἰησοῦ
1809 2815 1888 2882 τῷ

249 2904 439 2978 Κυρίῳ
469 2905 648 2975 ἡμῶν,
696 2903 741 2974 ᾧ
794 2904 828 2971 ἡ
881 2899 1008 2972 δόξα
1052 2902 1140 2956 καὶ
1184 2901 1246 2954 τὸ
1300 2899 1496 2975 κράτος
1541 2898 1634 2953 σὺν
1684 2903 1762 2971 τῷ
1798 2899 1889 2953 ἀν-

247 2993 405 3067 ἁρχῳ
479 2992 669 3066 Πατρί,
727 2993 818 3044 καὶ
873 2996 949 3062 τῷ
1010 2995 1262 3061 ζωοποιῷ
1314 2989 1613 3062 Πνεύματι,
1663 2993 1752 3044 νῦν
1804 2988 1891 3044 καὶ

247 3081 351 3150 ἀεὶ,
379 3081 470 3136 καὶ
502 3081 576 3143 εἰς
598 3081 725 3142 τοὺς
756 3080 955 3142 αἰῶνας
982 3085 1089 3135 τῶν
1121 3079 1356 3138 αῗώνων.
1389 3080 1585 3152 Ἀμὴν.

320 3233 345 3286 Ι
374 3233 573 3287 Thess.
607 3249 684 3301 1v,
715 3236 800 3288 16.

1958 441 2297 493 universum
2329 446 2618 495 terrarum
2646 441 2850 495 orbem
2880 441 3278 494 mitterentur.
3313 440 3461 494 lllud
3487 455 3593 493 au-

1960 532 2100 591 tem,
2131 544 2319 597 usque,
2355 528 2702 598 plerumque
2736 530 2796 582 in
2828 544 2994 582 sacra
3020 529 3320 597 Scriptura
3363 527 3592 580 deﬁniti

1963 616 2246 685 temporis
2276 617 2758 670 constitutionem
2789 616 3031 682 indicat,
3065 633 3185 669 non
3231 615 3444 669 deﬁnit
3488 631 3598 668 au-

1963 706 2082 755 tem
2114 703 2270 772 quod
2300 709 2506 772 postea
2538 705 2666 756 erit.
2701 705 2931 757 Dictum
2956 704 3081 773 jam
3120 708 3209 756 est
3239 702 3310 756 de
3366 718 3598 771 semper

1967 789 2200 861 Virgine
2230 791 2500 860 Deipara,
2535 791 2690 861 quod
2721 808 2839 845 non
2870 790 3259 861 cognoscebat
3309 789 3473 842 illam
3503 790 3597 842 Jo-

1966 879 2111 948 seph
2143 878 2329 933 donec
2359 881 2589 949 peperit
2639 880 2830 933 ﬁlium
2879 895 3049 932 suum
3098 879 3598 948 primogenitum;

1968 982 2160 1034 neque
2183 966 2377 1019 simile
2400 965 2624 1035 aliquid
2643 966 2971 1036 putandum
3000 970 3106 1020 est:
3142 965 3298 1034 quod
3325 965 3601 1034 posthaec

1969 1053 2074 1105 viri
2107 1053 2379 1122 copulam
2412 1053 2760 1122 susceperit,
2793 1053 3164 1107 annuntiavit
3191 1053 3369 1122 igitur
3424 1052 3599 1105 etiam

1970 1140 2065 1194 hic
2097 1139 2382 1194 Dominus
2417 1155 2429 1192 :
2463 1155 2648 1208 usque
2682 1139 2752 1193 ad
2786 1139 3352 1193 consemmationem
3372 1155 3432 1192 se
3454 1138 3606 1192 futu-

1972 1247 2102 1285 rum
2126 1230 2455 1298 nobiscum,
2484 1246 2603 1283 non
2629 1235 2909 1300 tanquam
2931 1234 3064 1299 post
3094 1229 3293 1283 saeculi
3327 1245 3604 1282 consum-

1972 1318 2295 1371 mationem
2329 1315 2742 1387 segregandus.
2778 1316 3068 1386 Aitigitur
3099 1314 3328 1370 divinus
3360 1318 3606 1385 Aposto-

1973 1405 2065 1459 lus
2091 1422 2104 1458 :
2138 1406 2273 1458 Post
2303 1420 2681 1460 communem
2712 1404 3208 1458 resurrectionem
3237 1406 3518 1472 rapiemur
3547 1405 3605 1456 in

1974 1496 2206 1549 nubibus
2236 1495 2448 1549 obviam
2479 1497 2706 1549 Domino
2737 1498 2794 1548 in
2825 1512 2974 1562 aera,
3033 1501 3082 1548 et
3123 1496 3200 1548 sic
3245 1510 3452 1563 semper
3490 1510 3610 1546 cum

1976 1585 2205 1636 Domino
2261 1585 2460 1637 erimus
2487 1583 2530 1638 ³.
2594 1585 2658 1636 In
2719 1583 3071 1636 memoriam
3126 1587 3323 1636 autem
3381 1586 3613 1635 revocat

1978 1672 2576 1739 consummationem,
2609 1675 2675 1723 ut
2703 1671 2888 1740 magis
2921 1686 3019 1724 eos
3048 1668 3366 1739 pertrabat,
3418 1684 3612 1738 neque

1981 1762 2297 1832 praesentia
2329 1766 2558 1816 tantum
2590 1760 2823 1814 videant
2851 1775 2980 1828 quae
3014 1757 3299 1811 terribilia
3331 1763 3486 1824 sunt,
3519 1773 3612 1810 ve-

1984 1867 2114 1904 rum
2149 1849 2325 1903 etiam
2355 1849 2554 1904 futura
2580 1848 2736 1902 bona
2766 1847 3040 1901 infinita:
3075 1845 3267 1900 tristia
3305 1846 3486 1909 enim,
3519 1846 3611 1899 in-

1984 1937 2131 2008 quit,
2164 1956 2294 2007 quae
2326 1939 2386 1993 in
2416 1938 2694 2008 praesenti
2727 1936 2941 1990 saeculo
2959 1934 3616 2001 sustinetis,dissolven-

1986 2031 2112 2092 tur;
2147 2026 2227 2079 ibi
2260 2026 2437 2080 etiam
2471 2027 2790 2096 ipsummet
2821 2023 3103 2078 saeculum
3135 2023 3207 2077 ad
3241 2038 3618 2078 consumma-

1985 2113 2207 2168 tionem
2239 2114 2450 2182 veniet,
2482 2114 2636 2168 bona
2659 2128 2793 2167 vero
2826 2111 3042 2181 quibus
3069 2110 3348 2164 fruemini
3382 2111 3620 2164 immor-

1986 2200 2128 2256 talia
2185 2206 2444 2255 manent.
2505 2202 2590 2254 Ita
2646 2201 2898 2271 erigens,
2959 2198 3340 2267 excitansque
3416 2213 3620 2252 eorum

1987 2291 2238 2354 mentes,
2272 2287 2334 2340 in
2385 2287 2734 2342 memoriam
2790 2285 2905 2338 diei
2962 2283 3124 2338 illius
3176 2284 3437 2338 admisit.
3489 2283 3622 2338 Dies

1990 2376 2148 2428 enim
2178 2375 2284 2429 illa
2311 2376 2383 2428 iis
2407 2376 2505 2445 qui
2534 2391 2712 2444 opera
2741 2374 2895 2428 bona
2925 2372 3312 2443 praastiterint
3358 2372 3418 2426 in
3468 2372 3624 2426 desi-

1990 2462 2152 2516 derio
2185 2467 2295 2526 est,
2328 2461 2832 2531 quemadmodum
2864 2461 2926 2514 in
2984 2459 3237 2528 peccatis
3297 2458 3623 2511 viventibus

1992 2549 2294 2613 terribilis,
2325 2555 2526 2619 utpote
2558 2547 2968 2603 condemnatis
2995 2562 3006 2598 :
3041 2546 3142 2600 sed
3169 2562 3286 2599 non
3317 2545 3627 2599 timeamus

1993 2643 2222 2690 tantum
2257 2642 2314 2689 et
2358 2636 2864 2699 exhorrescamus,
2910 2648 3112 2686 verum
3157 2632 3332 2686 etiam
3382 2647 3628 2685 conver-

1994 2729 2188 2779 tamur
2207 2725 2347 2778 dum
2381 2729 2610 2794 tempus
2639 2729 2748 2788 est,
2781 2721 2937 2776 bona
2965 2718 3291 2773 mutatione
3313 2721 3542 2783 mutati,
3564 2724 3633 2774 ut

1996 2815 2358 2885 sempiterna
2385 2815 2503 2869 vita
2532 2814 2798 2868 fruamur
2820 2813 2882 2866 in
2923 2811 3153 2864 Christo
3199 2811 3336 2864 Jesu
3379 2810 3628 2864 Domino

1997 2910 2198 2958 nostro
2233 2921 2245 2970 ;
2279 2903 2372 2958 cui
2405 2903 2592 2974 gloria
2622 2908 2679 2957 et
2725 2900 3042 2972 imperium
3093 2914 3225 2952 cum
3274 2900 3448 2953 Patre
3503 2898 3629 2953 sine

1997 2994 2311 3065 principio,
2336 2998 2394 3048 et
2421 2993 2646 3048 viviﬁco
2677 2992 2915 3063 Spiritu,
2947 2995 3006 3044 et
3034 3004 3213 3056 nunc,
3265 2995 3322 3044 et
3371 3005 3629 3060 semper,

1916 3065 1957 3131 C
1997 3085 2054 3136 et
2083 3083 2145 3138 in
2177 3081 2394 3137 saacula
2422 3081 2796 3138 saeculorum.
2830 3083 3037 3136 Amen.

255 3407 3638 3417 wu—

1637 3541 1786 3580 ANNO
1825 3541 2016 3582 ΒοΜιΝι
2055 3542 2249 3582 DCCXV.

1341 3724 2565 3926 JOANNES

679 4070 918 4166 CON
930 4070 1477 4164 STANTIN
1483 4069 2116 4167 OPOLITAN
2124 4072 2282 4166 US
2355 4067 3224 4166 PATRIARCHA.

1573 4426 2334 4526 NOTITIA.

1236 4616 1420 4684 (MICH.
1455 4615 1697 4677 LEQUIEN
1729 4617 1918 4672 Oriens
1951 4616 2252 4673 Christian.
2289 4621 2330 4671 ι.
2359 4617 2406 4687 I,
2430 4633 2487 4686 p.
2521 4614 2670 4685 234.)

1923 4797 1992 4808 -

346 4950 506 5025 Cyro
563 4942 876 5025 suffectus
914 4941 1202 5025 J_oannes-
1246 4937 1360 4998 fuit
1420 4958 1493 5025 ex
1557 4940 1842 5025 diacono
1876 4949 1953 5025 et,
2022 4941 2404 5025 chartulario
2441 4958 2455 5010 ;
2497 5022 2510 5025 _
2546 4942 2621 5002 de
2703 4958 2827 5018 quo
2905 4935 3338 5025 Theophanes
3397 4932 3476 4992 ad
3532 4949 3660 5025 ian-

266 5011 418 5085 nutri
474 5043 494 5083 ι
549 5019 880 5098 Philippici
937 5019 1274 5099 Bardanis:
1345 5041 1372 5075 (ι
1425 5023 1623 5080 Porro
1681 5022 2089 5099 Philippicas,
2155 5021 2376 5098 inquit,
2438 5011 2736 5080 adversus
2787 5011 3181 5099 sanctam-et
3237 5011 3650 5099 universalem

265 5105 572 5186 synodum
601 5091 838 5162 sextam
871 5098 1082 5186 invehi
1110 5117 1236 5186 non
1267 5099 1536 5186 erubuit,
1585 5119 1789 5186 sacra_
1812 5091 1955 5186 quae
2013 5103 2122 5186 illa
2180 5091 2471 5161 sanxerat
2528 5103 2822 5186 dogmata
2878 5095 3134 5186 studens
3187 5099 3478 5154 evertere.
3544 5091 3660 5186 Qui

263 5173 326 5246 in
359 5186 520 5245 hanc
549 5201 725 5243 suam
758 5179 1125 5240 sententiam
1158 5180 1350 5252 irent,
1387 5179 1693 5240 Joannem
1750 5173 1868 5242 015.
1929 5182 2316 5260 episcopum,
2374 5199 2585 5258 quem,
2618 5173 2833 5260 'Cyro‘
2853 5173 2986 5251 ejus
3043 5174 3364 5260 decessore
3417 5176 3656 5260 amoto,

265 5272 328 5328 et
355 5266 418 5326 in
452 5261 828 5326 monasterio
861 5259 1079 5320 Chorae
1113 5265 1307 5328 truso,
1338 5250 1690 5339 creaverat,
1727 5250 2102 5322 Germanum
2146 5250 2744 5339 'Gyzi'cifAndreain
2795 5250 2991 5315 Cretae
3047 5260 3106 5313 et
3145 5254 3318 5339 alios
3370 5250 3658 5339 offendit,

266 5346 373 5427 qui
404 5341 832 5427 anathemain
859 5337 1473 5427 sanctamsynodum
1528 5330 1771 5401 sextam
1829 5330 2232 5403 intorserunt.
2271 5364 2300 5395 »
2358 5330 2623 5427 Totuilli
2680 5333 3161 5427 itaque‘magni
3217 5330 3484 5427 nominis
3543 5330 3661 5419 viri

268 5412 476 5504 ίῖηρίίε
507 5420 755 5502 tyranni
803 5412 1762 5504 h_lljus_moli;minibus_mo_rem
1813 5428 1957 5504 tunc
2008 5426 2352 5498 gessi-runt,
2404 5418 2631 5496 quibus
2679 5412 2806 5504 non
2845 5419 2941 5474 sat
2993 5413 3217 5504 virium
3264 5412 3344 5472 ad
3400 5412 3456 5501 ei
3506 5412 3661 5466 resi-

267 5493 558 5566 stendum
607 5519 737 5564 esse
796 5493 1133 5561 videretur.
1193 5497 1421 5558 Verum
1477 5497 1830 5579 Philippica
1886 5493 2142 5564 detr'uso
2201 5505 2262 5560 et
2313 5493 2652 5569 exciecato,
2709 5494 2964 5574 ejusque
3020 5493 3084 5554 in
3142 5493 3350 5554 locum
3400 5493 3668 5563 inaugu-
