3888 6136
170 326 308 382 1417

1169 321 1518 377 EPISTOLA
1553 322 1653 374 AD
1687 319 2253 378 CONSTANTINUM
2290 325 2558 382 ΡΑΡΔΜ.

3433 325 3570 381 1418

165 456 383 507 πταῖσαι
443 443 714 523 συμϐαίη,
772 445 809 516 ἤ
867 443 1054 508 ἄλλως
1109 466 1227 508 πως
1299 448 1658 512 κεκακῶσθαι,
1718 440 1803 495 οὐκ

1974 447 2106 513 Γῐὶοὶ,
2138 450 2298 505 haud
2356 467 2598 520 prorsus
2648 468 2852 507 eorum
2887 451 2999 507 sibi
3028 467 3231 506 curam
3262 455 3432 522 putat
3461 449 3566 505 de-

162 539 576 614 ἀπροσποίητον
599 539 698 606 τήν
756 535 962 591 τούτων
1015 529 1329 606 ἐπιμέλειαν
1387 533 1613 596 τίθεται⁸
1667 528 1814 584 ἀλλὰ

163 631 254 686 καὶ
287 631 427 702 πρὸς
457 631 524 684 τά
551 632 659 683 τῶν
693 627 874 700 μελῶν
907 623 1110 700 ἕσχατὰ
1131 627 1231 695 τήν
1281 625 1510 695 φυσικὴν
1567 620 1814 677 δεικνῦσα

163 719 522 793 συμπάθειαν,
584 715 674 771 διὰ
727 722 830 784 τῆς
902 720 1008 769 τῶν
1073 718 1276 789 χειρῶν
1367 711 1684 788 ὑπουργίας,
1741 714 1810 784 τῇ

162 807 362 883 ὀδηγίᾳ
388 812 485 862 τοῦ
513 805 806 883 ὀφθαλμοῦ
863 803 1151 877 θεραπεύει
1205 803 1267 857 τὸ
1319 802 1651 871 πεπονηκὸς,
1711 801 1814 854 οὐκ

168 898 504 970 ἀτιμάζουσα
557 895 646 950 καὶ
706 893 1144 966 ἀποπεμπομένη
1203 892 1303 960 τὴν
1360 890 1566 946 τούτων
1624 889 1810 962 συνέρ-

168 985 318 1062 γείαν
351 985 425 1046 ὡς
456 983 753 1058 ἄχρηστον.
780 981 1004 1042 Τούτοις
1057 979 1123 1049 δὴ
1178 981 1246 1035 τὰ
1301 979 1436 1034 κατᾶ
1461 980 1583 1062 τὴν,
1621 975 1813 1048 ὑμετέ-

173 1061 264 1148 ραν
319 1070 691 1140 ἀποπολικήν
750 1069 1039 1145 προεδρίαν
1125 1065 1328 1144 ἔχομεν
1410 1061 1808 1140 παραϐάλλειν,

170 1163 487 1237 ἁγιώτατοι,
575 1160 667 1216 καὶ
724 1157 969 1235 κεφαλὴν
1022 1159 1122 1227 τῆς
1201 1157 1337 1212 κατᾶ
1390 1154 1618 1229 Χριστὸν
1648 1154 1809 1228 ἱερω-

169 1251 335 1322 σύνης
381 1254 679 1311 κανονικῶς
737 1249 876 1321 ὑμᾶς
962 1246 1336 1321 λογιζόμενοι,
1420 1245 1662 1309 εἰκότως,
1741 1239 1812 1296 δι’

171 1340 325 1412 ὑμῶν
403 1339 766 1409 ἐπιζητοῦμεν
823 1343 924 1404 τῆς
991 1329 1366 1405 ἑπισυμϐἅσης
1445 1330 1675 1404 ἀθυμίας
1732 1333 1811 1402 τῷ

164 1429 286 1492 καθ’
316 1429 462 1500 ἡμᾶς
495 1426 932 1497 ἐκκλησιαστικῷ
966 1424 1178 1496 σώματι
1237 1424 1295 1476 ἐκ
1347 1428 1447 1490 τῆς
1494 1415 1810 1490 λοιμώδους

162 1515 256 1570 καὶ
341 1518 637 1570 νοσοποιοῢ
721 1517 830 1568 τῶν
919 1516 1113 1587 ψυχῶν
1168 1511 1488 1586 τυραννικῆς
1549 1505 1810 1579 ἐξουσίας,

162 1603 510 1678 παραμυθίαν
603 1601 947 1676 κομίσασθαι.
1033 1602 1255 1662 Πάντως
1334 1599 1435 1674 γὰρ
1490 1596 1582 1651 καὶ
1635 1596 1811 1664 ὑμεῖς,

161 1696 244 1764 τῷ
293 1699 395 1761 τῆς
453 1690 699 1769 κεφαλῆς
757 1688 1042 1762 ῗὸιώματι,
1076 1684 1401 1757 ἀϐουλήτως
1455 1683 1810 1754 νενοσηκότας

160 1783 312 1854 ἡμᾶς
370 1779 431 1834 ού
489 1779 834 1852 περιόψεσθε,
898 1774 1024 1832 οὐδὲ
1101 1783 1202 1844 τῆς
1257 1776 1460 1830 ἑαυτῶν
1513 1770 1808 1850 συμφυείας

163 1872 315 1942 ἡμᾶς
348 1868 779 1942 ἀποπέμψοισθε.
824 1865 1002 1921 Ἀλλὰ
1063 1863 1273 1939 μᾶλλον
1331 1869 1448 1925 τοῖς
1505 1860 1803 1935 τραύμασιν

163 1961 328 2032 ἡμῶν
401 1955 874 2031 ἔπιστυγνάζοντες
951 1955 1278 2028 (πάσχοντος
1349 1952 1450 2026 γὰρ
1529 1949 1644 2012 ἑνὸς
1709 1949 1803 2021 μὲ-

165 2047 324 2116 λους,
356 2047 701 2119 συμπάσχειν
761 2043 903 2106 εἰκὸς
963 2045 1136 2098 πάντα
1192 2043 1258 2096 τὰ
1321 2039 1485 2115 μέλη,
1525 2040 1661 2093 κατά
1703 2037 1805 2105 τὴν

161 2140 262 2190 τοῦ
294 2132 628 2191 Ἀποστόλου
656 2133 889 2210 φωνην),
920 2135 1008 2186 νῦν
1037 2134 1107 2204 τῇ
1138 2132 1274 2206 πρὸς
1300 2131 1362 2184 τὸ
1408 2129 1559 2203 ¹ὑγιὲς
1609 2126 1804 2181 ἐπανα-

165 2223 374 2300 δρομῇ,
431 2223 521 2278 καὶ
579 2223 714 2294 πρὸς
769 2223 830 2275 τὸ
889 2219 1074 2292 ἄρτιον
1133 2218 1560 2274 ἀποκαταστάσει
1617 2217 1804 2287 ἡμῶν,

164 2313 583 2389 συγχαρήσεσθε
617 2308 945 2365 δικαιότατα·
1003 2309 1091 2362 καὶ
1145 2307 1399 2379 μάλιστα,
1457 2303 1688 2376 ὁπηνίκα
1741 2303 1804 2358 τὸ

164 2398 526 2476 ἅῤῥώστημα,
561 2397 660 2452 οὐκ
687 2396 748 2452 ἐκ
773 2403 872 2464 τῆς
902 2396 1077 2458 αἰτίας
1133 2400 1228 2450 τοῦ
1259 2397 1510 2466 σώματος
1555 2396 1653 2462 τὴν
1714 2390 1805 2446 σύ-

163 2510 352 2544 στασιν
397 2487 645 2566 εἴληφεν,
703 2486 830 2541 ἀλλ’
892 2484 1080 2555 ἔξωθεν
1127 2479 1488 2557 βεϐιασμένης
1545 2481 1632 2536 καὶ
1682 2480 1807 2536 ἀδο-

166 2581 343 2647 κήτου
445 2580 730 2650 συμφορᾶς
805 2573 1018 2649 γέγονεν
1099 2571 1462 2644 ἀποτέλεσμα·
1547 2571 1671 2642 περὶ
1737 2571 1806 2640 ἧς

168 2666 476 2742 ἀναγκαίως
541 2667 689 2738 ὑμῖν,
750 2661 978 2739 ἀδελφοί
1037 2661 1376 2733 θεοτίμητοι,
1409 2662 1470 2716 τὸ
1499 2662 1666 2733 παρὸν
1711 2663 1809 2729 τῆς

157 2755 550 2833 πληροφορίας
607 2753 1002 2823 ἀπεστείλαμεν
1070 2751 1319 2825 γράμμα,
1398 2751 1508 2803 οἷον
1595 2749 1809 2823 ἀπογυ-

174 2849 430 2917 μνοῦντες
462 2844 588 2916 ὑμῖν
620 2839 688 2895 δι’
713 2841 880 2895 αὐτοῦ
921 2839 1009 2892 καὶ
1046 2835 1342 2900 δεικνύντες
1395 2840 1458 2892 τὸ
1516 2846 1613 2907 τῆς
1668 2837 1810 2907 πλη-

171 2939 276 3006 γῆς
311 2930 601 3005 δυσαχθὲς.
637 2929 731 2984 Διὸ
761 2927 851 2982 καὶ
884 2926 1051 3002 μέχρι
1081 2930 1182 2980 τοῦ
1212 2931 1325 2996 νῦν,
1361 2926 1495 3001 πρὸς
1524 2928 1621 2995 τήν
1657 2927 1809 2999 ὑμῶν

171 3021 475 3095 ἁγιωσύνην
507 3023 586 3089 τῷ
615 3018 830 3086 συνήθει
873 3023 972 3084 τῆς
1032 3012 1319 3083 συνοδικῆς
1375 3018 1810 3092 προσφωνήσεως

169 3115 496 3175 καταντῆσαι
554 3105 963 3175 διεκωλύθημεν
1017 3109 1345 3172 τυραννικῶς
1427 3105 1810 3178 κατεχόμενοι⁸

1837 1823 1884 1887 Β

1927 539 2291 593 tractandam
2329 556 2341 591 :
2377 540 2518 609 quin
2543 540 2738 610 potius
2772 557 2905 612 erga
2951 541 3129 595 etiam
3180 539 3447 594 membra
3477 539 3572 592 in-

1923 626 2063 680 ﬁma
2094 628 2425 683 naturalem
2449 630 2924 700 compassionem
2951 630 3257 695 exhibens,
3282 645 3568 683 manuum

1920 715 2273 784 ministerio,
2299 718 2469 772 oculo
2495 718 2663 785 duce,
2698 726 2866 774 curat
2895 719 3054 790 quod
3114 707 3391 774 affectum
3452 722 3564 785 est,

1920 805 2071 858 nihil
2105 822 2310 861 eorum
2337 807 2724 877 adjutorium,
2768 825 2875 862 ceu
2907 808 3120 862 inutile
3165 824 3453 878 spernens
3497 823 3566 861 ac

1919 894 2218 964 rejiciens.
2243 896 2342 949 His
2383 913 2558 966 porro
2607 897 2996 968 apostolicam
3053 902 3308 950 vestram
3365 895 3567 966 praasi-

1920 980 2182 1036 dentiam
2215 999 2282 1037 ac
2307 985 2697 1054 pontiﬁcium,
2716 985 3078 1040 sanctissimi
3103 1000 3447 1055 comparare
3462 984 3568 1038 ha-

1918 1069 2372 1141 bemus,vosque
2405 1072 2717 1126 sacerdotii
2750 1073 3281 1138 Christi,canonice
3306 1073 3561 1142 caput(f)

1918 1164 2260 1229 reputantes
2317 1161 2414 1230 (2),
2472 1177 2580 1230 per
2621 1178 2721 1215 vos
2771 1161 3115 1230 quaerimus,
3165 1167 3231 1214 ut
3286 1161 3564 1214 solatium

1917 1247 2160 1317 aliquod
2190 1265 2223 1302 a
2254 1249 2530 1302 maestitia
2569 1249 2869 1319 animique
2897 1249 3201 1320 languore,
3237 1249 3336 1318 qui
3360 1254 3563 1302 nostro

1919 1336 2057 1390 huic
2087 1337 2361 1392 Ecclesiae
2388 1338 2644 1408 corpori,
2678 1355 2747 1391 ex
2797 1337 3080 1409 pestifera
3129 1353 3195 1392 ac
3253 1336 3564 1391 animabus

1920 1425 2166 1480 exitiosa
2196 1427 2504 1496 tyrannica
2549 1432 2839 1497 potestate
2894 1426 3124 1490 accidit,
3169 1431 3562 1496 reportamus.

1919 1513 2099 1568 Plane
2139 1514 2532 1584 siquidem,ea
2562 1532 2797 1586 quoque
2814 1533 2916 1569 vos
2943 1515 3153 1584 capitis
3179 1513 3560 1584 proprietate,

1917 1602 2254 1657 inconsulto
2285 1603 2558 1673 nihilque
2580 1604 2844 1658 volentes
2868 1603 3206 1658 laborantes
3239 1602 3562 1669 nos,haud-

1920 1707 2218 1761 quaquam
2251 1692 2658 1762 despexeritis,
2691 1698 2793 1746 aut
2821 1709 2854 1747 a
2883 1699 3075 1746 vestra
3119 1691 3559 1746 necessitudine

1917 1780 2255 1850 repuleritis
2288 1796 2300 1833 :
2336 1781 2482 1850 quin
2515 1798 2651 1836 vero
2684 1798 2862 1852 super
2893 1780 3396 1835 nostrisdolentes
3429 1779 3558 1834 vul-

1914 1867 2194 1924 neribus:
2228 1870 2446 1940 quippe
2474 1870 2739 1924 membro
2788 1887 2908 1925 uno
2961 1871 3246 1941 patiente,
3309 1885 3414 1939 par
3472 1875 3564 1924 est

1915 1959 2172 2027 compati
2205 1959 2473 2013 membra
2503 1960 2725 2025 omnia,
2749 1960 2921 2031 juxta
2965 1959 3226 2029 Apostoli
3260 1974 3461 2011 vocem
3485 1958 3507 1991 ²
3541 1974 3555 2011 :

1915 2051 2118 2101 nostro
2149 2063 2306 2101 nunc
2327 2048 2400 2102 ad
2432 2049 2748 2102 sanitatem
2795 2048 3011 2113 reditu,
3065 2064 3130 2102 ac
3179 2047 3556 2101 restitutione

1915 2134 2181 2205 pristinae
2214 2137 2533 2205 sospitatis,
2566 2153 2686 2191 una
2715 2136 3024 2190 nobiscum
3045 2135 3374 2206 justissima
3395 2135 3556 2205 gavi-

1915 2225 2455 2296 suriestis;idque
2486 2227 2765 2290 maxime,
2828 2226 2985 2296 quod
3043 2224 3284 2278 morbus
3344 2240 3464 2278 non
3522 2238 3557 2278 δ,

1915 2328 2159 2382 corpore
2191 2330 2428 2368 causam
2461 2315 2737 2369 habuerit
2765 2331 2833 2369 ac
2883 2319 3096 2378 ortum,
3133 2313 3235 2367 sed
3266 2313 3558 2367 extrinse-

1916 2416 2040 2466 cus,
2088 2401 2359 2456 violentae
2409 2419 2478 2456 ac
2532 2404 2866 2473 improvisae
2920 2402 3274 2456 calamitatis
3314 2403 3559 2455 effectus

1917 2490 2230 2555 exstiterit;
2257 2490 2328 2544 de
2360 2507 2476 2560 qua
2503 2491 2666 2544 vobis
2696 2491 3052 2557 necessario,
3085 2490 3358 2545 honorati
3387 2507 3420 2544 a
3441 2490 3558 2544 Deo

1915 2575 2149 2646 fratres,
2178 2585 2533 2648 prmsentem
2565 2579 2985 2633 satisfactionis
3011 2579 3364 2648 scripturam
3393 2576 3560 2630 misi-

1919 2682 2073 2730 mus,
2107 2682 2212 2736 per
2234 2682 2363 2720 eam
2396 2667 2553 2720 velut
2582 2668 2922 2737 detegentes
2965 2683 3031 2720 ac
3082 2666 3400 2735 prodentes
3432 2664 3562 2718 vul-

1919 2754 2079 2808 neris
2108 2754 2471 2824 gravitatem.
2502 2755 2724 2808 ldcirco
2771 2755 2972 2820 etiam,
3006 2754 3315 2823 tyrannica
3362 2753 3564 2807 hacte-

1919 2859 2030 2896 nus
2052 2843 2404 2897 necessitate
2435 2843 2678 2910 detenti,
2697 2847 2995 2898 consuetaa
3028 2841 3324 2912 synodicae
3343 2841 3562 2896 allocu-

1921 2931 2099 2985 tionis
2130 2931 2347 2996 officio,
2401 2932 2682 3003 prohibiti
2742 2949 2946 2986 sumus
2993 2936 3199 2985 vestrae
3263 2929 3562 2985 sanctitati

1921 3037 2232 3074 occurrere
2261 3038 2274 3074 :
2299 3021 2517 3091 quippe
2547 3020 2704 3074 haud
2730 3021 2950 3089 alioqui
2975 3020 3211 3082 licebat,
3269 3025 3332 3072 ut
3362 3019 3435 3074 ad
3464 3035 3565 3073 vos

1923 3108 2422 3179 scribentes,pure
2453 3125 2520 3163 ac
2552 3109 2700 3162 nihil
2735 3108 2987 3171 turbide,
3023 3109 3259 3179 pietatis
3290 3107 3565 3177 dogmata

172 3197 235 3251 ού
261 3197 360 3271 γὰρ
392 3195 576 3257 ἄλλως
607 3196 673 3264 ἧν
707 3196 856 3265 ἡμᾶς
911 3192 1045 3266 πρὸς
1094 3192 1234 3264 ὑμᾶς
1290 3188 1510 3268 γράφειν
1561 3196 1803 3268 καθαρῶς

1974 3197 2255 3251 ieremus.
2292 3199 2545 3252 Veniens
2579 3196 2872 3268 siquidem
2930 3196 3004 3251 ad
3063 3202 3472 3251 conservatam
3531 3211 3566 3250 θ.

167 3307 228 3340 τε
283 3286 374 3338 καὶ
454 3281 871 3346 ἀνεπιθοΑώτως
956 3279 1330 3354 ἐπιτιθεμένους
1380 3288 1481 3350 τῆς
1537 3277 1807 3344 εὐσεϐείας

173 3369 441 3445 δόγματα.
503 3365 834 3425 Καταλαϐὼν
892 3370 993 3444 γὰρ
1050 3369 1148 3435 τήν
1194 3368 1558 3446 θεοφύλακτον
1605 3371 1805 3440 ταύτην

171 3459 333 3514 πόλιν
386 3458 518 3532 μετὰ
580 3464 682 3526 τῆς
729 3454 920 3526 ἔξωθεν
980 3453 1291 3518 δυναστείας
1347 3459 1364 3528 (
1423 3457 1482 3511 οὐ
1567 3458 1669 3532 γαρ
1746 3455 1806 3511 ἂν

172 3547 334 3628 φαίην
358 3547 580 3618 ἀληθῶς
623 3544 924 3622 βασιλείας)
976 3545 1002 3598 ὁ
1054 3546 1117 3599 τὸ
1174 3539 1334 3607 ἕλκος
1395 3547 1528 3617 ἡμῖν
1585 3546 1810 3621 λῃστρι-

173 3642 305 3706 κῶς,
332 3635 424 3690 καὶ
456 3639 574 3690 οἷον
627 3634 678 3705 ἐξ
735 3631 952 3708 ἐνέδρας
1003 3633 1288 3708 ἐπαγαγὼν
1347 3635 1465 3697 καθ’
1547 3633 1639 3696 οὕς
1698 3633 1812 3692 οίδε

175 3725 376 3802 λόγους
400 3720 766 3799 κυϐερνητική
825 3721 1066 3797 Πρόνοια
1113 3725 1220 3775 τῶν
1278 3722 1524 3777 ἁπάντων
1554 3723 1664 3791 (καὶ
1710 3725 1811 3802 γὰρ

248 3865 269 3900 ²
298 3866 324 3920 Ι
352 3866 483 3921 Cor.
514 3881 618 3934 xu,
649 3866 740 3919 26.

1917 3287 2034 3340 Deo
2057 3286 2265 3340 urbem
2297 3287 2448 3341 hanc
2471 3303 2605 3341 cum
2638 3291 2883 3354 externa
2913 3286 3178 3356 potentia
3211 3301 3372 3352 ;non
3405 3284 3565 3338 enim

1917 3391 2049 3430 vere
2106 3392 2242 3430 cum
2300 3376 2548 3446 imperio
2608 3374 2880 3440 dixerim,
2933 3375 3034 3444 qui
3093 3374 3263 3428 nobis
3317 3372 3566 3428 latronis

1918 3480 2187 3531 more,ac
2209 3481 2314 3518 ceu
2338 3483 2406 3518 ex
2439 3464 2671 3518 insidiis
2705 3463 2925 3517 inflixit
2947 3463 3180 3525 vulnus,
3207 3463 3377 3534 juxta
3410 3462 3568 3533 quod

1919 3553 2079 3607 novit
2116 3553 2497 3624 gubernatrix
2555 3552 2821 3606 omnium
2883 3551 3316 3619 Providentia;
3373 3568 3570 3622 neque

1922 3641 2083 3695 enim
2115 3646 2382 3694 nostrum
2415 3646 2522 3709 est,
2555 3646 2620 3694 ut
2641 3639 3008 3711 judiciorum
3042 3640 3142 3693 Dei
3205 3639 3569 3709 profundum

1922 3736 2291 3784 scrutemur:
2325 3728 2782 3783 fundamentum
2811 3727 3122 3797 basimque
3156 3727 3412 3798 imperii,
3445 3726 3570 3782 vio-

1771 3956 1994 4012 NOTAE.

240 4078 317 4149 (1)
351 4080 423 4134 Ut
445 4077 671 4148 aliquid
697 4076 968 4149 caliginis
1009 4077 1292 4132 offudisse
1335 4077 1634 4134 videretur
1686 4082 1803 4136 Ro-

170 4148 360 4204 manae
393 4155 450 4204 et
479 4149 636 4204 Petri
669 4148 1264 4219 sedis’splendoribus
1292 4150 1804 4220 quibusillustrari

167 4221 346 4276 habet
373 4221 634 4276 Ecclesia
663 4220 1036 4286 universalis,
1075 4221 1312 4275 Honorii
1353 4223 1803 4278 Monothelismo

164 4292 256 4347 vel
284 4309 416 4364 vero
449 4293 540 4364 vel
573 4299 796 4364 putato,
839 4291 1106 4364 obducta
1154 4292 1373 4347 nebula
1408 4309 1420 4346 :
1473 4293 1558 4348 sic
1607 4300 1804 4349 tamen

165 4363 351 4435 secuti
374 4362 587 4435 ordine
611 4363 972 4419 sanctissimi
1031 4362 1266 4434 ﬁdeque
1326 4364 1694 4435 integerrimi
1740 4382 1806 4420 ac

163 4433 286 4486 zelo
317 4434 516 4486 eximii
551 4436 880 4504 pontifices,
912 4433 1190 4498 Joannes,
1222 4433 1583 4501 Theodorus,
1621 4437 1810 4491 Marti-

166 4520 300 4557 nus.
325 4505 570 4574 Agatho,
597 4505 728 4571 Leo,
769 4505 1142 4571 Benedictus,
1184 4511 1318 4571 etc.,
1385 4506 1670 4561 doctrinas
1740 4525 1808 4563 ac

1916 4097 2027 4154 gne
2058 4080 2448 4154 prospiciens,
2473 4096 2539 4135 ac
2561 4081 2900 4136 necessaria
2920 4097 3192 4154 quaeque
3215 4095 3285 4133 ex
3318 4078 3441 4132 suis
3459 4077 3567 4131 im-

1957 4153 2167 4207 etiens.
2203 4151 2379 4221 Caput
2437 4168 2572 4222 ergo
2630 4151 2929 4206 sacerdotii
2987 4151 3212 4216 Christi,
3264 4155 3562 4222 assertore

1946 4239 2136 4278 oanne
2168 4217 2391 4288 nostro,
2420 4217 2720 4277 Romanus
2748 4222 3030 4292 pontifex,
3071 4239 3107 4276 a
3162 4237 3277 4292 quo
3324 4217 3563 4292 praecisi

1917 4294 2234 4349 schismate
2260 4309 2632 4348 successores
2689 4291 3335 4364 Constantinopolitani
3379 4291 3564 4364 patri-

1917 4366 2135 4428 archas,
2156 4365 2326 4419 aliive
2359 4364 2614 4431 sectarii,
2647 4364 2884 4418 videant
2915 4371 2977 4418 ut
3008 4360 3201 4418 vivant
3235 4381 3247 4429 ;
3286 4379 3354 4416 ac
3382 4360 3566 4432 quale

1917 4453 2092 4492 suum
2126 4434 2521 4490 sacerdotium
2553 4435 2734 4489 velint
2765 4436 2876 4490 hoc
2910 4437 3199 4490 nudatum
3240 4434 3453 4504 capite,
3487 4432 3570 4504 si:

1917 4507 2159 4578 quidem
2215 4506 2364 4560 illud
2422 4513 2587 4576 caput
2645 4514 2720 4561 est
2777 4508 3074 4562 sacerdotii
3125 4502 3350 4578 Christi,
3410 4502 3570 4573 quod

167 4568 519 4648 sanctitatis
546 4568 726 4648 radiis
775 4568 1161 4648 disiecerunt.
1211 4582 1278 4631 ut
1309 4568 1636 4648 nunquam
1669 4578 1808 4633 illu-
1840 4568 1884 4630 Ι)
1918 4568 2103 4633 tinum
2126 4595 2243 4632 uno
2274 4568 2500 4646 capite;
2521 4578 2648 4648 ipso
2672 4595 2790 4632 uno
2828 4594 3060 4633 summo
3120 4568 3566 4633 sacerdOteno-

168 4645 411 4718 striores
474 4645 578 4718 visi
636 4647 757 4699 sint
817 4647 1177 4718 dissipandis
1262 4645 1494 4718 ubique'
1538 4666 1806 4704 errorum

168 4715 647 4782 obscuritatibus,
681 4715 985 4786 nunquam
1044 4715 1420 4782 calentiores,
1461 4719 1726 4774 fovendis
1760 4721 1808 4775 si

165 4803 314 4856 quos
344 4787 656 4841 haareticus
685 4788 851 4858 algor
885 4788 1155 4853 haberet,
1190 4804 1401 4842 aurave
1421 4791 1580 4845 mala
1609 4791 1805 4846 afflas-

166 4863 255 4910 set
285 4875 298 4923 ;
335 4859 527 4931 sitque
551 4863 922 4931 argumento,
947 4864 1162 4931 praeter
1191 4858 1307 4931 alia
1337 4865 1585 4931 utraque
1605 4863 1811 4917 adver-

165 4945 265 4982 sus
290 4929 961 5005 Monothelitassynodo
995 4929 1326 5005 illustribus
1384 4929 1530 4986 actis
1562 4933 1808 5005 digesta,

162 5000 568 5073 acadiversis
618 4999 1008 5073 scriptoribus
1071 5001 1304 5066 tradita,
1361 5020 1538 5073 quam
1595 4999 1810 5059 novum

161 5069 374 5146 damus
420 5073 660 5146 Joannis
692 5069 798 5126 ΟΡ.
833 5070 906 5146 ad
937 5069 1395 5146 Constantinum
1441 5091 1653 5145 papam
1685 5076 1811 5146 epi-

162 5142 315 5213 stola
350 5159 361 5195 :
398 5158 514 5212 qua
546 5142 672 5213 ipso
706 5142 944 5197 exordio
969 5143 1052 5196 sic
1076 5145 1354 5198 Romanae
1386 5142 1628 5200 et'Petri
1653 5142 1810 5201 sedis

162 5212 689 5288 primatum_efl'_ert
717 5214 949 5288 egregia
980 5213 1084 5268 illa
1111 5216 1805 5288 capitiscomparatione,

167 5285 416 5358 ejusque
448 5284 780 5358 officiorum
829 5284 900 5358 ad
944 5284 1214 5341 membra
1261 5284 1512 5358 reliqua,
1565 5296 1627 5343 ut
1660 5289 1810 5343 nihil

167 5355 643 5430 pressius,_nihil_
686 5356 758 5430 ad
816 5356 943 5430 ejus
996 5355 1575 5430 commendationem
1625 5376 1808 5430 augu-

165 5425 347 5501 stius._
398 5426 487 5480 vel
542 5443 576 5480 a
624 5425 1124 5501 Latino'homine
1182 5427 1298 5501 dici
1362 5431 1564 5501 possit.
1625 5425 1812 5501 Caput

165 5497 398 5572 astruit,
433 5514 552 5552 non
586 5498 826 5572 politico
879 5503 1106 5572 tantum
1164 5497 1452 5570 regimine
1513 5497 1806 5572 superius,

166 5568 270 5622 sed
302 5585 585 5623 sensuum
606 5568 1054 5642 principalitate
1093 5568 1405 5641 praestans,
1441 5568 1646 5642 eaque,
1702 5589 1810 5627 ceu

164 5656 235 5694 ex
257 5655 413 5711 arce,
436 5640 723 5696 membris
751 5639 1027 5696 omnibus
1074 5639 1311 5712 mystici
1343 5639 1611 5713 corporis
1640 5643 1807 5698 beni-

565 5761 832 5823 PATROL.
880 5761 990 5821 Ge.
1037 5759 1246 5825 XCVI.

1922 4656 2068 4714 stro,
2093 4649 2432 4703 institutum
2455 4655 2562 4704 est.

1991 4720 2065 4790 (2)
2117 4721 2387 4774 Canonice
2443 4726 2778 4790 reputantes,
2837 4721 3132 4778 κανονικῶς
3196 4715 3566 4790 λογιζόμενοι.

1917 4787 2088 4865 Juxta
2100 4791 2256 4860 quod
2272 4787 2518 4865 monent
2539 4791 2688 4865 sacri
2708 4807 3112 4865 canones,non
3136 4789 3293 4865 velut
3306 4787 3418 4865 ipsi
3431 4800 3569 4865 cum

1922 4856 2242 4932 primatum
2266 4861 3119 4927 constituant.l)eclarant,non
3144 4859 3396 4912 faciunt:
3420 4856 3568 4932 alio-

1920 4927 2020 5003 qui
2054 4933 2205 4986 nihil
2238 4948 2513 5001 magnum
2540 4932 2901 4987 haberetilla
2923 4931 3130 5000 capitis
3155 4927 3561 5003 praerogativa,

1922 4999 2052 5074 quas
2088 5009 2205 5057 tota
2247 4999 2404 5057 esset
2451 5004 2697 5057 humani
2744 5004 2922 5072 juris,
2958 4999 3065 5056 nec
3097 4999 3572 5074 secum_af‘ferret

1921 5070 2086 5128 illam
2115 5091 2396 5129 sensuum
2445 5070 2967 5144 principalitatem,
3026 5070 3427 5144 necessariam
3469 5085 3561 5122 re-

1919 5146 2145 5217 gendis,
2181 5141 2466 5203 fovendis:
2499 5163 2566 5200 ac
2589 5141 2783 5199 debite
2816 5143 3242 5217 componendis
3271 5142 3332 5217 in
3353 5212 3363 5217 _
3385 5141 3568 5195 finem

1921 5212 2050 5271 vita:
2084 5224 2340 5278 aaternaa,
2404 5217 2686 5270 membris
2717 5215 3014 5268 Ecclesiae.
3077 5214 3186 5277 Qui
3255 5212 3368 5267 sibi
3429 5225 3569 5282 ergo

1919 5288 2246 5343 Ecclesiam
2271 5288 2514 5357 accepit.
2550 5288 2600 5339 is
2632 5286 2683 5338 ei
2718 5292 2895 5356 caput
2925 5286 3014 5339 sui
3071 5284 3379 5344 vicarium,
3431 5297 3572 5357 cum

1921 5360 2081 5413 omni
2105 5360 2312 5433 capitis
2339 5352 2822 5433 pi'ierogativa,ad
2857 5357 3316 5433 similitudinem
3359 5352 3574 5433 capitis

1921 5424 2420 5497 naturalisjuxta
2450 5424 2608 5497 quod
2641 5428 2865 5497 patitur
2898 5429 3045 5482 ratio
3079 5428 3289 5497 capitis
3312 5424 3573 5497 mystici,

1919 5517 2037 5555 non
2064 5495 2554 5571 principalis.s—ed
2591 5495 3026 5571 ministerialis,
3059 5495 3168 5553 sub
3201 5498 3409 5554 eodem
3443 5495 3572 5564 ipso

1919 5570 2149 5627 Christo
2181 5570 2497 5643 principali
2529 5570 2748 5641 capite,
2785 5570 3070 5641 praefecit.

3210 5759 3287 5818 45
