3888 6136
422 256 558 312 1419

1634 250 1936 305 JOANNIB
1971 250 2455 306 PATRIARCHE
2492 251 2601 305 ΟΡ.

3648 259 3750 317 1420

418 379 689 445 lentiam,
717 394 835 431 non
859 374 1016 446 quod
1037 375 1264 445 justum
1292 378 1383 427 est
1410 389 1477 427 ac
1501 372 1858 444 legitimum,
1912 389 2060 443 prte-

2177 371 2287 444 οὐχ
2316 372 2475 443 ἡμῶν
2507 370 2618 425 ἐστι
2647 376 2753 426 τῶν
2788 371 2946 426 θείων
2989 370 3270 446 κριμάτων
3315 373 3405 429 τὸν
3468 377 3617 451 βυθὸν
3639 377 3751 455 έρευ.

419 475 659 524 struens
693 485 707 533 ;
735 472 869 521 ante
902 465 1095 535 ipsum
1129 480 1299 517 suum
1340 463 1693 533 ingressum.
1750 478 1854 531 pro
1888 461 2059 533 regiae

422 557 733 613 vestibulis
764 554 1127 626 prepositam
1160 570 1338 607 sacrm
1372 558 1547 605 sextae
1602 550 1813 621 synodi
1862 550 2063 621 imagi-

416 664 579 713 nem,
614 644 872 700 sustulit.
908 644 1048 697 Cum
1082 658 1255 712 porro
1289 640 1602 711 profanum
1633 640 1709 710 (3)
1741 655 1849 692 nec
1881 639 2061 692 eccle-

418 735 637 792 siastici
681 732 869 788 nostri
931 730 1158 785 ordinis
1212 730 1537 793 hominem,
1596 727 1801 782 eadem
1861 744 2059 781 secum

418 840 688 897 perverse
723 822 1074 893 sapientem,
1107 819 1168 873 in
1201 817 1525 890 pontiﬁcali
1580 818 1789 871 throno
1848 816 2063 870 consti-

418 922 584 969 tuere
615 912 810 979 vellet,
836 908 1188 964 venerabilis
1221 907 1363 962 cleri
1394 906 1580 962 nostri
1612 906 1838 977 impetu
1870 922 1936 959 ac
1966 922 2057 959 re-

418 1004 671 1059 nitentia
699 999 1074 1073 prohibente,
1103 998 1252 1052 nihil
1291 1015 1399 1051 nos
1454 997 1568 1051 tale
1627 1001 2057 1065 exspectantes,

416 1093 569 1147 nihil
597 1092 879 1158 volentes,
914 1106 1021 1143 nec
1047 1089 1173 1142 sine
1188 1087 1389 1141 dolore
1404 1085 1749 1141 etmolestia
1778 1084 2059 1155 luctuque

417 1182 601 1248 omni,
634 1197 761 1236 rem
793 1177 1088 1250 ejusmodi
1117 1177 1431 1248 patientes,
1452 1174 1524 1229 ad
1544 1173 1923 1244 pontiﬁcatus
1943 1172 2062 1244 dig-

414 1272 662 1326 nitatem
722 1271 1068 1340 apicemque
1098 1266 1382 1337 provexit.
1434 1265 1573 1329 Quis
1622 1264 1783 1319 enim
1814 1278 2057 1334 prorsus

414 1360 755 1431 inexpertus
782 1359 865 1411 rei
898 1356 1149 1411 nauticas
1208 1372 1415 1410 navem
1459 1352 1839 1420 conscendat,
1881 1350 2056 1405 susti-

415 1455 694 1518 neatque,
728 1446 817 1500 vel
850 1446 1068 1499 fretum
1100 1443 1413 1515 trajicere;
1462 1447 1529 1497 ut
1580 1458 1654 1496 ne
1705 1440 1896 1495 dicam
1956 1455 2061 1510 per

413 1537 572 1608 longi
606 1536 786 1591 maris
819 1539 1039 1588 tractus
1075 1532 1507 1603 profectionem
1548 1530 1842 1584 adornare
1864 1546 1877 1593 ;
1899 1527 2058 1581 solus

415 1628 539 1699 ipse
571 1626 861 1681 creditum
894 1624 1119 1678 habens
1152 1622 1316 1676 navis
1346 1619 1838 1694 gubernaculum,
1872 1617 2056 1671 idem-

415 1733 529 1787 que
557 1717 704 1787 ipse,
736 1729 860 1769 una
890 1729 1024 1767 cum
1047 1710 1381 1765 vectoribus
1400 1710 1533 1764 aliis
1564 1707 2057 1780 gubernationem

414 1805 711 1876 recipiens
732 1804 759 1857 ?
792 1802 953 1867 Quod
987 1807 1044 1855 et
1073 1802 1134 1854 in
1185 1800 1356 1855 nobis
1388 1798 1658 1870 quisquis
1690 1794 2013 1867 dispexerit
2047 1811 2059 1847 :

416 1910 610 1964 neque
638 1892 798 1947 enim
846 1889 1167 1960 aliquando
1211 1889 1283 1943 iis
1344 1886 1727 1942 adhibuimus
1777 1883 2059 1950 studium,

416 2000 547 2055 quae
579 1981 835 2037 maxime
895 1979 1110 2033 decent
1156 1978 1490 2049 pontiﬁces,
1550 1992 1618 2030 ac
1662 1975 1747 2029 eis
1804 1987 2065 2044 congrua

414 2078 693 2138 sunt,nec
724 2070 957 2123 illustre
989 2066 1218 2137 aliquid
1251 2066 1567 2120 habuimus
1601 2062 2063 2134 indignitatibus

413 2158 859 2225 ecclesiasticis,
891 2156 1312 2227 mysteriorum
1346 2153 1458 2208 soli
1507 2151 1837 2207 ministerio
1870 2150 2062 2204 inces-

413 2253 613 2304 santer
644 2250 917 2300 vacantes
945 2268 959 2301 :
990 2242 1149 2298 haud
1182 2246 1340 2295 certe
1386 2241 1572 2295 nostri
1615 2240 1676 2294 in
1734 2239 1847 2294 hoc
1878 2237 2059 2292 animi

414 2334 902 2398 involuntarium,
936 2331 1227 2403 putaverit
1257 2347 1378 2384 non
1434 2328 1653 2384 habere
1700 2329 1917 2393 fidem;
1953 2326 2063 2381 hoc

413 2424 587 2480 nobis
616 2428 833 2477 nostraa
865 2420 1242 2476 conscientiaa
1302 2417 1738 2490 proferentibus
1796 2416 2062 2471 testimo-

415 2515 603 2581 nium,
629 2512 785 2583 quod
834 2510 999 2565 divus
1052 2507 1368 2579 Apostolus
1421 2506 1839 2579 gloriationem
1893 2519 2064 2559 suam

416 2602 747 2661 deﬁnivit‘.
771 2599 847 2655 ad
872 2615 1077 2654 eorum
1111 2614 1241 2668 qua)
1274 2613 1382 2651 nos
1435 2596 1549 2667 ipsi
1600 2600 1909 2660 testamur,
1968 2608 2063 2646 re-

416 2688 898 2762 praesentandam
928 2687 1257 2740 veritatem.
1292 2685 1399 2739 Hic
1430 2684 1653 2753 itaque,
1695 2682 1796 2752 qui
1853 2682 1915 2735 in
1994 2695 2061 2735 eo

418 2796 590 2835 suum
605 2779 787 2833 decus
810 2776 1199 2831 constitutum
1222 2773 1398 2828 vellet
1428 2791 1443 2839 ;
1476 2778 1543 2827 ut
1572 2769 1848 2826 Ecclesia:
1880 2767 2058 2823 dede-

417 2886 519 2923 cus
543 2885 608 2922 ac
630 2866 1149 2921 inhonorationem
1170 2860 1710 2932 aﬂ‘erret,parturiit
1732 2858 1972 2928 quidem
1996 2874 2063 2912 ac

414 2972 623 3029 parere
648 2956 858 3010 enixus
890 2959 979 3009 est
1009 2949 1641 3017 basiliscum,auctoris
1656 2947 1798 3002 mali
1818 2963 2066 3018 serpen-

415 3046 491 3101 tis
522 3046 791 3118 prolem;
825 3048 891 3098 ut
929 3042 1213 3097 nimirum
1270 3039 1503 3112 publice
1564 3040 1625 3092 in
1673 3036 1962 3104 ecclesiis,
1995 3052 2063 3092 ac

414 3134 521 3190 sub
583 3133 956 3190 confessione
1045 3130 1479 3201 episcoporum,
1553 3125 1800 3198 praefata
1862 3104 2139 3179 sanctaC

415 3229 577 3279 sexta
608 3222 869 3294 synodus
893 3219 1257 3275 anathemati
1319 3216 1734 3286 subjiceretur,
1767 3230 1834 3267 ac
1890 3217 2060 3283 quot-

414 3318 558 3384 quot
583 3311 922 3383 apostolicaa
955 3326 1021 3363 ac
1053 3305 1404 3361 venerandae
1446 3304 1602 3358 sedis
1633 3308 1839 3357 vestrm
1863 3301 2063 3356 deces-

416 3401 911 3465 sores,sincerum
952 3395 1213 3450 veritatis
1237 3394 1448 3464 dogma
1476 3392 1820 3445 docuissent
1843 3407 1855 3444 :
1880 3395 2065 3460 utque

419 3489 559 3545 ﬁdei
592 3487 848 3543 formula
890 3484 1193 3540 communi
1257 3480 1533 3553 suffragio
1593 3479 2065 3550 discrepantibus

421 3578 662 3633 vocibus
687 3576 982 3639 ederetur,
1022 3572 1369 3641 nullamque
1409 3568 1761 3625 afﬁnitatem
1794 3566 2064 3622 habenti-

422 3668 555 3737 bus,
591 3684 727 3723 cum
757 3665 1015 3731 vocibus,
1050 3662 1265 3733 quibus
1308 3659 1572 3731 mysterii
1604 3656 1817 3713 Christi
1839 3656 2065 3711 intelli-

425 3757 627 3828 gentia
655 3755 915 3826 perfecta
942 3751 1326 3822 exprimitur;
1359 3749 1645 3815 divinum,
1679 3748 1945 3817 inquam,
1974 3762 2064 3799 as-

428 3849 678 3914 sumptaa
711 3858 745 3896 a
774 3841 962 3895 Verbo
994 3845 1221 3895 naturae
1252 3838 1527 3893 humanm
1585 3840 2025 3891 sacramentum
2051 3850 2064 3887 :

423 3933 508 3987 ita
538 3947 678 3987 sane
711 3929 919 4001 utjam
952 3927 1285 3998 proximum
1316 3926 1612 3980 videretur
1644 3941 1656 3977 :
1691 3924 1833 3994 quin
1872 3923 2068 3993 potius

422 4021 625 4093 idjam
656 4020 841 4091 aliqui
867 4018 1046 4073 etiam
1088 4017 1369 4071 dentibus
1418 4031 1612 4085 operm
1643 4013 1898 4084 pietium
1930 4012 2066 4067 sub-

419 4112 710 4167 mutirent
734 4129 746 4178 ;
772 4118 837 4165 ut
860 4116 1064 4165 sancta
1089 4104 1590 4162 Chalcedonensis
1622 4103 1882 4175 synodus
1895 4104 2067 4159 abro-

418 4205 677 4272 garetur,
718 4206 999 4270 tanquam
1044 4197 1289 4269 prmfata
1345 4200 1551 4250 sancta
1602 4199 1766 4247 sexta
1818 4195 2066 4265 synodo,

417 4291 489 4345 ab
524 4305 612 4355 ea,
648 4306 752 4359 pro
784 4288 1125 4360 dogmatum
1149 4287 1460 4354 utriusque
1484 4282 2067 4354 convenientia,pen-

418 4377 911 4447 dente,illamque
938 4375 1099 4429 velut
1126 4373 1387 4427 radicem
1414 4389 1481 4426 ac
1504 4373 1946 4427 ﬁrmamentum
1963 4373 2068 4427 ha-

2176 463 2312 531 νᾷν),
2376 458 2633 532 θεμέλιον
2723 461 2811 515 καὶ
2874 456 3182 534 ὑπόϐαθρον
3266 467 3360 517 τοῦ
3441 466 3666 539 κράτους,
3706 471 3749 523 τὸ

2180 546 2356 621 βίαιον
2402 548 2491 603 καὶ
2524 549 2622 603 οὐκ
2647 546 2874 623 ἔννομον
2927 544 3389 624 προϐαλλόμενος
3439 554 3639 618 καθεῖλε
3686 558 3752 629 μὶν

2175 635 2264 689 καὶ
2303 636 2408 711 πρὸ
2464 640 2564 702 τῆς
2595 638 2787 692 ἑαυτοῦ
2819 635 3035 693 εἰσόδου
3063 639 3162 708 τήν
3195 639 3528 705 ἀνατεθεῖσαν
3581 643 3627 697 έν
3670 651 3753 706 τοῖς

2176 723 2499 799 προαυλίοις
2536 731 2647 781 τῶν
2706 725 3008 803 βασιλικῶν
3069 727 3254 783 εἰκόνα
3308 736 3404 799 τῆς
3463 732 3605 805 ἁγίας
3642 727 3755 803 ἕκτης

2178 813 2427 870 συνόδου“
2462 815 2853 891 ἐγκαταστῆσαι
2884 814 2941 873 δὲ
2976 817 3276 894 βουληθεὶς
3306 820 3383 883 είς
3410 821 3501 876 τὸν
3552 826 3639 888 τῆς
3684 825 3753 899 ἆρ-

2180 903 2519 980 χιερωσύνης
2569 907 2785 982 θρόνον,
2842 904 3012 982 ἄνδρα
3089 906 3189 963 οὐκ
3242 908 3303 964 ἰκ
3373 913 3471 965 τοῦ
3524 909 3751 981 έκκλησια·

2176 998 2362 1047 στικοῢ
2391 996 2551 1068 ἡμῶν
2595 992 2871 1072 συλλόγου
2920 997 3287 1071 τυγχάνοντα,
3339 1005 3439 1067 τῆς
3496 997 3551 1055 δὲ
3599 1000 3751 1063 οἰκείας

2175 1078 2564 1160 ένδιαστρόιρου
2593 1085 2824 1158 γνώμης
2886 1085 3194 1161 ὁμόφρονα,
3253 1084 3404 1160 ὅμως
3432 1091 3502 1160 τῇ
3545 1092 3630 1143 τοῦ
3673 1091 3752 1143 καθ’

2176 1173 2324 1243 ἡμᾶς
2359 1169 2586 1246 εὖαγοῦς
2643 1171 2859 1249 κλήρου
2910 1174 3058 1249 ὁρμῇ
3113 1174 3206 1229 καὶ
3258 1173 3495 1231 ἐνστάσει
3552 1177 3749 1253 βιασθεὶς,

2175 1261 2483 1336 προήγαγεν
2516 1263 2663 1334 ἡμᾶς
2689 1262 2750 1316 οὐ
2807 1260 3248 1335 προσδοκῶντας,
3307 1263 3368 1320 οὔ
3428 1266 3749 1340 βουλομένους,

2176 1347 2275 1403 οὐκ
2298 1349 2520 1413 ἀπαθῶς
2547 1371 2604 1405 τε
2632 1349 2721 1405 καὶ
2754 1346 2971 1426 ἀϐαρῶς
3007 1351 3099 1407 καὶ
3148 1350 3280 1429 δίχα
3329 1356 3525 1417 παντὸς
3568 1352 3749 1430 ὀδυρμοῦ

2172 1438 2234 1491 τὸ
2275 1442 2523 1493 τοιοῦτον
2587 1439 3004 1513 ὑπομείναντας,
3062 1441 3198 1516 πρὸς
3255 1442 3354 1511 τὴν
3412 1449 3511 1512 τῆς
3539 1443 3751 1518 ἀρχιερω-

2174 1526 2339 1597 σύνης
2367 1528 2515 1600 ἀξίαν
2548 1528 2638 1582 καὶ
2669 1530 2937 1606 κορυφήν.
2995 1529 3093 1592 Τίς
3146 1530 3250 1606 γάρ
3306 1527 3368 1584 ἄν
3402 1530 3625 1605 ἀπείρως
3650 1530 3748 1607 ἔχων

2172 1616 2349 1686 πάντη
2376 1621 2473 1671 τοῦ
2505 1616 2691 1672 πλέειν
2720 1617 2823 1686 τήν
2853 1616 3148 1688 θάλασσαν,
3208 1618 3339 1689 νηὸς
3397 1614 3652 1694 ἐπιϐαίνῃ,
3691 1622 3751 1674 καὶ

2172 1705 2419 1779 πορθμὸν
2454 1701 2898 1781 διαπεραιοῦσθαι
2942 1706 3238 1782 ἀνάσχοιτο
3268 1707 3437 1781 (πολὺ
3489 1707 3584 1782 γὰρ
3610 1708 3749 1777 εἴπείν,

2171 1793 2270 1861 τήν
2329 1790 2418 1847 διὰ
2479 1798 2690 1869 μαριροῦ
2746 1792 3019 1871 πελάγους
3081 1794 3402 1859 στέλλεσθαι
3457 1794 3747 1869 ἀποδημίαν),

2172 1882 2336 1944 αὐτὸς
2373 1881 2595 1956 μέλλων
2631 1883 2799 1956 μόνος
2828 1890 2927 1954 τῆς
2955 1882 3194 1947 ὁλκάδος
3225 1883 3615 1960 ἐγχειρισθῆναι
3658 1884 3747 1945 τοὺς

2175 1968 2385 2042 οἷάκας,
2419 1972 2610 2027 ἑαυτοῦ
2673 1993 2734 2027 τε
2787 1973 2875 2027 καὶ
2936 1976 3044 2027 τῶν
3105 1972 3499 2047 συμπλεόντων
3550 1972 3749 2049 ἀναδεχο-

2176 2059 2354 2133 μένων
2384 2061 2482 2131 τήν
2531 2055 2859 2137 κυϐέρνησιν
2921 2081 2935 2133 ;
2994 2062 3168 2139 ’Όπερ
3222 2064 3312 2119 καὶ
3383 2062 3462 2141 ἐφ’
3515 2065 3633 2137 ἡμῖν
3676 2067 3746 2123 πᾶς

2170 2172 2253 2214 τις
2310 2156 2558 2226 καθορῶν
2617 2150 2703 2226 (οὐ
2760 2152 2864 2230 γὰρ
2912 2158 3020 2208 τῶν
3079 2152 3132 2209 ἐν
3194 2154 3483 2231 ἱεράρχαις
3533 2151 3747 2228 πρεπωδε-

2173 2242 2378 2294 στάτων
2401 2241 2489 2295 καὶ
2544 2237 2827 2316 ἀρμοδίων
2886 2240 2939 2296 έν
3002 2239 3204 2317 μελέτῃ
3257 2244 3401 2317 ἦμέν
3454 2264 3593 2313 ποτε,
3639 2242 3745 2311 ﬁt?)

2171 2329 2462 2403 περιφανὲς
2494 2329 2545 2383 ἓν
2591 2335 2712 2391 ταῖς
2742 2327 3220 2401 ἐκκλησιαστικαῖς
3276 2333 3559 2406 κετημένοι
3607 2331 3745 2402 ἀξίαις,

2175 2418 2316 2492 μόνῃ
2400 2420 2470 2491 τῇ
2531 2418 2801 2494 ὑπηρεσίᾳ
2882 2424 2990 2474 τῶν
3072 2421 3389 2497 μυστηρίων
3458 2418 3743 2479 ἀδιαλείπτως

2171 2505 2579 2579 σχολάζοντες),
2610 2505 2709 2562 οὐκ
2756 2504 2981 2562 ἄπιστον
3032 2511 3298 2584 ἡγήσεται
3352 2510 3418 2565 τὸ
3448 2509 3561 2584 περί
3603 2508 3741 2564 τοότου

2169 2597 2268 2665 τῆς
2300 2596 2573 2671 ἡμετέρας
2604 2597 2835 2671 γνώμης
2892 2597 3181 2671 ἀθέλητον,
3213 2599 3347 2656 αὐτὸ
3403 2601 3465 2656 τὸ
3515 2599 3737 2676 μαρτύριον

2168 2691 2271 2754 τῆς
2302 2683 2659 2756 συνειδήσεως
2690 2688 2876 2759 ἡμῶν,
2908 2686 3039 2764 ὅπερ
3090 2689 3359 2765 καύχημα
3390 2691 3569 2746 ἑαυτοῦ
3595 2691 3619 2745 ὁ
3644 2694 3737 2753 θεῖος

2172 2773 2505 2835 ’Λπόστολος
2537 2770 2855 2849 διωρίσατο,
2883 2775 3360 2852 προϐαλλομένων
3393 2782 3545 2853 ἡμῶν
3570 2777 3633 2840 είς
3674 2799 3736 2830 πι-

2172 2861 2423 2937 ράστασιν
2466 2861 2727 2932 ἀληθείας
2776 2868 2882 2919 τῶν
2940 2865 2992 2936 ἐξ
3043 2868 3203 2939 ἡμῶν
3260 2866 3584 2945 λεγομένων.
3622 2866 3737 2925 Οὗτος

2168 2951 2343 3006 τοίνυν
2372 2953 2399 3005 ὁ
2430 2953 2637 3025 κόσμον
2670 2952 2870 3008 οἲκεῖον
2895 2955 2994 3023 τὴν
3027 2954 3292 3029 ἀκοσμίαν
3322 2962 3428 3026 τῆς
3485 2954 3739 3025 Ἐκκλησίις

2168 3040 2472 3113 τιθέμενος,
2531 3038 2692 3096 ὥδινε
2751 3043 2845 3115 μὲν
2917 3042 3007 3097 καὶ
3065 3042 3366 3114 ἐσπούδαζε
3415 3052 3513 3116 τῆς
3562 3038 3737 3103 ἀσεϐείας

2172 3129 2476 3195 ἀποκυῆσαι
2505 3129 2597 3184 τὸν
2635 3131 2951 3204 βασιλίσκον
2993 3133 3057 3187 τὸ
3111 3137 3211 3187 τοῦ
3270 3134 3571 3209 ἀρχεκάκου
3615 3130 3735 3209 ὄφεως

2170 3219 2425 3294 γέννημα·
2463 3218 2599 3273 ὥστε
2631 3216 2873 3291 δημοσίᾳ
2930 3219 3014 3275 ἐπ’
3067 3218 3390 3291 ἐκκλησίαις
3444 3224 3527 3278 καί
3579 3222 3623 3277 ὲν
3660 3219 3736 3276 uit

2174 3305 2498 3381 ὁμολογίαις
2528 3311 2635 3361 τῶν
2684 3307 3016 3381 ἐπισκόπων,
3070 3309 3365 3382 ἀναθέματι
3414 3306 3735 3370 ὁποδάλλεσθαι

2172 3395 2271 3463 τὴν
2331 3392 2627 3468 εῗρημένην
2679 3394 2831 3470 ἁγίαν
2891 3392 3051 3467 ἕκτην
3111 3394 3360 3469 σύνοδον,
3408 3399 3493 3453 καί
3534 3396 3638 3457 τοὺς
3678 3395 3739 3445 τοῦ

2174 3484 2293 3546 καθ’
2326 3483 2463 3556 ὑμᾶς
2505 3483 2881 3540 ἀποστολικοῦ
2935 3485 3026 3540 καὶ
3073 3481 3374 3561 σεϐασμίου
3426 3489 3598 3563 θρόνου
3642 3502 3737 3557 προ·

2174 3571 2427 3646 πατέρας,
2462 3571 2581 3627 ὅσοι
2612 3572 2673 3627 τὸ
2701 3574 2888 3648 εὐαγές
2934 3580 3036 3643 τῆς
3082 3573 3347 3646 ἀληθείας
3408 3569 3739 3650 διεπρέσϐευοαν

2176 3657 2372 3736 δόγμαο
2405 3664 2565 3734 κοινῇ
2626 3657 2682 3716 δέ
2712 3660 3215 3738 συνομολογεῖσθαι
3278 3663 3483 3736 λέξεσιν
3534 3664 3738 3736 ἀπεμφιι-

2175 3748 2415 3816 νούσαις,
2472 3752 2561 3804 καί
2616 3747 2890 3823 μηδεμίαν
2977 3749 3238 3827 ἐχούσαις
3316 3753 3599 3830 συγγένειαν
3644 3748 3739 3819 πρὸς

2174 3841 2270 3901 τὰς
2296 3840 2659 3914 γνωριστικὰς
2684 3846 2785 3909 τῆς
2821 3840 3167 3910 τελειότητος
3213 3846 3313 3897 τοῦ
3390 3841 3518 3898 κατά
3570 3836 3736 3914 Χριστὸν

2179 3928 2508 4004 μυστηρίου,
2538 3926 2769 3991 ἐννοίας·
2805 3928 2933 3983 αὐτὸ
2973 3926 3039 3999 δὴ
3095 3929 3160 3985 τὸ
3215 3930 3365 3986 θεῖον
3419 3938 3510 4000 τῆς
3537 3928 3735 3999 ὶνανθρω-
3796 3926 3797 3963 ‘

2174 4017 2391 4085 πήσεως
2421 4019 2519 4071 τοῦ
2549 4017 2730 4091 Λόγου
2765 4020 3087 4094 μυστήριον·
3122 4019 3197 4082 ὡς
3255 4018 3317 4074 οὐ
3372 4019 3548 4096 πόρῥω
3586 4012 3733 4088 τυγχᾶ-

2176 4124 2304 4173 νειν,
2335 4101 2549 4175 μᾶλλον
2584 4100 2642 4157 δὲ
2665 4101 2775 4174 ἤδη
2805 4105 2952 4166 τινάς
3001 4105 3092 4160 καὶ
3152 4105 3241 4160 ὑπ’
3301 4103 3514 4167 ὁδόν-τας
3561 4100 3729 4178 γρῦζεινρ
3794 4142 3795 4178 γ

2174 4196 2271 4246 τοῦ
2289 4158 2379 4246 κάἰ
2410 4193 2580 4262 αὐτὴν
2609 4158 2709 4260 τὴν
2741 4158 2896 4268 άγίαν
2928 4192 2981 4248 έν
3036 4158 3610 4265 Χαλκηδόνίνσόνοδὸν

2173 4286 2404 4350 τεῖσθαι,
2489 4281 2565 4342 ὡς
2622 4280 2798 4356 ἐκείνῃ
2851 4285 3264 4357 συνηρτημένης
3334 4285 3470 4339 κατὰ
3538 4282 3620 4349 τήν
3658 4278 3726 4328 τῶν

2178 4367 2462 4446 δογμάτων
2497 4369 2827 4441 οἰκειότητα,
2858 4370 2948 4425 καὶ
2996 4371 3112 4427 οἷον
3171 4372 3368 4443 εἰπεῖν,
3425 4372 3579 4439 αὐτὴν
3616 4360 3724 4440 £105-

415 4465 617 4521 bente.
648 4467 808 4520 Mitto
842 4463 1135 4535 siquidem
1161 4462 1539 4529 dicere,quot
1559 4460 1730 4515 nobis
1758 4461 2060 4517 molestias

2183 4481 2284 4529 σης
2340 4458 2484 4534 ῥίξαν
2529 4479 2588 4513 τε
2641 4458 2733 4513 καὶ
2794 4454 3089 4534 βεϐαίωσιν
3146 4467 3247 4530 τῆς
3302 4459 3579 4537 εἴρημένης
3628 4451 3722 4528 hi“

415 4554 691 4609 intulerit
736 4554 894 4608 velut
934 4569 1039 4623 pro
1093 4550 1339 4605 veritate
1386 4547 1738 4616 sollicitans,
1775 4565 1890 4618 quo
1948 4567 2056 4606 no-

2164 4547 2327 4619 ἓκτης
2361 4546 2612 4607 συνόδου.
2640 4551 2746 4604 Ἐῶ
2776 4548 2882 4624 γὰρ
2940 4550 3116 4625 Αέγειν
3172 4548 3302 4613 ὅσας
3360 4552 3493 4625 ἡμῖν
3542 4543 3722 4621 ὀχλήσεις
3792 4556 3793 4571 ‘

2009 4674 2235 4730 ΝΟΤίΕ.

473 4768 497 4802 ‘
513 4768 565 4822 II
585 4768 714 4823 Cor.
738 4784 775 4834 1,
798 4767 849 4820 8.

477 4856 550 4927 (3)
574 4858 707 4913 Cum
731 4870 902 4925 porro
941 4855 1266 4927 profanum.
1321 4853 1523 4927 Magna
1576 4850 1820 4927 licentia
1872 4851 2060 4927 impe-

406 4923 654 4991 ratores,
693 4923 750 4980 εἰ
780 4925 1163 4997 deponebant
1192 4923 1576 4993 patriarchas,
1626 4928 1697 4997 Aet
1748 4923 2056 4994 depositis,

410 5015 559 5068 quos
599 4999 818 5051 vellent
851 4995 1271 5068 subrogabant,
1327 4999 1532 5068 contra
1562 4995 1739 5068 etiam
1780 5012 2059 5067 expressa

409 5065 870 5139 canonumjura,
895 5087 961 5125 ac
992 5065 1175 5123 laicos
1207 5065 1501 5139 homines,
1527 5066 1694 5119 nulla
1717 5066 1777 5139 in
1810 5065 2055 5121 minori-

408 5138 543 5206 bus,
570 5156 683 5211 pro
709 5136 891 5207 more,
925 5139 1310 5211 probationes
1330 5136 1528 5190 Voluit
1566 5154 1702 5211 ergo
1726 5138 2053 5211 ABardanes,

410 5206 657 5281 expulso
689 5206 1047 5281 Cyro,'qilod
1089 5208 1312 5264 recenti
1374 5206 1661 5281 memoria
1718 5206 1938 5281 factum
1970 5206 2052 5264 vi-

409 5278 578 5335 derat
607 5298 640 5335 a
669 5278 1000 5335 Ju'stinia'no
1032 5282 1091 5334 in
1122 5281 1325 5338 Paulo.
1358 5279 1625 5349 aliquem
1648 5294 1677 5331 e
1710 5278 2055 5336 domesticis

406 5352 511 5407 illa
542 5351 825 5424 dignitate
855 5368 1065 5424 augere
1093 5369 1105 5417 ;
1137 5346 1479 5424 nimirum.—
1523 5346 1806 5424 ὁμόφρονα
1863 5352 2056 5406 homi-

406 5420 903 5493 nem,eodemque
924 5420 1096 5476 modo
1136 5422 1345 5477 haeresi
1370 5420 1887 5493 Monothelitarum
1909 5425 2054 5479 alle-

405 5500 590 5558 ctum,
626 5492 1290 5564 quam’instaurandam
1324 5492 1740 5564 meditabatur,
1777 5494 1930 5548 nihil
1960 5511 2055 5550 ce-

406 5564 542 5623 dato
574 5563 825 5623 consilio
862 5582 873 5619 :
909 5582 1025 5636 qua
1046 5564 1382 5635 hypothesi,
1416 5580 1535 5617 non
1585 5563 1752 5617 video
1784 5572 1848 5619 ut
1877 5567 2054 5620 meri.

2172 4851 2559 4933 _to_culpanda
2586 4852 2855 4933 videatur
2880 4854 3126 4933 Joannis
3165 4855 3355 4933 nostri
3387 4852 3717 4933 qualischqlfe
3790 4828 3791 4879 ί

2169 4918 2443 5004 in‘trusio,
2476 4930 2661 5004 utque
2680 4925 2780 5004 ille
2811 4924 3139 5004 detrectare
3192 4918 3534 4982 obstinatius
3567 4918 3718 5004 debe

2169 4996 2248 5049 rit
2276 5011 2427 5070 onus
2458 4996 2818 5070 pontificale,
2852 4998 3265 5070 acquiescente
3286 5014 3354 5053 ac
3392 5002 3606 5070 urgente
3621 4996 3717 5070 Et"!

2170 5082 2232 5121 se
2264 5061 2845 5141 tandemgreciperet,
2875 5061 3010 5124 cu'm
3042 5068 3419 5141 imperatore,
3449 5061 3585 5123 clero
3623 5061 3717 5114 0οη·

2169 5138 2724 5219 stantinopolitan’o,
2744 5139 2856 5194 sibi
2877 5157 2965 5219 _acr
2982 5138 3264 5219 Ecclesia;
3298 5141 3400 5195 toti
3421 5140 3714 5219 caventem

2166 5208 2349 5290 viora,
2377 5208 2484 5263 viri
2509 5211 2569 5265 in
2601 5212 2730 5282 ipso
2764 5211 3491 5290 probati,quanquam-per
3514 5208 3716 5290 injuria!“

2168 5273 2436 5355 alterius,
2469 5273 2647 5353 quani
2680 5273 3015 5353 prohibere.
3036 5273 3157 5339 non
3186 5273 3410 5355 posset,
3435 5282 3491 5336 in
3542 5273 3717 5355 Ρῖίὲίτίθθ

2170 5351 2338 5405 cham
2374 5348 2784 5428 pro_vectione._
2804 5356 2918 5409 Nec
2972 5356 3155 5428 Cyrus
3186 5348 3622 5428 -depo‘situs,'iis
3645 5348 3715 5428 cir:

2169 5421 2546 5508 cumstantiis
2604 5424 2787 5508 videri
2843 5421 3075 5508 poterat
3126 5421 3545 5508 rationabiliter
3566 5421 3717 5508 prof:

2170 5494 2388 5570 invitus
2422 5513 2437 5563 ἱ
2471 5497 2707 5553 tametsi
2736 5497 2820 5551 ita
2843 5488 3067 5555 invitus
3096 5514 3201 5570 pro
3232 5513 3338 5570 sua
3377 5496 3496 5569 ipse
3521 5488 3717 5547 exaucto-

2170 5565 2422 5635 ratione,
2448 5585 2626 5639 quam
2655 5584 2869 5641 passus
2898 5576 3056 5626 esset
3093 5565 3418 5642 tyrannicei
