3888 6136
197 357 334 416 1421

1203 358 1551 414 EPISTOLA
1587 361 1687 413 AD
1724 359 2287 416 CONSTANTINUM
2323 359 2595 414 PAPAM.

3466 353 3610 410 1422

198 480 273 541 ὡς
304 478 390 534 ἐπὶ
419 480 519 548 τῆς
557 477 817 549 ἀληθείας
875 480 1195 554 προσήγαγε
1249 479 1386 555 πρὸς
1436 481 1499 534 τὸ
1529 478 1733 555 γράμμι

2073 500 2114 538 LS
2143 482 2217 537 ad
2244 482 2569 538 fraternam
2600 485 2856 535 vestram
2887 478 3336 549 beatitudinem,
3359 496 3464 551 pro
3488 495 3608 535 sum

197 569 348 640 ἡμᾶς
403 568 710 643 χρήσασθαι
767 568 906 622 κατὰ
978 568 1069 622 τὸν
1139 573 1239 637 τῆς
1305 566 1513 622 ἐκείνου
1560 569 1842 643 παροινίας

198 657 424 725 σκοπὸν,
457 656 597 732 πρὸς
625 658 726 725 τήν
779 656 1040 732 ὑμετέραν
1092 654 1391 735 ἀδελφικὴν
1444 663 1839 733 μακαριότητα·

190 746 327 819 πρὸς
371 749 558 815 ταῦτα,
609 746 763 808 ’ὁπως
812 747 978 820 ἡμεῖς
1023 749 1102 817 τῷ
1146 747 1262 801 κατ’
1322 746 1638 821 οἰκονομίαν
1671 746 1841 823 ἐχρη-

188 832 397 907 σάμεθα
453 832 625 910 λόγῳ,
687 833 828 892 ὥστε
885 831 1305 909 διακρούσασθαι
1370 835 1463 908 μὲν
1513 837 1612 905 τὴν
1642 856 1840 911 τυραν-

193 923 352 991 νικήν
383 922 474 978 καὶ
513 920 794 978 ἀνὲνδοτον
853 920 1120 979 ἔνστασιν
1176 924 1313 1000 πρὸς
1365 924 1429 979 τὸ
1485 924 1843 1000 μετριώτερον

199 1007 279 1079 δὲ,
311 1011 376 1064 τὰ
403 1016 510 1080 τῆς
538 1010 763 1074 ἀτοπίας
803 1017 1103 1083 συστεῖλαι,
1150 1012 1251 1081 τὴν
1300 1013 1375 1074 ὡς
1409 1012 1459 1067 ἐν
1502 1017 1692 1076 κακοῖς
1723 1012 1844 1068 δια-

203 1098 371 1175 φορὰν
402 1098 604 1163 εἶδότες
656 1100 718 1156 ού
764 1102 941 1172 πάντη
1003 1095 1342 1171 ἀπόϐλητον,
1397 1102 1487 1156 ὅτε
1519 1102 1594 1174 μή
1622 1100 1751 1156 αύτὸ
1779 1101 1843 1156 τὸ

198 1188 369 1243 καλὸν
425 1191 676 1263 καθαρῶς
733 1191 870 1245 κατὰ
925 1188 1147 1264 πρώτην
1206 1187 1374 1244 ἔνεστι
1428 1189 1571 1260 τάξιν
1602 1195 1842 1266 κρατεῖν,

197 1273 330 1347 αὕτη
381 1279 519 1350 ἡμῖν
574 1279 908 1352 μαρτυρήσει
955 1279 991 1348 ἡ
1039 1281 1147 1332 τῶν
1196 1276 1248 1331 ἐν
1301 1274 1498 1350 καρδίᾳ
1533 1276 1841 1352 βουλευμά-

193 1383 300 1418 των
361 1361 560 1444 ἔφορος
613 1364 862 1440 δύναμις
915 1367 1007 1421 καὶ
1060 1364 1112 1420 ἐν
1170 1364 1480 1441 ἀνθρώποις
1531 1364 1608 1437 δὲ,
1668 1368 1696 1421 ὁ
1746 1370 1846 1438 τῆς

196 1453 313 1507 κατ’
392 1455 540 1527 ἡμᾶς
610 1454 911 1530 ἱερωτάτης
985 1452 1249 1531 καθὲδρας
1312 1452 1845 1529 ἐνδημῶνςένταῦθα

204 1541 466 1616 θεοφιλὴς
513 1542 951 1620 ἀποκρισιάριος,
1011 1542 1069 1599 ὅν
1127 1542 1181 1599 ἐν
1241 1543 1376 1618 αὐτῇ
1433 1547 1501 1617 τῇ
1553 1545 1702 1618 ἀκμῇ
1745 1549 1844 1600 τοῦ

199 1633 413 1705 καιροῦ,
446 1629 742 1703 ἐνομώτως
801 1633 938 1706 μετά
988 1638 1089 1703 τῆς
1147 1631 1403 1703 ἀληθείας
1453 1631 1843 1711 ἐπληροφορή-

195 1737 389 1791 σαμεν,
438 1720 671 1796 καθαρὰν
726 1721 878 1793 αὐτῷ
927 1721 1029 1790 τὴν
1083 1719 1492 1797 ἐνυπάρχουσαν
1541 1723 1677 1795 ἡμῖν
1719 1722 1843 1797 περὶ

192 1807 293 1876 τήν
330 1806 621 1882 ὀρθόδοξον
652 1806 884 1873 διάθεσιν
918 1808 1342 1886 φανερώσαντες.

1962 571 2210 626 insaniae
2262 588 2462 643 scopo,
2501 571 2731 625 litteras
2751 574 3158 640 extorqueret:
3183 568 3256 623 ad
3285 569 3414 623 haac
3443 584 3602 636 vero,

1956 665 2023 715 ut
2052 660 2237 716 simus
2259 661 2351 716 usi
2383 659 2827 716 accommodato
2877 676 2944 715 ac
2984 658 3447 729 dispensationis
3478 674 3607 712 ser-

1950 766 2148 819 mone,
2182 757 2247 806 ut
2279 751 2331 806 ei
2363 752 2734 824 tyrannicam
2773 765 3225 823 pugnacemque
3256 748 3606 805 instantiam

1948 840 2399 911 repelleremus,
2433 847 2609 911 atque
2650 840 2725 896 ad
2775 839 3040 895 medium
3072 839 3316 908 aliquod
3347 838 3602 894 absonas

1949 927 2291 985 molitiones
2339 945 2707 1001 cogeremus,
2759 928 2917 983 haud
2945 928 3281 982 nescientes
3313 944 3433 982 non
3464 943 3596 983 om-

1949 1016 2091 1071 nino
2123 1017 2560 1088 reprobandam
2588 1017 2650 1070 in
2682 1016 2856 1071 malis
2887 1016 3303 1083 differentiam,
3333 1031 3467 1070 cum
3498 1016 3598 1086 ip-

1951 1121 2080 1159 sum
2111 1122 2257 1176 pure
2286 1105 2529 1172 bonum,
2549 1104 2740 1176 primo
2768 1104 2896 1175 ejus
2927 1104 3155 1169 ordine,
3174 1121 3295 1159 non
3326 1104 3466 1159 licet
3489 1104 3596 1159 ob-

1948 1193 2161 1259 tinere,
2195 1195 2324 1266 ipsa
2370 1194 2542 1249 nobis
2592 1194 2759 1249 testis
2812 1193 2925 1249 erit
2968 1193 3151 1247 virtus
3204 1193 3593 1248 consiliorum

1949 1282 2145 1338 cordis
2174 1283 2534 1354 inspectrix;
2585 1281 2743 1352 quod
2782 1287 2981 1336 autem
3031 1285 3259 1352 spectat
3287 1281 3358 1335 ad
3390 1281 3594 1335 homi-

1947 1387 2076 1440 nes,
2109 1373 2211 1443 qui
2242 1373 2419 1427 etiam
2452 1388 2520 1426 ex
2550 1376 2715 1443 parte
2752 1370 3167 1426 sacratissima)
3198 1375 3406 1425 vestrm
3437 1370 3597 1426 sedis

1947 1460 2044 1515 hic
2070 1466 2337 1517 versatur
2364 1460 2679 1533 religiosus
2708 1459 3131 1531 apocrisarius,
3186 1459 3279 1514 cui
3311 1459 3418 1513 sub
3449 1457 3601 1514 illud

1949 1549 2146 1621 ipsum
2167 1550 2454 1621 temporis
2484 1554 2875 1616 momentum,
2921 1552 3290 1603 sacramento
3334 1547 3599 1603 adhibito

1951 1638 2403 1705 satisfacientes,
2451 1654 2662 1709 puram
2707 1643 2997 1706 nostram,
3047 1636 3206 1706 quod
3257 1642 3483 1708 spectat
3527 1635 3603 1692 ad

1949 1727 2339 1783 orthodoxam
2391 1728 2804 1797 sinceramque
2852 1725 3053 1794 ﬁdem,
3114 1726 3300 1781 animi
3331 1726 3604 1782 affectio-

1949 1831 2090 1871 nem
2122 1816 2516 1874 ostendimus.

267 1869 462 1955 Οἴδατε
515 1869 616 1976 {etp
668 1869 766 1955 καῖ
818 1877 974 1974 ὑμεῖς
1186 1869 1348 1975 πείρᾳ
1423 1905 1606 1980 σαφῶς
1665 1921 1802 1975 μεμα

2062 1905 2191 1960 citis
2237 1906 2455 1977 quippe
2505 1904 2684 1960 etiam
2728 1921 2851 1972 vos,
2903 1903 3270 1975 experientia
3331 1903 3597 1975 docente,

197 1989 450 2059 θηκότες,
503 1989 821 2064 ἁγιώτατοι,
870 1990 944 2053 ὡς
993 1988 1053 2044 ού
1107 1990 1185 2064 (α)
1237 1986 1357 2044 λίαν
1406 1988 1707 2052 ἆντιτύπως
1748 1991 1838 2046 καὶ

1950 1994 2332 2062 sanctissimi,
2363 1993 2610 2050 difﬁcile
2659 2010 2811 2059 esse,
2853 1998 2920 2047 ut
2965 2009 3040 2047 ne
3089 1992 3151 2047 in
3199 1992 3491 2063 ejusmodi
3524 1995 3599 2066 (4)

1557 2109 1790 2165 VARI/E
1828 2110 2229 2167 LECTIONES.

1781 2261 2003 2316 ΝΟΤᾹΞ.

266 2177 344 2250 (α)
373 2174 450 2232 ῗσ.
482 2173 612 2231 λείπ
639 2177 740 2250 μή.

258 2356 332 2427 (4)
369 2358 436 2412 Ut
462 2374 530 2412 ne
558 2358 619 2411 in
662 2357 947 2427 ejusmodi.
1005 2357 1259 2430 Suppleo
1307 2357 1556 2413 alteram
1599 2359 1829 2430 negati-

185 2432 440 2500 vam,rut
469 2433 977 2500 sensusﬂconstet.
1021 2429 1326 2500 Signiﬁcat
1367 2446 1474 2483 sua
1513 2446 1574 2484 se
1608 2429 1731 2485 arte
1763 2446 1831 2485 ac

186 2499 484 2571 callidiori
517 2498 791 2571 consilio,
841 2500 1063 2554 cavisse
1090 2498 1399 2571 _majorem
1432 2500 1714 2555 Bardanis
1744 2501 1830 2555 of-

188 2570 561 2639 fensionem;
596 2570 755 2625 edita
798 2571 1027 2625 scilicet
1073 2570 1217 2625 fidei
1236 2570 1493 2626 formula
1522 2588 1702 2627 sensu
1732 2589 1833 2627 ca-

189 2641 429 2715 tholico,
467 2658 585 2712 qua
633 2647 831 2695 tamen
874 2642 1391 2715 supprimerentur
1434 2659 1603 2715 voces
1642 2659 1834 2715 nuper

192 2712 452 2786 definita)
484 2730 518 2767 a
549 2716 712 2786 sexta
738 2712 984 2786 synodo,
1007 2714 1256 2786 geminas
1285 2713 1344 2786 in
1365 2714 1594 2786 Christo
1626 2712 1828 2785 ope—ra—

195 2784 374 2839 tionis
407 2788 465 2838 et
493 2784 830 2850 voluntatis,
881 2784 1124 2854 praefato
1175 2784 1422 2839 Bardani
1467 2784 1735 2840 duriores
1767 2802 1833 2840 ac

191 2855 518 2910 invidiosae.
556 2856 688 2910 Haec
712 2855 955 2910 Joannis
986 2856 1171 2927 nostri
1202 2856 1547 2925 oeconomia,
1582 2873 1685 2927 pro
1719 2873 1835 2927 qua

194 2932 470 2992 excusat;
502 2943 612 2982 nec
642 2928 771 2995 ejus
794 2932 1044 2991 tantum,
1079 2926 1182 2981 sed
1227 2934 1285 2981 et
1331 2927 1519 2981 sancti
1560 2926 1834 2982 Germani

192 3003 334 3052 tunc
365 2998 627 3069 episcopi
657 2998 864 3068 Cyzici,
896 2998 1272 3069 postmodum
1320 3014 1454 3052 vero
1484 2999 1834 3069 patriarcha)

193 3068 587 3140 CP.,Andreza
603 3068 913 3140 Cret.quos
934 3076 1172 3123 sanctus
1198 3068 1557 3139 Nicephorus
1578 3075 1637 3123 et
1655 3070 1836 3125 Theo-

193 3139 419 3210 phanes
466 3139 798 3206 nominant,
845 3140 1004 3194 velut
1051 3141 1364 3211 primarios
1405 3141 1465 3194 in
1497 3156 1567 3195 ea
1592 3141 1835 3196 Joannis

1940 2361 2025 2414 sic
2052 2360 2197 2415 varii
2253 2364 2412 2415 sunt.
2464 2361 2632 2415 Joan.
2692 2361 2948 2413 Zonaras
2989 2357 3114 2412 vult
3142 2363 3596 2414 exauctoratum

1938 2438 2182 2502 propter
2231 2430 2532 2496 haeresim,
2590 2432 2880 2484 Germano
2943 2429 3165 2502 eidem_
3195 2431 3440 2484 suffecto
3482 2430 3590 2485 sub

1939 2500 2201 2557 Artemio
2235 2502 2519 2557 Bardanis
2554 2517 2894 2555 successore
2925 2517 2938 2554 :
2970 2506 3031 2555 at
3069 2500 3168 2570 qui
3200 2501 3311 2555 hoc
3337 2507 3591 2566 constet,

1940 2590 2095 2641 cum,
2121 2578 2324 2629 sancto
2352 2572 2678 2641 Nicephoro
2714 2578 2771 2626 et
2790 2572 3145 2641 Theophane
3170 2572 3438 2638 testibus,
3463 2572 3598 2627 Ger-

1941 2661 2177 2712 manus,
2220 2645 2267 2698 si
2319 2661 2436 2715 qua
2483 2643 2595 2697 fuit
2629 2660 2697 2697 ea
2726 2643 2994 2715 haeresis,
3030 2643 3116 2715 iili
3169 2644 3364 2715 socius
3395 2647 3592 2715 esset:

1941 2732 2122 2786 quare
2156 2713 2596 2786 etiam—mortue
2629 2714 2942 2768 suffectum
2975 2713 3215 2786 habent,
3241 2713 3594 2786 τελευτήσαν-

1938 2784 2053 2848 τος.
2082 2786 2235 2840 Nihil
2261 2788 2438 2841 etiam
2485 2785 2786 2839 Cedrenus
2835 2785 3112 2857 meminit
3140 2786 3318 2857 hujus
3350 2784 3589 2857 deposi-

1944 2858 2143 2920 tionis.
2176 2857 2281 2913 sed
2311 2862 2573 2912 creatum
2607 2862 2837 2911 tantum
2886 2855 3065 2928 habet
3106 2858 3213 2910 sub
3247 2856 3396 2928 ipso
3426 2855 3590 2910 Arte-

1942 2929 2150 2994 mium,
2198 2928 2297 2999 qui
2347 2927 2693 2983 Anastasius
2743 2927 3095 2999 appellatus,
3134 2926 3418 2981 estzisub
3466 2942 3584 2997 quo

1942 2997 2321 3083 postmodum
2352 3001 2554 3083 referti
2577 2997 2927 3083 translatum
2972 2998 3173 3083 Qyzicg
3206 2999 3584 3083 Germanum,

1943 3068 2025 3127 ita
2053 3076 2336 3141 concepto
2373 3070 2778 3125 translationis
2805 3069 3062 3141 decreto.
3112 3068 3175 3141 Ἡ
3212 3069 3516 3141 θείᾳ-χάρις
3549 3070 3584 3136 ἡ

1944 3144 2177 3195 πάντοτε
2212 3137 2298 3213 fiat
2355 3141 2547 3207 ἀσθενῆ
2609 3138 2995 3213 θεραπεύουσα,
3036 3139 3126 3192 καὶ
3161 3140 3248 3213 -τά
3299 3137 3588 3213 ἐλλείπον-

196 3209 627 3280 c00peratores,
659 3209 1201 3294 aliorumque—iere
1242 3228 1350 3282 per
1378 3212 1834 3294 Orientemepi-
1868 3224 1908 3290 ρ
1946 3233 2013 3267 τα
2069 3211 2476 3294 animos“,
2538 3209 2862 3294 μετατίθησι
2914 3209 3213 3294 ..Γερμανὸν
3266 3211 3356 3294 ef»
3419 3210 3590 3294 banti-

197 3295 531 3353 scoporum,
591 3298 739 3351 quos
798 3299 1007 3336 omnes
1065 3282 1279 3337 durum
1337 3282 1834 3353 praevaricationis

197 3351 500 3425 damnare,
550 3368 618 3425 ac
665 3353 729 3425 in
786 3354 1195 3409 Monothelitas
1248 3351 1493 3425 repente
1524 3355 1832 3425 conflatos,

194 3438 329 3477 cum
358 3423 628 3495 ABaronio
676 3423 892 3478 dicere.
946 3425 1134 3480 Media
1185 3441 1290 3495 ego
1320 3423 1429 3480 ‘via
1485 3423 1834 3495 incederim,

194 3499 259 3566 ut
288 3493 483 3566 reipsa
500 3494 717 3549 multos
739 3496 1065 3566 episcopos,
1088 3493 1340 3566 quorum
1363 3497 1580 3551 animis
1612 3493 1833 3551 inclitae

194 3565 710 3637 Monothelitarum
764 3565 1007 3621 hmresis
1065 3565 1293 3622 semina
1349 3568 1701 3637 insiderent,
1734 3574 1837 3623 aut

194 3635 293 3705 qui
323 3635 497 3710 facile
545 3637 767 3708 alioqui
822 3637 1156 3710 adducendi
1213 3645 1399 3710 erant,
1431 3644 1496 3692 ut
1541 3635 1833 3710 expressa)

188 3706 448 3780 prmfataa
479 3713 658 3780 sexta
686 3706 898 3780 synodi
929 3709 1317 3773 damnationi,
1350 3709 1468 3763 imo
1505 3716 1563 3765 et
1591 3706 1833 3765 Chalce-

190 3777 492 3851 donensis,
526 3777 990 3847 subscriberent,
1041 3782 1305 3851 sociique
1344 3782 1697 3836 accederent
1728 3782 1834 3836 toti

192 3849 480 3922 Bardanis
506 3866 540 3905 a
566 3851 792 3906 Joanne
816 3852 1036 3916 relata},
1061 3849 1379 3916 molitioni,
1408 3853 1565 3907 haud
1595 3869 1630 3908 a
1659 3852 1835 3922 culpa

188 3920 487 3976 immunes
518 3922 866 3992 putaverim,
899 3922 988 3976 vel
1031 3939 1152 3977 non
1207 3939 1353 3993 reos
1391 3924 1637 3993 proditae
1671 3920 1832 3988 fidei,

190 4008 326 4063 cum
354 4008 563 4047 eorum
613 3993 871 4063 partium
929 3999 1085 4048 esset
1141 4010 1208 4048 ac
1238 3992 1622 4049 ecclesiastici
1657 3994 1832 4049 totius

190 4062 438 4137 erdinis,
470 4062 741 4118 unanimi
763 4066 1099 4137 constantia
1119 4081 1153 4120 a
1178 4064 1493 4137 proposito
1514 4072 1832 4137 tyrannum

192 4133 511 4207 deterrere,
571 4141 674 4207 aut
728 4141 886 4207 certe
942 4133 1217 4207 gloriosa,
1247 4133 1618 4192 confessione
1644 4154 1834 4207 nuper

192 4205 545 4275 explicatam
579 4206 759 4261 fidem
790 4205 1142 4275 defendere;
1170 4206 1270 4263 alii
1302 4212 1500 4262 autem
1533 4226 1604 4264 ex
1633 4205 1832 4265 animo

190 4276 524 4344 orthodoxi,
547 4295 616 4352 ac
640 4278 886 4334 omnino
911 4284 1184 4352 caventes
1214 4294 1288 4352 ne
1320 4285 1641 4352 tam_grave
1672 4280 1832 4335 dam.

192 4363 471 4424 numper
500 4349 862 4424 collegarum
911 4350 1004 4405 vel
1047 4351 1337 4424 malitiam
1376 4349 1828 4424 vel'ignaviam,

189 4419 443 4489 publicae
473 4419 761 4494 nimirum
791 4428 970 4494 sexta)
1001 4421 1211 4494 synodi
1241 4438 1310 4494 ac
1330 4419 1684 4494 sanctorum
1722 4425 1830 4477 Pa-

190 4495 350 4543 trum
378 4491 1009 4559 anathematizationis,
1037 4491 1372 4549 Orientalis
1403 4494 1667 4550 Ecclesia
1691 4494 1831 4549 sub-

189 4560 324 4627 iret,
379 4559 642 4615 medium
712 4563 823 4617 hoc
898 4564 1286 4629 invenientes,
1363 4582 1468 4620 seu
1526 4566 1831 4622 inventum

190 4631 261 4686 ab
293 4631 427 4705 aliis
456 4632 914 4705 compirohantes
960 4635 1181 4690 nedum
1213 4637 1605 4705 peccaverint,
1637 4636 1741 4693 sed
1774 4642 1832 4690 et

189 4701 795 4777 remgdig‘nam’laude
849 4704 1112 4777 egerint;
1161 4701 1374 4777 majori
1404 4701 1653 4777 depulSa
1682 4707 1838 4763 malo

190 4773 278 4850 ab;
322 4773 619 4850 Ecclesia,
664 4773 1010 4850 acuminori
1069 4773 1358 4850 permisso
1416 4773 1612 4850 potius
1661 4795 1839 4850 quam

192 4848 344 4918 acto.
400 4845 649 4918 Iudicat
686 4845 1087 4918 nihilominus
1134 4846 1358 4918 Agatho
1399 4845 1703 4916 diaconus,
1736 4867 1841 4905 no-

191 4915 377 4988 luisse
410 4916 609 4988 plures
639 4916 778 4988 huic
808 4918 1152 4972 mconomiaa
1182 4915 1581 4988 acquiescere.
1608 4915 1840 4977 ac’con-

190 4986 438 5042 fessioni
470 4987 783 5058 ejusmodi.
818 5005 928 5044 ceu
959 4989 1034 5044 ad
1063 4986 1410 5045 irritandam
1447 4998 1670 5047 sextam
1703 5009 1842 5047 san-

192 5063 349 5131 ctam
380 5058 671 5131 synodum
702 5058 896 5127 editas,
929 5061 1323 5127 subscribere,
1357 5079 1505 5131 quos
1535 5063 1666 5119 ideo
1701 5064 1839 5117 Bar-

190 5128 375 5186 danes
406 5128 533 5184 dire
563 5132 894 5199 vexaverit;
927 5132 1011 5187 sic
1042 5149 1161 5187 non
1194 5128 1463 5188 defuitid
1487 5135 1665 5189 etiam
1697 5140 1842 5188 tem-

190 5201 354 5271 poris
391 5202 738 5272 generosius
767 5219 971 5259 semen
1018 5204 1079 5258 in
1127 5204 1386 5269 Oriente,
1419 5206 1657 5260 tametsi
1693 5205 1839 5260 scri-

188 5278 426 5343 ptorum
458 5273 663 5344 in0pia
691 5273 1011 5330 obscurum
1057 5274 1203 5330 adeo
1252 5277 1560 5332 manserit.
1595 5278 1713 5331 Hoc
1748 5293 1843 5330 eo-

185 5360 322 5398 rum
350 5344 474 5400 zelo
505 5351 563 5399 et
591 5346 924 5401 constantia
957 5353 1180 5403 tantam
1211 5346 1322 5401 sibi
1354 5348 1610 5403 Joannes
1633 5354 1838 5402 noster

187 5432 304 5490 s_uo_
319 5414 428 5490 illo
463 5416 654 5490 medio
678 5416 954 5490 conflavit
975 5418 1275 5480 invidiam,
1300 5423 1365 5490 ut
1388 5420 1607 5490 passim
1641 5420 1838 5474 Mono-

186 5485 398 5560 tlielita
426 5486 648 5560 audiat,
681 5503 748 5560 ac
770 5488 1049 5560 ejusdem
1095 5485 1405 5546 sententiae
1437 5508 1573 5545 cum
1606 5491 1837 5560 Philip-

184 5558 358 5634 pieo:
411 5559 646 5634 tametsi
694 5558 968 5616 videntur
1014 5561 1285 5634 plerique
1319 5561 1640 5634 scriptores
1669 5558 1839 5632 loqui

187 5628 316 5685 sola
335 5631 678 5702 conjectura
697 5647 766 5687 ac
780 5628 1265 5705 prwsumptioﬁe,
1284 5648 1405 5687 non
1430 5628 1570 5705 quia
1591 5628 1842 5705 sequan-

187 5705 288 5758 tur
308 5707 471 5758 certa
498 5708 888 5759 monumenta
917 5719 1124 5761 eorum
1143 5709 1503 5775 temporum,
1525 5720 1643 5777 qua
1672 5705 1746 5759 de
1774 5719 1838 5760 re

1945 3303 2103 3357 τατον
2160 3279 2429 3357 πρόεδρον
2466 3279 2596 3357 ’τῆς
2670 3284 2979 3351 Κυζικηνῶν
3009 3279 3460 3357 ’-μητροπόλε-ως,
3512 3279 3591 3341 εἲς

1942 3350 2372 3429 ἀρχιεπίσκοπον
2421 3352 2622 3429 ταύτης
2660 3359 2778 3429 ’τῆς
2854 3350 3227 3429 θεοφυλᾷκτου
3280 3352 3371 3406 καὶ
3434 3354 3594 3424 βασι-

1945 3421 2097 3488 λίδος
2157 3425 2388 3487 πόλεως.
2452 3424 2574 3480 Ἐπὶ
2658 3421 2971 3497 ξΑρτεμίοιί
3046 3421 3332 3495 βασιλέως.
3392 3421 3593 3479 Divina

1943 3501 2150 3568 gratia,
2204 3515 2325 3568 qua:
2379 3514 2588 3566 semper
2644 3495 2868 3566 inﬁrma
2925 3502 3104 3557 curat.
3165 3503 3217 3550 et
3285 3497 3593 3564 deﬁcientia

1944 3570 2194 3640 complet.
2242 3571 2573 3625 Germanum
2616 3568 3018 3640 sanctissimum
3068 3568 3342 3635 Cyzicena
3397 3574 3597 3622 metro-

1937 3638 2084 3711 polis
2126 3641 2416 3710 praesulem
2466 3643 2727 3707 transfert
2772 3641 2833 3693 in
2879 3638 3353 3711 archiepiscopum
3400 3654 3435 3711 α
3488 3640 3591 3711 Deo

1943 3709 2269 3767 conseruata
2300 3728 2363 3764 ac
2414 3713 2587 3779 regiae
2632 3710 2796 3778 hujus
2840 3710 3010 3763 urbis.
3061 3709 3172 3763 Sub
3208 3710 3455 3762 Artemio
3484 3710 3589 3761 im-

1935 3789 2216 3852 peratore.
2250 3780 2604 3852 UtJoannis,
2639 3797 2745 3852 pro
2795 3796 2913 3851 qua
2960 3784 3220 3852 excusat,
3260 3780 3593 3852 (Bconomia

1943 3848 2146 3909 habita
2177 3858 2333 3908 esset
2362 3848 2753 3923 proditiofvel
2802 3848 2837 3905 εἰ
2875 3851 3464 3923 Οοῃειοῃῐίηονρορει,
3496 3848 3593 3923 vel

1943 3925 2015 3980 ab
2045 3924 2329 3991 Artemio,
2350 3920 2508 3977 haud
2533 3928 2731 3977 tamen
2760 3938 2829 3977 ea
2855 3921 3147 3976 modestia
3178 3920 3591 3988 satisfacienti,

1942 4012 2119 4067 quam
2180 3997 2282 4067 limi
2326 3996 2454 4065 ejus
2514 3994 2724 4048 litterae
2784 3991 3128 4067 praeferunt,
3184 3992 3363 4067 idque
3424 3992 3595 4067 nulla

1944 4062 2109 4122 mora
2133 4083 2167 4122 a
2199 4062 2428 4121 sublato
2461 4071 2712 4137 tyranno
2745 4062 2916 4137 sedes
2939 4062 3286 4137 abroganda
3326 4069 3470 4137 erat,
3504 4062 3596 4117 vel

1942 4139 1991 4193 si
2022 4139 2242 4205 nullos,
2273 4143 2374 4193 aut
2404 4134 2582 4207 quam
2614 4152 2833 4207 paucos
2857 4136 2916 4207 in
2939 4151 3008 4207 ea
3039 4134 3233 4207 socios
3262 4134 3591 4201 habuisset,

1942 4208 2162 4264 nedum
2189 4204 2323 4263 eum
2352 4204 2659 4262 universos
2691 4207 2813 4262 fere
2858 4204 3112 4260 Orientis
3145 4206 3454 4276 episcopos
3480 4222 3493 4273 ;
3529 4220 3597 4259 ac

1942 4280 2003 4335 in
2054 4280 2125 4335 iis
2177 4281 2553 4345 Germanum,
2607 4278 2777 4347 cujus
2826 4281 2990 4332 tanta
3035 4277 3249 4331 enituit
3291 4278 3499 4340 virtus,
3533 4280 3600 4330 ut

1941 4350 2291 4422 posthabitis
2320 4350 2597 4404 omnibus
2648 4349 2803 4422 aliis,
2846 4349 3132 4422 meruerit
3158 4348 3232 4422 ab
3267 4347 3597 4422 orthodoxo

1984 4423 2230 4493 rincipe,
2287 4421 2457 4493 ψήφῳ
2484 4492 2489 4493 γ
2514 4422 2606 4473 καὶ
2664 4416 2958 4493 δοκιμασίᾳ
2996 4422 3103 4472 τῶν
3130 4416 3597 4493 ,θεοφιλεστάτων

1967 4491 2273 4547 πισκόπων·
2315 4491 2526 4548 calculo
2573 4508 2636 4547 ac
2677 4491 3008 4562 probatione
3057 4492 3600 4560 religiosissimorum

1869 4594 1914 4659 D
1946 4566 2346 4637 episcoporum,
2392 4562 2590 4690 inquit
2635 4563 2914 4634 praefatus
2958 4562 3284 4633 Cedrenus,
3338 4579 3405 4617 ac
3436 4577 3600 4643 coru-

1947 4638 2115 4690 muni
2145 4653 2351 4690 eorum
2383 4653 2451 4690 su
2500 4635 2680 4690 raaio.
2720 4634 3321 4690 Constantinonolim.
3353 4636 3598 4688 Joannis

1946 4631 2351 4693 muni-eorum
2383 4631 2680 4707 suffragio,
2720 4631 3321 4707 Constantinopolim,
3353 4632 3598 4707 Joannis

1949 4708 2219 4780 ejusdem
2250 4703 2594 4773 successor;
2624 4705 2751 4776 ipso
2793 4704 3003 4760 eodem
3026 4722 3230 4780 anno,
3266 4703 3594 4780 transferri.

1948 4774 2180 4847 Quanta
2220 4780 2347 4832 haec
2390 4774 2776 4849 personarum
2815 4778 3110 4849 acceptio,_
3144 4792 3323 4849 causa
3359 4774 3598 4849 utrique

1949 4850 2295 4907 communi?
2342 4847 2526 4913 Quam
2574 4848 2775 4917 itaque
2824 4847 3214 4903 oeconomiam
3246 4847 3600 4917 ignorarunt

1950 4923 2267 4983 scriptores
2297 4919 2370 4973 ab
2398 4919 2501 4973 illa
2530 4915 2699 4973 aetate
2754 4935 2873 4972 non
2922 4918 3241 4972 minimum
3278 4915 3498 4983 dissiti,
3531 4931 3599 4969 ac

1949 4994 2011 5049 in
2044 4987 2176 5048 aliis
2209 4990 2501 5060 ejusmodi
2532 5006 2651 5045 non
2675 4989 2821 5044 adeo
2845 4996 3018 5043 certa)
3044 4987 3299 5060 ﬁdei,ut
3320 5004 3441 5040 non
3472 5003 3604 5056 pos-

1949 5066 2070 5119 sint
2100 5081 2172 5118 ex-
2190 5058 2599 5116 monumentis
2622 5060 2974 5115 certioribus
3006 5058 3217 5128 corrigi
3251 5076 3262 5111 :
3290 5059 3441 5112 hanc
3469 5074 3603 5129 pro-

1949 5136 2196 5190 ferimus
2223 5151 2293 5188 ex
2324 5133 2567 5186 Joannis
2615 5131 2743 5186 istis
2798 5130 3051 5189 Litteris.
3084 5130 3156 5182 de
3203 5147 3318 5199 qua
3344 5131 3601 5183 liberum

1950 5207 2165 5278 cuique
2197 5211 2320 5278 esto
2337 5204 2659 5278 judicium.
2695 5201 2795 5278 ubi
2831 5217 2948 5278 pro
2982 5201 3320 5278 interpretis
3352 5215 3600 5278 munere

1951 5271 2207 5332 dixi-mus
2238 5271 2372 5346 ipsi,
2407 5274 2563 5344 quod
2589 5272 2897 5346 theologia
2930 5272 3238 5346 acrationi
3271 5273 3459 5346 visum
3491 5271 3603 5325 fuit

1949 5351 2135 5421 magis
2166 5344 2492 5417 congruum
2549 5344 2713 5398 Libet
2742 5344 2837 5421 hic
2871 5344 3117 5421 reddere
3149 5344 3598 5415 Theophanem.

1949 5414 2101 5477 Inita
2132 5436 2269 5491 ergo
2288 5414 2898 5491 itemporum_rat_ion_e
2922 5431 2955 5468 a
2985 5420 3150 5491 sexta
3176 5414 3388 5491 sancta
3419 5430 3602 5491 syne-

1949 5493 2045 5559 do,
2080 5493 2163 5561 ita
2189 5481 2587 5561 prosequitur.
2650 5484 2797 5561 Ἀπὸ⁵
2847 5482 2905 5537 δὲ
2957 5488 3066 5561 τῶν
3109 5481 3481 5561 ἐκδεδομένων
3509 5481 3602 5561 τύς

1946 5554 2087 5628 πων,
2117 5554 2223 5621 ἕως
2251 5554 2445 5630 τού-δ’
2500 5554 2650 5630 ἔτους
2679 5554 3071 5630 ,Φιλιππικοῆ
3103 5554 3347 5630 γενέσθαι
3381 5555 3602 5630 ἐμμανῆ

1947 5622 2201 5698 σύνοδον,
2251 5628 2390 5701 κατά
2440 5633 2540 5696 τῆς
2597 5624 2753 5701 ἁγίας
2827 5622 3217 5701 ολίκουμενικῆς
3276 5627 3317 5689 ς’
3376 5622 3607 5701 συνόδου

1945 5705 2036 5760 καὶ
2069 5694 2392 5777 ἐξωάθὲντος
2451 5694 2763 5775 Κύρου”τῷ
2823 5697 2867 5761 ς’
2925 5694 3028 5752 ἔτει
3086 5704 3189 5765 τῆς
3235 5697 3608 5772 πατριαρχίας
