3888 6136
219 321 362 380 1425

1229 321 1578 377 EPISTOLA
1617 319 1714 370 AD
1747 311 2310 371 CONSTANTINUM
2347 316 2611 368 ΡΑΡΛΜ.

3485 317 3626 370 1426

217 445 456 502 ἐναντίον
513 447 932 519 περιτραπῆναι,
978 441 1117 496 ὣστε
1168 445 1244 515 μὴ
1293 441 1560 517 ἀλλότρια
1615 437 1862 514 δόγματα

2044 453 2156 507 que
2189 453 2318 492 eam
2351 437 2553 490 subtili
2583 437 2838 509 cogitatu
2869 438 2928 492 in
2962 439 3324 492 contrarium
3364 445 3622 494 vertere-

219 529 487 610 ἄναφαδὸν
547 531 938 606 ἐπεισαχθῆναι
1008 533 1077 605 τῇ
1137 529 1433 602 Ἐκκλησία
1462 576 1478 602 ,
1534 529 1625 583 καὶ
1676 526 1861 582 τὶλεον

219 621 636 691 διασαλευθῆναι
694 622 762 675 τὰ
818 617 1002 678 καλῶς
1061 620 1345 694 πεπηγότα
1416 619 1505 674 καὶ
1559 611 1865 691 ἆκρᾶϐαντα

223 711 473 786 μείναντα
527 711 650 783 περῖ
705 713 804 764 τοῦ
877 709 1239 784 προκειμένου
1291 709 1392 776 τῆς
1449 703 1720 766 εὐσεϐείας
1779 715 1862 768 θε-

220 801 518 874 σπίσματα·
573 799 664 854 καὶ
721 797 833 871 ἅμα
895 799 1030 874 μέγα
1087 799 1397 871 τιθέμενοι,
1453 798 1516 852 τὸ
1572 795 1661 850 καὶ
1720 793 1866 868 παρᾶ

219 895 326 947 τῶν
384 889 665 963 πολεμίων
713 895 814 959 τῆς
871 887 1346 962 διονομασθείσης,
1405 887 1558 965 ἁγίας
1612 881 1861 953 συνόδου,

219 981 320 1049 τήν
362 981 481 1034 κατ’
539 975 744 1034 ἔννοιαν
803 978 970 1047 αὐτῆς
1032 979 1421 1052 ὁμολογεῖσθαι
1483 973 1859 1030 διδασκαλίαν.

218 1069 371 1124 Ὅθεν
404 1074 478 1140 μῆ
512 1068 844 1142 ἀνατροπὴν,
894 1065 1042 1121 ἀλλὰ
1103 1062 1392 1142 βεϐαίωσιν
1455 1061 1668 1138 μᾶλλον
1724 1061 1864 1116 ἐκεί-

220 1177 316 1228 νης
347 1162 531 1232 σαφῶς
591 1154 1006 1220 ἀποδείκνυσθαι
1056 1154 1202 1229 παρὰ
1249 1177 1312 1230 γε
1351 1159 1468 1218 τοῖς
1500 1155 1644 1229 ὑγιεῖ
1669 1173 1726 1207 τε
1772 1152 1860 1206 καὶ

221 1247 578 1320 ἀπροσκλινεῖ
629 1251 731 1314 τῆς
787 1249 896 1299 τῶν
951 1245 1288 1320 πραγμάτων
1346 1244 1722 1313 κατανοήσεως
1763 1241 1862 1316 ὀφ-

221 1333 420 1408 θαλμῷ
447 1333 514 1388 τὰ
560 1337 790 1388 τοιαῦτα
829 1329 997 1388 εἰδόσι
1048 1337 1287 1400 σκοπεῖν,
1338 1328 1589 1406 ascensa
1623 1330 1688 1384 τὰ
1732 1328 1866 1383 κατὰ

217 1427 318 1490 τῆς
347 1417 573 1476 συνόδου
599 1425 680 1492 τῷ
707 1417 958 1495 τυράννῳ
983 1418 1406 1493 σκαιωρηθέντα.

291 1601 370 1654 To
417 1598 522 1674 γὰρ
579 1595 869 1666 θελητικόν
925 1616 984 1650 τε
1033 1595 1124 1650 καὶ
1174 1593 1522 1668 ένεργηκικὸν
1581 1594 1700 1648 καθ’
1758 1592 1866 1648 ἐτε-

221 1707 317 1762 ραν
352 1687 422 1760 (c)
453 1685 607 1763 φύσιν
638 1683 812 1760 λέγειν
841 1684 932 1740 τὸν
990 1685 1248 1758 Χριστὸν,
1282 1680 1433 1738 οὐδὲν
1481 1680 1662 1757 ἔτερόν
1694 1681 1860 1752 ἐστιν,

1974 541 2108 580 mus
2132 543 2144 579 :
2167 543 2240 580 ne
2273 526 2417 580 adeo
2451 526 2646 582 aliena
2675 527 2950 598 dogmata
2977 527 3174 598 palam
3207 527 3266 581 in
3299 529 3622 585 Ecclesiam

1972 613 2419 680 inducerentur,
2482 631 2548 669 ac
2605 615 2846 670 tandem
2915 615 3432 684 labefactarentur,
3491 635 3622 688 qua)

1971 701 2226 757 fuissent
2255 703 2406 757 bene
2445 703 2702 770 ﬁrmata,
2738 721 2804 758 ac
2839 705 3196 759 inconcussa
3242 706 3624 772 mansissent,

1971 792 2208 863 pietatis
2236 792 2358 858 illa,
2399 793 2554 847 circa
2587 793 2920 864 subjectam
2945 794 3255 847 materiam
3287 794 3524 863 placita:
3550 795 3622 849 ad

1972 879 2099 934 haec
2129 897 2264 936 vero
2307 880 2495 951 pluris
2545 881 2654 936 hoc
2705 881 3013 948 facientes,
3069 887 3136 934 ut
3182 884 3628 952 praenominataa

1974 975 2193 1022 sanctas
2223 969 2434 1040 synodi
2469 969 2820 1037 doctrinam,
2855 971 3054 1024 hostes
3085 971 3194 1040 ipsi
3227 977 3514 1040 quantum
3558 971 3632 1026 ad

1973 1057 2428 1128 intelligentiam
2466 1073 2531 1110 ac
2563 1073 2802 1111 sensum
2835 1061 3278 1112 Conﬁterentur.
3315 1062 3400 1114 Ita
3431 1061 3630 1131 plane,

1973 1150 2038 1200 ut
2069 1145 2224 1216 apud
2257 1162 2378 1213 eos,
2415 1147 2515 1215 qui
2541 1162 2683 1200 sano
2715 1162 2782 1200 ac
2813 1147 3107 1200 indeflexo
3133 1148 3630 1203 considerationis

1973 1250 2174 1289 rerum
2207 1233 2398 1300 oculo,
2448 1251 2545 1290 res
2599 1234 2890 1306 ejusmodi
2941 1241 3236 1290 noverunt
3265 1238 3623 1307 perspicere,

1973 1324 2170 1394 palam
2202 1322 2571 1386 conficiatur,
2607 1325 2735 1394 ipsa
2763 1325 3002 1395 tyranni
3021 1326 3300 1380 adversus
3333 1327 3625 1396 synodum

1973 1413 2287 1467 molimina
2318 1429 2385 1466 ac
2427 1417 2670 1480 struem;
2721 1429 2844 1468 non
2893 1415 2954 1467 in
3005 1416 3392 1482 eversionem,
3429 1417 3530 1471 sed
3563 1417 3625 1470 in

1976 1503 2103 1574 ejus
2131 1503 2329 1574 potius
2355 1503 2871 1559 confirmationem
2903 1507 3172 1560 cessisse.

2045 1592 2271 1662 Quippe
2325 1592 2624 1647 Christum
2683 1593 2865 1647 fatere
2925 1595 3251 1649 secundum
3310 1601 3624 1667 utramque

1977 1686 2248 1737 naturam
2275 1681 2507 1736 volendi
2541 1697 2608 1736 ac
2648 1681 2930 1752 operandi
2963 1682 3242 1738 facultate
3285 1684 3622 1756 prmditum,

221 1774 258 1843 ἢ
291 1772 390 1828 δύο
423 1773 622 1849 φυσικᾶ
672 1770 976 1845 θελήματα,
1025 1773 1114 1827 καὶ
1165 1769 1258 1826 δύο
1303 1771 1528 1849 φυσικὰς
1573 1769 1862 1846 ἐνεργείας,

2044 1769 2123 1823 hil
2153 1774 2242 1824 est
2272 1769 2433 1824 aliud
2466 1787 2642 1840 quam
2677 1771 2978 1825 naturales
3011 1772 3156 1826 duas
3181 1773 3513 1828 voluntates
3543 1774 3628 1828 in—

223 1867 388 1921 νοεῖν.
444 1863 589 1917 Κατὰ
642 1862 842 1933 ταύτην
907 1862 1008 1936 γὰρ
1069 1860 1250 1937 ῥητῶς
1307 1862 1407 1928 τήν
1466 1858 1712 1914 διάνοιαν
1768 1860 1866 1921 τὰς

222 1951 476 2012 τοιαῦτας
533 1956 768 2014 νοεῖσθαι
827 1952 1024 2025 φωνὰς,
1084 1948 1138 2004 έν
1188 1954 1266 2020 τῷ
1329 1949 1692 2026 ἐκφωνηθέντι
1741 1950 1866 2023 παρ’

225 2041 397 2109 αὐτῆς
456 2041 568 2115 ὅρῳ
624 2041 1031 2114 προεθέσπισεν,
1064 2041 1098 2107 ἡ
1160 2037 1212 2092 έν
1240 2041 1308 2112 τῇ
1367 2039 1487 2101 καθ’
1522 2038 1661 2108 ὑμᾶς
1707 2058 1864 2112 μεγα-

227 2125 458 2181 λοπόλει
487 2127 674 2199 Ῥώμῃ
718 2131 1042 2200 συναχθεῖσα
1083 2123 1306 2185 σύνοδος
1338 2124 1457 2198 ἱερᾶ
1501 2125 1587 2178 ἐπὶ
1635 2128 1732 2178 τοῦ
1767 2131 1868 2193 τῆς

225 2210 518 2286 σεϐασμίας
576 2215 795 2288 μνήμῃς
854 2214 1134 2289 Μαρτίνου
1169 2257 1182 2282 ,
1261 2216 1358 2267 τοὺ⁹
1441 2219 1542 2282 τῆς
1607 2211 1867 2287 ὑμετέρας

223 2299 677 2374 πιποεδρεῦσαντος
738 2301 1062 2372 Ἐκκλησίας
1096 2319 1108 2331 ·
1170 2301 1244 2364 ὡς
1305 2301 1480 2355 ἐκεῖνα
1538 2305 1717 2377 σαφῶς
1773 2300 1858 2354 καὶ

225 2390 312 2446 ἐπὶ
345 2392 504 2462 ἡμῶν
532 2395 638 2445 τῶν
681 2389 1025 2466 ἁμαρτωλῶν
1081 2390 1170 2444 καὶ
1227 2388 1557 2457 ἐλαχίστων,
1611 2390 1711 2457 τὴν
1763 2392 1864 2442 τοῦ

226 2482 358 2534 Θεοῦ
417 2479 605 2555 σοφίαν
667 2478 1028 2552 οἷ’κονομῆσαι
1065 2523 1078 2547 ,
1137 2481 1234 2532 τοῦ
1315 2475 1680 2551 δρασσομένου
1753 2479 1864 2530 τῶν

223 2572 400 2646 σοφῶν
455 2567 505 2622 έν
565 2571 634 2640 τῇ
692 2567 989 2642 πανουργίᾳ
1041 2565 1259 2631 αὐτῶν,
1321 2563 1454 2639 ἅπερ
1509 2564 1537 2618 ὁ
1592 2563 1860 2639 Θεολόγος

219 2656 520 2731 Γρηγόριος
565 2654 616 2710 ἐν
664 2659 742 2726 τῷ
794 2653 868 2715 είς
922 2653 1013 2708 τὸν
1077 2653 1243 2728 μέγαν
1302 2652 1587 2710 Βασίλειον
1646 2651 1860 2722 τίθησιν

222 2743 490 2822 ἐπιταφίῳ
528 2743 699 2818 λόγῳ,
751 2741 871 2798 ἔνθα
929 2742 1132 2797 ἐκεῖνον
1193 2741 1390 2818 εἰσάγει
1453 2735 1757 2814 συμϐούλῳ
1784 2746 1864 2814 τῷ

222 2831 350 2905 θείῳ
383 2829 550 2886 Δαόἱδ
587 2833 950 2906 κεχρημένον·
1008 2831 1097 2885 καὶ
1156 2831 1554 2904 οἷκονομοῦντα
1609 2829 1736 2893 τοὺς
1767 2828 1864 2884 λό-

217 2944 344 2998 γους
374 2923 538 2977 αὗτοΰ
579 2921 631 2977 ἐν
663 2921 856 2998 κρίσει·
913 2923 1300 2997 παρησυχάσαι
1363 2921 1458 2993 μὲν
1514 2922 1614 2988 τὴν
1673 2920 1860 2994 κυρίαν

210 3010 297 3066 ἰπὶ
323 3015 422 3066 τοῦ
467 3010 626 3087 ἁγίου
679 3009 989 3084 ΙΙνεόματος
1041 3011 1252 3086 φωνὴν,
1285 3008 1490 3084 ἓτέραις
1544 3007 1603 3064 δὲ
1659 3013 1864 3085 φωναῖς

203 3099 397 3156 ταυτὸν
456 3097 782 3173 δυναμέναις
857 3100 920 3154 τὸ
984 3093 1195 3160 εὐσεϐὲς
1269 3097 1546 3173 κρατύνειν
1604 3103 1704 3167 τῆς
1759 3095 1856 3151 πί-

1981 1859 2266 1931 telligere,
2331 1857 2594 1928 duasque
2649 1858 2952 1914 naturales
3003 1862 3398 1930 operationes.
3453 1861 3628 1916 Sacra

1979 1947 2274 2018 siquidem
2309 1945 2570 2018 synodus
2592 1947 2652 2000 in
2675 1963 2888 2019 magna
2914 1947 3057 2002 urbe
3081 1951 3283 2017 Roma,
3318 1965 3447 2020 quae
3471 1949 3624 2021 apud

1975 2052 2074 2091 vos
2105 2041 2214 2105 est,
2250 2035 2356 2089 sub
2389 2035 2743 2090 venerabilis
2783 2037 3088 2090 memorim
3125 2038 3389 2096 Martino.
3421 2039 3623 2092 deces-

1977 2140 2108 2178 sore
2141 2129 2332 2177 vestro
2363 2125 2642 2178 Romana;
2673 2125 2950 2178 Ecclesia:
2979 2126 3254 2196 praesule,
3278 2133 3497 2192 coacta,
3535 2143 3621 2196 ea,

1977 2227 2154 2282 quam.
2182 2210 2504 2282 publicavit
2532 2211 2901 2278 deﬁnitione,
2934 2213 3263 2267 secundum
3299 2215 3454 2268 hunc
3486 2231 3623 2268 sen-

1975 2317 2107 2355 sum
2165 2299 2582 2371 intelligendas
2632 2317 2802 2354 voces
2851 2301 3168 2371 ejusmodi,
3210 2302 3352 2356 olim
3403 2303 3622 2356 diserte

1975 2389 2166 2442 sanxit
2196 2407 2208 2454 ;
2238 2394 2302 2442 ut
2331 2389 2391 2442 in
2414 2387 2585 2442 nobis
2613 2405 2850 2458 quoque
2877 2389 3284 2458 peccatoribus
3308 2407 3374 2445 ac
3405 2389 3622 2444 humil-

1973 2476 2151 2540 limis,
2189 2477 2246 2530 id
2278 2481 2477 2546 aperte
2511 2475 2610 2529 Dei
2640 2477 2952 2547 sapientia,
2987 2479 3087 2548 qui
3132 2480 3429 2549 sapientes
3456 2497 3618 2534 com-

1971 2565 2282 2637 prehendit
2315 2565 2377 2618 in
2409 2565 2625 2620 astutia
2643 2581 2846 2618 eorum
2868 2563 2908 2630 3,
2945 2567 3184 2636 provide
3217 2569 3416 2638 egerit,
3451 2568 3608 2638 quod

1971 2654 2142 2724 ponit
2185 2653 2496 2724 Gregorius
2539 2653 2866 2725 Theologus
2906 2657 3168 2708 oratione
3215 2657 3277 2709 in
3331 2673 3608 2728 magnum

1973 2743 2278 2808 Basilium,
2309 2741 2410 2795 ubi
2444 2758 2601 2807 eum,
2634 2742 2814 2796 divini
2845 2743 3082 2797 Davidis
3132 2759 3304 2798 usum
3337 2745 3608 2813 consilio,

1973 2847 2110 2885 suos
2142 2831 2202 2884 in
2225 2830 2453 2901 judicio
2485 2829 2714 2884 inducit
2743 2831 3185 2901 dispensantem
3217 2848 3521 2887 sermones
3551 2834 3607 2900 9;

1973 2935 2038 2974 ac
2071 2919 2366 2990 propriam
2401 2919 2640 2990 quidem
2672 2936 2891 2986 vocem,
2927 2921 3084 2991 quod
3128 2927 3352 2992 spectat
3381 2922 3452 2976 ad
3484 2923 3610 2992 Spi-

1970 3009 2148 3062 ritum
2185 3013 2473 3064 sanctum.
2512 3008 2746 3061 silentio
2783 3009 3086 3078 pressisse,
3122 3009 3255 3064 aliis
3285 3027 3420 3064 vero
3454 3011 3611 3066 idem

1973 3095 2302 3150 valentibus
2325 3096 2482 3166 piam
2509 3097 2644 3150 ﬁdei
2669 3097 3150 3167 prmdicationem
3181 3099 3436 3154 ﬁrmare:
3465 3105 3614 3154 tam-

211 3208 379 3249 στεως
419 3189 692 3262 κήρυγμα·
753 3186 928 3242 καίτοι
985 3187 1047 3243 τὸ
1106 3183 1362 3264 διάφορον
1422 3187 1547 3241 ὅσον
1599 3185 1854 3258 ἑκατέρας

2044 3186 2070 3238 ,ἱ
2103 3186 2406 3239 neminem
2440 3187 2668 3240 nescire
2699 3191 2862 3256 puto.
2899 3192 3186 3256 quantum
3211 3188 3367 3240 inter
3389 3193 3614 3242 utrum-

213 3273 539 3342 ὑποθέσεως,
587 3277 686 3338 τῆς
739 3295 798 3328 τε
853 3275 974 3347 περὶ
1036 3275 1206 3343 αὐτὴν
1268 3296 1412 3347 φημι
1467 3275 1568 3343 τήν
1595 3280 1697 3343 τῆς
1730 3273 1846 3338 θεό-

209 3382 372 3432 τητος
427 3363 606 3416 πίστιν
650 3383 709 3416 τε
765 3363 855 3416 καὶ
913 3361 1234 3438 ὁμολογίαν,
1297 3364 1384 3418 καὶ
1443 3365 1550 3418 τῶν
1583 3364 1705 3437 περί
1751 3370 1851 3432 τῆς

210 3449 354 3511 θείας
413 3449 754 3526 σαρκώσεως,
815 3451 888 3512 ὡς
941 3452 968 3505 ὁ
1016 3450 1176 3513 αὐτὸς
1236 3451 1289 3506 έν
1341 3451 1518 3526 ἁγίοις
1579 3451 1862 3524 Θεολόγος

217 3537 547 3614 Γρηγόριος,
607 3538 1040 3614 φροντισμάτων,
1100 3539 1199 3594 ὅσα
1241 3542 1274 3610 ἡ
1307 3539 1655 3616 λεπτομερὴς
1702 3539 1860 3614 ἄναγ-

213 3626 383 3688 καίως
433 3625 678 3698 ἐπιζητεῖ
728 3629 931 3702 θεωρία
987 3628 1126 3703 πρὸς
1175 3625 1390 3699 ἔνδειξιν
1447 3635 1546 3697 τῆς
1587 3630 1702 3682 καθ’
1751 3628 1868 3682 ἐκα-

217 3715 374 3790 τέραν
421 3715 576 3792 φύσιν
635 3715 1004 3787 τελειότητος,
1055 3714 1276 3772 οὗδέναν
1329 3717 1386 3772 ἂν
1439 3718 1570 3789 οἶμα
1627 3717 1860 3792 ἀγνοεῖν,

222 3803 344 3879 Οὐχ
376 3806 451 3878 (d)
481 3805 556 3868 ὡς
585 3809 691 3860 τῶν
751 3806 876 3876 περί
933 3812 1034 3875 τῆς
1095 3806 1238 3870 θείας
1270 3805 1501 3883 φύσεως,
1541 3802 1711 3879 ἤγουν
1761 3812 1862 3876 τῆς

223 3898 496 3962 ζωοποιοῦ
545 3891 782 3968 Τριάδος
813 3891 992 3968 λόγων
1049 3913 1107 3946 τε
1146 3894 1236 3947 καὶ
1290 3893 1600 3968 δογμάτων,
1646 3893 1860 3966 μᾶλλον

218 3982 281 4036 τὸ
343 3981 758 4056 προηγούμενον
814 3981 1054 4056 ἑχόντων
1086 4025 1102 4052 ,
1163 3979 1590 4055 ὑπερανεστηκός
1660 4001 1718 4036 τε
1772 3981 1862 4036 καὶ

219 4069 638 4144 προτιμότερον.

291 4157 447 4214 Οὕτω
504 4159 606 4234 γὰρ
657 4158 749 4212 καὶ
795 4155 862 4211 τὰ
915 4157 1033 4211 κατ’
1092 4155 1447 4228 Εὖνομιανῶν
1493 4159 1609 4233 περὶ
1673 4157 1863 4214 θεολο-

221 4245 340 4320 γίας
375 4245 526 4322 λόγῳ
558 4245 818 4320 εἰρημένα
858 4249 940 4318 τῷ
967 4243 1116 4318 αὐτῷ
1172 4249 1322 4322 σοφῷ
1369 4245 1621 4320 Θεολόγῳ
1651 4243 1862 4317 έκδεξό-

225 4336 407 4406 μεθα,
463 4335 514 4389 ἐν
571 4335 650 4398 οἶς
706 4331 890 4390 τοιάδε
940 4333 1095 4413 φησί·
1160 4331 1522 4408 «Φιλοσόφει
1583 4355 1677 4405 μοι
1733 4336 1861 4410 περὶ

219 4421 452 4494 κόσμου,
481 4422 606 4498 περὶ
637 4421 798 4492 ὕλης,
859 4421 982 4495 περὶ
1041 4424 1248 4496 ψυχῆς,
1309 4422 1430 4497 περὶ
1490 4421 1726 4497 λογικῶν
1759 4421 1857 4500 φύ-

1961 3291 2076 3346 que
2115 3278 2528 3346 argumentum
2577 3274 2836 3342 referat;
2895 3275 3070 3342 inter,
3125 3277 3386 3347 inquam,
3421 3277 3610 3348 ipsam

1962 3363 2198 3418 deitatis
2233 3361 2412 3416 fidem
2445 3379 2512 3417 ac
2543 3363 3003 3428 confessionem,
3035 3371 3512 3436 'commentaque,
3545 3383 3612 3421 ac

1975 3452 2222 3507 subtiles
2251 3452 2635 3523 cogitationes
2662 3452 2733 3506 de
2757 3452 2954 3507 divina
2973 3453 3616 3525 incarnatione,quem-

1974 3541 2292 3596 admodum
2325 3541 2406 3594 ait
2449 3541 2604 3595 idem
2658 3547 2896 3596 sanctus
2929 3544 3236 3614 Gregorius
3266 3545 3610 3616 Theologus,

1975 3635 2264 3700 quotquot
2323 3629 2556 3683 subtilis
2615 3631 3057 3700 contemplatio,
3117 3632 3190 3684 ad
3245 3632 3610 3702 probandam

1973 3719 2282 3788 utriusque
2314 3722 2540 3772 natura)
2569 3717 3010 3788 perfectionem,
3037 3721 3390 3774 necessitate
3421 3723 3616 3790 requi-

1971 3806 2050 3860 rit
2099 3807 2324 3876 Quippe
2355 3805 2544 3876 liquet
2589 3811 2654 3860 ut
2699 3823 3003 3861 sermones
3048 3823 3114 3862 ac
3164 3808 3438 3880 dogmata
3481 3825 3615 3880 spe-

1971 3895 2192 3950 ctantia
2223 3894 2296 3948 ad
2328 3893 2588 3950 divinam
2629 3899 2924 3958 naturam,
2945 3895 3003 3950 id
3054 3901 3143 3950 est
3170 3897 3243 3950 ad
3268 3898 3614 3952 Trinitatem

1971 3983 2286 4050 vivificam,
2332 3983 2755 4054 principaliora
2806 3989 2966 4052 sunt,
3013 3985 3418 4057 majoremque
3462 3987 3612 4041 emi-

1971 4072 2240 4127 nentiam
2273 4089 2342 4126 ac
2369 4073 2770 4143 praestantiam
2805 4073 3044 4126 habent.

2044 4161 2136 4214 Sic
2154 4160 2312 4214 enim
2329 4161 2504 4214 etiam
2529 4161 2828 4230 accepturi
2851 4177 3054 4214 sumus
3068 4161 3139 4214 ab
3155 4161 3360 4216 eodem
3385 4165 3612 4233 sapien-

1971 4249 2014 4302 ti
2059 4249 2350 4320 Tbeologo
2401 4249 2630 4318 prolata
2677 4247 2956 4304 adversus
3002 4251 3423 4318 Eunomianos,
3453 4254 3608 4307 Orat.

1971 4337 2044 4392 de
2077 4335 2444 4408 theologiam,
2469 4351 2602 4390 cum
2624 4336 2706 4390 ita
2723 4336 2842 4390 ait:
2866 4359 2890 4387 υ
2923 4338 3058 4391 Mihi
3083 4338 3154 4392 de
3177 4339 3397 4394 mundo
3418 4342 3610 4412 philo-

1972 4425 2244 4496 sophare,
2264 4425 2336 4480 de
2358 4424 2627 4492 materia,
2651 4425 2724 4480 de
2747 4426 2970 4492 anima,
2993 4426 3064 4481 de
3086 4429 3316 4483 naturis
3349 4431 3610 4485 rationa-

221 4531 354 4565 σεων
405 4509 698 4587 βελτιόνων
743 4533 802 4568 τε
848 4511 938 4566 καὶ
995 4511 1283 4586 χειρόνων,
1325 4511 1448 4586 περὶ
1495 4499 1855 4586 ἀναστάσεως,

2044 4531 2133 4569 ius
2163 4517 2285 4569 tam
2313 4511 2486 4569 bonis
2515 4530 2692 4584 quam
2724 4514 2898 4570 malis
2928 4515 3025 4586 (7),
3059 4514 3130 4570 de
3153 4519 3605 4575 resurrectione.

339 4653 468 4712 Job.
497 4670 552 4721 ν,
573 4655 640 4710 13
675 4672 690 4721 ;
720 4657 745 4708 Ι
769 4655 900 4711 Cor.
933 4653 1132 4726 m,|i9.
1207 4655 1230 4690 '
1259 4655 1407 4710 Psal.
1440 4671 1548 4724 cxi,
1582 4659 1635 4712 5.
1668 4655 1715 4692 ιο
1745 4659 1901 4715 Orat.
1945 4657 2035 4712 33.

1567 4791 1798 4847 VARIIE
1867 4789 2265 4847 LECTIONES.

291 4875 366 4946 (ο)
395 4871 484 4928 καὶ
515 4871 790 4947 δκατέραν.
849 4874 930 4946 (d)
959 4891 1168 4947 περιττ.
1201 4872 1262 4927 τὸ
1294 4872 1418 4950 οὐχ.

217 4990 486 5045 viderent
533 4989 768 5061 tyranni
817 4989 921 5045 illa
978 4989 1382 5061 persuasione.
1442 4993 1515 5047 Ut
1569 4993 1854 5048 charitate

221 5007 486 5045 maerent.
533 5007 555 5044 ι
597 5007 768 5045 ranni
817 5007 921 5045 tua
978 5007 1382 5061 persuasxone.
1446 5007 1515 5047 υι
1569 5007 1854 5048 cnaritate

221 5061 538 5117 indulserit
555 5007 816 5116 Easilius
839 5060 1246 5129 Eunomianis,
1280 5062 1458 5117 etiam
1500 5064 1862 5119 indulserint

221 5131 450 5205 praefati
484 5132 742 5204 episcopi
771 5131 1219 5205 inﬁrmioribus
1249 5133 1590 5190 orthodoxis
1616 5151 1628 5188 :
1671 5135 1858 5190 nihilo

221 5202 472 5260 ininoris
499 5202 806 5274 momenti,
839 5209 904 5258 ut
931 5219 1006 5258 ne
1033 5203 1284 5274 Spiritus
1304 5211 1542 5260 sanctus
1565 5205 1861 5262 diceretur

222 5276 376 5330 Deus
408 5274 583 5330 etiam
635 5273 832 5330 Basilii
876 5273 1090 5341 (etate,
1119 5290 1296 5344 quam
1354 5281 1418 5330 ut
1462 5294 1536 5332 ne
1593 5277 1859 5332 Christus

224 5347 476 5402 duarum
508 5345 900 5418 Avoluntatum
929 5363 996 5400 ac
1043 5345 1473 5418 opera-tionum,
1515 5353 1648 5418 post
1681 5349 1858 5404 etiam

224 5433 278 5471 vx
341 5415 631 5490 synodum
666 5433 679 5471 :
717 5423 1034 5490 utrumque
1085 5415 1369 5490 nimirum
1425 5415 1730 5490 negative,
1791 5435 1858 5474 ac

224 5485 480 5559 quadam
538 5485 974 5559 abstractione',
1023 5485 1357 5559 noui/eiut
1412 5485 1728 5552 contrarie,
1789 5491 1860 5544 Ut

223 5557 384 5631 aliud
401 5559 788 5631 peccaverint
842 5557 1100 5631 episcopi
1129 5557 1484 5631 _Or_ie_ntales
1514 5561 1575 5614 in
1597 5577 1646 5613 v1
1683 5577 1856 5631 syno-

225 5627 366 5687 dum
397 5627 458 5685 in
487 5631 734 5702 gratiam
761 5627 1023 5686 haretici
1044 5627 1359 5702 principis,
1395 5647 1642 5702 eamque
1673 5627 1735 5686 se
1765 5647 1858 5686 re-

1963 4993 2216 5064 probare
2244 4993 2367 5047 ullo
2399 4992 2572 5048 modo
2607 4993 2858 5064 professi
2889 4993 3029 5064 sint,
3053 4992 3209 5046 haud
3241 4995 3485 5051 omnino
3517 5015 3610 5054 ex-

1966 5063 2214 5140 cusandi
2261 5065 2401 5140 sint,
2465 5063 2698 5140 tametsi
2761 5065 2948 5140 illata.
2979 5063 3062 5116 vis
3105 5065 3330 5140 crimen
3363 5067 3608 5140 dignum

1965 5135 2136 5210 venia
2163 5134 2322 5210 facit,
2356 5135 2509 5204 quod
2542 5137 2796 5210 Joannes
2821 5137 3024 5188 noster
3047 5135 3250 5190 multis
3271 5136 3330 5191 in
3361 5134 3610 5210 sequen-

1965 5205 2124 5262 tibus
2153 5206 2382 5261 erudite
2414 5207 2692 5260 ostendit.

2037 5277 2110 5346 (Ἴ)
2148 5279 2276 5332 Tam
2310 5277 2458 5354 bonis
2484 5293 2646 5354 quam
2677 5275 2854 5354 malis.
2892 5275 3352 5354 Manichaeorum
3386 5297 3604 5354 errore,

1965 5364 2032 5403 ac
2068 5365 2272 5402 eorum
2317 5349 2418 5419 qui
2448 5347 2636 5419 malos
2683 5363 2716 5400 a
2760 5353 2973 5402 natura
3021 5348 3324 5405 daemones
3372 5347 3604 5411 docent:

1965 5419 2058 5472 Sic
2091 5419 2152 5472 in
2183 5418 2431 5489 reliquis
2458 5418 2600 5472 varii
2633 5423 2771 5472 sunt
2800 5435 3048 5483 errores,
3085 5436 3232 5489 quos
3262 5423 3422 5478 velut
3451 5427 3608 5481 nihi-

1965 5489 2004 5566 l_i
2041 5489 2218 5566 habet
2249 5489 2584 5566 theologus,
2602 5489 2734 5566 ejus
2765 5491 3224 5560 comparatione,
3259 5495 3358 5566 qui
3390 5495 3450 5549 in
3482 5498 3610 5566 ipsa

1966 5561 2069 5614 Dei
2095 5565 2306 5616 natura
2334 5577 2400 5614 ac
2431 5559 2733 5627 Trinitate,
2767 5559 2989 5616 temere
3021 5559 3306 5618 scrutanti
3335 5559 3606 5624 commit-

1967 5631 2134 5690 titur.
