3888 6136
360 260 501 318 1427

1579 261 1888 318 JOANNIS
1923 260 2407 321 PATRIARCHB
2442 267 2552 322 ΟΡ.

3601 281 3708 339 1428

359 386 1247 456 Judicio,retributione,Christi
1262 385 1734 458 passionibus:in
1745 385 1837 441 his
1851 386 2006 441 enim

2128 382 2372 458 κρίσεως,
2414 387 2826 455 ἁνταποδόσεως
2858 435 2875 465 ,
2928 394 3161 469 Χριστοῦ
3244 397 3565 471 παθημάτων
3593 421 3606 436 ·
3664 406 3703 461 ἐν

363 495 475 536 nec
507 478 703 532 fructu
736 481 903 531 vacat
930 482 998 531 ut
1040 493 1243 531 verum
1288 476 1647 547 assequaris,
1698 492 1809 531 nec
1838 475 2016 530 habet

364 566 702 641 periculum
733 571 799 620 ut
823 582 1079 621 exerres.
1119 587 1146 615 »
1176 567 1310 621 Haec
1334 564 1562 634 doctor,
1583 582 1705 620 non
1737 565 2016 636 simplici-

361 657 661 729 terposuit
682 672 749 711 ac
772 655 1175 720 absolute,sed
1189 655 1447 725 quadam
1470 653 2014 725 comparatione,ad

362 763 433 802 ea
462 763 593 817 quae
624 745 905 800 dicuntur
933 761 1000 799 ac
1032 748 1380 798 astruuntur
1405 742 1476 799 de
1493 743 1690 799 divina
1709 743 2012 798 Trinitate.

360 837 473 891 Per
508 835 666 889 hunc
697 834 895 903 itaque
929 832 1393 903 dispensationis
1424 838 1787 903 eventusque
1818 847 1888 886 ex
1918 847 2017 885 ne-

365 924 644 980 cessitate
672 922 937 988 modum,
971 927 1136 993 gesta
1167 937 1403 991 quoque
1436 921 1670 992 reliqua
1698 937 1831 975 cum
1854 924 2012 974 certo

362 1013 646 1069 noveritis
676 1011 1022 1083 procedere,
1056 1010 1440 1076 sanctissimi,
1465 1026 1540 1064 ne
1570 1010 1631 1063 in
1662 1010 1756 1064 his
1787 1008 2014 1064 crimen

361 1118 484 1158 non
515 1101 940 1174 ignoscendum
971 1099 1145 1154 nobis
1187 1099 1388 1170 afﬁngi
1420 1097 1762 1170 patiamini:
1812 1098 1930 1152 imo
1963 1097 2013 1152 si

363 1190 508 1262 quid
539 1190 925 1245 commissum
972 1188 1241 1243 videatur
1289 1192 1497 1242 contra
1539 1186 1695 1258 quod
1747 1186 2015 1254 exigebat

362 1285 638 1336 accurata
664 1279 837 1339 ratio.
864 1294 1069 1333 eorum
1088 1276 1426 1342 collatione,
1448 1292 1577 1347 quae
1608 1292 1643 1330 a
1663 1276 1883 1331 sanctis
1904 1277 2011 1330 Pa-

363 1369 556 1424 tribus
588 1384 694 1439 per
747 1366 1140 1422 oeconomiam
1170 1370 1608 1437 precesserunt,
1640 1363 2012 1434 inculpatum

361 1457 669 1525 habeatur,
704 1462 763 1511 et
780 1455 851 1511 ab
875 1454 1037 1511 omni
1056 1454 1551 1510 condemnatione
1568 1453 1846 1508 liberum.
1867 1455 2011 1507 Nam

364 1552 422 1603 et
467 1545 940 1618 sapientissimus
1000 1544 1253 1615 Cyrillus
1307 1543 1638 1599 mconomia
1692 1546 1917 1608 monet,
1948 1545 2013 1594 ut

364 1652 439 1692 ne
496 1635 851 1690 nominatim
889 1633 1291 1706 proscribatur
1346 1631 1686 1686 Theodorus
1742 1633 2013 1701 Mopsue-

368 1732 594 1793 stenus,
626 1725 709 1779 ita
738 1723 1054 1793 indulgens
1083 1722 1156 1777 iis
1189 1721 1288 1792 qui
1335 1720 1528 1775 adhuc
1558 1719 1919 1775 imbecillius
1950 1719 2013 1773 in

370 1816 481 1870 hoc
510 1813 817 1878 haberent,
851 1828 986 1867 cum
1017 1816 1217 1866 tamen
1251 1810 1614 1865 Nestorianze
1661 1825 1796 1863 eum
1826 1808 2016 1863 hiare-

373 1907 457 1962 sis
488 1910 791 1961 auctorem
840 1920 908 1959 ac
939 1908 1168 1974 patrem
1217 1901 1401 1972 probe
1444 1904 1664 1956 nosset.
1711 1902 1794 1953 Ac
1823 1899 2018 1970 palam

374 1995 583 2067 liquet,
615 2010 685 2048 ex
712 1994 787 2048 iis
816 2009 949 2063 quae
980 1991 1090 2045 hoc
1120 1994 1465 2062 argumento
1508 1988 1747 2060 scripsit
1775 1988 1849 2043 ad
1881 2004 2019 2043 san-

376 2089 535 2139 ctum
561 2082 855 2145 Proclum,
877 2079 1266 2135 sanctissimas
1289 2083 1505 2132 nostrzs
1524 2077 2018 2147 Constantinopo-

372 2172 575 2227 litanae
610 2171 885 2224 Ecclesim
918 2168 1218 2238 quondam
1242 2167 1588 2220 antistitem.
1622 2167 1822 2229 Porro,
1844 2181 2019 2234 quem

373 2261 646 2332 superius
669 2258 1098 2313 declaravimus
1116 2255 1252 2310 ﬁdei
1275 2259 1616 2325 tyrannum,
1637 2254 2020 2308 cauteriatam

370 2351 599 2407 habens
630 2348 1080 2415 conscientiam,
1111 2344 1617 2417 quemadmodum
1648 2343 1911 2414 loquitur
1927 2360 2022 2398 sa-

370 2439 744 2495 cratissimus
804 2436 1022 2491 Paulus
1056 2436 1120 2504 “,
1164 2439 1505 2489 memorata)
1566 2438 1784 2488 sanctaa
1842 2438 2021 2487 sexta)

372 2529 584 2601 synodi
619 2532 887 2583 actorum
922 2532 1112 2581 tomos
1142 2525 1203 2579 in
1236 2524 1457 2595 palatio
1489 2523 1799 2594 repositos,
1842 2538 2021 2577 ausus

373 2624 463 2674 est
491 2618 839 2673 comburere
867 2633 880 2681 ;
918 2621 1081 2670 ratus
1111 2615 1258 2681 fore,
1292 2617 1581 2683 quantum
1614 2611 1855 2682 quidem
1872 2610 2025 2666 vide-

371 2708 563 2772 batur,
596 2713 661 2761 ut
692 2705 903 2761 iisdem
945 2704 1168 2776 pariter
1214 2702 1472 2758 flammis
1504 2716 1840 2757 sermonem
1870 2700 2021 2754 veri-

371 2798 511 2853 tatis
541 2796 823 2851 aboleret.

445 2978 733 3031 Caeterum
763 2975 820 3028 in
844 2974 954 3027 hoc
968 2970 1410 3026 sinentesinani
1427 2986 1561 3025 eum
1585 2967 2018 3024 existimatione

371 3066 587 3137 decipi,
642 3083 709 3120 ac
753 3064 911 3118 velut
957 3079 1062 3133 pro
1107 3077 1320 3133 magno
1369 3060 1628 3115 facinore
1676 3074 1780 3113 suo
1834 3057 2019 3128 ipsius

2121 474 2339 538 τοῦτοις
2394 477 2531 553 γὰρ,
2591 480 2680 536 καὶ
2734 502 2797 536 το
2854 480 3237 559 ἐπιτυγχάνειν
3297 485 3395 542 οὐκ
3455 487 3705 565 ἄχρηστον,

2122 563 2212 616 καὶ
2258 564 2320 618 τὸ
2381 566 2704 639 ἁμαρτάνειν
2739 611 2755 638 ,
2814 570 3115 630 ἀκίνδυνον.
3167 598 3196 626 ››
3244 575 3367 651 Οὐχ
3419 563 3590 645 ἁπλῶς
3628 584 3706 659 γὰρ

2121 657 2288 709 ταῦτα
2335 657 2424 711 καὶ
2477 659 2767 725 ἀπολύτως
2828 661 3061 719 τέθεικεν
3119 666 3148 721 6
3199 664 3559 743 διδάσκαλος,

2118 744 2198 812 τῷ
2252 743 2390 798 κατὰ
2448 745 2867 824 ἆντιπαράθεσιν
2927 750 3084 828 λόγῳ
3119 797 3134 823 ,
3183 755 3321 827 πρὸς
3373 756 3439 812 τὰ
3482 761 3595 831 περὶ
3637 766 3709 826 τῆς

2123 831 2274 899 θείῆς
2305 831 2534 919 Τριάδος
2575 833 2845 911 λεγόμενά
2884 860 2943 895 τε
2991 841 3082 896 καὶ
3132 839 3574 919 δογματιζόμενα.
3601 852 3710 905 Κατᾶ

2118 922 2310 1010 τοῦτον
2343 918 2410 992 δὴ
2441 923 2531 977 τὸν
2580 932 2680 995 τῆς
2734 926 3091 1001 οἰκονομικῆς
3147 918 3237 985 καὶ
3289 934 3424 988 κατὰ
3448 937 3706 1010 περίστασιν

2122 1003 2443 1081 συμϐάσεως
2473 1013 2702 1088 τρόπον,
2758 1018 2848 1071 καὶ
2905 1017 2973 1073 τὰ
3030 1017 3200 1075 λοιπὰ
3252 1025 3361 1076 τῶν
3390 1003 3707 1099 γεγενημένων

2121 1098 2406 1170 προελθεῖν
2466 1102 2824 1176 πειθόμενοι,
2883 1108 3229 1181 ἁγιώτατοι,
3287 1111 3363 1183 μὴ
3408 1098 3709 1190 νάσύγνωστον

2121 1187 2256 1258 ἡμῖν
2314 1187 2493 1244 τὸέπὶ
2549 1191 2765 1256 τούτοις
2816 1193 3070 1270 ἔγκλημα
3127 1207 3487 1276 προσαγαγεῖν
3532 1187 3710 1260 inanii-

2122 1278 2301 1366 ξησοε·
2336 1276 2480 1334 ἄλλᾶ
2508 1279 2603 1334 κᾶν
2634 1302 2687 1336 τι
2734 1290 2833 1353 τῆς
2889 1281 3165 1359 ἀκριϐείας
3224 1290 3359 1362 ἡμῖν
3416 1292 3710 1366 ἡμαρτῆσθαι

2123 1364 2441 1457 ῦπονοῆται,
2497 1372 2566 1442 τῇ
2597 1375 2888 1445 παραθέσει
2947 1381 3058 1431 τῶν
3107 1374 3167 1431 ἐκ
3193 1381 3300 1431 τῶν
3322 1377 3483 1452 ἁγίων
3532 1364 3711 1457 Πατρῶν

2119 1454 2281 1524 ἡμῶν
2342 1454 2708 1530 οἰκονομικῶς
2763 1461 3185 1536 προελθόντων,
3236 1464 3549 1533 ἀπολυέσθω
3596 1454 3713 1525 ἀνεύ-

2119 1541 2323 1630 θυνον,
2380 1544 2469 1598 καὶ
2520 1548 2699 1618 πάσης
2773 1548 3057 1628 ἐλεύθερον
3137 1557 3503 1630 κατακρίσεως
3532 1603 3547 1616 .
3597 1560 3712 1614 Ἐπεὶ

2119 1629 2208 1723 καὶ
2258 1629 2583 1723 Κῦριλλοςό
2614 1636 2949 1714 σοφώτατος,
3012 1642 3087 1714 μὴ
3148 1629 3332 1719 ῥητῶς
3394 1645 3711 1723 ἀποκηρύττε-

2122 1719 2251 1809 σθαι,
2271 1720 2360 1774 τὸν
2415 1726 2792 1796 Μοψουεστίας
2851 1726 3129 1802 Θεόδωρον
3188 1739 3472 1809 παρεγγυᾷ
3519 1719 3715 1791 adoino-

2122 1808 2366 1901 vopiavA,
2424 1816 2790 1901 χαριζόμενος
2864 1827 2983 1883 τοῖς
3052 1816 3130 1877 ἔτι
3187 1822 3554 1901 ἀσθενεστερον
3620 1827 3714 1900 περὶ

2122 1902 2283 1954 τοῦτο
2316 1896 2699 1974 διακειμένοις,
2753 1909 2929 1964 καιτοί
2984 1909 3235 1986 ἀρχηγὸν
3294 1914 3383 1968 καὶ
3433 1896 3617 1986 πατέρα
3638 1896 3712 1985 τῆς

2125 1993 2417 2061 Νεστοριου
2465 1990 2783 2067 κακοδοξίας
2841 1996 3041 2054 ἐκεῖνον
3098 1998 3280 2064 εἰδώς.
3313 2004 3420 2059 Καὶ
3474 2008 3616 2059 τοῦτο
3640 2002 3712 2074 δη·

2127 2074 2341 2168 λοῖ,ῗτα
2367 2080 2490 2154 περὶ
2537 2080 2733 2138 τούτου
2788 2089 3057 2165 γραφέντα
3113 2091 3240 2164 παρ’
3298 2091 3483 2159 αὐτοῦ,
3514 2093 3630 2168 πρὸς
3649 2095 3716 2149 τὸν

2244 2166 2418 2256 ἆιγίοις
2474 2169 2745 2244 Πρόκλον,
2788 2176 2881 2229 τὸν
2930 2180 3030 2242 τῆς
3088 2180 3208 2242 καθ’
3262 2182 3414 2254 ἡμᾶς
3469 2164 3720 2256 ἁγιωτάτης

2122 2251 2455 2345 ἶΕκκλησίας
2509 2258 2946 2336 προεδρεύσαντα
2991 2309 3002 2321 .
3084 2267 3182 2321 Καὶ
3263 2251 3318 2323 6v
3381 2271 3473 2342 μὲν
3512 2251 3718 2345 -ἀνωτέρω

2127 2338 2399 2432 δηλωθεῖς
2448 2349 2548 2432 τῆς
2608 2349 2840 2416 πίστεως
2892 2352 3178 2430 τύραννος,
3236 2338 3717 2432 κεκαυτηριασμένην

2127 2426 2273 2522 ἔχων
2304 2432 2407 2505 τὴν
2457 2431 2598 2490 ἰδίαν
2648 2426 2974 2510 συνείδησιν,
3005 2444 3184 2506 καθώς
3215 2465 3381 2522 φησιν
3416 2446 3444 2500 6
3464 2426 3713 2521 ⁷ἱερώτατος

2126 2518 2345 2581 Παῦλος
2377 2566 2393 2591 ,
2451 2530 2783 2583 κατακαῦσαι
2839 2530 3149 2604 τετόλμηκε
3204 2518 3335 2597 τοὺς
3404 2518 3595 2607 τόμούς
3640 2539 3718 2589 τῶν

2126 2609 2522 2708 πεπραγμένών
2583 2621 2682 2684 τῆς
2741 2613 3186 2690 διονομασθείσης
3237 2621 3396 2696 ἁγίας
3435 2620 3581 2692 ἕκτης
3628 2643 3718 2677 om-

2127 2688 2278 2785 ὁδου,
2320 2695 2447 2761 τοὺς
2478 2697 2531 2753 ἐν
2588 2707 2670 2775 τῷ
2726 2688 2976 2780 παλατίῳ
3032 2688 3450 2783 ἀποκειμένους,
3504 2688 3719 2785 οίόμενος,

2124 2781 2262 2876 κατδι
2286 2805 2346 2876 γε
2374 2787 2435 2842 τὸ
2475 2788 2640 2845 αὐτοῦ
2699 2790 2892 2849 δοκοῦν
2953 2781 3389 2876 συνεξαφανίζειν
3433 2781 3629 2861 τούτοις
3652 2803 3721 2865 τῆς

2124 2868 2387 2939 ἀληθείας
2415 2877 2507 2932 τὸν
2540 2877 2723 2955 λόγον.

2195 2961 2387 3034 Ἡμεῖς
2434 2963 2491 3021 δὲ
2519 2973 2711 3026 τοῦτον
2743 2972 2989 3037 ἐάσαντες
3043 2979 3112 3049 τῇ
3168 2976 3361 3032 ἑαυτοῦ
3420 2976 3721 3034 έναπατᾶσθαι

2127 3046 2326 3141 οίήσει,
2376 3056 2467 3108 καί
2523 3057 2597 3119 ὡς
2656 3057 2745 3114 ἐπὶ
2815 3064 3043 3137 μεγάΑῳ
3088 3046 3204 3119 ’τινὶ
3261 3067 3629 3141 κατορθώματι
3674 3069 3719 3137 τῇ

633 3153 896 3225 gloriari,
944 3120 1290 3223 diligentem
1334 3148 1713 3204 adhibuimus
1754 3120 2018 3217 operam,

2128 3137 2304 3232 οἰκείᾳ
2362 3153 2771 3222 συγκαυχᾶσθαι
2815 3120 3081 3228 ιαίσχύνῃ
3113 3196 3128 3223 ,
3182 3120 3466 3225 ἐπιμελές
3519 3120 3718 3232 ’παρεφυῖ

366 3249 434 3300 ut
462 3245 631 3299 dictae
659 3247 877 3298 sanctae
910 3247 1088 3295 sexta:
1121 3239 1329 3311 synodi
1360 3243 1625 3293 actorum
1648 3242 1839 3291 tomos
1869 3234 2025 3306 apud

368 3350 480 3390 nos
499 3331 809 3401 repositos,
837 3329 1078 3383 interim
1111 3343 1494 3392 servaremus,
1520 3324 1822 3396 iniquibus
1844 3324 2023 3378 etiam

365 3421 674 3478 habentur
700 3419 1132 3488 episcoporum,
1159 3420 1450 3485 quotquot
1478 3414 1552 3468 ad
1583 3417 1850 3469 sanctam
1873 3412 2027 3483 ejus-

373 3510 531 3567 modi
576 3508 871 3578 synodum
919 3509 1343 3571 convenerunt,
1396 3502 1861 3573 subscriptiones
1904 3516 2026 3556 una

375 3615 509 3656 cum
542 3595 915 3668 imperatoris
967 3594 1417 3665 consignatione
1469 3608 1535 3647 ac
1587 3592 1801 3662 sigillo,
1853 3590 2023 3645 εάἰιω

379 3689 450 3746 ab
484 3706 553 3743 ea
574 3687 925 3744 deﬁnitione
947 3685 1216 3756 adjectae.
1242 3683 1477 3755 Alioqui
1498 3700 1658 3747 vero,
1682 3681 2025 3754 diligentius

378 3779 599 3834 nostris
647 3778 774 3848 jam
848 3774 1217 3846 temporibus
1296 3778 1533 3828 cautum
1591 3777 1698 3838 est,
1760 3770 2025 3840 ejusdem

386 3866 599 3939 synodi
652 3870 921 3919 actorum
981 3863 1278 3917 inviolatae
1357 3861 1810 3928 conservationi,
1879 3873 2027 3929 qua-

377 3961 549 4010 tenus
590 3954 768 4008 etiam
817 3952 1071 4022 scriptus
1127 3950 1279 4004 liber
1335 3965 1518 4003 manu
1574 3948 1813 4019 propria
1859 3947 2027 4001 Pauli

374 4049 592 4099 sanctis
642 4041 947 4096 memoriae
998 4039 1301 4110 quondam
1357 4035 2023 4106 Constantinopolitanae

368 4140 586 4190 nostraa
641 4132 923 4188 Ecclesia)
973 4130 1270 4203 praesulis,
1324 4129 1425 4183 Dei
1474 4126 1661 4200 gratia
1713 4126 1869 4198 apud
1914 4141 2024 4181 nos

368 4229 655 4288 servatur,
688 4222 852 4292 quia
899 4221 1142 4275 secretis
1193 4217 1509 4284 exsistens,
1561 4214 1845 4287 ejusmodi
1879 4231 2023 4286 syn-

366 4313 479 4368 odo
511 4311 889 4368 ministravit.
941 4310 1013 4364 Ut
1043 4309 1181 4362 hinc
1212 4308 1273 4361 in
1301 4312 1607 4377 posterum
1640 4320 1847 4361 secura
1898 4318 2022 4358 ma-

370 4407 510 4459 neat
540 4402 640 4456 Dei
671 4398 953 4462 Ecclesia,
984 4396 1110 4450 fore
1140 4400 1208 4450 ut
1227 4412 1301 4449 ne
1329 4395 1463 4465 quis
1492 4410 1737 4465 prorsus
1758 4392 2015 4464 maligno

2134 3223 2367 3302 λάξαμεν
2434 3232 2561 3297 τοὺς
2636 3240 2761 3314 παρ’
2810 3241 2946 3313 ἡμῖν
3036 3242 3427 3316 ἀποκειμένους
3490 3248 3588 3299 τῶν

2132 3323 2457 3393 πραγμὲνων
2514 3324 2721 3397 τόμους
2776 3335 2876 3397 τῆς
2952 3326 3406 3404 διονομασθείσης
3482 3332 3617 3406 ἁγίας
3657 3329 3715 3384 ἔκ·

2132 3426 2232 3477 της
2309 3408 2561 3483 συνόδου,
2621 3413 2672 3469 έν
2758 3417 2837 3479 οἷς
2939 3418 3030 3473 καὶ
3103 3420 3158 3473 αἱ
3230 3424 3339 3475 τῶν
3409 3420 3717 3477 συνελθόντων

2134 3495 2380 3586 ᾀπάντων
2462 3500 2770 3559 ἐπισκόπων
2827 3506 2879 3562 ἐν
2934 3512 3003 3582 τῇ
3059 3507 3283 3582 τοιαύτῃ
3363 3510 3484 3586 ἁγίᾳ
3557 3506 3718 3579 συνόδῳ

2135 3584 2443 3666 ὑπογραφαὶ
2506 3592 2640 3664 μετὰ
2692 3596 2791 3663 τῆς
2852 3595 3144 3671 βασιλικῆς
3202 3584 3638 3671 ὑποσημειώσεως
3681 3593 3718 3649 ἓν

2132 3679 2212 3746 τῷ
2241 3679 2369 3763 παρ’
2418 3678 2585 3750 αὐτῆς
2641 3680 2905 3739 ἐκτεθέντι
2962 3684 3077 3760 ὅρῳ
3133 3685 3481 3763 έμφέρονται.
3526 3686 3617 3743 Καὶ
3637 3685 3720 3739 ἑτέο

2135 3783 2242 3839 ρως
2274 3761 2352 3835 δὶ,
2376 3765 2427 3821 ἐν
2459 3773 2537 3841 τῷ
2564 3772 2685 3825 καθ’
2733 3775 2881 3845 ἡμᾶς
2924 3775 3130 3849 χρόνῳ,
3160 3761 3228 3830 τὸ⁷
3254 3774 3558 3832 ἆδιάπτωτα
3582 3772 3715 3851 φυλα-

2135 3855 2335 3927 χθῆναι
2393 3858 2462 3911 τὰ
2522 3862 2873 3936 πεπραγμένα
2925 3866 3026 3927 τῆς
3096 3862 3264 3933 αὐτῆς
3331 3866 3484 3939 ἁγίας
3537 3860 3717 3919 συνόδου

2135 3941 2576 4022 φιλοπονώτερον
2633 3948 3049 4022 διεσπουδάσθη,
3081 3954 3215 4016 καθὸ
3243 3953 3333 4008 καὶ
3370 3949 3574 4028 βιϐλίον
3615 3948 3717 4004 i326-

2131 4050 2335 4109 γραφον
2397 4034 2618 4092 Παύλου
2674 4043 2770 4093 τοῦ
2825 4046 2924 4108 τῆς
2980 4041 3137 4114 ἁγίας
3214 4043 3441 4115 μνήμης
3500 4037 3715 4116 προέδρου

2132 4122 2421 4193 γεγονότος
2467 4130 2568 4193 τῆς
2625 4129 2743 4189 καθ’
2827 4130 2973 4200 ἡμᾶς
3031 4130 3341 4204 ἁγιωτάτης
3398 4126 3714 4198 Ἐκκλησία»

2136 4207 2323 4283 χάριτι
2357 4216 2489 4267 Θεοῦ
2547 4215 2774 4283 σώζεται
2827 4218 2954 4291 παρ’
3010 4220 3171 4290 ἡμῖν,
3213 4219 3272 4280 ὃς
3323 4218 3597 4294 ἆσεκρῆτις
3640 4215 3714 4270 ὑπ·

2135 4299 2346 4373 ἀρχων,
2389 4298 2442 4355 ἔν
2499 4305 2568 4375 τῇ
2623 4303 2846 4379 τοιαύτῃ
2900 4303 3117 4379 συνόδῳ
3170 4308 3616 4383 καθυπούργησεν.
3651 4303 3713 4360 Ὠς

2134 4384 2195 4442 ἐκ
2220 4389 2415 4444 τούτου
2443 4390 2506 4446 τὸ
2536 4390 2772 4468 ἀσφαλὲς
2818 4393 2908 4448 καὶ
2965 4392 3017 4449 έν
3044 4399 3160 4458 τοῖς
3220 4395 3356 4467 μετᾶ
3382 4399 3544 4451 ταῦτα
3567 4396 3625 4467 τῇ
3644 4391 3713 4445 τοῖν

375 4491 499 4547 ullo
533 4489 803 4555 consilio,
841 4485 1041 4556 qualia
1064 4483 1253 4539 multa
1281 4483 1342 4537 in
1365 4482 1643 4537 humanis
1664 4485 1897 4551 tempus
1918 4497 2018 4534 no-

2135 4480 2268 4531 Θεοῦ
2298 4475 2592 4550 Ἐκκλησία
2638 4487 2936 4556 προσεῖναι,
2966 4486 3063 4537 τοῦ
3105 4484 3181 4555 μὴ
3210 4504 3333 4538 τινα
3387 4487 3493 4538 τῶν
3545 4482 3710 4536 πάντων

376 4594 510 4635 vare
540 4578 710 4642 solet,
760 4574 1093 4629 adulterare
1147 4570 1380 4632 audeat,
1434 4570 1517 4623 sic
1565 4569 1843 4623 continue
1883 4585 2023 4621 con-

378 4667 617 4737 scripta,
666 4668 732 4718 ut
776 4661 1004 4734 praefati
1060 4676 1284 4727 sumus,
1337 4662 1554 4712 sanctae
1603 4662 1782 4711 sextae
1814 4655 2021 4726 synodi

377 4760 525 4821 acta,
560 4770 669 4808 nec
700 4753 761 4806 in
794 4751 942 4806 alios
988 4753 1257 4803 auctores
1305 4746 1493 4818 possit
1520 4743 1869 4799 veteratoria
1899 4749 2022 4798 arte

375 4844 616 4900 referre.
653 4841 876 4912 Quippe
925 4838 1193 4892 futurum
1239 4841 1347 4903 est,
1397 4840 1462 4890 ut
1492 4835 1723 4891 sincera
1751 4832 2022 4903 nihilque

374 4934 705 4990 adulterata
733 4929 967 4991 veritas,
1024 4944 1094 4982 ex
1141 4924 1432 4996 ejusmodi
1482 4924 1632 4979 libro
1659 4921 2021 4978 luculentius

374 5023 651 5078 omnibus
682 5021 879 5091 palam
938 5018 1058 5073 ﬁat.
1092 5014 1327 5070 Etenim
1375 5030 1546 5067 verus
1576 5029 1793 5083 praeses
1821 5016 2023 5066 noster

372 5128 439 5168 ac
489 5111 770 5175 Salvator,
838 5106 1127 5162 Dominus
1183 5105 1351 5159 Jesus
1396 5101 1680 5170 Christus,
1740 5099 1897 5155 haud
1946 5100 2019 5154 ad

368 5202 611 5273 longum
662 5204 916 5268 tempus,
968 5195 1254 5266 patientia
1304 5193 1366 5246 in
1417 5189 1759 5262 hujusmodi
1800 5190 2015 5255 ferens,

372 5290 631 5346 dormire
666 5284 1017 5342 sustinuit”.
1050 5287 1385 5356 Exsurgens
1429 5280 1744 5351 siquidem,
1778 5295 1885 5332 sua
1912 5278 2019 5332 bo-

373 5380 557 5435 nitate
576 5394 643 5433 ac
672 5377 906 5443 virtute,
940 5389 1098 5428 nunc
1139 5389 1372 5444 quoque
1404 5370 1619 5426 ﬂuctus
1654 5367 2013 5438 increpavit;

451 5592 494 5626 ¹¹
523 5593 548 5645 Ι
578 5589 723 5644 Tim.
756 5604 834 5657 1v,
860 5588 913 5645 2.
987 5585 1031 5622 ¹²
1063 5584 1262 5640 Matth.
1294 5600 1413 5650 vm,
1446 5584 1534 5638 26.

2131 4565 2389 4636 κακονοίᾳ
2418 4568 2545 4639 τινὶ,
2579 4570 2667 4622 οἷα
2720 4567 2907 4624 πολλᾶ
2959 4577 3304 4643 καινοτομεῖν
3356 4569 3539 4635 εἴωθεν
3561 4568 3605 4624 έν
3628 4570 3708 4623 τοῖς

2132 4650 2440 4729 ἀνθρώποις
2471 4656 2497 4709 ὁ
2530 4656 2751 4732 χρόνος,
2811 4659 3149 4714 ὑπονοθεύειν
3200 4660 3517 4733 ἀποτολμᾷν
3570 4657 3625 4712 τὰ
3655 4655 3705 4710 ὡς

2129 4741 2487 4814 προλέλεκται
2549 4750 2784 4820 συνεχῶς
2841 4748 3197 4823 πεπραγμένα
3246 4752 3347 4814 τῆς
3404 4749 3552 4822 ἁγίας
3589 4744 3707 4809 ἕκτης

2130 4829 2404 4901 συνόδου,
2456 4832 2490 4902 ἢ
2547 4837 2899 4911 κακοτρόπως
2970 4834 3172 4909 ἑτέροις
3241 4837 3308 4892 τὰ
3366 4841 3579 4893 τοιαῦτα
3625 4833 3705 4887 ἐπι·

2130 4920 2387 4998 φημίζειν
2420 4921 2668 4977 δύνασθαι
2694 4966 2707 4981 .
2739 4924 2809 4978 Τὸ
2845 4926 2946 5000 γὰρ
2977 4924 3395 5000 ἀπαράγραπτόν
3425 4946 3483 4979 τε
3511 4924 3591 4979 καὶ
3613 4918 3707 4997 TW;

2131 5031 2244 5064 σιον
2276 5018 2375 5080 τῆς
2408 5012 2685 5082 ἀληθείας,
2717 5013 2805 5067 καὶ
2848 5012 2907 5068 ἐκ
2959 5018 3057 5067 τοῦ
3112 5013 3363 5069 τοιούτου
3399 5009 3602 5089 βιϐλίου
3619 5014 3709 5062 πᾶσι

2130 5097 2478 5176 δειχθήσεται
2536 5101 2927 5179 φανερώτερον.
2995 5100 3216 5170 Ἐπειδή
3267 5104 3295 5156 6
3336 5102 3546 5171 ἀληθής
3590 5098 3708 5169 ἡμῶν

2126 5185 2417 5259 ἐπιστάτης
2471 5190 2559 5244 καὶ
2624 5190 2820 5263 Σωτὴρ
2853 5189 2880 5244 6
2912 5188 3105 5262 Κύριος
3158 5191 3368 5259 Ἰησοῦς
3417 5187 3625 5264 Χριστὸς
3648 5179 3707 5234 ἐπὶ

2124 5277 2269 5334 πολὺ
2320 5283 2388 5352 τῇ
2447 5277 2500 5334 ἐν
2556 5277 2776 5339 τούτοις
2832 5274 3008 5352 ἅνοχῇ
3061 5277 3265 5332 ὐπνοῦν
3317 5277 3414 5333 οὐκ
3459 5277 3707 5347 ἠνέσχετο,

2125 5363 2434 5440 διαναστὰς,
2490 5371 2559 5442 τῇ
2621 5366 2796 5440 οἰκείᾳ
2842 5366 3133 5443 ἀγαθότητι
3165 5368 3256 5422 καὶ
3309 5365 3547 5441 δυνάμει,
3575 5354 3707 5417 ἐπετί-
