3888 6136
210 340 352 397 1429

1228 344 1576 401 EPISTOLA
1614 347 1713 399 AD
1749 344 2312 401 CONBTANTINUM
2350 342 2600 399 PAPAM

3476 341 3614 397 1430

208 485 347 537 μησε
375 462 464 518 καὶ
495 467 585 519 νῦν
618 468 698 540 τῷ
724 463 988 537 κλυδῶνι,
1031 467 1095 521 οὗ
1143 470 1240 522 τοῦ
1289 465 1504 538 ὕδατος,
1561 465 1705 521 ἀλλὰ
1749 470 1823 520 toi

2005 485 2081 523 on
2112 483 2279 538 aqua:
2303 467 2457 533 illos,
2492 467 2594 523 sed
2625 468 2815 539 iniqui
2850 474 3116 522 conatus.
3152 469 3231 522 Ac
3270 466 3596 538 procellam

205 552 444 627 ἀθέσμου
500 552 931 629 ἐγχειρήματος·
991 557 1081 610 καὶ
1138 556 1228 611 τὸν
1295 557 1391 630 μὲν
1449 561 1702 631 ’χειμῶνα
1746 562 1847 624 τῆς

200 646 309 697 τῶν
371 643 710 713 Ἐκκλησιῶν
774 643 948 715 ζάλης
1024 648 1344 700 κατέπαυσε
1421 644 1735 720 ἐδωρήσατο
1794 642 1850 699 δὲ

201 733 338 804 ἡμῖν
368 732 469 801 τὴν
505 730 751 807 μεγάλην
780 737 888 787 τῶν
929 736 1269 810 πραγμάτων
1330 734 1599 811 γαλήνην,
1651 728 1846 804 εὐσεϐῆ

210 820 437 895 βασιλέα
492 821 580 875 καὶ
637 823 772 876 κατὰ
827 824 1003 878 πάντα
1083 822 1354 900 ἐνάρετον,
1430 823 1737 902 ἐφάμιλλόν
1790 844 1849 878 τε

201 908 295 963 καὶ
324 907 467 982 ἄξιον
494 913 590 964 τοῦ
620 908 789 985 ῧψους
838 915 940 977 τῆς
1001 909 1300 987 βασιλείσς,
1360 913 1692 985 κεκτημένον
1749 919 1849 981 τῆς

201 997 523 1074 όρθοδοείας
553 1000 645 1055 τὸν
683 1000 874 1071 ζῆλον,
919 1002 1009 1056 καὶ
1063 1006 1169 1056 τῶν
1214 1003 1433 1076 τρόπων
1483 1003 1545 1057 τὸ
1592 1001 1845 1074 κόσμιον,

201 1086 536 1163 φερωνύμως
591 1086 959 1158 ἀναστήσαντα
1031 1092 1167 1163 ἡμῖν
1240 1090 1339 1159 τήν
1391 1087 1843 1159 ἐκκλησιαστικήν

197 1173 421 1248 εἰρήνην
451 1197 511 1232 τε
538 1175 629 1230 καὶ
680 1175 963 1250 ὁμόνοιαν.
1024 1176 1365 1251 Ηεποίθαμεν
1413 1174 1471 1232 δὲ
1518 1181 1598 1250 τῷ
1642 1177 1843 1248 ταύτην

196 1265 337 1337 ἡμῖν
365 1266 746 1341 χαρισαμὲνῳ,
798 1264 879 1321 δτι
928 1266 1017 1322 καὶ
1076 1271 1183 1322 τῶν
1227 1275 1328 1336 τῆς
1369 1264 1650 1330 πολιτείας
1704 1288 1846 1342 πρα-

200 1354 432 1427 γμάτων
460 1353 559 1423 τήν
593 1352 866 1431 ἀνέγερσιν
898 1355 1037 1428 ἡμῖν
1083 1354 1440 1429 ἐπωνυμικῶς
1487 1354 1845 1430 προοιμιάζε-

194 1463 309 1502 ται.

264 1619 450 1691 Ὑμεῖς
481 1619 596 1689 οὗν,
628 1621 673 1674 ὧ
719 1621 841 1696 ἱερὰ
899 1620 1131 1700 κεφαλὴ,
1185 1624 1252 1696 τῇ
1303 1620 1355 1677 ἐν
1411 1622 1537 1695 ὑμῖν
1598 1620 1841 1699 διορατι-

190 1708 427 1781 κωτάτῳ
458 1705 679 1781 δυνάμει
722 1713 818 1763 τοῦ
874 1712 1210 1783 Πνεύματος,
1259 1711 1359 1779 τήν
1402 1713 1565 1787 χεῖρα
1605 1719 1705 1781 τῆς
1750 1711 1834 1767 εῦ-

197 1800 397 1907 μενοῦς
444 1798 579 1870 ἡμῖν
632 1796 953 1861 ἐκτείνοντες
1011 1797 1352 1869 ἐπικλήσεως
1408 1799 1604 1874 πραείᾳ
1656 1800 1834 1875 ἐπαφῇ
1871 1842 1914 1907 Β

188 1881 497 1958 ἀμοιϐαίων
570 1887 906 1963 γραμμάτων
991 1889 1127 1942 κατᾶ
1208 1888 1300 1943 τὸν
1385 1888 1831 1960 ἐκκλησιαστικὸν

187 1974 416 2047 θεσμὸν,
447 1971 614 2050 ἤγουν
665 1980 733 2050 τῇ
791 1980 899 2031 τῶν
958 1974 1376 2032 ἀντισυνοδικῶν
1435 1977 1737 2052 ἀποστολῇ,
1768 1980 1830 2034 τὸ

178 2068 288 2132 τῆς
351 2062 562 2138 ἀγάπης
617 2065 981 2140 προσάγοντες
1037 2063 1318 2142 φάρμακον
1375 2067 1437 2120 τὸ
1521 2064 1726 2122 λυποῦν
1778 2068 1829 2122 ἐν

175 2152 317 2224 ¹ἡμῖν
375 2152 465 2206 καὶ
528 2152 856 2229 ὑποσφύζον,
916 2158 1235 2228 θεραπεῦσαι
1316 2151 1670 2210 σπουδάσατε.
1756 2155 1829 2209 Οὐ

173 2240 280 2313 γάρ
310 2236 421 2293 ἐστί
479 2259 611 2294 ποτε
664 2240 839 2302 ἃνεσις
892 2244 961 2315 τῇ
1014 2244 1192 2316 ψυχῇ,
1249 2241 1283 2311 ἢ
1337 2246 1455 2303 τοῖς
1518 2241 1827 2317 ὀφθαλμοῖς

177 2322 502 2399 ἐπιϐήσεται
534 2328 718 2399 ὕπνος,
778 2330 867 2385 καὶ
927 2331 1221 2395 ἀνάπαυσις
1269 2338 1387 2395 τοῖς
1434 2332 1757 2409 κροτάφοις,
1790 2332 1826 2401 ἢ

178 2421 302 2478 τοῖς
336 2415 629 2493 βλεφάροις
660 2421 822 2492 ἡμῶν
850 2421 1178 2495 νυσταγμὸς,
1211 2417 1313 2485 ἔως
1343 2419 1401 2476 ἄν
1438 2422 1539 2488 τὴν
1589 2420 1827 2475 καθόλου

172 2506 495 2579 θεασώμεθα
539 2506 635 2561 τοῦ
693 2511 825 2562 Θεοῦ
888 2507 1240 2578 Ἐκκλησίαν,
1294 2510 1391 2577 τήν
1451 2509 1679 2580 ἑνότητα
1730 2513 1827 2564 τοῦ

172 2592 485 2667 πνεύματος
541 2594 632 2649 καὶ
686 2593 839 2659 αὖθις
896 2595 951 2650 ἐν
1010 2601 1087 2668 τῷ
1144 2595 1431 2670 συνδέσμῳ
1488 2604 1590 2667 τῆς
1679 2597 1829 2674 εἴρη-

173 2703 278 2752 νης
337 2680 727 2752 διασώζουσαν.
782 2684 877 2738 Καὶ
936 2684 1036 2759 γὰρ
1095 2684 1300 2740 ἐκείνου
1366 2686 1514 2747 ’ὀντες
1589 2688 1823 2759 μαθηταὶ

178 2769 271 2827 καὶ
297 2767 569 2847 διάδοχοι,
600 2776 696 2827 τοῦ
752 2773 898 2845 παρὰ
950 2776 1045 2828 τοῦ
1091 2774 1287 2845 Κυρίου
1328 2774 1679 2837 ἀκούσαντος·
1727 2774 1825 2830 Σί-

186 2877 326 2932 μων·
388 2859 601 2933 Σίμων,
679 2857 797 2915 ἰδοὺ
888 2861 915 2915 ὁ
996 2867 1236 2925 Σατανᾶς
1314 2863 1605 2936 ἐξῃτήσατο
1688 2864 1825 2938 ὑμᾶς

185 2946 417 3002 σινιάσαι
482 2948 556 3010 ὡς
638 2949 731 3004 τὸν
814 2953 983 3005 σῖτονο
1070 2949 1179 3026 ἐγὼ
1256 2948 1312 3006 δὲ
1387 2948 1614 3023 ἐδεήθην
1700 2953 1824 3027 περὶ

180 3039 298 3108 σοῦ,
343 3038 435 3092 ’ἱνα
496 3038 572 3110 μὴ
629 3036 854 3114 ἐκλείπῃ
917 3040 950 3109 ἡ
1008 3038 1190 3102 πίστις
1252 3060 1371 3095 σου·
1423 3040 1513 3095 καὶ
1573 3041 1636 3096 σό
1692 3060 1825 3097 ποτε

179 3122 524 3200 ἐπιστρέψας,
578 3127 830 3200 στήριξον
908 3129 1037 3190 τοὺς
1113 3126 1383 3207 ἀδελφούς
1468 3150 1582 3186 σου.
1641 3131 1822 3206 Ὀφει-

1962 555 2203 626 quidem
2236 560 2413 609 mstus
2440 556 2835 611 Ecclesiarum
2870 556 3129 621 sedavit;
3162 555 3412 610 indulsit
3465 571 3599 609 vero

1957 661 2233 716 magnam
2266 660 2465 697 rerum
2500 645 3012 715 tranquillitatem,
3036 645 3197 715 pium
3220 644 3476 714 largiens
3497 644 3602 698 im-

1957 740 2314 804 peratorem,
2349 734 2603 787 ac'omni
2634 734 2843 788 virtute
2871 739 3144 787 ornatum
3176 734 3389 799 virum,
3422 732 3597 803 plane

1956 821 2203 894 dignum
2238 822 2471 892 imperii
2505 822 2743 885 vertice,
2778 823 2950 892 eique
2983 822 3445 893 respondentem
3494 822 3599 875 ha-

1954 910 2195 965 bentem
2227 910 2417 964 zelum
2445 910 2787 965 orthodoxa)
2820 910 2979 977 fidei,
3012 928 3079 965 ac
3119 928 3351 966 morum
3402 910 3597 965 hone-

1956 1004 2191 1062 statem,
2225 999 2324 1068 qui
2376 1015 2481 1067 pro
2536 999 2795 1053 nominis
2842 1000 3088 1065 ratione,
3137 1000 3599 1054 ecclesiasticam

1954 1087 2128 1140 nobis
2160 1103 2366 1158 pacem
2402 1091 2460 1139 et
2489 1087 2866 1141 concordiam
2897 1089 3056 1141 velut
3094 1095 3389 1143 mortuam
3439 1084 3599 1161 pest-

1952 1175 2187 1230 liminio
2221 1174 2611 1229 suscitaverit.
2644 1177 2825 1229 Porro
2875 1176 3232 1231 conﬁdimus
3281 1183 3599 1248 praastante

1954 1279 2044 1333 eo,
2078 1264 2178 1335 qui
2211 1280 2343 1318 eam
2376 1263 2871 1333 tranquillitatem
2913 1264 3159 1337 largitus
3212 1271 3321 1333 est,
3369 1270 3437 1320 ut
3477 1267 3594 1321 rei-

1950 1352 2205 1423 publicm
2238 1351 2594 1407 afﬂictarum
2652 1368 2854 1407 rerum
2908 1354 3428 1420 resurrectionem,
3489 1372 3593 1425 pro

1951 1440 2042 1496 sui
2073 1440 2471 1512 appellatione
2504 1440 2783 1508 nominis,
2834 1442 3197 1497 instaurator
3241 1442 3481 1497 inchoet
3526 1461 3594 1499 ac

1950 1529 2308 1585 exordiatur.

2020 1620 2131 1673 Vos
2162 1618 2384 1689 itaque,
2418 1636 2451 1673 ο
2483 1635 2716 1673 sacrum
2757 1625 2954 1690 caput,
3000 1619 3327 1690 perspicaci
3376 1620 3481 1676 illa
3527 1621 3588 1676 in

1946 1709 2110 1764 vobis
2140 1709 2351 1764 virtute
2386 1709 2649 1781 spiritus,
2684 1709 2921 1764 blandae
2954 1710 3014 1763 in
3047 1726 3155 1763 nos
3178 1709 3589 1767 inclinationis

1945 1798 2333 1854 extendentes
2364 1815 2631 1865 manum,
2662 1798 2782 1853 leni
2813 1803 3087 1853 contactu
3119 1800 3439 1871 reciprocas
3485 1819 3592 1872 per

1946 1887 2175 1942 litteras
2203 1888 2406 1959 gratias
2430 1887 2604 1958 juxta
2624 1887 2903 1942 Ecclesia;
2929 1888 3144 1960 legem,
3178 1888 3237 1941 id
3267 1894 3375 1958 est,
3400 1890 3591 1945 missis

1944 1974 2203 2030 vicissim
2237 1975 2558 2047 synodicis,
2587 1976 2923 2031 dilectionis
2954 1976 3287 2032 remedium
3304 1978 3592 2035 adhiben-

1946 2069 2054 2129 tes,
2088 2063 2241 2134 quod
2274 2063 2334 2117 in
2365 2064 2538 2119 nobis
2566 2063 2831 2119 dolorem
2856 2066 3018 2130 facit,
3043 2082 3109 2121 ac
3138 2068 3344 2122 subtus
3368 2068 3585 2139 pulsat,

1944 2153 2219 2207 festinate
2249 2168 2475 2207 curare.
2507 2152 2679 2208 Nulla
2709 2154 3000 2224 siquidem
3052 2156 3265 2209 anima}
3315 2158 3588 2213 remissio

1947 2247 2055 2305 est,
2087 2257 2197 2296 nec
2227 2257 2471 2295 somnus
2498 2241 2685 2295 oculis
2719 2242 2783 2308 ¹³,
2808 2248 2907 2297 aut
2931 2243 3167 2313 requies
3200 2245 3585 2317 temporibus,

1940 2329 2033 2383 vel
2064 2329 2362 2400 palpebris
2407 2329 2748 2384 dormitatio
2801 2330 3000 2401 aliqua
3049 2331 3350 2400 insidebit,
3401 2334 3588 2389 donec

1942 2418 2157 2472 iterum
2217 2418 2556 2473 universam
2613 2419 2715 2473 Dei
2773 2420 3096 2474 Ecclesiam
3157 2419 3353 2476 videre
3411 2423 3589 2478 liceat

1943 2510 2273 2561 servantem
2330 2508 2600 2560 unitatem
2656 2509 2885 2576 spiritus
2937 2510 2996 2562 in
3065 2511 3282 2564 vinculo
3331 2514 3491 2580 pacis
3522 2512 3584 2569 ¹⁴.

1941 2595 2174 2649 Etenim
2205 2610 2340 2649 cum
2371 2595 2500 2668 ejus
2534 2595 2662 2649 sitis
2693 2595 2969 2667 discipuli
3002 2602 3061 2650 et
3088 2613 3460 2654 successores
3484 2601 3585 2671 qui

1942 2698 1976 2738 a
2010 2685 2256 2738 Domino
2306 2683 2568 2738 audivit:
2627 2686 2834 2751 Simon,
2893 2686 3117 2740 Simon:
3177 2704 3292 2742 ecce
3350 2690 3589 2744 Satanas

1940 2777 2205 2845 eapetivit
2232 2791 2325 2830 vos
2352 2781 2413 2829 ut
2443 2776 2711 2829 cribraret
2740 2778 2879 2830 sicut
2912 2778 3159 2831 triticum
3187 2795 3208 2841 ;
3256 2796 3353 2848 ego
3403 2786 3583 2835 autem

1931 2880 2038 2934 pro
2071 2870 2120 2919 te
2148 2866 2341 2933 rogavi
2369 2870 2429 2918 ut
2466 2880 2575 2918 non
2626 2866 2845 2933 deﬁciat
2881 2866 3012 2935 ﬁdes
3063 2872 3159 2921 tua
3196 2886 3217 2931 ;
3261 2874 3311 2922 et
3360 2875 3420 2923 tu
3472 2870 3581 2923 ali-

1938 2953 2159 3023 quando
2208 2969 2513 3019 conversus,
2575 2958 2838 3022 conﬁrma
2883 2958 3088 3022 fratres
3138 2962 3256 3010 tuos
3289 2956 3349 3023 “‘,
3401 2957 3579 3029 plane

1938 3041 2166 3096 debetis
2223 3057 2256 3095 a
2313 3043 2429 3095 Deo
2488 3042 2782 3109 honorati,
2839 3059 2973 3097 cum
3028 3061 3097 3098 ea
3156 3045 3350 3100 studio
3408 3046 3578 3102 adhi-

1936 3131 2097 3199 bere,
2130 3149 2260 3202 quas
2291 3137 2431 3186 sunt
2459 3132 2928 3187 conﬁrmationis
2959 3133 3032 3188 ad
3074 3135 3577 3204 emendationem,

178 3192 519 3285 “variare,
557 3192 896 3288 θεοτίμητοι,
951 3217 1019 3271 τὰ
1075 3219 1193 3289 μὲν,
1251 3192 1347 3273 τοῦ
1402 3219 1537 3293 πρὸς
1593 3192 1818 3293 ἐπανόρ-

2003 3238 2056 3275 m
2073 3238 2202 3291 qum
2225 3221 2640 3291 compatientis
2659 3222 2841 3275 animi
2865 3224 3217 3294 propensive
3239 3225 3574 3280 ostendere.

176 3301 342 3354 θωσιν
405 3307 713 3377 στηριγμοῦ
770 3303 987 3378 ἐπάγειν
1071 3305 1368 3378 ἐπιμελῶς,
1446 3308 1512 3363 τὰ
1587 3305 1663 3378 δὲ,
1721 3316 1820 3379 τῆς

176 3389 493 3461 συμπαθοῦς
547 3391 775 3463 γνώμης
833 3394 1260 3468 προχειρότερον
1327 3394 1541 3468 μᾶλλον
1596 3398 1813 3472 χαρίζε-

175 3480 319 3536 σθαι.
351 3480 505 3536 Ἐπεὶ
554 3481 644 3535 καὶ
692 3479 783 3536 τόν
846 3488 1140 3560 κορυφαῖον
1200 3484 1379 3552 αὐτὸν,
1439 3486 1498 3540 ἐκ
1553 3491 1648 3541 τοῦ
1706 3491 1822 3551 καθ’

171 3566 359 3630 ἑαυτὸν
435 3569 726 3643 προτρέπει
786 3570 814 3623 ὁ
871 3570 1096 3643 Κύριος,
1174 3572 1462 3627 συνειδέναι
1554 3575 1646 3648 μὲν
1721 3577 1820 3645 τῆς

171 3656 368 3728 σαρκὸς
416 3656 515 3725 τὴν
574 3655 871 3712 ἀσθένειαν·
931 3658 1058 3720 τοὺς
1116 3656 1173 3714 δὲ
1238 3662 1355 3715 κατ’
1403 3660 1659 3738 ἐπήρειαν
1714 3669 1820 3719 τῶν

174 3743 352 3813 ἐκτὸς,
437 3742 660 3800 ὀλίσθου
734 3744 946 3822 τροπὴδ
1032 3748 1452 3821 ὑπομείναντας,
1536 3752 1667 3807 καθὸ
1747 3750 1812 3822 δὴ

172 3831 437 3887 πέπονθεν
495 3833 584 3888 καὶ
636 3826 805 3896 αὐτὸς
864 3834 916 3889 ἐν
972 3840 1052 3907 τῷ
1107 3841 1204 3891 τοῦ
1262 3838 1535 3912 σωτηρίου
1610 3840 1812 3904 πάθους

169 3925 365 3996 καιρῷ,
402 3923 478 3993 μή
536 3921 940 3991 ἀποστελῆσθαι
996 3928 1068 3997 (ε)
1115 3931 1216 3994 τῆς
1272 3928 1389 3980 κατ’
1449 3926 1814 4005 ἐπανόρθωσιν

171 4010 311 4080 πρὸς
338 4010 438 4079 τήν
471 4011 735 4086 προτέραν
768 4011 1025 4067 ἀπάθειαν
1058 4013 1561 4079 ἀπακαταστάσεως.

237 4096 336 4152 Καὶ
366 4101 528 4153 τοῦτο
562 4095 639 4169 δὲ,
694 4100 792 4167 τήν
856 4100 1001 4176 ἱερὰν
1064 4102 1215 4174 ὑμῶν
1271 4104 1494 4177 μνήμην
1557 4106 1632 4178 μὴ
1691 4103 1806 4161 διαι-

163 4184 424 4261 φευγέτω,
458 4184 533 4248 ὣς
560 4207 702 4249 τινες
728 4192 836 4243 τῶν
889 4187 1226 4245 καθέλόντων
1277 4192 1368 4246 τὸν
1420 4187 1588 4262 ἀσεϐῆ
1638 4193 1806 4250 Εὐτυ-

160 4273 264 4349 χὲα
303 4274 389 4329 ἐπὶ
443 4279 538 4330 τοῦ
595 4281 698 4345 τῆς
754 4276 907 4352 ἀγίας
966 4279 1193 4350 μνήμης
1240 4275 1580 4345 Φλαϐιανοῦ,
1638 4280 1689 4336 ἐν
1736 4287 1805 4357 τῇ

163 4363 298 4435 μετᾶ
324 4366 490 4418 ταῦτα
549 4362 637 4419 ἐπὶ
693 4366 1000 4439 Διοσκόμου
1058 4365 1112 4421 ἐν
1168 4368 1375 4446 Ἐφέσῳ
1427 4367 1660 4442 συνόδῳ,
1709 4372 1803 4427 τὸν

155 4447 382 4512 ἐνδίκως
434 4452 825 4527 κατακριθέντα
878 4452 1280 4527 δικαιώσαντες,
1361 4459 1461 4528 τήν
1544 4456 1801 4514 ἀδικωτά-

1929 3316 2069 3364 Nam
2104 3316 2161 3363 et
2189 3310 2519 3381 principem
2552 3310 2745 3381 ipsum
2806 3329 2871 3366 ac
2919 3313 3325 3383 apostolorum
3374 3321 3570 3386 caput,

1927 3396 2207 3451 admonet
2236 3398 2518 3452 Dominus
2551 3416 2618 3452 ex
2650 3399 2721 3451 iis
2756 3416 2885 3468 quae
2919 3400 2977 3453 in
3011 3418 3079 3454 eo
3110 3402 3474 3459 acciderunt.
3508 3408 3575 3457 ut

1926 3484 2051 3555 ipse
2081 3486 2321 3556 quidem
2372 3488 2566 3541 carnis
2625 3488 3028 3544 inﬁrmitatem
3086 3490 3413 3562 intelligat;
3469 3510 3569 3547 eos

1925 3579 2121 3627 autem
2155 3576 2253 3644 qui
2288 3580 2530 3630 externa
2556 3577 2811 3646 quadam
2842 3578 3125 3633 violentia
3146 3596 3211 3633 ac
3244 3580 3468 3634 insultu
3496 3581 3569 3635 ad

1922 3678 2123 3717 casum
2155 3663 2395 3733 impulsi
2424 3665 2682 3731 fuerunt,
2715 3667 3222 3736 quemadmodum
3247 3669 3371 3738 ipse
3391 3670 3568 3724 etiam

1924 3768 2132 3821 passus
2165 3756 2254 3805 est
2279 3752 2386 3806 sub
2438 3758 2669 3823 tempus
2718 3754 2994 3809 salutaris
3040 3755 3357 3826 passionis,
3407 3757 3567 3812 haud

1923 3840 2006 3894 ita
2030 3840 2272 3904 habere,
2305 3846 2369 3895 ut
2398 3858 2470 3895 ne
2532 3843 2747 3913 prioris
2798 3850 2983 3899 status
3032 3846 3104 3900 ab
3153 3847 3569 3903 atTectionibus

1917 3930 2082 3984 vacui
2109 3929 2565 4000 absolutionem,
2587 3932 3000 3988 emendatione
3021 3935 3253 3990 valeant
3275 3936 3558 4007 recipere.

1986 4109 2100 4161 Nec
2132 4107 2280 4163 illud
2312 4109 2647 4164 vero'sacra
2677 4115 2868 4165 vestra
2898 4113 3188 4167 memoria
3220 4114 3471 4179 excidat,
3504 4119 3570 4170 ut

1912 4196 2195 4250 nimirum
2227 4198 2501 4251 nonnulli
2543 4215 2771 4260 eorum,
2806 4199 2907 4268 qui
2939 4199 3047 4253 sub
3074 4206 3293 4255 sanctae
3326 4219 3556 4258 memo-

1909 4284 2013 4338 ria:
2044 4284 2322 4339 Flaviano
2354 4286 2603 4355 impium
2658 4287 2979 4357 Eutychem
3031 4288 3439 4359 damnassent,
3491 4293 3552 4346 in

1908 4373 2205 4443 Ephesina
2233 4373 2613 4444 postmodum
2645 4375 2867 4445 synodo
2913 4377 2985 4431 ab
3044 4378 3343 4447 Dioscoro,
3394 4397 3551 4450 eum,

1908 4463 2009 4532 qui
2030 4462 2191 4533 juste
2213 4462 2640 4518 condemnatus
2661 4463 2890 4533 fuisset,
2911 4466 3142 4537 justum
3165 4470 3552 4539 pronuntian-

153 4558 256 4609 την
311 4538 617 4608 ἐπήρτησαν
681 4537 977 4613 Φλαόιανῷ
1025 4549 1103 4615 τῷ
1163 4550 1560 4620 μακαριωτάτῳ
1629 4551 1823 4615 κατά-η

2003 4592 2011 4615 ,
2044 4552 2203 4606 omni
2238 4552 2478 4622 plenam
2511 4552 2803 4624 injustitia
2854 4555 3370 4613 condemnationis
3412 4576 3544 4614 sen-

153 4648 347 4702 κρισιψ
380 4628 467 4682 καὶ
502 4628 655 4702 ὅμως
684 4628 736 4684 ἐν
788 4634 856 4704 τῇ
913 4634 1048 4688 κατὰ
1105 4633 1428 4705 Χαλκηδόνα
1484 4638 1612 4711 ἁγίᾳ
1669 4660 1791 4692 συν-

156 4713 271 4787 όδῳ
327 4714 525 4787 ἤρκεσε
577 4718 793 4781 τούτοις
838 4719 973 4790 πρὸς
1030 4720 1239 4775 τελείαν
1326 4723 1642 4797 ἀποτροπὴν
1701 4731 1797 4780 τοῦ

151 4800 568 4877 ἐγκλήματοςὴ
627 4810 726 4872 τῆς
787 4805 969 4879 ὑγιοῦς
1025 4805 1330 4881 ὁμολογίας
1387 4809 1646 4882 σύνθεσις,
1704 4800 1795 4867 καὶ

150 4889 218 4944 οὗ
246 4887 477 4945 πολλῶν
508 4890 632 4964 περὶ
682 4890 880 4946 τούτου
937 4890 1162 4964 ἐδέησαν
1206 4894 1386 4951 πόνων
1446 4898 1539 4953 καὶ
1591 4898 1790 4973 λόγων.

148 4976 280 5036 Οἵδε
303 4980 402 5054 γὰρ
434 4978 702 5059 ἀδελφικὴ
736 4982 962 5056 στοργὴ,
998 4983 1073 5055 μή
1106 4982 1340 5040 ἐπιπολὺ
1392 4985 1789 5045 ἀναϐάλλεσθαι

143 5067 207 5121 τὸ
236 5068 373 5142 πρὸς
423 5072 520 5123 τοῦ
577 5065 747 5132 πὲλας
786 5071 1055 5143 προσηνὲς
1107 5073 1197 5127 καὶ
1256 5074 1559 5150 μειλίχιον.
1615 5082 1789 5133 Ταῦτα

140 5154 243 5231 γὰρ
272 5161 389 5218 τοῖς
440 5156 492 5212 ἐν
551 5156 686 5232 αὐτῇ
732 5160 800 5232 τῇ
848 5157 901 5214 ἐν
962 5157 1274 5232 Χαλκηδόνι
1333 5162 1776 5241 συνειλεγμένοις

210 5363 257 5402 ¹³
285 5365 440 5423 Psal.
473 5374 663 5435 auxi,
694 5366 747 5422 4.
823 5367 867 5403 ¹⁴
894 5368 1106 5440 Ephes.
1140 5386 1214 5438 ιν,
1247 5373 1299 5426 2.
1378 5370 1425 5406 1⁵
1453 5373 1592 5429 Luc.
1623 5390 1763 5444 mi,
1797 5377 1888 5431 31.

1904 4641 2151 4695 tentiam
2182 4641 2243 4695 in
2268 4641 2673 4696 beatissimum
2708 4643 3046 4700 Flavianum
3078 4647 3338 4701 tulerint.
3374 4649 3418 4701 li
3452 4649 3547 4702 ni-

1907 4729 2232 4785 hilominus
2263 4732 2404 4785 satis
2462 4731 2802 4786 habuerunt
2866 4733 2927 4787 in
2981 4742 3184 4790 sancta
3231 4736 3543 4791 Chalcedo-

1905 4819 2076 4873 nensi
2111 4818 2356 4891 synodo,
2391 4820 2464 4873 ad
2520 4820 2777 4889 perfecte
2827 4822 3246 4893 depellendum
3292 4824 3539 4892 crimen,

1901 4910 1967 4958 ut
2023 4922 2180 4959 sanae
2237 4905 2597 4961 confessioni
2652 4924 2960 4963 assensum
3021 4910 3371 4980 praeberent,
3430 4928 3540 4967 nec

1900 4993 2102 5047 multis
2133 4993 2206 5047 ad
2228 4995 2338 5048 hoc
2368 4994 2670 5051 laboribus
2721 4997 3029 5067 verbisque
3074 4997 3159 5051 eis
3208 5015 3357 5069 opus
3405 5000 3537 5057 fuit.

1897 5082 2122 5154 Quippe
2156 5083 2315 5138 novit
2338 5083 2636 5141 fraternus
2667 5103 2834 5141 amor
2860 5103 2980 5141 non
3011 5087 3115 5142 diu
3162 5087 3400 5145 differre
3448 5091 3537 5147 le-

1896 5170 2141 5226 nitatem
2171 5171 2235 5226 in
2284 5174 2642 5244 proximum,
2696 5191 2763 5229 ac
2817 5174 3069 5231 blandos
3127 5193 3342 5235 mores.
3402 5181 3535 5237 Hmc

1493 5543 1727 5598 VARLE
1764 5542 2165 5601 LECTIONES'

211 5629 286 5700 (ο)
316 5630 447 5703 Leg.
481 5630 910 5707 ἀποστερεῖσθαι.
