  <div class='ocr_page' id='page_1' title='image "/cluster/home/n/w/nwhite01/storage/ocr_20150623/96/mdp.39015008972211/731.png"; bbox 0 0 3888 6136; ppageno 0'>
   <div class='ocr_carea' id='block_1_1' title="bbox 385 262 519 318">
    <p class='ocr_par' dir='ltr' id='par_1_1' title="bbox 385 262 519 318">
     <span class='ocr_line' id='line_1_1' title="bbox 385 262 519 318; baseline -0.03 0"><span class='ocrx_word' id='word_1_1' title='bbox 385 262 519 318; x_wconf 79' lang='grc'><strong>1431</strong></span> 
     </span>
    </p>
   </div>
   <div class='ocr_carea' id='block_1_2' title="bbox 1599 259 2568 318">
    <p class='ocr_par' dir='ltr' id='par_1_2' title="bbox 1599 259 2568 318">
     <span class='ocr_line' id='line_1_2' title="bbox 1599 259 2568 318; baseline 0.005 -4"><span class='ocrx_word' id='word_1_2' title='bbox 1599 259 1905 315; x_wconf 80' lang='lat' dir='ltr'>JOANNIB</span> <span class='ocrx_word' id='word_1_3' title='bbox 1941 262 2422 318; x_wconf 70' lang='lat' dir='ltr'>PATBIARCHB</span> <span class='ocrx_word' id='word_1_4' title='bbox 2460 265 2568 318; x_wconf 82' lang='grc' dir='ltr'>ΟΡ.</span> 
     </span>
    </p>
   </div>
   <div class='ocr_carea' id='block_1_3' title="bbox 3611 267 3712 324">
    <p class='ocr_par' dir='ltr' id='par_1_3' title="bbox 3611 267 3712 324">
     <span class='ocr_line' id='line_1_3' title="bbox 3611 267 3712 324; baseline 0.03 -3"><span class='ocrx_word' id='word_1_5' title='bbox 3611 267 3712 324; x_wconf 70' lang='grc'><strong>1432</strong></span> 
     </span>
    </p>
   </div>
   <div class='ocr_carea' id='block_1_4' title="bbox 387 383 1922 462">
    <p class='ocr_par' dir='ltr' id='par_1_4' title="bbox 387 383 1922 443">
     <span class='ocr_line' id='line_1_4' title="bbox 387 383 1922 443; baseline -0.003 0"><span class='ocrx_word' id='word_1_6' title='bbox 387 387 547 443; x_wconf 79' lang='lat' dir='ltr'>enim</span> <span class='ocrx_word' id='word_1_7' title='bbox 575 386 986 441; x_wconf 87' lang='lat' dir='ltr'>sanctissimus</span> <span class='ocrx_word' id='word_1_8' title='bbox 1021 385 1130 439; x_wconf 89' lang='lat' dir='ltr'>Leo</span> <span class='ocrx_word' id='word_1_9' title='bbox 1161 383 1433 438; x_wconf 85' lang='lat' dir='ltr'>Patribus</span> <span class='ocrx_word' id='word_1_10' title='bbox 1464 384 1832 440; x_wconf 86' lang='lat' dir='ltr'>Chalcedone</span> <span class='ocrx_word' id='word_1_11' title='bbox 1874 402 1922 440; x_wconf 69' lang='lat' dir='ltr'>cc</span> 
     </span>
    </p>
   </div>
   <div class='ocr_carea' id='block_1_5' title="bbox 2176 383 3711 462">
    <p class='ocr_par' dir='ltr' id='par_1_5' title="bbox 2176 384 3711 462">
     <span class='ocr_line' id='line_1_5' title="bbox 2176 384 3711 462; baseline 0.002 -22"><span class='ocrx_word' id='word_1_12' title='bbox 2176 384 2383 459; x_wconf 82' lang='grc' dir='ltr'>[ατράσι</span> <span class='ocrx_word' id='word_1_13' title='bbox 2439 387 2588 441; x_wconf 88' lang='grc' dir='ltr'>Λέων</span> <span class='ocrx_word' id='word_1_14' title='bbox 2623 387 2650 441; x_wconf 87' lang='grc' dir='ltr'>ὁ</span> <span class='ocrx_word' id='word_1_15' title='bbox 2681 389 2984 462; x_wconf 81' lang='grc' dir='ltr'>ἁγιώτατος</span> <span class='ocrx_word' id='word_1_16' title='bbox 3035 385 3387 454; x_wconf 73' lang='grc' dir='ltr'>διεστείλατο,</span> <span class='ocrx_word' id='word_1_17' title='bbox 3435 387 3462 440; x_wconf 97' lang='lat'>6</span> <span class='ocrx_word' id='word_1_18' title='bbox 3503 395 3589 457; x_wconf 79' lang='grc' dir='ltr'>τῆς</span> <span class='ocrx_word' id='word_1_19' title='bbox 3625 397 3711 455; x_wconf 82' lang='grc' dir='ltr'>καθ’</span> 
     </span>
    </p>
   </div>
   <div class='ocr_carea' id='block_1_6' title="bbox 387 473 2030 548">
    <p class='ocr_par' dir='ltr' id='par_1_6' title="bbox 387 473 2030 548">
     <span class='ocr_line' id='line_1_6' title="bbox 387 473 2030 548; baseline -0.001 -18"><span class='ocrx_word' id='word_1_20' title='bbox 387 475 644 548; x_wconf 84' lang='lat' dir='ltr'>gregatis</span> <span class='ocrx_word' id='word_1_21' title='bbox 675 475 939 541; x_wconf 90' lang='lat' dir='ltr'>mittens,</span> <span class='ocrx_word' id='word_1_22' title='bbox 975 478 1180 527; x_wconf 70' lang='lat' dir='ltr'>vestrae</span> <span class='ocrx_word' id='word_1_23' title='bbox 1211 473 1312 527; x_wconf 91' lang='lat' dir='ltr'>ille</span> <span class='ocrx_word' id='word_1_24' title='bbox 1341 473 1682 544; x_wconf 60' lang='lat' dir='ltr'>apostolica</span> <span class='ocrx_word' id='word_1_25' title='bbox 1731 473 2030 541; x_wconf 73' lang='lat' dir='ltr'>Ecclesiae,</span> 
     </span>
    </p>
   </div>
   <div class='ocr_carea' id='block_1_7' title="bbox 392 560 2036 635">
    <p class='ocr_par' dir='ltr' id='par_1_7' title="bbox 392 560 2036 635">
     <span class='ocr_line' id='line_1_7' title="bbox 392 560 2036 635; baseline -0.001 -17"><span class='ocrx_word' id='word_1_26' title='bbox 392 564 537 635; x_wconf 90' lang='lat' dir='ltr'>quin</span> <span class='ocrx_word' id='word_1_27' title='bbox 569 570 626 617; x_wconf 84' lang='lat' dir='ltr'>et</span> <span class='ocrx_word' id='word_1_28' title='bbox 655 563 914 616; x_wconf 85' lang='lat' dir='ltr'>universi</span> <span class='ocrx_word' id='word_1_29' title='bbox 947 562 1106 616; x_wconf 88' lang='lat' dir='ltr'>orbis</span> <span class='ocrx_word' id='word_1_30' title='bbox 1129 560 1526 616; x_wconf 88' lang='lat' dir='ltr'>clarissimum</span> <span class='ocrx_word' id='word_1_31' title='bbox 1549 562 1770 625; x_wconf 85' lang='lat' dir='ltr'>lumen,</span> <span class='ocrx_word' id='word_1_32' title='bbox 1796 563 1856 616; x_wconf 93' lang='lat' dir='ltr'>in</span> <span class='ocrx_word' id='word_1_33' title='bbox 1879 563 2036 617; x_wconf 92' lang='lat' dir='ltr'>hunc</span> 
     </span>
    </p>
   </div>
   <div class='ocr_carea' id='block_1_8' title="bbox 393 649 2035 722">
    <p class='ocr_par' dir='ltr' id='par_1_8' title="bbox 393 649 2035 722">
     <span class='ocr_line' id='line_1_8' title="bbox 393 649 2035 722; baseline -0.003 -13"><span class='ocrx_word' id='word_1_34' title='bbox 393 653 638 709; x_wconf 90' lang='lat' dir='ltr'>modum</span> <span class='ocrx_word' id='word_1_35' title='bbox 670 651 908 722; x_wconf 85' lang='lat' dir='ltr'>scripsit</span> <span class='ocrx_word' id='word_1_36' title='bbox 940 649 1022 702; x_wconf 74' lang='lat'>‘6:</span> <span class='ocrx_word' id='word_1_37' title='bbox 1061 676 1080 698; x_wconf 80' lang='grc' dir='ltr'>ιι</span> <span class='ocrx_word' id='word_1_38' title='bbox 1121 650 1230 704; x_wconf 88' lang='lat' dir='ltr'>Sed</span> <span class='ocrx_word' id='word_1_39' title='bbox 1262 650 1401 720; x_wconf 85' lang='lat' dir='ltr'>quia</span> <span class='ocrx_word' id='word_1_40' title='bbox 1447 651 1635 704; x_wconf 90' lang='lat' dir='ltr'>multa</span> <span class='ocrx_word' id='word_1_41' title='bbox 1678 667 1854 720; x_wconf 73' lang='lat' dir='ltr'>saepe,</span> <span class='ocrx_word' id='word_1_42' title='bbox 1905 667 2035 720; x_wconf 73' lang='lat' dir='ltr'>quaa</span> 
     </span>
    </p>
   </div>
   <div class='ocr_carea' id='block_1_9' title="bbox 394 739 2039 814">
    <p class='ocr_par' dir='ltr' id='par_1_9' title="bbox 394 739 2039 814">
     <span class='ocr_line' id='line_1_9' title="bbox 394 739 2039 814; baseline -0.003 -17"><span class='ocrx_word' id='word_1_43' title='bbox 394 741 825 814; x_wconf 75' lang='lat' dir='ltr'>pcenitudinem</span> <span class='ocrx_word' id='word_1_44' title='bbox 881 739 1109 810; x_wconf 86' lang='lat' dir='ltr'>possint</span> <span class='ocrx_word' id='word_1_45' title='bbox 1161 756 1463 811; x_wconf 86' lang='lat' dir='ltr'>generare,</span> <span class='ocrx_word' id='word_1_46' title='bbox 1551 739 1923 810; x_wconf 88' lang='lat' dir='ltr'>proveniunt,</span> <span class='ocrx_word' id='word_1_47' title='bbox 1980 744 2039 794; x_wconf 84' lang='lat' dir='ltr'>et</span> 
     </span>
    </p>
   </div>
   <div class='ocr_carea' id='block_1_10' title="bbox 394 828 2036 902">
    <p class='ocr_par' dir='ltr' id='par_1_10' title="bbox 394 828 2036 902">
     <span class='ocr_line' id='line_1_10' title="bbox 394 828 2036 902; baseline -0.003 -15"><span class='ocrx_word' id='word_1_48' title='bbox 394 830 850 902; x_wconf 90' lang='lat' dir='ltr'>superatculpas</span> <span class='ocrx_word' id='word_1_49' title='bbox 864 828 1340 898; x_wconf 76' lang='lat' dir='ltr'>delinquentium</span> <span class='ocrx_word' id='word_1_50' title='bbox 1358 828 1762 883; x_wconf 87' lang='lat' dir='ltr'>misericordia</span> <span class='ocrx_word' id='word_1_51' title='bbox 1775 828 2036 895; x_wconf 91' lang='lat' dir='ltr'>Dei,ideo</span> 
     </span>
    </p>
   </div>
   <div class='ocr_carea' id='block_1_11' title="bbox 396 916 2035 990">
    <p class='ocr_par' dir='ltr' id='par_1_11' title="bbox 396 916 2035 990">
     <span class='ocr_line' id='line_1_11' title="bbox 396 916 2035 990; baseline -0.003 -14"><span class='ocrx_word' id='word_1_52' title='bbox 396 919 783 990; x_wconf 80' lang='lat' dir='ltr'>suspenditur</span> <span class='ocrx_word' id='word_1_53' title='bbox 817 917 983 985; x_wconf 80' lang='lat' dir='ltr'>ultio,</span> <span class='ocrx_word' id='word_1_54' title='bbox 1016 923 1082 971; x_wconf 94' lang='lat' dir='ltr'>ut</span> <span class='ocrx_word' id='word_1_55' title='bbox 1111 918 1297 986; x_wconf 81' lang='lat' dir='ltr'>possit</span> <span class='ocrx_word' id='word_1_56' title='bbox 1327 916 1524 971; x_wconf 91' lang='lat' dir='ltr'>locum</span> <span class='ocrx_word' id='word_1_57' title='bbox 1555 917 1772 972; x_wconf 90' lang='lat' dir='ltr'>habere</span> <span class='ocrx_word' id='word_1_58' title='bbox 1830 934 2035 972; x_wconf 91' lang='lat' dir='ltr'>corre-</span> 
     </span>
    </p>
   </div>
   <div class='ocr_carea' id='block_1_12' title="bbox 392 1006 2038 1082">
    <p class='ocr_par' dir='ltr' id='par_1_12' title="bbox 392 1006 2038 1082">
     <span class='ocr_line' id='line_1_12' title="bbox 392 1006 2038 1082; baseline -0.004 -18"><span class='ocrx_word' id='word_1_59' title='bbox 392 1009 527 1064; x_wconf 87' lang='lat' dir='ltr'>ctio.</span> <span class='ocrx_word' id='word_1_60' title='bbox 564 1031 591 1082; x_wconf 66' lang='lat' dir='ltr'>p</span> <span class='ocrx_word' id='word_1_61' title='bbox 626 1009 713 1063; x_wconf 85' lang='lat' dir='ltr'>Ad</span> <span class='ocrx_word' id='word_1_62' title='bbox 746 1008 870 1062; x_wconf 75' lang='lat' dir='ltr'>haec</span> <span class='ocrx_word' id='word_1_63' title='bbox 904 1023 1037 1060; x_wconf 90' lang='lat' dir='ltr'>vero</span> <span class='ocrx_word' id='word_1_64' title='bbox 1073 1006 1250 1060; x_wconf 86' lang='lat' dir='ltr'>etiam</span> <span class='ocrx_word' id='word_1_65' title='bbox 1278 1006 1372 1076; x_wconf 92' lang='lat' dir='ltr'>pie</span> <span class='ocrx_word' id='word_1_66' title='bbox 1419 1007 1846 1060; x_wconf 77' lang='lat' dir='ltr'>recordationis</span> <span class='ocrx_word' id='word_1_67' title='bbox 1891 1007 2038 1060; x_wconf 88' lang='lat' dir='ltr'>scri-</span> 
     </span>
    </p>
   </div>
   <div class='ocr_carea' id='block_1_13' title="bbox 390 1096 2032 1168">
    <p class='ocr_par' dir='ltr' id='par_1_13' title="bbox 390 1096 2032 1168">
     <span class='ocr_line' id='line_1_13' title="bbox 390 1096 2032 1168; baseline -0.004 -14"><span class='ocrx_word' id='word_1_68' title='bbox 390 1099 537 1154; x_wconf 89' lang='lat' dir='ltr'>bens</span> <span class='ocrx_word' id='word_1_69' title='bbox 559 1097 886 1152; x_wconf 75' lang='lat' dir='ltr'>Pulcheriaa</span> <span class='ocrx_word' id='word_1_70' title='bbox 904 1101 1204 1168; x_wconf 64' lang='lat' dir='ltr'>Augustae,</span> <span class='ocrx_word' id='word_1_71' title='bbox 1231 1097 1290 1149; x_wconf 93' lang='lat' dir='ltr'>in</span> <span class='ocrx_word' id='word_1_72' title='bbox 1305 1096 1554 1167; x_wconf 86' lang='lat' dir='ltr'>epistola</span> <span class='ocrx_word' id='word_1_73' title='bbox 1572 1097 1743 1167; x_wconf 86' lang='lat' dir='ltr'>cujus</span> <span class='ocrx_word' id='word_1_74' title='bbox 1762 1097 2032 1150; x_wconf 88' lang='lat' dir='ltr'>initium:</span> 
     </span>
    </p>
   </div>
   <div class='ocr_carea' id='block_1_14' title="bbox 390 1184 2037 1254">
    <p class='ocr_par' dir='ltr' id='par_1_14' title="bbox 390 1184 2037 1254">
     <span class='ocr_line' id='line_1_14' title="bbox 390 1184 2037 1254; baseline 0 -16"><span class='ocrx_word' id='word_1_75' title='bbox 390 1210 419 1238; x_wconf 76' lang='grc' dir='ltr'>ι(</span> <span class='ocrx_word' id='word_1_76' title='bbox 435 1187 791 1254; x_wconf 83' lang='lat' dir='ltr'>Religiosam</span> <span class='ocrx_word' id='word_1_77' title='bbox 805 1186 1136 1240; x_wconf 66' lang='lat' dir='ltr'>clementiae</span> <span class='ocrx_word' id='word_1_78' title='bbox 1150 1191 1354 1238; x_wconf 74' lang='lat' dir='ltr'>vestrae</span> <span class='ocrx_word' id='word_1_79' title='bbox 1369 1184 1829 1238; x_wconf 87' lang='lat' dir='ltr'>sollicitudinem</span> <span class='ocrx_word' id='word_1_80' title='bbox 1841 1201 2037 1254; x_wconf 89' lang='lat' dir='ltr'>,quam</span> 
     </span>
    </p>
   </div>
   <div class='ocr_carea' id='block_1_15' title="bbox 392 1273 2038 1344">
    <p class='ocr_par' dir='ltr' id='par_1_15' title="bbox 392 1273 2038 1344">
     <span class='ocr_line' id='line_1_15' title="bbox 392 1273 2038 1344; baseline -0.003 -12"><span class='ocrx_word' id='word_1_81' title='bbox 392 1276 698 1332; x_wconf 71' lang='lat' dir='ltr'>catholicaa</span> <span class='ocrx_word' id='word_1_82' title='bbox 732 1275 867 1328; x_wconf 87' lang='lat' dir='ltr'>ﬁdei</span> <span class='ocrx_word' id='word_1_83' title='bbox 899 1274 1310 1328; x_wconf 88' lang='lat' dir='ltr'>indesinenter</span> <span class='ocrx_word' id='word_1_84' title='bbox 1349 1273 1712 1343; x_wconf 85' lang='lat' dir='ltr'>impenditis,</span> <span class='ocrx_word' id='word_1_85' title='bbox 1748 1295 1772 1323; x_wconf 73' lang='grc' dir='ltr'>ι</span> <span class='ocrx_word' id='word_1_86' title='bbox 1808 1274 2038 1344; x_wconf 91' lang='lat' dir='ltr'>ejusce-</span> 
     </span>
    </p>
   </div>
   <div class='ocr_carea' id='block_1_16' title="bbox 395 1362 2033 1433">
    <p class='ocr_par' dir='ltr' id='par_1_16' title="bbox 395 1362 2033 1433">
     <span class='ocr_line' id='line_1_16' title="bbox 395 1362 2033 1433; baseline -0.002 -14"><span class='ocrx_word' id='word_1_87' title='bbox 395 1363 558 1419; x_wconf 89' lang='lat' dir='ltr'>modi</span> <span class='ocrx_word' id='word_1_88' title='bbox 617 1363 822 1417; x_wconf 87' lang='lat' dir='ltr'>scribit</span> <span class='ocrx_word' id='word_1_89' title='bbox 879 1362 1418 1433; x_wconf 82' lang='lat' dir='ltr'>principalissimus</span> <span class='ocrx_word' id='word_1_90' title='bbox 1479 1362 1687 1416; x_wconf 88' lang='lat' dir='ltr'>Leonis</span> <span class='ocrx_word' id='word_1_91' title='bbox 1760 1363 2033 1416; x_wconf 86' lang='lat' dir='ltr'>animus:</span> 
     </span>
    </p>
   </div>
   <div class='ocr_carea' id='block_1_17' title="bbox 397 1449 2035 1521">
    <p class='ocr_par' dir='ltr' id='par_1_17' title="bbox 397 1449 2035 1521">
     <span class='ocr_line' id='line_1_17' title="bbox 397 1449 2035 1521; baseline 0.001 -19"><span class='ocrx_word' id='word_1_92' title='bbox 397 1473 427 1503; x_wconf 86' lang='lat'>«</span> <span class='ocrx_word' id='word_1_93' title='bbox 458 1453 620 1507; x_wconf 86' lang='lat' dir='ltr'>Sicut</span> <span class='ocrx_word' id='word_1_94' title='bbox 652 1452 811 1506; x_wconf 89' lang='lat' dir='ltr'>enim</span> <span class='ocrx_word' id='word_1_95' title='bbox 843 1468 876 1506; x_wconf 88' lang='lat' dir='ltr'>a</span> <span class='ocrx_word' id='word_1_96' title='bbox 906 1451 1199 1521; x_wconf 89' lang='lat' dir='ltr'>principio</span> <span class='ocrx_word' id='word_1_97' title='bbox 1232 1450 1410 1520; x_wconf 83' lang='lat' dir='ltr'>hujus</span> <span class='ocrx_word' id='word_1_98' title='bbox 1445 1467 1634 1504; x_wconf 60' lang='lat' dir='ltr'>causa;</span> <span class='ocrx_word' id='word_1_99' title='bbox 1676 1449 2035 1520; x_wconf 85' lang='lat' dir='ltr'>frequentis-</span> 
     </span>
    </p>
   </div>
   <div class='ocr_carea' id='block_1_18' title="bbox 399 1539 2037 1611">
    <p class='ocr_par' dir='ltr' id='par_1_18' title="bbox 399 1539 2037 1611">
     <span class='ocr_line' id='line_1_18' title="bbox 399 1539 2037 1611; baseline -0.002 -15"><span class='ocrx_word' id='word_1_100' title='bbox 399 1545 545 1596; x_wconf 86' lang='lat' dir='ltr'>sime</span> <span class='ocrx_word' id='word_1_101' title='bbox 578 1541 807 1611; x_wconf 80' lang='lat' dir='ltr'>scripsi,</span> <span class='ocrx_word' id='word_1_102' title='bbox 843 1541 994 1593; x_wconf 88' lang='lat' dir='ltr'>hanc</span> <span class='ocrx_word' id='word_1_103' title='bbox 1026 1540 1183 1592; x_wconf 88' lang='lat' dir='ltr'>inter</span> <span class='ocrx_word' id='word_1_104' title='bbox 1211 1539 1512 1593; x_wconf 88' lang='lat' dir='ltr'>discordes</span> <span class='ocrx_word' id='word_1_105' title='bbox 1545 1555 1754 1593; x_wconf 88' lang='lat' dir='ltr'>sensus</span> <span class='ocrx_word' id='word_1_106' title='bbox 1803 1545 1862 1593; x_wconf 92' lang='lat' dir='ltr'>et</span> <span class='ocrx_word' id='word_1_107' title='bbox 1907 1555 2037 1593; x_wconf 90' lang='lat' dir='ltr'>car-</span> 
     </span>
    </p>
   </div>
   <div class='ocr_carea' id='block_1_19' title="bbox 399 1627 2034 1692">
    <p class='ocr_par' dir='ltr' id='par_1_19' title="bbox 399 1627 2034 1692">
     <span class='ocr_line' id='line_1_19' title="bbox 399 1627 2034 1692; baseline -0.002 -7"><span class='ocrx_word' id='word_1_108' title='bbox 399 1630 565 1685; x_wconf 85' lang='lat' dir='ltr'>nales</span> <span class='ocrx_word' id='word_1_109' title='bbox 597 1629 1009 1683; x_wconf 66' lang='lat' dir='ltr'>mmulationes</span> <span class='ocrx_word' id='word_1_110' title='bbox 1041 1627 1510 1682; x_wconf 86' lang='lat' dir='ltr'>moderationem</span> <span class='ocrx_word' id='word_1_111' title='bbox 1531 1628 1686 1681; x_wconf 85' lang='lat' dir='ltr'>volui</span> <span class='ocrx_word' id='word_1_112' title='bbox 1717 1627 2034 1692; x_wconf 88' lang='lat' dir='ltr'>custodire,</span> 
     </span>
    </p>
   </div>
   <div class='ocr_carea' id='block_1_20' title="bbox 398 1716 2112 1808">
    <p class='ocr_par' dir='ltr' id='par_1_20' title="bbox 398 1716 2112 1808">
     <span class='ocr_line' id='line_1_20' title="bbox 398 1716 2112 1808; baseline -0.002 -34"><span class='ocrx_word' id='word_1_113' title='bbox 398 1719 799 1808; x_wconf 81' lang='lat' dir='ltr'>utintegritati</span> <span class='ocrx_word' id='word_1_114' title='bbox 821 1717 1060 1808; x_wconf 87' lang='lat' dir='ltr'>quidem</span> <span class='ocrx_word' id='word_1_115' title='bbox 1086 1717 1222 1771; x_wconf 89' lang='lat' dir='ltr'>ﬁdei</span> <span class='ocrx_word' id='word_1_116' title='bbox 1245 1716 1395 1770; x_wconf 89' lang='lat' dir='ltr'>nihil</span> <span class='ocrx_word' id='word_1_117' title='bbox 1427 1717 1619 1783; x_wconf 90' lang='lat' dir='ltr'>evelli,</span> <span class='ocrx_word' id='word_1_118' title='bbox 1652 1717 1800 1770; x_wconf 90' lang='lat' dir='ltr'>nihil</span> <span class='ocrx_word' id='word_1_119' title='bbox 1832 1717 2039 1770; x_wconf 88' lang='lat' dir='ltr'>liceret</span> <span class='ocrx_word' id='word_1_120' title='bbox 2065 1745 2112 1808; x_wconf 81' lang='grc' dir='ltr'>Β</span> 
     </span>
    </p>
   </div>
   <div class='ocr_carea' id='block_1_21' title="bbox 398 1805 2036 1879">
    <p class='ocr_par' dir='ltr' id='par_1_21' title="bbox 398 1805 2036 1879">
     <span class='ocr_line' id='line_1_21' title="bbox 398 1805 2036 1879; baseline -0.002 -17"><span class='ocrx_word' id='word_1_121' title='bbox 398 1808 634 1879; x_wconf 90' lang='lat' dir='ltr'>apponi,</span> <span class='ocrx_word' id='word_1_122' title='bbox 686 1806 761 1860; x_wconf 89' lang='lat' dir='ltr'>ad</span> <span class='ocrx_word' id='word_1_123' title='bbox 813 1807 1104 1860; x_wconf 88' lang='lat' dir='ltr'>unitatem</span> <span class='ocrx_word' id='word_1_124' title='bbox 1158 1821 1291 1858; x_wconf 84' lang='lat' dir='ltr'>vero</span> <span class='ocrx_word' id='word_1_125' title='bbox 1349 1822 1674 1875; x_wconf 89' lang='lat' dir='ltr'>pacemque</span> <span class='ocrx_word' id='word_1_126' title='bbox 1732 1805 2036 1859; x_wconf 89' lang='lat' dir='ltr'>redeunti-</span> 
     </span>
    </p>
   </div>
   <div class='ocr_carea' id='block_1_22' title="bbox 397 1895 2039 1965">
    <p class='ocr_par' dir='ltr' id='par_1_22' title="bbox 397 1895 2039 1965">
     <span class='ocr_line' id='line_1_22' title="bbox 397 1895 2039 1965; baseline -0.002 -14"><span class='ocrx_word' id='word_1_127' title='bbox 397 1897 528 1962; x_wconf 91' lang='lat' dir='ltr'>bus,</span> <span class='ocrx_word' id='word_1_128' title='bbox 563 1896 892 1950; x_wconf 87' lang='lat' dir='ltr'>remedium</span> <span class='ocrx_word' id='word_1_129' title='bbox 924 1896 1108 1950; x_wconf 68' lang='lat' dir='ltr'>veniaa</span> <span class='ocrx_word' id='word_1_130' title='bbox 1141 1900 1543 1965; x_wconf 72' lang='lat' dir='ltr'>praestaretur.</span> <span class='ocrx_word' id='word_1_131' title='bbox 1577 1895 1722 1958; x_wconf 89' lang='lat' dir='ltr'>Quia</span> <span class='ocrx_word' id='word_1_132' title='bbox 1747 1901 1884 1948; x_wconf 88' lang='lat' dir='ltr'>tunc</span> <span class='ocrx_word' id='word_1_133' title='bbox 1906 1911 2039 1965; x_wconf 91' lang='lat' dir='ltr'>ope-</span> 
     </span>
    </p>
   </div>
   <div class='ocr_carea' id='block_1_23' title="bbox 394 1983 2037 2054">
    <p class='ocr_par' dir='ltr' id='par_1_23' title="bbox 394 1983 2037 2054">
     <span class='ocr_line' id='line_1_23' title="bbox 394 1983 2037 2054; baseline -0.003 -13"><span class='ocrx_word' id='word_1_134' title='bbox 394 2003 527 2041; x_wconf 90' lang='lat' dir='ltr'>rum</span> <span class='ocrx_word' id='word_1_135' title='bbox 587 1985 807 2039; x_wconf 91' lang='lat' dir='ltr'>diaboli</span> <span class='ocrx_word' id='word_1_136' title='bbox 848 1985 1127 2054; x_wconf 66' lang='lat' dir='ltr'>potentias</span> <span class='ocrx_word' id='word_1_137' title='bbox 1177 1984 1583 2054; x_wconf 83' lang='lat' dir='ltr'>destruuntur,</span> <span class='ocrx_word' id='word_1_138' title='bbox 1633 2001 1765 2038; x_wconf 91' lang='lat' dir='ltr'>cum</span> <span class='ocrx_word' id='word_1_139' title='bbox 1817 1983 1890 2038; x_wconf 90' lang='lat' dir='ltr'>ad</span> <span class='ocrx_word' id='word_1_140' title='bbox 1935 1983 2037 2038; x_wconf 89' lang='lat' dir='ltr'>Dei</span> 
     </span>
    </p>
   </div>
   <div class='ocr_carea' id='block_1_24' title="bbox 396 2073 2038 2147">
    <p class='ocr_par' dir='ltr' id='par_1_24' title="bbox 396 2073 2038 2147">
     <span class='ocr_line' id='line_1_24' title="bbox 396 2073 2038 2147; baseline -0.001 -19"><span class='ocrx_word' id='word_1_141' title='bbox 396 2075 768 2147; x_wconf 83' lang='lat' dir='ltr'>proximique</span> <span class='ocrx_word' id='word_1_142' title='bbox 797 2073 1177 2126; x_wconf 85' lang='lat' dir='ltr'>dilectionem</span> <span class='ocrx_word' id='word_1_143' title='bbox 1210 2073 1518 2126; x_wconf 83' lang='lat' dir='ltr'>hominum</span> <span class='ocrx_word' id='word_1_144' title='bbox 1552 2073 1730 2127; x_wconf 90' lang='lat' dir='ltr'>corda</span> <span class='ocrx_word' id='word_1_145' title='bbox 1759 2089 2038 2126; x_wconf 88' lang='lat' dir='ltr'>revocan-</span> 
     </span>
    </p>
   </div>
   <div class='ocr_carea' id='block_1_25' title="bbox 395 2161 2041 2232">
    <p class='ocr_par' dir='ltr' id='par_1_25' title="bbox 395 2161 2041 2232">
     <span class='ocr_line' id='line_1_25' title="bbox 395 2161 2041 2232; baseline -0.002 -14"><span class='ocrx_word' id='word_1_146' title='bbox 395 2169 572 2218; x_wconf 80' lang='lat' dir='ltr'>tur.»</span> <span class='ocrx_word' id='word_1_147' title='bbox 635 2164 752 2216; x_wconf 84' lang='lat' dir='ltr'>Hoc</span> <span class='ocrx_word' id='word_1_148' title='bbox 812 2163 1003 2232; x_wconf 89' lang='lat' dir='ltr'>ipsum</span> <span class='ocrx_word' id='word_1_149' title='bbox 1063 2161 1236 2232; x_wconf 87' lang='lat' dir='ltr'>longe</span> <span class='ocrx_word' id='word_1_150' title='bbox 1293 2163 1470 2214; x_wconf 90' lang='lat' dir='ltr'>etiam</span> <span class='ocrx_word' id='word_1_151' title='bbox 1520 2163 1685 2231; x_wconf 90' lang='lat' dir='ltr'>prius</span> <span class='ocrx_word' id='word_1_152' title='bbox 1742 2162 2041 2215; x_wconf 86' lang='lat' dir='ltr'>invenitur</span> 
     </span>
    </p>
   </div>
   <div class='ocr_carea' id='block_1_26' title="bbox 397 2249 2042 2324">
    <p class='ocr_par' dir='ltr' id='par_1_26' title="bbox 397 2249 2042 2324">
     <span class='ocr_line' id='line_1_26' title="bbox 397 2249 2042 2324; baseline -0.002 -18"><span class='ocrx_word' id='word_1_153' title='bbox 397 2259 711 2324; x_wconf 69' lang='lat' dir='ltr'>praastasse</span> <span class='ocrx_word' id='word_1_154' title='bbox 769 2251 828 2302; x_wconf 89' lang='lat' dir='ltr'>in</span> <span class='ocrx_word' id='word_1_155' title='bbox 889 2249 1103 2302; x_wconf 81' lang='lat' dir='ltr'>divinis</span> <span class='ocrx_word' id='word_1_156' title='bbox 1155 2257 1463 2304; x_wconf 87' lang='lat' dir='ltr'>accuratus</span> <span class='ocrx_word' id='word_1_157' title='bbox 1523 2250 1798 2319; x_wconf 80' lang='lat' dir='ltr'>Cyrillus,</span> <span class='ocrx_word' id='word_1_158' title='bbox 1857 2250 1917 2302; x_wconf 90' lang='lat' dir='ltr'>in</span> <span class='ocrx_word' id='word_1_159' title='bbox 1972 2266 2042 2304; x_wconf 90' lang='lat' dir='ltr'>ea</span> 
     </span>
    </p>
   </div>
   <div class='ocr_carea' id='block_1_27' title="bbox 401 2336 2043 2410">
    <p class='ocr_par' dir='ltr' id='par_1_27' title="bbox 401 2336 2043 2410">
     <span class='ocr_line' id='line_1_27' title="bbox 401 2336 2043 2410; baseline -0.001 -18"><span class='ocrx_word' id='word_1_160' title='bbox 401 2354 576 2410; x_wconf 89' lang='lat' dir='ltr'>quam</span> <span class='ocrx_word' id='word_1_161' title='bbox 612 2337 816 2390; x_wconf 88' lang='lat' dir='ltr'>habuit</span> <span class='ocrx_word' id='word_1_162' title='bbox 867 2353 1000 2389; x_wconf 91' lang='lat' dir='ltr'>cum</span> <span class='ocrx_word' id='word_1_163' title='bbox 1059 2336 1350 2406; x_wconf 87' lang='lat' dir='ltr'>episcopis</span> <span class='ocrx_word' id='word_1_164' title='bbox 1405 2336 1801 2391; x_wconf 87' lang='lat' dir='ltr'>Orientalibus</span> <span class='ocrx_word' id='word_1_165' title='bbox 1849 2337 2043 2391; x_wconf 82' lang='lat' dir='ltr'>disce-</span> 
     </span>
    </p>
   </div>
   <div class='ocr_carea' id='block_1_28' title="bbox 405 2425 2046 2500">
    <p class='ocr_par' dir='ltr' id='par_1_28' title="bbox 405 2425 2046 2500">
     <span class='ocr_line' id='line_1_28' title="bbox 405 2425 2046 2500; baseline -0.001 -19"><span class='ocrx_word' id='word_1_166' title='bbox 405 2428 668 2500; x_wconf 88' lang='lat' dir='ltr'>ptatione</span> <span class='ocrx_word' id='word_1_167' title='bbox 701 2425 1150 2496; x_wconf 89' lang='lat' dir='ltr'>studiorumque</span> <span class='ocrx_word' id='word_1_168' title='bbox 1201 2426 1500 2480; x_wconf 80' lang='lat' dir='ltr'>conflictu.</span> <span class='ocrx_word' id='word_1_169' title='bbox 1551 2427 1773 2497; x_wconf 84' lang='lat' dir='ltr'>Quippe</span> <span class='ocrx_word' id='word_1_170' title='bbox 1807 2427 1866 2494; x_wconf 90' lang='lat' dir='ltr'>ii,</span> <span class='ocrx_word' id='word_1_171' title='bbox 1902 2443 2046 2498; x_wconf 73' lang='lat' dir='ltr'>prae-</span> 
     </span>
    </p>
   </div>
   <div class='ocr_carea' id='block_1_29' title="bbox 406 2514 2043 2585">
    <p class='ocr_par' dir='ltr' id='par_1_29' title="bbox 406 2514 2043 2585">
     <span class='ocr_line' id='line_1_29' title="bbox 406 2514 2043 2585; baseline -0.002 -14"><span class='ocrx_word' id='word_1_172' title='bbox 406 2517 750 2571; x_wconf 87' lang='lat' dir='ltr'>damnatum</span> <span class='ocrx_word' id='word_1_173' title='bbox 779 2515 1110 2568; x_wconf 72' lang='lat' dir='ltr'>Nestorium</span> <span class='ocrx_word' id='word_1_174' title='bbox 1134 2514 1438 2568; x_wconf 86' lang='lat' dir='ltr'>absolvere</span> <span class='ocrx_word' id='word_1_175' title='bbox 1453 2514 2043 2585; x_wconf 87' lang='lat' dir='ltr'>volentes,latamque</span> 
     </span>
    </p>
   </div>
   <div class='ocr_carea' id='block_1_30' title="bbox 404 2603 2045 2674">
    <p class='ocr_par' dir='ltr' id='par_1_30' title="bbox 404 2603 2045 2674">
     <span class='ocr_line' id='line_1_30' title="bbox 404 2603 2045 2674; baseline -0.001 -15"><span class='ocrx_word' id='word_1_176' title='bbox 404 2605 464 2660; x_wconf 92' lang='lat' dir='ltr'>in</span> <span class='ocrx_word' id='word_1_177' title='bbox 485 2622 618 2659; x_wconf 85' lang='lat' dir='ltr'>cum</span> <span class='ocrx_word' id='word_1_178' title='bbox 651 2603 1006 2657; x_wconf 86' lang='lat' dir='ltr'>sententiam</span> <span class='ocrx_word' id='word_1_179' title='bbox 1039 2609 1371 2674; x_wconf 86' lang='lat' dir='ltr'>satagentes</span> <span class='ocrx_word' id='word_1_180' title='bbox 1403 2603 1632 2657; x_wconf 90' lang='lat' dir='ltr'>irritam</span> <span class='ocrx_word' id='word_1_181' title='bbox 1672 2604 1885 2671; x_wconf 86' lang='lat' dir='ltr'>facere,</span> <span class='ocrx_word' id='word_1_182' title='bbox 1920 2620 2045 2658; x_wconf 89' lang='lat' dir='ltr'>rem</span> 
     </span>
    </p>
   </div>
   <div class='ocr_carea' id='block_1_31' title="bbox 402 2692 2044 2767">
    <p class='ocr_par' dir='ltr' id='par_1_31' title="bbox 402 2692 2044 2767">
     <span class='ocr_line' id='line_1_31' title="bbox 402 2692 2044 2767; baseline -0.001 -18"><span class='ocrx_word' id='word_1_183' title='bbox 402 2699 911 2767; x_wconf 76' lang='lat' dir='ltr'>praesumpserunt</span> <span class='ocrx_word' id='word_1_184' title='bbox 944 2692 1185 2745; x_wconf 90' lang='lat' dir='ltr'>minime</span> <span class='ocrx_word' id='word_1_185' title='bbox 1215 2692 1522 2748; x_wconf 83' lang='lat' dir='ltr'>ferendam</span> <span class='ocrx_word' id='word_1_186' title='bbox 1555 2710 1566 2760; x_wconf 91' lang='lat'><strong>;</strong></span> <span class='ocrx_word' id='word_1_187' title='bbox 1601 2694 1745 2762; x_wconf 91' lang='lat' dir='ltr'>quin</span> <span class='ocrx_word' id='word_1_188' title='bbox 1788 2693 2044 2747; x_wconf 89' lang='lat' dir='ltr'>maximo</span> 
     </span>
    </p>
   </div>
   <div class='ocr_carea' id='block_1_32' title="bbox 402 2782 2048 2855">
    <p class='ocr_par' dir='ltr' id='par_1_32' title="bbox 402 2782 2048 2855">
     <span class='ocr_line' id='line_1_32' title="bbox 402 2782 2048 2855; baseline -0.002 -16"><span class='ocrx_word' id='word_1_189' title='bbox 402 2802 465 2839; x_wconf 92' lang='lat' dir='ltr'>se</span> <span class='ocrx_word' id='word_1_190' title='bbox 499 2784 720 2842; x_wconf 75' lang='lat' dir='ltr'>scelere</span> <span class='ocrx_word' id='word_1_191' title='bbox 754 2783 1274 2846; x_wconf 84' lang='lat' dir='ltr'>constrinxerunt;</span> <span class='ocrx_word' id='word_1_192' title='bbox 1303 2783 1519 2853; x_wconf 87' lang='lat' dir='ltr'>quippe</span> <span class='ocrx_word' id='word_1_193' title='bbox 1579 2782 1679 2852; x_wconf 89' lang='lat' dir='ltr'>qui</span> <span class='ocrx_word' id='word_1_194' title='bbox 1727 2782 1898 2837; x_wconf 88' lang='lat' dir='ltr'>beato</span> <span class='ocrx_word' id='word_1_195' title='bbox 1947 2784 2048 2855; x_wconf 84' lang='lat' dir='ltr'>Cy-</span> 
     </span>
    </p>
   </div>
   <div class='ocr_carea' id='block_1_33' title="bbox 398 2871 2044 2942">
    <p class='ocr_par' dir='ltr' id='par_1_33' title="bbox 398 2871 2044 2942">
     <span class='ocr_line' id='line_1_33' title="bbox 398 2871 2044 2942; baseline -0.002 -14"><span class='ocrx_word' id='word_1_196' title='bbox 398 2874 559 2940; x_wconf 91' lang='lat' dir='ltr'>rillo,</span> <span class='ocrx_word' id='word_1_197' title='bbox 594 2889 657 2926; x_wconf 89' lang='lat' dir='ltr'>ac</span> <span class='ocrx_word' id='word_1_198' title='bbox 690 2872 818 2942; x_wconf 83' lang='lat' dir='ltr'>ejus</span> <span class='ocrx_word' id='word_1_199' title='bbox 846 2871 1070 2941; x_wconf 75' lang='lat' dir='ltr'>synodo</span> <span class='ocrx_word' id='word_1_200' title='bbox 1103 2872 1417 2925; x_wconf 83' lang='lat' dir='ltr'>anathema</span> <span class='ocrx_word' id='word_1_201' title='bbox 1448 2871 1724 2925; x_wconf 84' lang='lat' dir='ltr'>dixerint.</span> <span class='ocrx_word' id='word_1_202' title='bbox 1757 2873 2044 2926; x_wconf 71' lang='lat' dir='ltr'>Caaterum</span> 
     </span>
    </p>
   </div>
   <div class='ocr_carea' id='block_1_34' title="bbox 402 2959 2046 3032">
    <p class='ocr_par' dir='ltr' id='par_1_34' title="bbox 402 2959 2046 3032">
     <span class='ocr_line' id='line_1_34' title="bbox 402 2959 2046 3032; baseline -0.002 -16"><span class='ocrx_word' id='word_1_203' title='bbox 402 2964 454 3018; x_wconf 92' lang='lat' dir='ltr'>is</span> <span class='ocrx_word' id='word_1_204' title='bbox 483 2978 718 3032; x_wconf 89' lang='lat' dir='ltr'>quoque</span> <span class='ocrx_word' id='word_1_205' title='bbox 753 2966 1090 3030; x_wconf 86' lang='lat' dir='ltr'>promptum</span> <span class='ocrx_word' id='word_1_206' title='bbox 1143 2959 1432 3026; x_wconf 87' lang='lat' dir='ltr'>adhibuit,</span> <span class='ocrx_word' id='word_1_207' title='bbox 1485 2960 1755 3030; x_wconf 88' lang='lat' dir='ltr'>nihilque</span> <span class='ocrx_word' id='word_1_208' title='bbox 1805 2960 2046 3014; x_wconf 84' lang='lat' dir='ltr'>difﬁcile</span> 
     </span>
    </p>
   </div>
   <div class='ocr_carea' id='block_1_35' title="bbox 400 3049 2042 3120">
    <p class='ocr_par' dir='ltr' id='par_1_35' title="bbox 400 3049 2042 3120">
     <span class='ocr_line' id='line_1_35' title="bbox 400 3049 2042 3120; baseline -0.004 -12"><span class='ocrx_word' id='word_1_209' title='bbox 400 3050 729 3108; x_wconf 86' lang='lat' dir='ltr'>remedium</span> <span class='ocrx_word' id='word_1_210' title='bbox 760 3066 771 3102; x_wconf 90' lang='lat'>:</span> <span class='ocrx_word' id='word_1_211' title='bbox 806 3049 917 3103; x_wconf 86' lang='lat' dir='ltr'>hoc</span> <span class='ocrx_word' id='word_1_212' title='bbox 949 3065 1133 3103; x_wconf 91' lang='lat' dir='ltr'>unum</span> <span class='ocrx_word' id='word_1_213' title='bbox 1158 3049 1579 3104; x_wconf 86' lang='lat' dir='ltr'>satisfactionis</span> <span class='ocrx_word' id='word_1_214' title='bbox 1622 3049 1748 3103; x_wconf 93' lang='lat' dir='ltr'>loco</span> <span class='ocrx_word' id='word_1_215' title='bbox 1803 3050 2042 3120; x_wconf 80' lang='lat' dir='ltr'>exigens</span> 
     </span>
    </p>
   </div>
   <div class='ocr_carea' id='block_1_36' title="bbox 401 3137 2042 3209">
    <p class='ocr_par' dir='ltr' id='par_1_36' title="bbox 401 3137 2042 3209">
     <span class='ocr_line' id='line_1_36' title="bbox 401 3137 2042 3209; baseline -0.002 -13"><span class='ocrx_word' id='word_1_216' title='bbox 401 3147 470 3196; x_wconf 91' lang='lat' dir='ltr'>ut</span> <span class='ocrx_word' id='word_1_217' title='bbox 495 3139 778 3193; x_wconf 87' lang='lat' dir='ltr'>nimirum</span> <span class='ocrx_word' id='word_1_218' title='bbox 823 3138 893 3192; x_wconf 90' lang='lat' dir='ltr'>iis</span> <span class='ocrx_word' id='word_1_219' title='bbox 947 3155 1076 3208; x_wconf 61' lang='lat' dir='ltr'>qua)</span> <span class='ocrx_word' id='word_1_220' title='bbox 1135 3138 1390 3192; x_wconf 89' lang='lat' dir='ltr'>fuissent</span> <span class='ocrx_word' id='word_1_221' title='bbox 1445 3137 1726 3209; x_wconf 88' lang='lat' dir='ltr'>synodice</span> <span class='ocrx_word' id='word_1_222' title='bbox 1784 3137 2042 3205; x_wconf 90' lang='lat' dir='ltr'>decreta,</span> 
     </span>
    </p>
   </div>
   <div class='ocr_carea' id='block_1_37' title="bbox 404 3227 2045 3302">
    <p class='ocr_par' dir='ltr' id='par_1_37' title="bbox 404 3227 2045 3302">
     <span class='ocr_line' id='line_1_37' title="bbox 404 3227 2045 3302; baseline -0.003 -18"><span class='ocrx_word' id='word_1_223' title='bbox 404 3231 617 3302; x_wconf 90' lang='lat' dir='ltr'>pieque</span> <span class='ocrx_word' id='word_1_224' title='bbox 640 3229 1218 3294; x_wconf 87' lang='lat' dir='ltr'>deﬁnita,assensum</span> <span class='ocrx_word' id='word_1_225' title='bbox 1243 3232 1614 3297; x_wconf 83' lang='lat' dir='ltr'>praestarent,</span> <span class='ocrx_word' id='word_1_226' title='bbox 1639 3227 2045 3296; x_wconf 88' lang='lat' dir='ltr'>sancitamque</span> 
     </span>
    </p>
   </div>
   <div class='ocr_carea' id='block_1_38' title="bbox 406 3315 2050 3388">
    <p class='ocr_par' dir='ltr' id='par_1_38' title="bbox 406 3315 2050 3388">
     <span class='ocr_line' id='line_1_38' title="bbox 406 3315 2050 3388; baseline -0.004 -14"><span class='ocrx_word' id='word_1_227' title='bbox 406 3321 469 3374; x_wconf 91' lang='lat' dir='ltr'>in</span> <span class='ocrx_word' id='word_1_228' title='bbox 503 3319 751 3388; x_wconf 89' lang='lat' dir='ltr'>impium</span> <span class='ocrx_word' id='word_1_229' title='bbox 787 3318 1216 3371; x_wconf 90' lang='lat' dir='ltr'>conﬁrmarent</span> <span class='ocrx_word' id='word_1_230' title='bbox 1245 3316 1688 3369; x_wconf 87' lang='lat' dir='ltr'>damnationem</span> <span class='ocrx_word' id='word_1_231' title='bbox 1716 3333 1728 3382; x_wconf 93' lang='lat'><strong>;</strong></span> <span class='ocrx_word' id='word_1_232' title='bbox 1759 3315 1819 3368; x_wconf 93' lang='lat' dir='ltr'>in</span> <span class='ocrx_word' id='word_1_233' title='bbox 1843 3331 1942 3369; x_wconf 91' lang='lat' dir='ltr'>eas</span> <span class='ocrx_word' id='word_1_234' title='bbox 1965 3315 2050 3369; x_wconf 92' lang='lat' dir='ltr'>in-</span> 
     </span>
    </p>
   </div>
   <div class='ocr_carea' id='block_1_39' title="bbox 410 3403 2051 3476">
    <p class='ocr_par' dir='ltr' id='par_1_39' title="bbox 410 3403 2051 3476">
     <span class='ocr_line' id='line_1_39' title="bbox 410 3403 2051 3476; baseline -0.002 -15"><span class='ocrx_word' id='word_1_235' title='bbox 410 3407 583 3462; x_wconf 89' lang='lat' dir='ltr'>terim</span> <span class='ocrx_word' id='word_1_236' title='bbox 619 3407 794 3458; x_wconf 89' lang='lat' dir='ltr'>totius</span> <span class='ocrx_word' id='word_1_237' title='bbox 826 3405 1022 3476; x_wconf 83' lang='lat' dir='ltr'>gaudii</span> <span class='ocrx_word' id='word_1_238' title='bbox 1055 3403 1263 3474; x_wconf 86' lang='lat' dir='ltr'>plenas</span> <span class='ocrx_word' id='word_1_239' title='bbox 1296 3419 1464 3456; x_wconf 79' lang='lat' dir='ltr'>voces</span> <span class='ocrx_word' id='word_1_240' title='bbox 1503 3409 1926 3473; x_wconf 89' lang='lat' dir='ltr'>prorumpente</span> <span class='ocrx_word' id='word_1_241' title='bbox 1951 3420 2051 3457; x_wconf 91' lang='lat' dir='ltr'>eo-</span> 
     </span>
    </p>
   </div>
   <div class='ocr_carea' id='block_1_40' title="bbox 413 3492 2048 3564">
    <p class='ocr_par' dir='ltr' id='par_1_40' title="bbox 413 3492 2048 3564">
     <span class='ocr_line' id='line_1_40' title="bbox 413 3492 2048 3564; baseline -0.002 -15"><span class='ocrx_word' id='word_1_242' title='bbox 413 3495 548 3550; x_wconf 90' lang='lat' dir='ltr'>dem</span> <span class='ocrx_word' id='word_1_243' title='bbox 581 3495 707 3564; x_wconf 84' lang='lat' dir='ltr'>ipso</span> <span class='ocrx_word' id='word_1_244' title='bbox 741 3494 963 3547; x_wconf 87' lang='lat' dir='ltr'>deifero</span> <span class='ocrx_word' id='word_1_245' title='bbox 996 3495 1187 3559; x_wconf 86' lang='lat' dir='ltr'>Patre,</span> <span class='ocrx_word' id='word_1_246' title='bbox 1221 3508 1367 3562; x_wconf 87' lang='lat' dir='ltr'>quas</span> <span class='ocrx_word' id='word_1_247' title='bbox 1399 3497 1564 3562; x_wconf 91' lang='lat' dir='ltr'>putet</span> <span class='ocrx_word' id='word_1_248' title='bbox 1594 3492 1810 3561; x_wconf 89' lang='lat' dir='ltr'>aliquis</span> <span class='ocrx_word' id='word_1_249' title='bbox 1841 3492 2048 3557; x_wconf 88' lang='lat' dir='ltr'>dictas,</span> 
     </span>
    </p>
   </div>
   <div class='ocr_carea' id='block_1_41' title="bbox 411 3581 2049 3653">
    <p class='ocr_par' dir='ltr' id='par_1_41' title="bbox 411 3581 2049 3653">
     <span class='ocr_line' id='line_1_41' title="bbox 411 3581 2049 3653; baseline -0.002 -15"><span class='ocrx_word' id='word_1_250' title='bbox 411 3584 572 3639; x_wconf 87' lang='lat' dir='ltr'>velut</span> <span class='ocrx_word' id='word_1_251' title='bbox 603 3584 726 3653; x_wconf 84' lang='lat' dir='ltr'>ipse</span> <span class='ocrx_word' id='word_1_252' title='bbox 780 3581 974 3652; x_wconf 89' lang='lat' dir='ltr'>potius</span> <span class='ocrx_word' id='word_1_253' title='bbox 1032 3581 1263 3634; x_wconf 87' lang='lat' dir='ltr'>veniam</span> <span class='ocrx_word' id='word_1_254' title='bbox 1325 3583 1482 3633; x_wconf 91' lang='lat' dir='ltr'>esset</span> <span class='ocrx_word' id='word_1_255' title='bbox 1536 3587 1888 3634; x_wconf 91' lang='lat' dir='ltr'>consecutus</span> <span class='ocrx_word' id='word_1_256' title='bbox 1946 3597 2049 3650; x_wconf 90' lang='lat' dir='ltr'>pro</span> 
     </span>
    </p>
   </div>
   <div class='ocr_carea' id='block_1_42' title="bbox 413 3667 2054 3745">
    <p class='ocr_par' dir='ltr' id='par_1_42' title="bbox 413 3667 2054 3745">
     <span class='ocr_line' id='line_1_42' title="bbox 413 3667 2054 3745; baseline -0.003 -18"><span class='ocrx_word' id='word_1_257' title='bbox 413 3673 630 3745; x_wconf 89' lang='lat' dir='ltr'>quibus</span> <span class='ocrx_word' id='word_1_258' title='bbox 661 3670 1022 3736; x_wconf 76' lang='lat' dir='ltr'>offendisset,</span> <span class='ocrx_word' id='word_1_259' title='bbox 1059 3685 1235 3739; x_wconf 86' lang='lat' dir='ltr'>quam</span> <span class='ocrx_word' id='word_1_260' title='bbox 1286 3667 1358 3722; x_wconf 90' lang='lat' dir='ltr'>iis</span> <span class='ocrx_word' id='word_1_261' title='bbox 1405 3667 1771 3736; x_wconf 87' lang='lat' dir='ltr'>indulsisset,</span> <span class='ocrx_word' id='word_1_262' title='bbox 1822 3669 1922 3738; x_wconf 90' lang='lat' dir='ltr'>qui</span> <span class='ocrx_word' id='word_1_263' title='bbox 1973 3669 2054 3722; x_wconf 89' lang='lat' dir='ltr'>ita</span> 
     </span>
    </p>
   </div>
   <div class='ocr_carea' id='block_1_43' title="bbox 411 3757 2054 3828">
    <p class='ocr_par' dir='ltr' id='par_1_43' title="bbox 411 3757 2054 3828">
     <span class='ocr_line' id='line_1_43' title="bbox 411 3757 2054 3828; baseline -0.005 -9"><span class='ocrx_word' id='word_1_264' title='bbox 411 3763 838 3819; x_wconf 85' lang='lat' dir='ltr'>offendissent:</span> <span class='ocrx_word' id='word_1_265' title='bbox 875 3782 902 3809; x_wconf 87' lang='grc'>‹‹</span> <span class='ocrx_word' id='word_1_266' title='bbox 940 3761 1236 3813; x_wconf 80' lang='lat' dir='ltr'>Lwlentur</span> <span class='ocrx_word' id='word_1_267' title='bbox 1282 3759 1462 3824; x_wconf 88' lang='lat' dir='ltr'>enim,</span> <span class='ocrx_word' id='word_1_268' title='bbox 1523 3758 1738 3828; x_wconf 90' lang='lat' dir='ltr'>inquit,</span> <span class='ocrx_word' id='word_1_269' title='bbox 1795 3757 1946 3824; x_wconf 67' lang='lat' dir='ltr'>caali,</span> <span class='ocrx_word' id='word_1_270' title='bbox 1995 3764 2054 3812; x_wconf 90' lang='lat' dir='ltr'>et</span> 
     </span>
    </p>
   </div>
   <div class='ocr_carea' id='block_1_44' title="bbox 414 3845 2050 3918">
    <p class='ocr_par' dir='ltr' id='par_1_44' title="bbox 414 3845 2050 3918">
     <span class='ocr_line' id='line_1_44' title="bbox 414 3845 2050 3918; baseline -0.004 -13"><span class='ocrx_word' id='word_1_271' title='bbox 414 3851 668 3906; x_wconf 85' lang='lat' dir='ltr'>exsultet</span> <span class='ocrx_word' id='word_1_272' title='bbox 694 3855 878 3903; x_wconf 87' lang='lat' dir='ltr'>terra:</span> <span class='ocrx_word' id='word_1_273' title='bbox 906 3848 1134 3901; x_wconf 89' lang='lat' dir='ltr'>medius</span> <span class='ocrx_word' id='word_1_274' title='bbox 1156 3847 1350 3918; x_wconf 85' lang='lat' dir='ltr'>paries</span> <span class='ocrx_word' id='word_1_275' title='bbox 1379 3847 1650 3900; x_wconf 73' lang='lat' dir='ltr'>maceriae</span> <span class='ocrx_word' id='word_1_276' title='bbox 1683 3845 1912 3900; x_wconf 91' lang='lat' dir='ltr'>solutus</span> <span class='ocrx_word' id='word_1_277' title='bbox 1942 3851 2050 3912; x_wconf 87' lang='lat' dir='ltr'>est,</span> 
     </span>
    </p>
   </div>
   <div class='ocr_carea' id='block_1_45' title="bbox 415 3937 2053 4011">
    <p class='ocr_par' dir='ltr' id='par_1_45' title="bbox 415 3937 2053 4011">
     <span class='ocr_line' id='line_1_45' title="bbox 415 3937 2053 4011; baseline -0.005 -15"><span class='ocrx_word' id='word_1_278' title='bbox 415 3959 481 3996; x_wconf 83' lang='lat' dir='ltr'>ac</span> <span class='ocrx_word' id='word_1_279' title='bbox 505 3940 763 4011; x_wconf 86' lang='lat' dir='ltr'>cujusvis</span> <span class='ocrx_word' id='word_1_280' title='bbox 781 3938 1014 4010; x_wconf 89' lang='lat' dir='ltr'>generis</span> <span class='ocrx_word' id='word_1_281' title='bbox 1037 3937 1268 3991; x_wconf 88' lang='lat' dir='ltr'>sublata</span> <span class='ocrx_word' id='word_1_282' title='bbox 1299 3937 1613 4003; x_wconf 90' lang='lat' dir='ltr'>dissensio,</span> <span class='ocrx_word' id='word_1_283' title='bbox 1645 3937 2053 3990; x_wconf 86' lang='lat' dir='ltr'>universorum</span> 
     </span>
    </p>
   </div>
   <div class='ocr_carea' id='block_1_46' title="bbox 416 4025 2045 4095">
    <p class='ocr_par' dir='ltr' id='par_1_46' title="bbox 416 4025 2045 4095">
     <span class='ocr_line' id='line_1_46' title="bbox 416 4025 2045 4095; baseline -0.004 -11"><span class='ocrx_word' id='word_1_284' title='bbox 416 4031 711 4085; x_wconf 87' lang='lat' dir='ltr'>Salvatore</span> <span class='ocrx_word' id='word_1_285' title='bbox 743 4028 972 4083; x_wconf 86' lang='lat' dir='ltr'>Christo</span> <span class='ocrx_word' id='word_1_286' title='bbox 1005 4026 1283 4080; x_wconf 86' lang='lat' dir='ltr'>Ecclesiis</span> <span class='ocrx_word' id='word_1_287' title='bbox 1316 4027 1436 4080; x_wconf 89' lang='lat' dir='ltr'>suis</span> <span class='ocrx_word' id='word_1_288' title='bbox 1461 4041 1665 4095; x_wconf 83' lang='lat' dir='ltr'>pacem</span> <span class='ocrx_word' id='word_1_289' title='bbox 1691 4025 1996 4095; x_wconf 81' lang='lat' dir='ltr'>largiente.</span> <span class='ocrx_word' id='word_1_290' title='bbox 2025 4052 2045 4077; x_wconf 79' lang='grc' dir='ltr'>ι</span> 
     </span>
    </p>
   </div>
   <div class='ocr_carea' id='block_1_47' title="bbox 416 4114 2055 4175">
    <p class='ocr_par' dir='ltr' id='par_1_47' title="bbox 416 4114 2055 4175">
     <span class='ocr_line' id='line_1_47' title="bbox 416 4114 2055 4175; baseline -0.004 0"><span class='ocrx_word' id='word_1_291' title='bbox 416 4123 596 4175; x_wconf 82' lang='lat' dir='ltr'>Porro</span> <span class='ocrx_word' id='word_1_292' title='bbox 624 4119 800 4173; x_wconf 88' lang='lat' dir='ltr'>etiam</span> <span class='ocrx_word' id='word_1_293' title='bbox 835 4117 1062 4171; x_wconf 86' lang='lat' dir='ltr'>habetis</span> <span class='ocrx_word' id='word_1_294' title='bbox 1097 4133 1194 4170; x_wconf 88' lang='lat' dir='ltr'>vos</span> <span class='ocrx_word' id='word_1_295' title='bbox 1225 4132 1258 4170; x_wconf 92' lang='lat' dir='ltr'>a</span> <span class='ocrx_word' id='word_1_296' title='bbox 1293 4115 1406 4168; x_wconf 83' lang='lat' dir='ltr'>Deo</span> <span class='ocrx_word' id='word_1_297' title='bbox 1441 4114 1645 4173; x_wconf 74' lang='lat' dir='ltr'>afflati,</span> <span class='ocrx_word' id='word_1_298' title='bbox 1695 4114 1928 4168; x_wconf 88' lang='lat' dir='ltr'>ﬁrmam</span> <span class='ocrx_word' id='word_1_299' title='bbox 1975 4114 2055 4168; x_wconf 92' lang='lat' dir='ltr'>le-</span> 
     </span>
    </p>
   </div>
   <div class='ocr_carea' id='block_1_48' title="bbox 416 4202 2054 4282">
    <p class='ocr_par' dir='ltr' id='par_1_48' title="bbox 416 4202 2054 4282">
     <span class='ocr_line' id='line_1_48' title="bbox 416 4202 2054 4282; baseline -0.004 -20"><span class='ocrx_word' id='word_1_300' title='bbox 416 4210 820 4282; x_wconf 85' lang='lat' dir='ltr'>gitimamque,</span> <span class='ocrx_word' id='word_1_301' title='bbox 855 4223 922 4260; x_wconf 90' lang='lat' dir='ltr'>ac</span> <span class='ocrx_word' id='word_1_302' title='bbox 953 4206 1295 4260; x_wconf 87' lang='lat' dir='ltr'>nullatenus</span> <span class='ocrx_word' id='word_1_303' title='bbox 1327 4203 1730 4274; x_wconf 74' lang='lat' dir='ltr'>repellendam</span> <span class='ocrx_word' id='word_1_304' title='bbox 1763 4202 2054 4257; x_wconf 87' lang='lat' dir='ltr'>defensio-</span> 
     </span>
    </p>
   </div>
   <div class='ocr_carea' id='block_1_49' title="bbox 417 4293 2059 4364">
    <p class='ocr_par' dir='ltr' id='par_1_49' title="bbox 417 4293 2059 4364">
     <span class='ocr_line' id='line_1_49' title="bbox 417 4293 2059 4364; baseline -0.003 -13"><span class='ocrx_word' id='word_1_305' title='bbox 417 4314 578 4363; x_wconf 90' lang='lat' dir='ltr'>nem,</span> <span class='ocrx_word' id='word_1_306' title='bbox 631 4311 767 4364; x_wconf 89' lang='lat' dir='ltr'>qua,</span> <span class='ocrx_word' id='word_1_307' title='bbox 825 4295 1067 4348; x_wconf 91' lang='lat' dir='ltr'>omnino</span> <span class='ocrx_word' id='word_1_308' title='bbox 1127 4311 1232 4363; x_wconf 89' lang='lat' dir='ltr'>per</span> <span class='ocrx_word' id='word_1_309' title='bbox 1289 4293 1514 4347; x_wconf 88' lang='lat' dir='ltr'>illatam</span> <span class='ocrx_word' id='word_1_310' title='bbox 1573 4293 1686 4346; x_wconf 90' lang='lat' dir='ltr'>vim</span> <span class='ocrx_word' id='word_1_311' title='bbox 1740 4293 2059 4346; x_wconf 91' lang='lat' dir='ltr'>commissa</span> 
     </span>
    </p>
   </div>
   <div class='ocr_carea' id='block_1_50' title="bbox 421 4383 2056 4452">
    <p class='ocr_par' dir='ltr' id='par_1_50' title="bbox 421 4383 2056 4452">
     <span class='ocr_line' id='line_1_50' title="bbox 421 4383 2056 4452; baseline -0.004 -10"><span class='ocrx_word' id='word_1_312' title='bbox 421 4387 670 4442; x_wconf 73' lang='lat' dir='ltr'>offensio</span> <span class='ocrx_word' id='word_1_313' title='bbox 702 4384 995 4440; x_wconf 86' lang='lat' dir='ltr'>abolenda</span> <span class='ocrx_word' id='word_1_314' title='bbox 1035 4384 1148 4449; x_wconf 88' lang='lat' dir='ltr'>sit;</span> <span class='ocrx_word' id='word_1_315' title='bbox 1185 4399 1392 4452; x_wconf 89' lang='lat' dir='ltr'>puram</span> <span class='ocrx_word' id='word_1_316' title='bbox 1423 4383 1701 4437; x_wconf 90' lang='lat' dir='ltr'>nimirum</span> <span class='ocrx_word' id='word_1_317' title='bbox 1734 4399 1801 4436; x_wconf 92' lang='lat' dir='ltr'>ac</span> <span class='ocrx_word' id='word_1_318' title='bbox 1835 4383 2056 4437; x_wconf 88' lang='lat' dir='ltr'>claram</span> 
     </span>
    </p>
   </div>
   <div class='ocr_carea' id='block_1_51' title="bbox 2147 472 3710 550">
    <p class='ocr_par' dir='ltr' id='par_1_51' title="bbox 2147 472 3710 550">
     <span class='ocr_line' id='line_1_51' title="bbox 2147 472 3710 550; baseline 0.003 -22"><span class='ocrx_word' id='word_1_319' title='bbox 2147 475 2286 548; x_wconf 82' lang='grc' dir='ltr'>ὑμᾶς</span> <span class='ocrx_word' id='word_1_320' title='bbox 2313 475 2682 545; x_wconf 83' lang='grc' dir='ltr'>ἀποστολικῆς</span> <span class='ocrx_word' id='word_1_321' title='bbox 2733 472 3019 550; x_wconf 75' lang='grc' dir='ltr'>καθέδρας,</span> <span class='ocrx_word' id='word_1_322' title='bbox 3076 474 3286 547; x_wconf 82' lang='grc' dir='ltr'>μᾶλλον</span> <span class='ocrx_word' id='word_1_323' title='bbox 3344 472 3401 529; x_wconf 70' lang='grc' dir='ltr'>δέ</span> <span class='ocrx_word' id='word_1_324' title='bbox 3443 482 3534 543; x_wconf 82' lang='grc' dir='ltr'>τῆς</span> <span class='ocrx_word' id='word_1_325' title='bbox 3575 479 3710 532; x_wconf 65' lang='lat' dir='ltr'>olm-i-</span> 
     </span>
    </p>
   </div>
   <div class='ocr_carea' id='block_1_52' title="bbox 2148 562 3710 639">
    <p class='ocr_par' dir='ltr' id='par_1_52' title="bbox 2148 562 3710 639">
     <span class='ocr_line' id='line_1_52' title="bbox 2148 562 3710 639; baseline 0.003 -23"><span class='ocrx_word' id='word_1_326' title='bbox 2148 564 2314 635; x_wconf 87' lang='grc' dir='ltr'>μένης</span> <span class='ocrx_word' id='word_1_327' title='bbox 2381 565 2594 634; x_wconf 82' lang='grc' dir='ltr'>ἀπάσης</span> <span class='ocrx_word' id='word_1_328' title='bbox 2650 565 2965 638; x_wconf 81' lang='grc' dir='ltr'>φανώτατος</span> <span class='ocrx_word' id='word_1_329' title='bbox 3023 562 3285 636; x_wconf 73' lang='grc' dir='ltr'>λαμπτὴρ</span> <span class='ocrx_word' id='word_1_330' title='bbox 3338 562 3518 618; x_wconf 69' lang='grc' dir='ltr'>τοιάδε</span> <span class='ocrx_word' id='word_1_331' title='bbox 3562 586 3710 639; x_wconf 78' lang='grc' dir='ltr'>γεγρα-</span> 
     </span>
    </p>
   </div>
   <div class='ocr_carea' id='block_1_53' title="bbox 2144 649 3714 729">
    <p class='ocr_par' dir='ltr' id='par_1_53' title="bbox 2144 649 3714 729">
     <span class='ocr_line' id='line_1_53' title="bbox 2144 649 3714 729; baseline 0.003 -23"><span class='ocrx_word' id='word_1_332' title='bbox 2144 654 2280 729; x_wconf 85' lang='grc' dir='ltr'>φώς·</span> <span class='ocrx_word' id='word_1_333' title='bbox 2340 678 2368 705; x_wconf 88' lang='grc'>‹‹</span> <span class='ocrx_word' id='word_1_334' title='bbox 2422 655 2577 710; x_wconf 82' lang='grc' dir='ltr'>Ἀλλ’</span> <span class='ocrx_word' id='word_1_335' title='bbox 2631 653 2746 709; x_wconf 85' lang='grc' dir='ltr'>ἐπεὶ</span> <span class='ocrx_word' id='word_1_336' title='bbox 2805 651 2994 709; x_wconf 85' lang='grc' dir='ltr'>πολλά</span> <span class='ocrx_word' id='word_1_337' title='bbox 3048 649 3330 726; x_wconf 75' lang='grc' dir='ltr'>συμϐαίνει</span> <span class='ocrx_word' id='word_1_338' title='bbox 3384 651 3625 716; x_wconf 82' lang='grc' dir='ltr'>πολλάκις</span> <span class='ocrx_word' id='word_1_339' title='bbox 3667 659 3714 710; x_wconf 70' lang='grc' dir='ltr'>τὰ</span> 
     </span>
    </p>
   </div>
   <div class='ocr_carea' id='block_1_54' title="bbox 2146 736 3713 816">
    <p class='ocr_par' dir='ltr' id='par_1_54' title="bbox 2146 736 3713 816">
     <span class='ocr_line' id='line_1_54' title="bbox 2146 736 3713 816; baseline 0.002 -22"><span class='ocrx_word' id='word_1_340' title='bbox 2146 739 2412 814; x_wconf 85' lang='grc' dir='ltr'>δυνάμενα</span> <span class='ocrx_word' id='word_1_341' title='bbox 2445 745 2732 816; x_wconf 84' lang='grc' dir='ltr'>μετάνοιαν</span> <span class='ocrx_word' id='word_1_342' title='bbox 2766 742 3040 816; x_wconf 79' lang='grc' dir='ltr'>ἐμποιεῖν,</span> <span class='ocrx_word' id='word_1_343' title='bbox 3082 742 3170 796; x_wconf 86' lang='grc' dir='ltr'>καὶ</span> <span class='ocrx_word' id='word_1_344' title='bbox 3217 743 3245 796; x_wconf 87' lang='lat'>6</span> <span class='ocrx_word' id='word_1_345' title='bbox 3294 736 3441 802; x_wconf 85' lang='grc' dir='ltr'>ἔλεος</span> <span class='ocrx_word' id='word_1_346' title='bbox 3484 745 3569 796; x_wconf 86' lang='grc' dir='ltr'>τοῦ</span> <span class='ocrx_word' id='word_1_347' title='bbox 3619 748 3713 797; x_wconf 71' lang='grc' dir='ltr'>Θεοῦ</span> 
     </span>
    </p>
   </div>
   <div class='ocr_carea' id='block_1_55' title="bbox 2143 829 3714 904">
    <p class='ocr_par' dir='ltr' id='par_1_55' title="bbox 2143 829 3714 904">
     <span class='ocr_line' id='line_1_55' title="bbox 2143 829 3714 904; baseline 0 -20"><span class='ocrx_word' id='word_1_348' title='bbox 2143 829 2262 901; x_wconf 83' lang='grc' dir='ltr'>νικᾷ</span> <span class='ocrx_word' id='word_1_349' title='bbox 2326 837 2433 886; x_wconf 84' lang='grc' dir='ltr'>τῶν</span> <span class='ocrx_word' id='word_1_350' title='bbox 2493 832 2913 904; x_wconf 76' lang='grc' dir='ltr'>ἁμαρτανόντων</span> <span class='ocrx_word' id='word_1_351' title='bbox 2994 831 3064 886; x_wconf 74' lang='grc' dir='ltr'>τὰ</span> <span class='ocrx_word' id='word_1_352' title='bbox 3135 829 3593 903; x_wconf 67' lang='grc' dir='ltr'>πλημμελήματα,</span> <span class='ocrx_word' id='word_1_353' title='bbox 3655 829 3714 885; x_wconf 69' lang='grc' dir='ltr'>διὰ</span> 
     </span>
    </p>
   </div>
   <div class='ocr_carea' id='block_1_56' title="bbox 2142 918 3712 994">
    <p class='ocr_par' dir='ltr' id='par_1_56' title="bbox 2142 918 3712 994">
     <span class='ocr_line' id='line_1_56' title="bbox 2142 918 3712 994; baseline 0.001 -22"><span class='ocrx_word' id='word_1_354' title='bbox 2142 924 2325 991; x_wconf 84' lang='grc' dir='ltr'>τοῦτο,</span> <span class='ocrx_word' id='word_1_355' title='bbox 2385 920 2451 974; x_wconf 81' lang='grc' dir='ltr'>τὰ</span> <span class='ocrx_word' id='word_1_356' title='bbox 2503 927 2603 988; x_wconf 83' lang='grc' dir='ltr'>τῆς</span> <span class='ocrx_word' id='word_1_357' title='bbox 2655 921 2928 994; x_wconf 73' lang='grc' dir='ltr'>τιμωρίας</span> <span class='ocrx_word' id='word_1_358' title='bbox 2986 919 3038 974; x_wconf 82' lang='grc' dir='ltr'>ἐν</span> <span class='ocrx_word' id='word_1_359' title='bbox 3097 918 3380 990; x_wconf 73' lang='grc' dir='ltr'>ἀναρτήσει</span> <span class='ocrx_word' id='word_1_360' title='bbox 3445 918 3712 985; x_wconf 70' lang='grc' dir='ltr'>καθίσταται,</span> 
     </span>
    </p>
   </div>
   <div class='ocr_carea' id='block_1_57' title="bbox 2145 1004 3712 1084">
    <p class='ocr_par' dir='ltr' id='par_1_57' title="bbox 2145 1004 3712 1084">
     <span class='ocr_line' id='line_1_57' title="bbox 2145 1004 3712 1084; baseline -0.001 -22"><span class='ocrx_word' id='word_1_361' title='bbox 2145 1007 2294 1070; x_wconf 76' lang='grc' dir='ltr'>ὅπως</span> <span class='ocrx_word' id='word_1_362' title='bbox 2325 1007 2383 1062; x_wconf 78' lang='grc' dir='ltr'>ἄν</span> <span class='ocrx_word' id='word_1_363' title='bbox 2419 1010 2606 1084; x_wconf 85' lang='grc' dir='ltr'>χώραν</span> <span class='ocrx_word' id='word_1_364' title='bbox 2637 1006 2782 1084; x_wconf 70' lang='grc' dir='ltr'>ἔχειν</span> <span class='ocrx_word' id='word_1_365' title='bbox 2838 1012 2872 1078; x_wconf 79' lang='grc' dir='ltr'><strong>ἡ</strong></span> <span class='ocrx_word' id='word_1_366' title='bbox 2926 1005 3216 1084; x_wconf 84' lang='grc' dir='ltr'>διόρθωσις</span> <span class='ocrx_word' id='word_1_367' title='bbox 3271 1004 3537 1075; x_wconf 77' lang='grc' dir='ltr'>δυνηθείη.</span> <span class='ocrx_word' id='word_1_368' title='bbox 3568 1030 3586 1058; x_wconf 74' lang='grc' dir='ltr'>ι</span> <span class='ocrx_word' id='word_1_369' title='bbox 3629 1010 3712 1064; x_wconf 81' lang='grc' dir='ltr'>Ἔτι</span> 
     </span>
    </p>
   </div>
   <div class='ocr_carea' id='block_1_58' title="bbox 2149 1091 3712 1172">
    <p class='ocr_par' dir='ltr' id='par_1_58' title="bbox 2149 1091 3712 1172">
     <span class='ocr_line' id='line_1_58' title="bbox 2149 1091 3712 1172; baseline -0.001 -22"><span class='ocrx_word' id='word_1_370' title='bbox 2149 1100 2255 1170; x_wconf 75' lang='grc' dir='ltr'>μὴν</span> <span class='ocrx_word' id='word_1_371' title='bbox 2288 1098 2375 1152; x_wconf 81' lang='grc' dir='ltr'>καὶ</span> <span class='ocrx_word' id='word_1_372' title='bbox 2410 1097 2722 1172; x_wconf 81' lang='grc' dir='ltr'>Πουλχερίᾳ</span> <span class='ocrx_word' id='word_1_373' title='bbox 2745 1098 2813 1172; x_wconf 76' lang='grc' dir='ltr'>τῇ</span> <span class='ocrx_word' id='word_1_374' title='bbox 2843 1105 2943 1166; x_wconf 83' lang='grc' dir='ltr'>τῆς</span> <span class='ocrx_word' id='word_1_375' title='bbox 2998 1091 3251 1158; x_wconf 72' lang='grc' dir='ltr'>εὐσεϐοῦς</span> <span class='ocrx_word' id='word_1_376' title='bbox 3297 1095 3500 1166; x_wconf 68' lang='grc' dir='ltr'>λήξεως</span> <span class='ocrx_word' id='word_1_377' title='bbox 3545 1096 3712 1169; x_wconf 65' lang='grc' dir='ltr'>γράφων</span> 
     </span>
    </p>
   </div>
   <div class='ocr_carea' id='block_1_59' title="bbox 2145 1184 3712 1264">
    <p class='ocr_par' dir='ltr' id='par_1_59' title="bbox 2145 1184 3712 1264">
     <span class='ocr_line' id='line_1_59' title="bbox 2145 1184 3712 1264; baseline -0.002 -21"><span class='ocrx_word' id='word_1_378' title='bbox 2145 1187 2196 1243; x_wconf 82' lang='grc' dir='ltr'>ἐν</span> <span class='ocrx_word' id='word_1_379' title='bbox 2231 1188 2515 1262; x_wconf 79' lang='grc' dir='ltr'>ἐπιστολῇ,</span> <span class='ocrx_word' id='word_1_380' title='bbox 2545 1190 2610 1258; x_wconf 74' lang='grc' dir='ltr'>ἧς</span> <span class='ocrx_word' id='word_1_381' title='bbox 2643 1191 2676 1257; x_wconf 78' lang='grc' dir='ltr'>ἡ</span> <span class='ocrx_word' id='word_1_382' title='bbox 2710 1190 2882 1263; x_wconf 77' lang='grc' dir='ltr'>ἀρχὴ,</span> <span class='ocrx_word' id='word_1_383' title='bbox 2927 1212 2955 1239; x_wconf 77' lang='grc' dir='ltr'>ιι</span> <span class='ocrx_word' id='word_1_384' title='bbox 2993 1189 3102 1256; x_wconf 74' lang='grc' dir='ltr'>Τὴν</span> <span class='ocrx_word' id='word_1_385' title='bbox 3155 1184 3382 1264; x_wconf 80' lang='grc' dir='ltr'>θεοφιλῆ</span> <span class='ocrx_word' id='word_1_386' title='bbox 3431 1195 3523 1255; x_wconf 80' lang='grc' dir='ltr'>τῆς</span> <span class='ocrx_word' id='word_1_387' title='bbox 3570 1189 3712 1260; x_wconf 81' lang='grc' dir='ltr'>ὑμετὲ-</span> 
     </span>
    </p>
   </div>
   <div class='ocr_carea' id='block_1_60' title="bbox 2147 1273 3712 1354">
    <p class='ocr_par' dir='ltr' id='par_1_60' title="bbox 2147 1273 3712 1354">
     <span class='ocr_line' id='line_1_60' title="bbox 2147 1273 3712 1354; baseline -0.002 -23"><span class='ocrx_word' id='word_1_388' title='bbox 2147 1297 2240 1352; x_wconf 91' lang='grc' dir='ltr'>ρας</span> <span class='ocrx_word' id='word_1_389' title='bbox 2275 1277 2684 1347; x_wconf 75' lang='grc' dir='ltr'>φιλανθρωπίας</span> <span class='ocrx_word' id='word_1_390' title='bbox 2741 1274 3025 1354; x_wconf 75' lang='grc' dir='ltr'>φροντίδα,</span> <span class='ocrx_word' id='word_1_391' title='bbox 3072 1276 3136 1345; x_wconf 70' lang='grc' dir='ltr'>ἣν</span> <span class='ocrx_word' id='word_1_392' title='bbox 3182 1280 3250 1349; x_wconf 79' lang='grc' dir='ltr'>τῇ</span> <span class='ocrx_word' id='word_1_393' title='bbox 3294 1273 3551 1346; x_wconf 82' lang='grc' dir='ltr'>καθολικῇ</span> <span class='ocrx_word' id='word_1_394' title='bbox 3587 1276 3712 1329; x_wconf 76' lang='grc' dir='ltr'>πίστει</span> 
     </span>
    </p>
   </div>
   <div class='ocr_carea' id='block_1_61' title="bbox 2144 1365 3715 1440">
    <p class='ocr_par' dir='ltr' id='par_1_61' title="bbox 2144 1365 3715 1440">
     <span class='ocr_line' id='line_1_61' title="bbox 2144 1365 3715 1440; baseline -0.004 -17"><span class='ocrx_word' id='word_1_395' title='bbox 2144 1365 2491 1423; x_wconf 80' lang='grc' dir='ltr'>ἀδιάλειπτον</span> <span class='ocrx_word' id='word_1_396' title='bbox 2524 1367 2841 1440; x_wconf 79' lang='grc' dir='ltr'>ἀπονέμετε,</span> <span class='ocrx_word' id='word_1_397' title='bbox 2877 1390 2905 1417; x_wconf 84' lang='grc'><strong>››</strong></span> <span class='ocrx_word' id='word_1_398' title='bbox 2934 1366 3118 1421; x_wconf 83' lang='grc' dir='ltr'>τοιάδε</span> <span class='ocrx_word' id='word_1_399' title='bbox 3151 1366 3312 1439; x_wconf 86' lang='grc' dir='ltr'>φησὶν</span> <span class='ocrx_word' id='word_1_400' title='bbox 3345 1366 3374 1418; x_wconf 87' lang='grc' dir='ltr'><strong>ὁ</strong></span> <span class='ocrx_word' id='word_1_401' title='bbox 3406 1366 3715 1438; x_wconf 72' lang='grc' dir='ltr'>ἀρχικώτατος</span> 
     </span>
    </p>
   </div>
   <div class='ocr_carea' id='block_1_62' title="bbox 2143 1451 3713 1529">
    <p class='ocr_par' dir='ltr' id='par_1_62' title="bbox 2143 1451 3713 1529">
     <span class='ocr_line' id='line_1_62' title="bbox 2143 1451 3713 1529; baseline -0.004 -18"><span class='ocrx_word' id='word_1_402' title='bbox 2143 1461 2241 1511; x_wconf 88' lang='grc' dir='ltr'>τοῦ</span> <span class='ocrx_word' id='word_1_403' title='bbox 2274 1455 2496 1517; x_wconf 86' lang='grc' dir='ltr'>Λέοντος</span> <span class='ocrx_word' id='word_1_404' title='bbox 2522 1460 2672 1517; x_wconf 84' lang='grc' dir='ltr'>νοῦς’</span> <span class='ocrx_word' id='word_1_405' title='bbox 2731 1479 2758 1507; x_wconf 91' lang='grc'><em>‹‹</em></span> <span class='ocrx_word' id='word_1_406' title='bbox 2793 1456 3040 1528; x_wconf 75' lang='grc' dir='ltr'>Καθάπερ</span> <span class='ocrx_word' id='word_1_407' title='bbox 3096 1453 3199 1529; x_wconf 76' lang='grc' dir='ltr'>γὰρ</span> <span class='ocrx_word' id='word_1_408' title='bbox 3258 1453 3310 1526; x_wconf 79' lang='grc' dir='ltr'>ἐξ</span> <span class='ocrx_word' id='word_1_409' title='bbox 3358 1451 3526 1527; x_wconf 67' lang='grc' dir='ltr'>ἀρχῆς</span> <span class='ocrx_word' id='word_1_410' title='bbox 3565 1451 3713 1520; x_wconf 67' lang='grc' dir='ltr'>ταύτης</span> 
     </span>
    </p>
   </div>
   <div class='ocr_carea' id='block_1_63' title="bbox 2144 1540 3715 1620">
    <p class='ocr_par' dir='ltr' id='par_1_63' title="bbox 2144 1540 3715 1620">
     <span class='ocr_line' id='line_1_63' title="bbox 2144 1540 3715 1620; baseline -0.003 -21"><span class='ocrx_word' id='word_1_411' title='bbox 2144 1548 2242 1612; x_wconf 73' lang='grc' dir='ltr'>τῆς</span> <span class='ocrx_word' id='word_1_412' title='bbox 2283 1543 2588 1606; x_wconf 74' lang='grc' dir='ltr'>ὑποθέσεως</span> <span class='ocrx_word' id='word_1_413' title='bbox 2647 1543 2948 1619; x_wconf 84' lang='grc' dir='ltr'>συχνότατα</span> <span class='ocrx_word' id='word_1_414' title='bbox 3004 1545 3270 1620; x_wconf 77' lang='grc' dir='ltr'>γέγραφα,</span> <span class='ocrx_word' id='word_1_415' title='bbox 3325 1540 3517 1611; x_wconf 70' lang='grc' dir='ltr'>ταύτην</span> <span class='ocrx_word' id='word_1_416' title='bbox 3571 1541 3715 1612; x_wconf 67' lang='grc' dir='ltr'>μεταξὺ</span> 
     </span>
    </p>
   </div>
   <div class='ocr_carea' id='block_1_64' title="bbox 2143 1628 3717 1707">
    <p class='ocr_par' dir='ltr' id='par_1_64' title="bbox 2143 1628 3717 1707">
     <span class='ocr_line' id='line_1_64' title="bbox 2143 1628 3717 1707; baseline -0.003 -20"><span class='ocrx_word' id='word_1_417' title='bbox 2143 1638 2252 1688; x_wconf 90' lang='grc' dir='ltr'>τῶν</span> <span class='ocrx_word' id='word_1_418' title='bbox 2279 1654 2336 1687; x_wconf 93' lang='grc' dir='ltr'>τε</span> <span class='ocrx_word' id='word_1_419' title='bbox 2368 1631 2742 1707; x_wconf 87' lang='grc' dir='ltr'>διχονοουσῶν</span> <span class='ocrx_word' id='word_1_420' title='bbox 2777 1630 3052 1698; x_wconf 80' lang='grc' dir='ltr'>διανοιῶν,</span> <span class='ocrx_word' id='word_1_421' title='bbox 3195 1635 3304 1685; x_wconf 87' lang='grc' dir='ltr'>τῶν</span> <span class='ocrx_word' id='word_1_422' title='bbox 3328 1633 3579 1704; x_wconf 82' lang='grc' dir='ltr'>σαρκικῶν</span> <span class='ocrx_word' id='word_1_423' title='bbox 3601 1628 3717 1698; x_wconf 80' lang='grc' dir='ltr'>ζηλο-</span> 
     </span>
    </p>
   </div>
   <div class='ocr_carea' id='block_1_65' title="bbox 2142 1717 3714 1796">
    <p class='ocr_par' dir='ltr' id='par_1_65' title="bbox 2142 1717 3714 1796">
     <span class='ocr_line' id='line_1_65' title="bbox 2142 1717 3714 1796; baseline -0.003 -20"><span class='ocrx_word' id='word_1_424' title='bbox 2142 1728 2348 1776; x_wconf 89' lang='grc' dir='ltr'>τυπιῶν</span> <span class='ocrx_word' id='word_1_425' title='bbox 2379 1725 2478 1789; x_wconf 81' lang='grc' dir='ltr'>τήν</span> <span class='ocrx_word' id='word_1_426' title='bbox 2511 1720 2796 1776; x_wconf 85' lang='grc' dir='ltr'>ἐπιείκειαν</span> <span class='ocrx_word' id='word_1_427' title='bbox 2834 1720 3111 1796; x_wconf 77' lang='grc' dir='ltr'>βούλομαι</span> <span class='ocrx_word' id='word_1_428' title='bbox 3143 1717 3505 1795; x_wconf 79' lang='grc' dir='ltr'>φυλαχθῆναι’</span> <span class='ocrx_word' id='word_1_429' title='bbox 3539 1717 3714 1789; x_wconf 80' lang='grc' dir='ltr'>ὣστετῇ</span> 
     </span>
    </p>
   </div>
   <div class='ocr_carea' id='block_1_66' title="bbox 2149 1805 3714 1883">
    <p class='ocr_par' dir='ltr' id='par_1_66' title="bbox 2149 1805 3714 1883">
     <span class='ocr_line' id='line_1_66' title="bbox 2149 1805 3714 1883; baseline -0.003 -20"><span class='ocrx_word' id='word_1_430' title='bbox 2149 1810 2242 1883; x_wconf 74' lang='grc' dir='ltr'>μὲν</span> <span class='ocrx_word' id='word_1_431' title='bbox 2274 1807 2578 1880; x_wconf 81' lang='grc' dir='ltr'>τελειότητι</span> <span class='ocrx_word' id='word_1_432' title='bbox 2608 1817 2708 1878; x_wconf 78' lang='grc' dir='ltr'>τῆς</span> <span class='ocrx_word' id='word_1_433' title='bbox 2748 1809 2981 1870; x_wconf 88' lang='grc' dir='ltr'>πίστεως</span> <span class='ocrx_word' id='word_1_434' title='bbox 3014 1805 3182 1880; x_wconf 75' lang='grc' dir='ltr'>μηδὲν</span> <span class='ocrx_word' id='word_1_435' title='bbox 3242 1806 3432 1879; x_wconf 78' lang='grc' dir='ltr'>ἐξεῖναι</span> <span class='ocrx_word' id='word_1_436' title='bbox 3476 1808 3714 1879; x_wconf 77' lang='grc' dir='ltr'>προστεθῆ-</span> 
     </span>
    </p>
   </div>
   <div class='ocr_carea' id='block_1_67' title="bbox 2141 1892 3716 1974">
    <p class='ocr_par' dir='ltr' id='par_1_67' title="bbox 2141 1892 3716 1974">
     <span class='ocr_line' id='line_1_67' title="bbox 2141 1892 3716 1974; baseline -0.004 -19"><span class='ocrx_word' id='word_1_437' title='bbox 2141 1921 2250 1968; x_wconf 91' lang='grc' dir='ltr'>ναι,</span> <span class='ocrx_word' id='word_1_438' title='bbox 2289 1900 2426 1970; x_wconf 76' lang='grc' dir='ltr'>μήτε</span> <span class='ocrx_word' id='word_1_439' title='bbox 2487 1899 2594 1970; x_wconf 83' lang='grc' dir='ltr'>μήν</span> <span class='ocrx_word' id='word_1_440' title='bbox 2639 1898 3012 1974; x_wconf 81' lang='grc' dir='ltr'>ἀφαιρεθῆναι·</span> <span class='ocrx_word' id='word_1_441' title='bbox 3064 1901 3180 1956; x_wconf 90' lang='grc' dir='ltr'>τοῖς</span> <span class='ocrx_word' id='word_1_442' title='bbox 3231 1892 3292 1948; x_wconf 76' lang='grc' dir='ltr'>δὲ</span> <span class='ocrx_word' id='word_1_443' title='bbox 3339 1895 3472 1968; x_wconf 85' lang='grc' dir='ltr'>πρὸς</span> <span class='ocrx_word' id='word_1_444' title='bbox 3515 1894 3598 1960; x_wconf 80' lang='grc' dir='ltr'>τὴν</span> <span class='ocrx_word' id='word_1_445' title='bbox 3639 1893 3716 1948; x_wconf 62' lang='lat' dir='ltr'>lmi-</span> 
     </span>
    </p>
   </div>
   <div class='ocr_carea' id='block_1_68' title="bbox 2142 1983 3714 2057">
    <p class='ocr_par' dir='ltr' id='par_1_68' title="bbox 2142 1983 3714 2057">
     <span class='ocr_line' id='line_1_68' title="bbox 2142 1983 3714 2057; baseline -0.006 -13"><span class='ocrx_word' id='word_1_446' title='bbox 2142 2009 2280 2057; x_wconf 85' lang='grc' dir='ltr'>τητα</span> <span class='ocrx_word' id='word_1_447' title='bbox 2309 1987 2398 2040; x_wconf 80' lang='grc' dir='ltr'>καὶ</span> <span class='ocrx_word' id='word_1_448' title='bbox 2429 1986 2526 2053; x_wconf 82' lang='grc' dir='ltr'>τήν</span> <span class='ocrx_word' id='word_1_449' title='bbox 2561 1987 2777 2056; x_wconf 83' lang='grc' dir='ltr'>εἰρήνην</span> <span class='ocrx_word' id='word_1_450' title='bbox 2829 1985 3126 2053; x_wconf 82' lang='grc' dir='ltr'>ἐπανιοῦσι,</span> <span class='ocrx_word' id='word_1_451' title='bbox 3184 1985 3248 2038; x_wconf 86' lang='grc' dir='ltr'>τὸ</span> <span class='ocrx_word' id='word_1_452' title='bbox 3301 1990 3400 2052; x_wconf 82' lang='grc' dir='ltr'>τῆς</span> <span class='ocrx_word' id='word_1_453' title='bbox 3457 1983 3714 2056; x_wconf 68' lang='grc' dir='ltr'>συγγνώμης</span> 
     </span>
    </p>
   </div>
   <div class='ocr_carea' id='block_1_69' title="bbox 2146 2068 3716 2149">
    <p class='ocr_par' dir='ltr' id='par_1_69' title="bbox 2146 2068 3716 2149">
     <span class='ocr_line' id='line_1_69' title="bbox 2146 2068 3716 2149; baseline -0.006 -17"><span class='ocrx_word' id='word_1_454' title='bbox 2146 2075 2281 2149; x_wconf 73' lang='grc' dir='ltr'>ἴαμα</span> <span class='ocrx_word' id='word_1_455' title='bbox 2340 2079 2771 2149; x_wconf 83' lang='grc' dir='ltr'>παρασχεθῆναι.</span> <span class='ocrx_word' id='word_1_456' title='bbox 2856 2071 3063 2142; x_wconf 84' lang='grc' dir='ltr'>Επειδή</span> <span class='ocrx_word' id='word_1_457' title='bbox 3142 2073 3266 2127; x_wconf 83' lang='grc' dir='ltr'>τότε</span> <span class='ocrx_word' id='word_1_458' title='bbox 3341 2073 3407 2126; x_wconf 83' lang='grc' dir='ltr'>τά</span> <span class='ocrx_word' id='word_1_459' title='bbox 3477 2068 3589 2146; x_wconf 83' lang='grc' dir='ltr'>ἔργα</span> <span class='ocrx_word' id='word_1_460' title='bbox 3651 2074 3716 2123; x_wconf 66' lang='grc' dir='ltr'>τοῦ</span> 
     </span>
    </p>
   </div>
   <div class='ocr_carea' id='block_1_70' title="bbox 2147 2163 3715 2241">
    <p class='ocr_par' dir='ltr' id='par_1_70' title="bbox 2147 2163 3715 2241">
     <span class='ocr_line' id='line_1_70' title="bbox 2147 2163 3715 2241; baseline -0.005 -18"><span class='ocrx_word' id='word_1_461' title='bbox 2147 2164 2411 2223; x_wconf 77' lang='grc' dir='ltr'>διαϐόλου</span> <span class='ocrx_word' id='word_1_462' title='bbox 2479 2165 2845 2241; x_wconf 45' lang='grc' dir='ltr'>δυνάτώτερίον</span> <span class='ocrx_word' id='word_1_463' title='bbox 2896 2167 3294 2238; x_wconf 76' lang='grc' dir='ltr'>καθαιροῦνται,</span> <span class='ocrx_word' id='word_1_464' title='bbox 3337 2163 3458 2218; x_wconf 72' lang='grc' dir='ltr'>ὅταν</span> <span class='ocrx_word' id='word_1_465' title='bbox 3506 2164 3620 2237; x_wconf 86' lang='grc' dir='ltr'>πρὸς</span> <span class='ocrx_word' id='word_1_466' title='bbox 3649 2163 3715 2227; x_wconf 63' lang='grc' dir='ltr'>τήν</span> 
     </span>
    </p>
   </div>
   <div class='ocr_carea' id='block_1_71' title="bbox 2143 2249 3715 2328">
    <p class='ocr_par' dir='ltr' id='par_1_71' title="bbox 2143 2249 3715 2328">
     <span class='ocr_line' id='line_1_71' title="bbox 2143 2249 3715 2328; baseline -0.008 -16"><span class='ocrx_word' id='word_1_467' title='bbox 2143 2263 2240 2312; x_wconf 87' lang='grc' dir='ltr'>τοῦ</span> <span class='ocrx_word' id='word_1_468' title='bbox 2270 2261 2403 2312; x_wconf 87' lang='grc' dir='ltr'>Θεοῦ</span> <span class='ocrx_word' id='word_1_469' title='bbox 2433 2257 2522 2309; x_wconf 83' lang='grc' dir='ltr'>καὶ</span> <span class='ocrx_word' id='word_1_470' title='bbox 2549 2259 2644 2309; x_wconf 86' lang='grc' dir='ltr'>τοῦ</span> <span class='ocrx_word' id='word_1_471' title='bbox 2676 2252 2913 2324; x_wconf 76' lang='grc' dir='ltr'>πλησίον</span> <span class='ocrx_word' id='word_1_472' title='bbox 2946 2253 3180 2328; x_wconf 84' lang='grc' dir='ltr'>ἀγάπην,</span> <span class='ocrx_word' id='word_1_473' title='bbox 3231 2253 3287 2306; x_wconf 72' lang='grc' dir='ltr'>αἱ</span> <span class='ocrx_word' id='word_1_474' title='bbox 3334 2256 3440 2307; x_wconf 90' lang='grc' dir='ltr'>τῶν</span> <span class='ocrx_word' id='word_1_475' title='bbox 3488 2249 3715 2324; x_wconf 80' lang='grc' dir='ltr'>ἀνθρώπων</span> 
     </span>
    </p>
   </div>
   <div class='ocr_carea' id='block_1_72' title="bbox 2148 2338 3718 2418">
    <p class='ocr_par' dir='ltr' id='par_1_72' title="bbox 2148 2338 3718 2418">
     <span class='ocr_line' id='line_1_72' title="bbox 2148 2338 3718 2418; baseline -0.006 -17"><span class='ocrx_word' id='word_1_476' title='bbox 2148 2345 2526 2401; x_wconf 77' lang='grc' dir='ltr'>ἀνακαλῶνται</span> <span class='ocrx_word' id='word_1_477' title='bbox 2555 2343 2791 2418; x_wconf 82' lang='grc' dir='ltr'>καρδίαι.</span> <span class='ocrx_word' id='word_1_478' title='bbox 2829 2368 2857 2394; x_wconf 86' lang='grc'>››</span> <span class='ocrx_word' id='word_1_479' title='bbox 2888 2341 3034 2399; x_wconf 85' lang='grc' dir='ltr'>Αὐτὸ</span> <span class='ocrx_word' id='word_1_480' title='bbox 3067 2339 3124 2396; x_wconf 73' lang='grc' dir='ltr'>δὲ</span> <span class='ocrx_word' id='word_1_481' title='bbox 3142 2345 3308 2396; x_wconf 89' lang='grc' dir='ltr'>τοῦτο</span> <span class='ocrx_word' id='word_1_482' title='bbox 3342 2339 3482 2396; x_wconf 74' lang='grc' dir='ltr'>πολὺ</span> <span class='ocrx_word' id='word_1_483' title='bbox 3521 2338 3718 2411; x_wconf 68' lang='grc' dir='ltr'>πρότερον</span> 
     </span>
    </p>
   </div>
   <div class='ocr_carea' id='block_1_73' title="bbox 2147 2427 3716 2505">
    <p class='ocr_par' dir='ltr' id='par_1_73' title="bbox 2147 2427 3716 2505">
     <span class='ocr_line' id='line_1_73' title="bbox 2147 2427 3716 2505; baseline -0.008 -15"><span class='ocrx_word' id='word_1_484' title='bbox 2147 2435 2234 2490; x_wconf 88' lang='grc' dir='ltr'>καὶ</span> <span class='ocrx_word' id='word_1_485' title='bbox 2300 2431 2580 2504; x_wconf 79' lang='grc' dir='ltr'>Κύριλλος</span> <span class='ocrx_word' id='word_1_486' title='bbox 2613 2434 2640 2487; x_wconf 90' lang='lat'>6</span> <span class='ocrx_word' id='word_1_487' title='bbox 2688 2427 2918 2504; x_wconf 75' lang='grc' dir='ltr'>ἀκριϐὴς</span> <span class='ocrx_word' id='word_1_488' title='bbox 2969 2431 3093 2505; x_wconf 87' lang='grc' dir='ltr'>περῖ</span> <span class='ocrx_word' id='word_1_489' title='bbox 3144 2429 3211 2484; x_wconf 82' lang='grc' dir='ltr'>τὰ</span> <span class='ocrx_word' id='word_1_490' title='bbox 3263 2435 3382 2493; x_wconf 86' lang='grc' dir='ltr'>θεῖα</span> <span class='ocrx_word' id='word_1_491' title='bbox 3436 2428 3716 2496; x_wconf 68' lang='grc' dir='ltr'>πεποιηκέναι</span> 
     </span>
    </p>
   </div>
   <div class='ocr_carea' id='block_1_74' title="bbox 2147 2517 3716 2594">
    <p class='ocr_par' dir='ltr' id='par_1_74' title="bbox 2147 2517 3716 2594">
     <span class='ocr_line' id='line_1_74' title="bbox 2147 2517 3716 2594; baseline -0.008 -16"><span class='ocrx_word' id='word_1_492' title='bbox 2147 2521 2448 2594; x_wconf 82' lang='grc' dir='ltr'>εὑρίσκεται</span> <span class='ocrx_word' id='word_1_493' title='bbox 2529 2521 2614 2576; x_wconf 79' lang='grc' dir='ltr'>ἐπί</span> <span class='ocrx_word' id='word_1_494' title='bbox 2687 2524 2756 2592; x_wconf 71' lang='grc' dir='ltr'>τῇ</span> <span class='ocrx_word' id='word_1_495' title='bbox 2837 2525 2946 2574; x_wconf 91' lang='grc' dir='ltr'>τῶν</span> <span class='ocrx_word' id='word_1_496' title='bbox 3025 2517 3395 2575; x_wconf 83' lang='grc' dir='ltr'>Ἀνατολικῶν</span> <span class='ocrx_word' id='word_1_497' title='bbox 3476 2517 3716 2572; x_wconf 70' lang='grc' dir='ltr'>ἐπισκοπων</span> 
     </span>
    </p>
   </div>
   <div class='ocr_carea' id='block_1_75' title="bbox 2149 2603 3717 2686">
    <p class='ocr_par' dir='ltr' id='par_1_75' title="bbox 2149 2603 3717 2686">
     <span class='ocr_line' id='line_1_75' title="bbox 2149 2603 3717 2686; baseline -0.008 -20"><span class='ocrx_word' id='word_1_498' title='bbox 2149 2613 2288 2686; x_wconf 88' lang='grc' dir='ltr'>πρὸς</span> <span class='ocrx_word' id='word_1_499' title='bbox 2349 2610 2509 2665; x_wconf 87' lang='grc' dir='ltr'>αὐτὸν</span> <span class='ocrx_word' id='word_1_500' title='bbox 2570 2608 2786 2682; x_wconf 80' lang='grc' dir='ltr'>διενέξει</span> <span class='ocrx_word' id='word_1_501' title='bbox 2842 2631 2900 2664; x_wconf 90' lang='grc' dir='ltr'>τε</span> <span class='ocrx_word' id='word_1_502' title='bbox 2955 2610 3044 2663; x_wconf 85' lang='grc' dir='ltr'>καὶ</span> <span class='ocrx_word' id='word_1_503' title='bbox 3095 2609 3421 2665; x_wconf 79' lang='grc' dir='ltr'>ἀντιστάσει.</span> <span class='ocrx_word' id='word_1_504' title='bbox 3495 2603 3717 2662; x_wconf 67' lang='grc' dir='ltr'>Ἀπολύειν</span> 
     </span>
    </p>
   </div>
   <div class='ocr_carea' id='block_1_76' title="bbox 2149 2694 3718 2776">
    <p class='ocr_par' dir='ltr' id='par_1_76' title="bbox 2149 2694 3718 2776">
     <span class='ocr_line' id='line_1_76' title="bbox 2149 2694 3718 2776; baseline -0.006 -21"><span class='ocrx_word' id='word_1_505' title='bbox 2149 2701 2254 2776; x_wconf 82' lang='grc' dir='ltr'>γὰρ</span> <span class='ocrx_word' id='word_1_506' title='bbox 2285 2699 2649 2773; x_wconf 86' lang='grc' dir='ltr'>κατακρίσεως</span> <span class='ocrx_word' id='word_1_507' title='bbox 2706 2699 2898 2753; x_wconf 80' lang='grc' dir='ltr'>ἐκεῖνοι</span> <span class='ocrx_word' id='word_1_508' title='bbox 2963 2696 3296 2772; x_wconf 85' lang='grc' dir='ltr'>βουλομένοι</span> <span class='ocrx_word' id='word_1_509' title='bbox 3341 2697 3430 2751; x_wconf 88' lang='grc' dir='ltr'>τὸν</span> <span class='ocrx_word' id='word_1_510' title='bbox 3475 2694 3718 2768; x_wconf 77' lang='grc' dir='ltr'>Νεστόριον,</span> 
     </span>
    </p>
   </div>
   <div class='ocr_carea' id='block_1_77' title="bbox 2147 2781 3717 2865">
    <p class='ocr_par' dir='ltr' id='par_1_77' title="bbox 2147 2781 3717 2865">
     <span class='ocr_line' id='line_1_77' title="bbox 2147 2781 3717 2865; baseline -0.008 -21"><span class='ocrx_word' id='word_1_511' title='bbox 2147 2791 2238 2844; x_wconf 86' lang='grc' dir='ltr'>καὶ</span> <span class='ocrx_word' id='word_1_512' title='bbox 2296 2790 2396 2857; x_wconf 79' lang='grc' dir='ltr'>τὴν</span> <span class='ocrx_word' id='word_1_513' title='bbox 2457 2789 2540 2843; x_wconf 82' lang='grc' dir='ltr'>ἐπ’</span> <span class='ocrx_word' id='word_1_514' title='bbox 2596 2787 2742 2859; x_wconf 85' lang='grc' dir='ltr'>αὐτῷ</span> <span class='ocrx_word' id='word_1_515' title='bbox 2800 2791 2980 2865; x_wconf 73' lang='grc' dir='ltr'>ψῆφον</span> <span class='ocrx_word' id='word_1_516' title='bbox 3035 2788 3267 2860; x_wconf 86' lang='grc' dir='ltr'>ἀκυροῦν</span> <span class='ocrx_word' id='word_1_517' title='bbox 3324 2782 3639 2848; x_wconf 78' lang='grc' dir='ltr'>σπεύδοντες,</span> <span class='ocrx_word' id='word_1_518' title='bbox 3681 2781 3717 2834; x_wconf 68' lang='grc' dir='ltr'>οὐ</span> 
     </span>
    </p>
   </div>
   <div class='ocr_carea' id='block_1_78' title="bbox 2151 2871 3719 2956">
    <p class='ocr_par' dir='ltr' id='par_1_78' title="bbox 2151 2871 3719 2956">
     <span class='ocr_line' id='line_1_78' title="bbox 2151 2871 3719 2956; baseline -0.007 -24"><span class='ocrx_word' id='word_1_519' title='bbox 2151 2878 2364 2956; x_wconf 81' lang='grc' dir='ltr'>φορητὰ</span> <span class='ocrx_word' id='word_1_520' title='bbox 2427 2877 2852 2950; x_wconf 79' lang='grc' dir='ltr'>τετολμήκασιν,</span> <span class='ocrx_word' id='word_1_521' title='bbox 2924 2873 3070 2930; x_wconf 84' lang='grc' dir='ltr'>ἀλλὰ</span> <span class='ocrx_word' id='word_1_522' title='bbox 3145 2874 3404 2948; x_wconf 88' lang='grc' dir='ltr'>μέγιστον</span> <span class='ocrx_word' id='word_1_523' title='bbox 3479 2871 3719 2945; x_wconf 74' lang='grc' dir='ltr'>είργάσαντι</span> 
     </span>
    </p>
   </div>
   <div class='ocr_carea' id='block_1_79' title="bbox 2152 2957 3720 3040">
    <p class='ocr_par' dir='ltr' id='par_1_79' title="bbox 2152 2957 3720 3040">
     <span class='ocr_line' id='line_1_79' title="bbox 2152 2957 3720 3040; baseline -0.008 -18"><span class='ocrx_word' id='word_1_524' title='bbox 2152 2964 2575 3039; x_wconf 78' lang='grc' dir='ltr'>πλημμέλημα.</span> <span class='ocrx_word' id='word_1_525' title='bbox 2627 2965 2801 3022; x_wconf 73' lang='grc' dir='ltr'>Αὐτὸν</span> <span class='ocrx_word' id='word_1_526' title='bbox 2859 2965 2960 3040; x_wconf 82' lang='grc' dir='ltr'>γὰρ</span> <span class='ocrx_word' id='word_1_527' title='bbox 3010 2965 3100 3018; x_wconf 90' lang='grc' dir='ltr'>τὸν</span> <span class='ocrx_word' id='word_1_528' title='bbox 3163 2965 3430 3036; x_wconf 75' lang='grc' dir='ltr'>μακάριον</span> <span class='ocrx_word' id='word_1_529' title='bbox 3487 2957 3720 3034; x_wconf 74' lang='grc' dir='ltr'>Κύριλλον,</span> 
     </span>
    </p>
   </div>
   <div class='ocr_carea' id='block_1_80' title="bbox 2153 3045 3721 3126">
    <p class='ocr_par' dir='ltr' id='par_1_80' title="bbox 2153 3045 3721 3126">
     <span class='ocr_line' id='line_1_80' title="bbox 2153 3045 3721 3126; baseline -0.006 -15"><span class='ocrx_word' id='word_1_530' title='bbox 2153 3057 2244 3112; x_wconf 87' lang='grc' dir='ltr'>καὶ</span> <span class='ocrx_word' id='word_1_531' title='bbox 2299 3057 2398 3124; x_wconf 78' lang='grc' dir='ltr'>τὴν</span> <span class='ocrx_word' id='word_1_532' title='bbox 2456 3057 2570 3109; x_wconf 89' lang='grc' dir='ltr'>κατ’</span> <span class='ocrx_word' id='word_1_533' title='bbox 2629 3053 2785 3108; x_wconf 86' lang='grc' dir='ltr'>αὐτὸν</span> <span class='ocrx_word' id='word_1_534' title='bbox 2841 3054 3225 3126; x_wconf 87' lang='grc' dir='ltr'>ἀνεθεμάτισαν</span> <span class='ocrx_word' id='word_1_535' title='bbox 3286 3049 3528 3106; x_wconf 80' lang='grc' dir='ltr'>σύνοδον.</span> <span class='ocrx_word' id='word_1_536' title='bbox 3601 3045 3721 3104; x_wconf 65' lang='grc' dir='ltr'>Ἀλλὰ</span> 
     </span>
    </p>
   </div>
   <div class='ocr_carea' id='block_1_81' title="bbox 2155 3135 3719 3217">
    <p class='ocr_par' dir='ltr' id='par_1_81' title="bbox 2155 3135 3719 3217">
     <span class='ocr_line' id='line_1_81' title="bbox 2155 3135 3719 3217; baseline -0.008 -16"><span class='ocrx_word' id='word_1_537' title='bbox 2155 3145 2401 3206; x_wconf 75' lang='grc' dir='ltr'>κάκεῖνος</span> <span class='ocrx_word' id='word_1_538' title='bbox 2428 3148 2650 3217; x_wconf 78' lang='grc' dir='ltr'>ταχεῖαν</span> <span class='ocrx_word' id='word_1_539' title='bbox 2705 3142 2798 3197; x_wconf 82' lang='grc' dir='ltr'>καὶ</span> <span class='ocrx_word' id='word_1_540' title='bbox 2846 3141 2944 3195; x_wconf 88' lang='grc' dir='ltr'>οὐκ</span> <span class='ocrx_word' id='word_1_541' title='bbox 2995 3138 3204 3216; x_wconf 84' lang='grc' dir='ltr'>ἐργώδη</span> <span class='ocrx_word' id='word_1_542' title='bbox 3266 3139 3617 3214; x_wconf 83' lang='grc' dir='ltr'>προσηγάγετο</span> <span class='ocrx_word' id='word_1_543' title='bbox 3657 3135 3719 3198; x_wconf 66' lang='grc' dir='ltr'>τήν</span> 
     </span>
    </p>
   </div>
   <div class='ocr_carea' id='block_1_82' title="bbox 2155 3224 3721 3302">
    <p class='ocr_par' dir='ltr' id='par_1_82' title="bbox 2155 3224 3721 3302">
     <span class='ocr_line' id='line_1_82' title="bbox 2155 3224 3721 3302; baseline -0.006 -14"><span class='ocrx_word' id='word_1_544' title='bbox 2155 3232 2464 3302; x_wconf 84' lang='grc' dir='ltr'>ἀνάκτησιν·</span> <span class='ocrx_word' id='word_1_545' title='bbox 2528 3229 2662 3285; x_wconf 86' lang='grc' dir='ltr'>αὐτὸ</span> <span class='ocrx_word' id='word_1_546' title='bbox 2722 3231 2885 3302; x_wconf 84' lang='grc' dir='ltr'>μόνον</span> <span class='ocrx_word' id='word_1_547' title='bbox 2935 3229 2997 3284; x_wconf 88' lang='grc' dir='ltr'>τὸ</span> <span class='ocrx_word' id='word_1_548' title='bbox 3055 3225 3335 3292; x_wconf 77' lang='grc' dir='ltr'>συνθέσθαι</span> <span class='ocrx_word' id='word_1_549' title='bbox 3410 3224 3589 3286; x_wconf 78' lang='grc' dir='ltr'>αὐτοὺς</span> <span class='ocrx_word' id='word_1_550' title='bbox 3647 3226 3721 3279; x_wconf 75' lang='grc' dir='ltr'>τοῖς</span> 
     </span>
    </p>
   </div>
   <div class='ocr_carea' id='block_1_83' title="bbox 2158 3306 3722 3392">
    <p class='ocr_par' dir='ltr' id='par_1_83' title="bbox 2158 3306 3722 3392">
     <span class='ocr_line' id='line_1_83' title="bbox 2158 3306 3722 3392; baseline -0.007 -18"><span class='ocrx_word' id='word_1_551' title='bbox 2158 3318 2452 3380; x_wconf 88' lang='grc' dir='ltr'>συνοδικῶς</span> <span class='ocrx_word' id='word_1_552' title='bbox 2480 3317 2846 3392; x_wconf 81' lang='grc' dir='ltr'>δεδογμένοις,</span> <span class='ocrx_word' id='word_1_553' title='bbox 2886 3317 2976 3372; x_wconf 88' lang='grc' dir='ltr'>καὶ</span> <span class='ocrx_word' id='word_1_554' title='bbox 3034 3311 3271 3378; x_wconf 77' lang='grc' dir='ltr'>εὐσεϐῶς</span> <span class='ocrx_word' id='word_1_555' title='bbox 3329 3314 3636 3391; x_wconf 87' lang='grc' dir='ltr'>διορισθεῖσι,</span> <span class='ocrx_word' id='word_1_556' title='bbox 3667 3306 3722 3362; x_wconf 68' lang='grc' dir='ltr'><strong>καί</strong></span> 
     </span>
    </p>
   </div>
   <div class='ocr_carea' id='block_1_84' title="bbox 2157 3392 3723 3480">
    <p class='ocr_par' dir='ltr' id='par_1_84' title="bbox 2157 3392 3723 3480">
     <span class='ocr_line' id='line_1_84' title="bbox 2157 3392 3723 3480; baseline -0.003 -16"><span class='ocrx_word' id='word_1_557' title='bbox 2157 3413 2254 3464; x_wconf 91' lang='grc' dir='ltr'>τοῦ</span> <span class='ocrx_word' id='word_1_558' title='bbox 2312 3404 2537 3471; x_wconf 79' lang='grc' dir='ltr'>ἀσεϐοῦς</span> <span class='ocrx_word' id='word_1_559' title='bbox 2593 3411 2830 3480; x_wconf 82' lang='grc' dir='ltr'>κυρῶσαι</span> <span class='ocrx_word' id='word_1_560' title='bbox 2893 3407 2992 3474; x_wconf 77' lang='grc' dir='ltr'>τήν</span> <span class='ocrx_word' id='word_1_561' title='bbox 3068 3401 3387 3474; x_wconf 84' lang='grc' dir='ltr'>καταδίκην,</span> <span class='ocrx_word' id='word_1_562' title='bbox 3452 3401 3626 3460; x_wconf 74' lang='grc' dir='ltr'>ἐκείνας</span> <span class='ocrx_word' id='word_1_563' title='bbox 3667 3392 3723 3450; x_wconf 67' lang='grc' dir='ltr'>έπῖ</span> 
     </span>
    </p>
   </div>
   <div class='ocr_carea' id='block_1_85' title="bbox 2157 3486 3724 3568">
    <p class='ocr_par' dir='ltr' id='par_1_85' title="bbox 2157 3486 3724 3568">
     <span class='ocr_line' id='line_1_85' title="bbox 2157 3486 3724 3568; baseline -0.008 -15"><span class='ocrx_word' id='word_1_564' title='bbox 2157 3498 2375 3559; x_wconf 77' lang='grc' dir='ltr'>τούτοις</span> <span class='ocrx_word' id='word_1_565' title='bbox 2420 3496 2515 3560; x_wconf 82' lang='grc' dir='ltr'>τὰς</span> <span class='ocrx_word' id='word_1_566' title='bbox 2569 3494 2746 3564; x_wconf 88' lang='grc' dir='ltr'>πάσης</span> <span class='ocrx_word' id='word_1_567' title='bbox 2809 3493 3160 3568; x_wconf 80' lang='grc' dir='ltr'>περιχαρείας</span> <span class='ocrx_word' id='word_1_568' title='bbox 3217 3491 3541 3566; x_wconf 82' lang='grc' dir='ltr'>έπιμάστους</span> <span class='ocrx_word' id='word_1_569' title='bbox 3596 3486 3724 3563; x_wconf 72' lang='grc' dir='ltr'>φωνᾶς</span> 
     </span>
    </p>
   </div>
   <div class='ocr_carea' id='block_1_86' title="bbox 2161 3577 3725 3659">
    <p class='ocr_par' dir='ltr' id='par_1_86' title="bbox 2161 3577 3725 3659">
     <span class='ocr_line' id='line_1_86' title="bbox 2161 3577 3725 3659; baseline -0.01 -18"><span class='ocrx_word' id='word_1_570' title='bbox 2161 3581 2521 3656; x_wconf 73' lang='grc' dir='ltr'>ἐκϐοήσαντος</span> <span class='ocrx_word' id='word_1_571' title='bbox 2560 3589 2656 3639; x_wconf 85' lang='grc' dir='ltr'>τοῦ</span> <span class='ocrx_word' id='word_1_572' title='bbox 2707 3583 2869 3638; x_wconf 86' lang='grc' dir='ltr'>αὐτοῦ</span> <span class='ocrx_word' id='word_1_573' title='bbox 2928 3583 3196 3659; x_wconf 86' lang='grc' dir='ltr'>θεοφόρου</span> <span class='ocrx_word' id='word_1_574' title='bbox 3258 3581 3488 3656; x_wconf 78' lang='grc' dir='ltr'>Πατρὸς,</span> <span class='ocrx_word' id='word_1_575' title='bbox 3534 3577 3584 3638; x_wconf 80' lang='grc' dir='ltr'>ἃς</span> <span class='ocrx_word' id='word_1_576' title='bbox 3631 3577 3725 3628; x_wconf 72' lang='grc' dir='ltr'>ὑπο·</span> 
     </span>
    </p>
   </div>
   <div class='ocr_carea' id='block_1_87' title="bbox 2159 3667 3728 3749">
    <p class='ocr_par' dir='ltr' id='par_1_87' title="bbox 2159 3667 3728 3749">
     <span class='ocr_line' id='line_1_87' title="bbox 2159 3667 3728 3749; baseline -0.007 -19"><span class='ocrx_word' id='word_1_577' title='bbox 2159 3677 2376 3745; x_wconf 78' lang='grc' dir='ltr'>νοήσειέ</span> <span class='ocrx_word' id='word_1_578' title='bbox 2421 3695 2505 3736; x_wconf 90' lang='grc' dir='ltr'>τις</span> <span class='ocrx_word' id='word_1_579' title='bbox 2536 3672 2790 3749; x_wconf 76' lang='grc' dir='ltr'>έῤῥῆσθαι</span> <span class='ocrx_word' id='word_1_580' title='bbox 2849 3673 2921 3733; x_wconf 87' lang='grc' dir='ltr'>ὣς</span> <span class='ocrx_word' id='word_1_581' title='bbox 2977 3671 3141 3725; x_wconf 85' lang='grc' dir='ltr'>αὐτοῦ</span> <span class='ocrx_word' id='word_1_582' title='bbox 3199 3668 3416 3742; x_wconf 75' lang='grc' dir='ltr'>μᾶλλον</span> <span class='ocrx_word' id='word_1_583' title='bbox 3467 3667 3728 3736; x_wconf 79' lang='grc' dir='ltr'>πταίσματος</span> 
     </span>
    </p>
   </div>
   <div class='ocr_carea' id='block_1_88' title="bbox 2162 3757 3725 3836">
    <p class='ocr_par' dir='ltr' id='par_1_88' title="bbox 2162 3757 3725 3836">
     <span class='ocr_line' id='line_1_88' title="bbox 2162 3757 3725 3836; baseline -0.008 -20"><span class='ocrx_word' id='word_1_584' title='bbox 2162 3762 2519 3836; x_wconf 86' lang='grc' dir='ltr'>συγχώρησιν</span> <span class='ocrx_word' id='word_1_585' title='bbox 2551 3758 2865 3832; x_wconf 81' lang='grc' dir='ltr'>δοξαμένου,</span> <span class='ocrx_word' id='word_1_586' title='bbox 2923 3759 3010 3812; x_wconf 88' lang='grc' dir='ltr'>καὶ</span> <span class='ocrx_word' id='word_1_587' title='bbox 3065 3759 3128 3811; x_wconf 86' lang='grc' dir='ltr'>οὐ</span> <span class='ocrx_word' id='word_1_588' title='bbox 3183 3763 3303 3818; x_wconf 84' lang='grc' dir='ltr'>τοῖς</span> <span class='ocrx_word' id='word_1_589' title='bbox 3363 3757 3592 3811; x_wconf 82' lang='grc' dir='ltr'>πταίσασι</span> <span class='ocrx_word' id='word_1_590' title='bbox 3638 3769 3725 3818; x_wconf 71' lang='grc' dir='ltr'>συγ-</span> 
     </span>
    </p>
   </div>
   <div class='ocr_carea' id='block_1_89' title="bbox 2164 3836 3728 3926">
    <p class='ocr_par' dir='ltr' id='par_1_89' title="bbox 2164 3836 3728 3926">
     <span class='ocr_line' id='line_1_89' title="bbox 2164 3836 3728 3926; baseline -0.008 -21"><span class='ocrx_word' id='word_1_591' title='bbox 2164 3854 2542 3926; x_wconf 80' lang='grc' dir='ltr'>χωρήσαντος’</span> <span class='ocrx_word' id='word_1_592' title='bbox 2609 3873 2635 3900; x_wconf 78' lang='grc' dir='ltr'>(ι</span> <span class='ocrx_word' id='word_1_593' title='bbox 2663 3845 3131 3924; x_wconf 83' lang='grc' dir='ltr'>Εὐφραινέσθωσαν</span> <span class='ocrx_word' id='word_1_594' title='bbox 3175 3846 3306 3921; x_wconf 80' lang='grc' dir='ltr'>γὰρ,</span> <span class='ocrx_word' id='word_1_595' title='bbox 3354 3847 3529 3922; x_wconf 80' lang='grc' dir='ltr'>φησὶν,</span> <span class='ocrx_word' id='word_1_596' title='bbox 3581 3841 3622 3894; x_wconf 82' lang='grc' dir='ltr'>οἱ</span> <span class='ocrx_word' id='word_1_597' title='bbox 3665 3836 3728 3926; x_wconf 49' lang='grc' dir='ltr'>οὐ·</span> 
     </span>
    </p>
   </div>
   <div class='ocr_carea' id='block_1_90' title="bbox 2163 3922 3727 4014">
    <p class='ocr_par' dir='ltr' id='par_1_90' title="bbox 2163 3922 3727 4014">
     <span class='ocr_line' id='line_1_90' title="bbox 2163 3922 3727 4014; baseline -0.008 -20"><span class='ocrx_word' id='word_1_598' title='bbox 2163 3922 2334 4014; x_wconf 31' lang='grc' dir='ltr'>ραν-οὶ,</span> <span class='ocrx_word' id='word_1_599' title='bbox 2377 3939 2464 3992; x_wconf 87' lang='grc' dir='ltr'>καὶ</span> <span class='ocrx_word' id='word_1_600' title='bbox 2513 3922 2870 4011; x_wconf 77' lang='grc' dir='ltr'>ἀγαλλιάσθω</span> <span class='ocrx_word' id='word_1_601' title='bbox 2901 3938 2935 4004; x_wconf 80' lang='grc' dir='ltr'><strong>ἡ</strong></span> <span class='ocrx_word' id='word_1_602' title='bbox 2967 3941 3058 4010; x_wconf 83' lang='grc' dir='ltr'>γῆ·</span> <span class='ocrx_word' id='word_1_603' title='bbox 3112 3933 3344 3990; x_wconf 87' lang='grc' dir='ltr'>λέλυταε</span> <span class='ocrx_word' id='word_1_604' title='bbox 3384 3935 3484 4008; x_wconf 76' lang='grc' dir='ltr'>γάρ</span> <span class='ocrx_word' id='word_1_605' title='bbox 3525 3931 3578 3984; x_wconf 84' lang='grc' dir='ltr'>τὸ</span> <span class='ocrx_word' id='word_1_606' title='bbox 3617 3922 3727 3999; x_wconf 63' lang='grc' dir='ltr'>μεσέ-</span> 
     </span>
    </p>
   </div>
   <div class='ocr_carea' id='block_1_91' title="bbox 2161 4018 3727 4102">
    <p class='ocr_par' dir='ltr' id='par_1_91' title="bbox 2161 4018 3727 4102">
     <span class='ocr_line' id='line_1_91' title="bbox 2161 4018 3727 4102; baseline -0.006 -20"><span class='ocrx_word' id='word_1_607' title='bbox 2161 4047 2353 4102; x_wconf 90' lang='grc' dir='ltr'>τοιχον</span> <span class='ocrx_word' id='word_1_608' title='bbox 2378 4029 2474 4080; x_wconf 90' lang='grc' dir='ltr'>τοῦ</span> <span class='ocrx_word' id='word_1_609' title='bbox 2507 4028 2784 4101; x_wconf 83' lang='grc' dir='ltr'>φραγμοῦ,</span> <span class='ocrx_word' id='word_1_610' title='bbox 2815 4023 2903 4078; x_wconf 87' lang='grc' dir='ltr'>καὶ</span> <span class='ocrx_word' id='word_1_611' title='bbox 2935 4021 3215 4097; x_wconf 81' lang='grc' dir='ltr'>διχονοίας</span> <span class='ocrx_word' id='word_1_612' title='bbox 3275 4024 3487 4090; x_wconf 86' lang='grc' dir='ltr'>ἁπάσης</span> <span class='ocrx_word' id='word_1_613' title='bbox 3530 4018 3727 4091; x_wconf 72' lang='grc' dir='ltr'>ἀνῄρηται</span> 
     </span>
    </p>
   </div>
   <div class='ocr_carea' id='block_1_92' title="bbox 2160 4108 3725 4192">
    <p class='ocr_par' dir='ltr' id='par_1_92' title="bbox 2160 4108 3725 4192">
     <span class='ocr_line' id='line_1_92' title="bbox 2160 4108 3725 4192; baseline -0.01 -19"><span class='ocrx_word' id='word_1_614' title='bbox 2160 4119 2388 4192; x_wconf 86' lang='grc' dir='ltr'>τρόπος,</span> <span class='ocrx_word' id='word_1_615' title='bbox 2443 4117 2539 4168; x_wconf 90' lang='grc' dir='ltr'>τοῦ</span> <span class='ocrx_word' id='word_1_616' title='bbox 2595 4112 2806 4169; x_wconf 88' lang='grc' dir='ltr'>πάντων</span> <span class='ocrx_word' id='word_1_617' title='bbox 2834 4115 2993 4185; x_wconf 83' lang='grc' dir='ltr'>ἡμῶν</span> <span class='ocrx_word' id='word_1_618' title='bbox 3055 4111 3319 4186; x_wconf 69' lang='grc' dir='ltr'>Σωτῆρος</span> <span class='ocrx_word' id='word_1_619' title='bbox 3370 4113 3586 4183; x_wconf 85' lang='grc' dir='ltr'>Χριστοῦ</span> <span class='ocrx_word' id='word_1_620' title='bbox 3648 4108 3725 4158; x_wconf 72' lang='grc' dir='ltr'>ταῖς</span> 
     </span>
    </p>
   </div>
   <div class='ocr_carea' id='block_1_93' title="bbox 2167 4195 3724 4276">
    <p class='ocr_par' dir='ltr' id='par_1_93' title="bbox 2167 4195 3724 4276">
     <span class='ocr_line' id='line_1_93' title="bbox 2167 4195 3724 4276; baseline -0.005 -16"><span class='ocrx_word' id='word_1_621' title='bbox 2167 4207 2358 4261; x_wconf 72' lang='grc' dir='ltr'>ἑαυτοῦ</span> <span class='ocrx_word' id='word_1_622' title='bbox 2413 4203 2766 4272; x_wconf 83' lang='grc' dir='ltr'>Ἐκκλησίαις</span> <span class='ocrx_word' id='word_1_623' title='bbox 2836 4202 2933 4270; x_wconf 81' lang='grc' dir='ltr'>τήν</span> <span class='ocrx_word' id='word_1_624' title='bbox 3009 4201 3232 4274; x_wconf 74' lang='grc' dir='ltr'>εἰρήνην</span> <span class='ocrx_word' id='word_1_625' title='bbox 3325 4195 3724 4276; x_wconf 64' lang='grc' dir='ltr'>βραϐεύσαντοςιν</span> 
     </span>
    </p>
   </div>
   <div class='ocr_carea' id='block_1_94' title="bbox 2166 4287 3724 4367">
    <p class='ocr_par' dir='ltr' id='par_1_94' title="bbox 2166 4287 3724 4367">
     <span class='ocr_line' id='line_1_94' title="bbox 2166 4287 3724 4367; baseline -0.021 -16"><span class='ocrx_word' id='word_1_626' title='bbox 2166 4297 2362 4367; x_wconf 57' lang='lat' dir='ltr'>&quot;Extare</span> <span class='ocrx_word' id='word_1_627' title='bbox 2390 4293 2571 4346; x_wconf 88' lang='grc' dir='ltr'>τοίνυν</span> <span class='ocrx_word' id='word_1_628' title='bbox 2606 4291 2693 4344; x_wconf 84' lang='grc' dir='ltr'>καὶ</span> <span class='ocrx_word' id='word_1_629' title='bbox 2727 4291 2906 4362; x_wconf 82' lang='grc' dir='ltr'>ὑμεῖς,</span> <span class='ocrx_word' id='word_1_630' title='bbox 2938 4287 2982 4342; x_wconf 86' lang='grc' dir='ltr'><em>ὦ</em></span> <span class='ocrx_word' id='word_1_631' title='bbox 3015 4288 3336 4359; x_wconf 61' lang='grc' dir='ltr'>θεόληπτοι,</span> <span class='ocrx_word' id='word_1_632' title='bbox 3393 4289 3489 4356; x_wconf 70' lang='grc' dir='ltr'>τὴν</span> <span class='ocrx_word' id='word_1_633' title='bbox 3535 4287 3724 4356; x_wconf 50' lang='grc' dir='ltr'>ἀναίρει.</span> 
     </span>
    </p>
   </div>
   <div class='ocr_carea' id='block_1_95' title="bbox 2171 4372 3723 4455">
    <p class='ocr_par' dir='ltr' id='par_1_95' title="bbox 2171 4372 3723 4455">
     <span class='ocr_line' id='line_1_95' title="bbox 2171 4372 3723 4455; baseline -0.009 -17"><span class='ocrx_word' id='word_1_634' title='bbox 2171 4384 2274 4451; x_wconf 76' lang='grc' dir='ltr'>κήν</span> <span class='ocrx_word' id='word_1_635' title='bbox 2303 4381 2399 4436; x_wconf 84' lang='grc' dir='ltr'>τοῦ</span> <span class='ocrx_word' id='word_1_636' title='bbox 2428 4381 2543 4434; x_wconf 89' lang='grc' dir='ltr'>κατ’</span> <span class='ocrx_word' id='word_1_637' title='bbox 2601 4378 2857 4452; x_wconf 79' lang='grc' dir='ltr'>ἐπήρειαν</span> <span class='ocrx_word' id='word_1_638' title='bbox 2911 4376 3254 4455; x_wconf 79' lang='grc' dir='ltr'>σφάλματος,</span> <span class='ocrx_word' id='word_1_639' title='bbox 3306 4376 3590 4452; x_wconf 84' lang='grc' dir='ltr'>ἀπολογίαν</span> <span class='ocrx_word' id='word_1_640' title='bbox 3617 4372 3723 4442; x_wconf 64' lang='lat' dir='ltr'>iqu-</span> 
     </span>
    </p>
   </div>
   <div class='ocr_carea' id='block_1_96' title="bbox 420 4460 1955 4548">
    <p class='ocr_par' dir='ltr' id='par_1_96' title="bbox 420 4471 1955 4540">
     <span class='ocr_line' id='line_1_96' title="bbox 420 4471 1955 4540; baseline -0.004 -10"><span class='ocrx_word' id='word_1_641' title='bbox 420 4482 594 4530; x_wconf 69' lang='lat' dir='ltr'>rectai</span> <span class='ocrx_word' id='word_1_642' title='bbox 627 4474 761 4529; x_wconf 90' lang='lat' dir='ltr'>ﬁdei</span> <span class='ocrx_word' id='word_1_643' title='bbox 795 4472 1250 4527; x_wconf 86' lang='lat' dir='ltr'>confessionem.</span> <span class='ocrx_word' id='word_1_644' title='bbox 1311 4472 1389 4524; x_wconf 84' lang='lat' dir='ltr'>Ne</span> <span class='ocrx_word' id='word_1_645' title='bbox 1436 4486 1591 4540; x_wconf 86' lang='lat' dir='ltr'>ergo,</span> <span class='ocrx_word' id='word_1_646' title='bbox 1625 4489 1656 4524; x_wconf 92' lang='grc' dir='ltr'>ο</span> <span class='ocrx_word' id='word_1_647' title='bbox 1684 4471 1859 4538; x_wconf 86' lang='lat' dir='ltr'>beati,</span> <span class='ocrx_word' id='word_1_648' title='bbox 1893 4477 1955 4525; x_wconf 87' lang='lat' dir='ltr'>ta</span> 
     </span>
    </p>
   </div>
   <div class='ocr_carea' id='block_1_97' title="bbox 2188 4460 3723 4548">
    <p class='ocr_par' dir='ltr' id='par_1_97' title="bbox 2188 4463 3723 4539">
     <span class='ocr_line' id='line_1_97' title="bbox 2188 4463 3723 4539; baseline -0.007 -13"><span class='ocrx_word' id='word_1_649' title='bbox 2188 4472 2266 4526; x_wconf 80' lang='grc' dir='ltr'>&gt;άν</span> <span class='ocrx_word' id='word_1_650' title='bbox 2299 4491 2358 4524; x_wconf 89' lang='grc' dir='ltr'>τε</span> <span class='ocrx_word' id='word_1_651' title='bbox 2386 4469 2476 4522; x_wconf 87' lang='grc' dir='ltr'>καὶ</span> <span class='ocrx_word' id='word_1_652' title='bbox 2507 4466 2755 4539; x_wconf 81' lang='grc' dir='ltr'>ἔννομον,</span> <span class='ocrx_word' id='word_1_653' title='bbox 2814 4465 2903 4520; x_wconf 83' lang='grc' dir='ltr'>καὶ</span> <span class='ocrx_word' id='word_1_654' title='bbox 2951 4463 3206 4539; x_wconf 81' lang='grc' dir='ltr'>οὐδαμῶς</span> <span class='ocrx_word' id='word_1_655' title='bbox 3269 4463 3567 4538; x_wconf 84' lang='grc' dir='ltr'>δυναμένην</span> <span class='ocrx_word' id='word_1_656' title='bbox 3610 4476 3723 4530; x_wconf 65' lang='grc' dir='ltr'>παρα·</span> 
     </span>
    </p>
   </div>
   <div class='ocr_carea' id='block_1_98' title="bbox 419 4558 2058 4635">
    <p class='ocr_par' dir='ltr' id='par_1_98' title="bbox 419 4558 2058 4635">
     <span class='ocr_line' id='line_1_98' title="bbox 419 4558 2058 4635; baseline -0.001 -19"><span class='ocrx_word' id='word_1_657' title='bbox 419 4564 704 4635; x_wconf 83' lang='lat' dir='ltr'>pigreque</span> <span class='ocrx_word' id='word_1_658' title='bbox 736 4562 810 4615; x_wconf 87' lang='lat' dir='ltr'>ad</span> <span class='ocrx_word' id='word_1_659' title='bbox 841 4578 938 4615; x_wconf 89' lang='lat' dir='ltr'>eos</span> <span class='ocrx_word' id='word_1_660' title='bbox 967 4559 1291 4614; x_wconf 88' lang='lat' dir='ltr'>habueritis</span> <span class='ocrx_word' id='word_1_661' title='bbox 1319 4575 1467 4629; x_wconf 92' lang='lat' dir='ltr'>quos</span> <span class='ocrx_word' id='word_1_662' title='bbox 1497 4558 1660 4612; x_wconf 89' lang='lat' dir='ltr'>vobis</span> <span class='ocrx_word' id='word_1_663' title='bbox 1687 4560 2058 4614; x_wconf 88' lang='lat' dir='ltr'>consociatos</span> 
     </span>
    </p>
   </div>
   <div class='ocr_carea' id='block_1_99' title="bbox 423 4647 2065 4720">
    <p class='ocr_par' dir='ltr' id='par_1_99' title="bbox 423 4647 2065 4720">
     <span class='ocr_line' id='line_1_99' title="bbox 423 4647 2065 4720; baseline -0.003 -13"><span class='ocrx_word' id='word_1_664' title='bbox 423 4669 491 4708; x_wconf 88' lang='lat' dir='ltr'>ac</span> <span class='ocrx_word' id='word_1_665' title='bbox 522 4649 823 4705; x_wconf 90' lang='lat' dir='ltr'>individue</span> <span class='ocrx_word' id='word_1_666' title='bbox 855 4647 1106 4720; x_wconf 89' lang='lat' dir='ltr'>spiritali</span> <span class='ocrx_word' id='word_1_667' title='bbox 1152 4647 1593 4718; x_wconf 87' lang='lat' dir='ltr'>conspiratione</span> <span class='ocrx_word' id='word_1_668' title='bbox 1638 4663 1705 4701; x_wconf 89' lang='lat' dir='ltr'>ac</span> <span class='ocrx_word' id='word_1_669' title='bbox 1749 4648 2065 4702; x_wconf 89' lang='lat' dir='ltr'>concordia</span> 
     </span>
    </p>
   </div>
   <div class='ocr_carea' id='block_1_100' title="bbox 424 4734 2066 4809">
    <p class='ocr_par' dir='ltr' id='par_1_100' title="bbox 424 4734 2066 4809">
     <span class='ocr_line' id='line_1_100' title="bbox 424 4734 2066 4809; baseline -0.004 -13"><span class='ocrx_word' id='word_1_670' title='bbox 424 4740 653 4796; x_wconf 89' lang='lat' dir='ltr'>habetis</span> <span class='ocrx_word' id='word_1_671' title='bbox 685 4739 1035 4809; x_wconf 90' lang='lat' dir='ltr'>conjunctos</span> <span class='ocrx_word' id='word_1_672' title='bbox 1063 4753 1076 4802; x_wconf 91' lang='lat'><strong>;</strong></span> <span class='ocrx_word' id='word_1_673' title='bbox 1111 4751 1219 4790; x_wconf 91' lang='lat' dir='ltr'>nec</span> <span class='ocrx_word' id='word_1_674' title='bbox 1250 4735 1322 4789; x_wconf 93' lang='lat' dir='ltr'>iis</span> <span class='ocrx_word' id='word_1_675' title='bbox 1354 4734 1727 4790; x_wconf 89' lang='lat' dir='ltr'>attendentes</span> <span class='ocrx_word' id='word_1_676' title='bbox 1781 4752 1910 4806; x_wconf 60' lang='lat' dir='ltr'>qua:</span> <span class='ocrx_word' id='word_1_677' title='bbox 1961 4753 2066 4806; x_wconf 89' lang='lat' dir='ltr'>per</span> 
     </span>
    </p>
   </div>
   <div class='ocr_carea' id='block_1_101' title="bbox 424 4823 2066 4900">
    <p class='ocr_par' dir='ltr' id='par_1_101' title="bbox 424 4823 2066 4900">
     <span class='ocr_line' id='line_1_101' title="bbox 424 4823 2066 4900; baseline -0.004 -16"><span class='ocrx_word' id='word_1_678' title='bbox 424 4831 542 4885; x_wconf 89' lang='lat' dir='ltr'>vim</span> <span class='ocrx_word' id='word_1_679' title='bbox 571 4834 800 4900; x_wconf 86' lang='lat' dir='ltr'>patrata</span> <span class='ocrx_word' id='word_1_680' title='bbox 831 4831 990 4892; x_wconf 89' lang='lat' dir='ltr'>sunt,</span> <span class='ocrx_word' id='word_1_681' title='bbox 1014 4841 1142 4881; x_wconf 89' lang='lat' dir='ltr'>eam</span> <span class='ocrx_word' id='word_1_682' title='bbox 1179 4841 1383 4896; x_wconf 90' lang='lat' dir='ltr'>passos</span> <span class='ocrx_word' id='word_1_683' title='bbox 1425 4841 1458 4880; x_wconf 92' lang='lat' dir='ltr'>a</span> <span class='ocrx_word' id='word_1_684' title='bbox 1505 4829 1696 4879; x_wconf 86' lang='lat' dir='ltr'>vestra</span> <span class='ocrx_word' id='word_1_685' title='bbox 1748 4823 2066 4879; x_wconf 89' lang='lat' dir='ltr'>dilectione</span> 
     </span>
    </p>
   </div>
   <div class='ocr_carea' id='block_1_102' title="bbox 423 4914 2068 4989">
    <p class='ocr_par' dir='ltr' id='par_1_102' title="bbox 423 4914 2068 4989">
     <span class='ocr_line' id='line_1_102' title="bbox 423 4914 2068 4989; baseline -0.004 -15"><span class='ocrx_word' id='word_1_686' title='bbox 423 4920 617 4974; x_wconf 87' lang='lat' dir='ltr'>velitis</span> <span class='ocrx_word' id='word_1_687' title='bbox 649 4917 961 4989; x_wconf 83' lang='lat' dir='ltr'>repellere,</span> <span class='ocrx_word' id='word_1_688' title='bbox 994 4920 1098 4970; x_wconf 89' lang='lat' dir='ltr'>aut</span> <span class='ocrx_word' id='word_1_689' title='bbox 1127 4920 1402 4986; x_wconf 87' lang='lat' dir='ltr'>reputare</span> <span class='ocrx_word' id='word_1_690' title='bbox 1445 4921 1506 4968; x_wconf 92' lang='lat' dir='ltr'>ut</span> <span class='ocrx_word' id='word_1_691' title='bbox 1537 4914 1834 4979; x_wconf 90' lang='lat' dir='ltr'>inimicos,</span> <span class='ocrx_word' id='word_1_692' title='bbox 1859 4929 2068 4984; x_wconf 91' lang='lat' dir='ltr'>quem-</span> 
     </span>
    </p>
   </div>
   <div class='ocr_carea' id='block_1_103' title="bbox 426 5002 2070 5073">
    <p class='ocr_par' dir='ltr' id='par_1_103' title="bbox 426 5002 2070 5073">
     <span class='ocr_line' id='line_1_103' title="bbox 426 5002 2070 5073; baseline -0.004 -11"><span class='ocrx_word' id='word_1_693' title='bbox 426 5007 746 5063; x_wconf 87' lang='lat' dir='ltr'>admodum</span> <span class='ocrx_word' id='word_1_694' title='bbox 769 5007 852 5060; x_wconf 89' lang='lat' dir='ltr'>ait</span> <span class='ocrx_word' id='word_1_695' title='bbox 909 5005 1141 5060; x_wconf 89' lang='lat' dir='ltr'>divinus</span> <span class='ocrx_word' id='word_1_696' title='bbox 1197 5002 1514 5073; x_wconf 84' lang='lat' dir='ltr'>Apostolus</span> <span class='ocrx_word' id='word_1_697' title='bbox 1549 5003 1608 5066; x_wconf 69' lang='lat'>&#39;3,</span> <span class='ocrx_word' id='word_1_698' title='bbox 1657 5003 1760 5056; x_wconf 91' lang='lat' dir='ltr'>sed</span> <span class='ocrx_word' id='word_1_699' title='bbox 1807 5003 2070 5056; x_wconf 91' lang='lat' dir='ltr'>consola-</span> 
     </span>
    </p>
   </div>
   <div class='ocr_carea' id='block_1_104' title="bbox 427 5091 2071 5162">
    <p class='ocr_par' dir='ltr' id='par_1_104' title="bbox 427 5091 2071 5162">
     <span class='ocr_line' id='line_1_104' title="bbox 427 5091 2071 5162; baseline -0.002 -13"><span class='ocrx_word' id='word_1_700' title='bbox 427 5096 574 5152; x_wconf 91' lang='lat' dir='ltr'>mini</span> <span class='ocrx_word' id='word_1_701' title='bbox 631 5101 698 5148; x_wconf 89' lang='lat' dir='ltr'>ut</span> <span class='ocrx_word' id='word_1_702' title='bbox 748 5095 978 5162; x_wconf 84' lang='lat' dir='ltr'>fratres,</span> <span class='ocrx_word' id='word_1_703' title='bbox 1041 5092 1423 5148; x_wconf 90' lang='lat' dir='ltr'>ostendentes</span> <span class='ocrx_word' id='word_1_704' title='bbox 1483 5091 1834 5158; x_wconf 84' lang='lat' dir='ltr'>imitatione,</span> <span class='ocrx_word' id='word_1_705' title='bbox 1913 5091 2071 5162; x_wconf 91' lang='lat' dir='ltr'>quod</span> 
     </span>
    </p>
   </div>
   <div class='ocr_carea' id='block_1_105' title="bbox 428 5180 2071 5251">
    <p class='ocr_par' dir='ltr' id='par_1_105' title="bbox 428 5180 2071 5251">
     <span class='ocr_line' id='line_1_105' title="bbox 428 5180 2071 5251; baseline -0.003 -12"><span class='ocrx_word' id='word_1_706' title='bbox 428 5185 691 5240; x_wconf 89' lang='lat' dir='ltr'>divinum</span> <span class='ocrx_word' id='word_1_707' title='bbox 725 5189 830 5237; x_wconf 82' lang='lat' dir='ltr'>est.</span> <span class='ocrx_word' id='word_1_708' title='bbox 889 5183 1139 5238; x_wconf 90' lang='lat' dir='ltr'>Omnino</span> <span class='ocrx_word' id='word_1_709' title='bbox 1193 5180 1508 5251; x_wconf 87' lang='lat' dir='ltr'>siquidem,</span> <span class='ocrx_word' id='word_1_710' title='bbox 1567 5180 1947 5245; x_wconf 88' lang='lat' dir='ltr'>sanctissimi,</span> <span class='ocrx_word' id='word_1_711' title='bbox 2003 5196 2071 5234; x_wconf 85' lang='lat' dir='ltr'>ex</span> 
     </span>
    </p>
   </div>
   <div class='ocr_carea' id='block_1_106' title="bbox 427 5267 2070 5339">
    <p class='ocr_par' dir='ltr' id='par_1_106' title="bbox 427 5267 2070 5339">
     <span class='ocr_line' id='line_1_106' title="bbox 427 5267 2070 5339; baseline -0.003 -12"><span class='ocrx_word' id='word_1_712' title='bbox 427 5273 677 5328; x_wconf 83' lang='lat' dir='ltr'>Aaronis</span> <span class='ocrx_word' id='word_1_713' title='bbox 709 5272 895 5326; x_wconf 89' lang='lat' dir='ltr'>sancti</span> <span class='ocrx_word' id='word_1_714' title='bbox 927 5271 1158 5324; x_wconf 90' lang='lat' dir='ltr'>Domini</span> <span class='ocrx_word' id='word_1_715' title='bbox 1194 5270 1444 5324; x_wconf 88' lang='lat' dir='ltr'>historia</span> <span class='ocrx_word' id='word_1_716' title='bbox 1476 5269 1518 5303; x_wconf 81' lang='grc'>¹⁹</span> <span class='ocrx_word' id='word_1_717' title='bbox 1545 5267 1850 5339; x_wconf 87' lang='lat' dir='ltr'>pensaturi</span> <span class='ocrx_word' id='word_1_718' title='bbox 1909 5268 2070 5335; x_wconf 89' lang='lat' dir='ltr'>estis,</span> 
     </span>
    </p>
   </div>
   <div class='ocr_carea' id='block_1_107' title="bbox 428 5356 2074 5430">
    <p class='ocr_par' dir='ltr' id='par_1_107' title="bbox 428 5356 2074 5430">
     <span class='ocr_line' id='line_1_107' title="bbox 428 5356 2074 5430; baseline -0.004 -13"><span class='ocrx_word' id='word_1_719' title='bbox 428 5369 494 5417; x_wconf 88' lang='lat' dir='ltr'>ut</span> <span class='ocrx_word' id='word_1_720' title='bbox 514 5361 746 5416; x_wconf 89' lang='lat' dir='ltr'>divinus</span> <span class='ocrx_word' id='word_1_721' title='bbox 779 5359 903 5430; x_wconf 90' lang='lat' dir='ltr'>ipse</span> <span class='ocrx_word' id='word_1_722' title='bbox 947 5359 1218 5428; x_wconf 89' lang='lat' dir='ltr'>Spiritus,</span> <span class='ocrx_word' id='word_1_723' title='bbox 1252 5360 1598 5429; x_wconf 88' lang='lat' dir='ltr'>consignata</span> <span class='ocrx_word' id='word_1_724' title='bbox 1630 5356 1814 5410; x_wconf 88' lang='lat' dir='ltr'>sacris</span> <span class='ocrx_word' id='word_1_725' title='bbox 1847 5356 2074 5426; x_wconf 86' lang='lat' dir='ltr'>paginis</span> 
     </span>
    </p>
   </div>
   <div class='ocr_carea' id='block_1_108' title="bbox 505 5571 1512 5648">
    <p class='ocr_par' dir='ltr' id='par_1_108' title="bbox 505 5571 1512 5648">
     <span class='ocr_line' id='line_1_108' title="bbox 505 5571 1512 5648; baseline -0.007 -15"><span class='ocrx_word' id='word_1_726' title='bbox 505 5578 549 5616; x_wconf 83' lang='grc'>¹⁶</span> <span class='ocrx_word' id='word_1_727' title='bbox 577 5577 759 5648; x_wconf 89' lang='lat' dir='ltr'>Epist.</span> <span class='ocrx_word' id='word_1_728' title='bbox 792 5575 880 5628; x_wconf 80' lang='grc'>47.</span> <span class='ocrx_word' id='word_1_729' title='bbox 961 5571 1006 5608; x_wconf 74' lang='grc'>¹⁷</span> <span class='ocrx_word' id='word_1_730' title='bbox 1035 5572 1342 5644; x_wconf 75' lang='lat' dir='ltr'>Epist._5l,</span> <span class='ocrx_word' id='word_1_731' title='bbox 1375 5590 1424 5627; x_wconf 87' lang='grc' dir='ltr'>ο.</span> <span class='ocrx_word' id='word_1_732' title='bbox 1462 5577 1512 5626; x_wconf 81' lang='grc'>2.</span> 
     </span>
    </p>
   </div>
   <div class='ocr_carea' id='block_1_109' title="bbox 1595 5571 2179 5639">
    <p class='ocr_par' dir='ltr' id='par_1_109' title="bbox 1595 5571 2179 5639">
     <span class='ocr_line' id='line_1_109' title="bbox 1595 5571 2179 5639; baseline 0.007 -15"><span class='ocrx_word' id='word_1_733' title='bbox 1595 5572 1637 5608; x_wconf 67' lang='grc' dir='ltr'>ιε</span> <span class='ocrx_word' id='word_1_734' title='bbox 1668 5573 1717 5624; x_wconf 90' lang='grc' dir='ltr'>ΙΙ</span> <span class='ocrx_word' id='word_1_735' title='bbox 1748 5571 1949 5626; x_wconf 90' lang='lat' dir='ltr'>Thess.</span> <span class='ocrx_word' id='word_1_736' title='bbox 1982 5588 2063 5639; x_wconf 83' lang='lat' dir='ltr'>ui,</span> <span class='ocrx_word' id='word_1_737' title='bbox 2096 5573 2179 5629; x_wconf 90' lang='grc'><strong>11.</strong></span> 
     </span>
    </p>
   </div>
   <div class='ocr_carea' id='block_1_110' title="bbox 2169 4547 3721 4633">
    <p class='ocr_par' dir='ltr' id='par_1_110' title="bbox 2169 4547 3721 4633">
     <span class='ocr_line' id='line_1_110' title="bbox 2169 4547 3721 4633; baseline -0.006 -20"><span class='ocrx_word' id='word_1_738' title='bbox 2169 4547 2521 4633; x_wconf 80' lang='grc' dir='ltr'>κρουσθῆναι,</span> <span class='ocrx_word' id='word_1_739' title='bbox 2591 4555 2691 4624; x_wconf 82' lang='grc' dir='ltr'>τήν</span> <span class='ocrx_word' id='word_1_740' title='bbox 2774 4555 3006 4629; x_wconf 79' lang='grc' dir='ltr'>καθαρὰν</span> <span class='ocrx_word' id='word_1_741' title='bbox 3093 4555 3182 4609; x_wconf 80' lang='grc' dir='ltr'>καὶ</span> <span class='ocrx_word' id='word_1_742' title='bbox 3252 4547 3721 4630; x_wconf 66' lang='grc' dir='ltr'>πεπαῤῥησιασμένην</span> 
     </span>
    </p>
   </div>
   <div class='ocr_carea' id='block_1_111' title="bbox 2169 4630 3721 4719">
    <p class='ocr_par' dir='ltr' id='par_1_111' title="bbox 2169 4630 3721 4719">
     <span class='ocr_line' id='line_1_111' title="bbox 2169 4630 3721 4719; baseline -0.017 -6"><span class='ocrx_word' id='word_1_743' title='bbox 2169 4630 2267 4712; x_wconf 53' lang='grc' dir='ltr'>τῆς</span> <span class='ocrx_word' id='word_1_744' title='bbox 2312 4642 2623 4719; x_wconf 76' lang='grc' dir='ltr'>ὀρθοδοξίας</span> <span class='ocrx_word' id='word_1_745' title='bbox 2683 4640 3000 4718; x_wconf 77' lang='grc' dir='ltr'>ὁμολογίαν.</span> <span class='ocrx_word' id='word_1_746' title='bbox 3052 4643 3144 4710; x_wconf 87' lang='grc' dir='ltr'>Μή</span> <span class='ocrx_word' id='word_1_747' title='bbox 3202 4640 3293 4697; x_wconf 77' lang='grc' dir='ltr'>οὖν</span> <span class='ocrx_word' id='word_1_748' title='bbox 3350 4638 3556 4717; x_wconf 88' lang='grc' dir='ltr'>βραδεῖς</span> <span class='ocrx_word' id='word_1_749' title='bbox 3595 4656 3640 4689; x_wconf 82' lang='grc' dir='ltr'>τε</span> <span class='ocrx_word' id='word_1_750' title='bbox 3672 4630 3721 4683; x_wconf 66' lang='grc' dir='ltr'>ιιῖ</span> 
     </span>
    </p>
   </div>
   <div class='ocr_carea' id='block_1_112' title="bbox 2174 4727 3721 4810">
    <p class='ocr_par' dir='ltr' id='par_1_112' title="bbox 2174 4727 3721 4810">
     <span class='ocr_line' id='line_1_112' title="bbox 2174 4727 3721 4810; baseline -0.006 -18"><span class='ocrx_word' id='word_1_751' title='bbox 2174 4735 2399 4810; x_wconf 86' lang='grc' dir='ltr'>ὀκνηροὶ</span> <span class='ocrx_word' id='word_1_752' title='bbox 2430 4734 2565 4808; x_wconf 83' lang='grc' dir='ltr'>πρὸς</span> <span class='ocrx_word' id='word_1_753' title='bbox 2597 4731 2657 4787; x_wconf 85' lang='grc' dir='ltr'>τδ</span> <span class='ocrx_word' id='word_1_754' title='bbox 2691 4730 3136 4807; x_wconf 83' lang='grc' dir='ltr'>συνηρμοσμένον</span> <span class='ocrx_word' id='word_1_755' title='bbox 3171 4732 3300 4804; x_wconf 83' lang='grc' dir='ltr'>ὑμῖν</span> <span class='ocrx_word' id='word_1_756' title='bbox 3333 4732 3426 4786; x_wconf 81' lang='grc' dir='ltr'>καὶ</span> <span class='ocrx_word' id='word_1_757' title='bbox 3475 4727 3721 4797; x_wconf 66' lang='grc' dir='ltr'>ἀδιάτμητῠν</span> 
     </span>
    </p>
   </div>
   <div class='ocr_carea' id='block_1_113' title="bbox 2174 4807 3723 4895">
    <p class='ocr_par' dir='ltr' id='par_1_113' title="bbox 2174 4807 3723 4895">
     <span class='ocr_line' id='line_1_113' title="bbox 2174 4807 3723 4895; baseline -0.008 -14"><span class='ocrx_word' id='word_1_758' title='bbox 2174 4825 2226 4881; x_wconf 84' lang='grc' dir='ltr'>ἐν</span> <span class='ocrx_word' id='word_1_759' title='bbox 2278 4807 2616 4895; x_wconf 80' lang='grc' dir='ltr'>πνευματικῇ</span> <span class='ocrx_word' id='word_1_760' title='bbox 2678 4820 2949 4893; x_wconf 78' lang='grc' dir='ltr'>συμπνοίᾳ</span> <span class='ocrx_word' id='word_1_761' title='bbox 3003 4820 3092 4874; x_wconf 90' lang='grc' dir='ltr'>καὶ</span> <span class='ocrx_word' id='word_1_762' title='bbox 3165 4820 3400 4892; x_wconf 78' lang='grc' dir='ltr'>ὁμονοίᾳ</span> <span class='ocrx_word' id='word_1_763' title='bbox 3473 4807 3723 4894; x_wconf 62' lang='grc' dir='ltr'>γένησθε,ὧ</span> 
     </span>
    </p>
   </div>
   <div class='ocr_carea' id='block_1_114' title="bbox 2182 4905 3722 4987">
    <p class='ocr_par' dir='ltr' id='par_1_114' title="bbox 2182 4905 3722 4987">
     <span class='ocr_line' id='line_1_114' title="bbox 2182 4905 3722 4987; baseline -0.014 -19"><span class='ocrx_word' id='word_1_764' title='bbox 2182 4911 2468 4987; x_wconf 89' lang='grc' dir='ltr'>μαλάριοι,</span> <span class='ocrx_word' id='word_1_765' title='bbox 2506 4910 2642 4982; x_wconf 75' lang='grc' dir='ltr'>μήτε</span> <span class='ocrx_word' id='word_1_766' title='bbox 2671 4914 2788 4970; x_wconf 88' lang='grc' dir='ltr'>τοῖς</span> <span class='ocrx_word' id='word_1_767' title='bbox 2842 4907 2975 4962; x_wconf 86' lang='grc' dir='ltr'>κατά</span> <span class='ocrx_word' id='word_1_768' title='bbox 3037 4909 3155 4980; x_wconf 87' lang='grc' dir='ltr'>βίαν</span> <span class='ocrx_word' id='word_1_769' title='bbox 3207 4905 3582 4983; x_wconf 85' lang='grc' dir='ltr'>γεγενημένοις</span> <span class='ocrx_word' id='word_1_770' title='bbox 3616 4914 3722 4972; x_wconf 72' lang='grc' dir='ltr'>προς-</span> 
     </span>
    </p>
   </div>
   <div class='ocr_carea' id='block_1_115' title="bbox 2177 4991 3724 5076">
    <p class='ocr_par' dir='ltr' id='par_1_115' title="bbox 2177 4991 3724 5076">
     <span class='ocr_line' id='line_1_115' title="bbox 2177 4991 3724 5076; baseline -0.006 -19"><span class='ocrx_word' id='word_1_771' title='bbox 2177 5005 2420 5076; x_wconf 76' lang='grc' dir='ltr'>έχοντες,</span> <span class='ocrx_word' id='word_1_772' title='bbox 2445 4997 2570 5061; x_wconf 79' lang='grc' dir='ltr'>τοὺς</span> <span class='ocrx_word' id='word_1_773' title='bbox 2612 4999 2920 5074; x_wconf 81' lang='grc' dir='ltr'>βιασθέντας</span> <span class='ocrx_word' id='word_1_774' title='bbox 2967 5000 3137 5069; x_wconf 79' lang='grc' dir='ltr'>ἡμᾶς,</span> <span class='ocrx_word' id='word_1_775' title='bbox 3195 5003 3299 5064; x_wconf 85' lang='grc' dir='ltr'>τῆς</span> <span class='ocrx_word' id='word_1_776' title='bbox 3351 4998 3544 5052; x_wconf 67' lang='grc' dir='ltr'>ἑαυτῶν</span> <span class='ocrx_word' id='word_1_777' title='bbox 3585 4991 3724 5076; x_wconf 60' lang='grc' dir='ltr'>ἀγάπης</span> 
     </span>
    </p>
   </div>
   <div class='ocr_carea' id='block_1_116' title="bbox 2177 5071 3725 5161">
    <p class='ocr_par' dir='ltr' id='par_1_116' title="bbox 2177 5071 3725 5161">
     <span class='ocr_line' id='line_1_116' title="bbox 2177 5071 3725 5161; baseline -0.006 -16"><span class='ocrx_word' id='word_1_778' title='bbox 2177 5071 2482 5145; x_wconf 69' lang='grc' dir='ltr'>ἀπώσασθε·</span> <span class='ocrx_word' id='word_1_779' title='bbox 2548 5071 2688 5160; x_wconf 79' lang='grc' dir='ltr'>μηδὲ</span> <span class='ocrx_word' id='word_1_780' title='bbox 2720 5086 2794 5148; x_wconf 85' lang='grc' dir='ltr'>ὡς</span> <span class='ocrx_word' id='word_1_781' title='bbox 2854 5085 3081 5161; x_wconf 78' lang='grc' dir='ltr'>ἐχθροὺς</span> <span class='ocrx_word' id='word_1_782' title='bbox 3139 5087 3379 5159; x_wconf 84' lang='grc' dir='ltr'>ἡγεῖσθε,</span> <span class='ocrx_word' id='word_1_783' title='bbox 3441 5084 3511 5145; x_wconf 81' lang='grc' dir='ltr'>ὥς</span> <span class='ocrx_word' id='word_1_784' title='bbox 3563 5071 3725 5154; x_wconf 42' lang='lat' dir='ltr'>eam”</span> 
     </span>
    </p>
   </div>
   <div class='ocr_carea' id='block_1_117' title="bbox 2179 5164 3725 5247">
    <p class='ocr_par' dir='ltr' id='par_1_117' title="bbox 2179 5164 3725 5247">
     <span class='ocr_line' id='line_1_117' title="bbox 2179 5164 3725 5247; baseline -0.006 -14"><span class='ocrx_word' id='word_1_785' title='bbox 2179 5181 2319 5239; x_wconf 90' lang='grc' dir='ltr'>θεῖος</span> <span class='ocrx_word' id='word_1_786' title='bbox 2371 5174 2734 5238; x_wconf 74' lang='grc' dir='ltr'>Ἀπὸστολος,</span> <span class='ocrx_word' id='word_1_787' title='bbox 2791 5174 2935 5229; x_wconf 86' lang='grc' dir='ltr'>ἀλλά</span> <span class='ocrx_word' id='word_1_788' title='bbox 2984 5175 3349 5247; x_wconf 86' lang='grc' dir='ltr'>παρακαλεῖτε</span> <span class='ocrx_word' id='word_1_789' title='bbox 3402 5175 3473 5236; x_wconf 88' lang='grc' dir='ltr'>ὡς</span> <span class='ocrx_word' id='word_1_790' title='bbox 3519 5164 3725 5240; x_wconf 70' lang='grc' dir='ltr'>ἀδελοῡῦςε</span> 
     </span>
    </p>
   </div>
   <div class='ocr_carea' id='block_1_118' title="bbox 2179 5250 3726 5338">
    <p class='ocr_par' dir='ltr' id='par_1_118' title="bbox 2179 5250 3726 5338">
     <span class='ocr_line' id='line_1_118' title="bbox 2179 5250 3726 5338; baseline -0.008 -17"><span class='ocrx_word' id='word_1_791' title='bbox 2179 5267 2241 5321; x_wconf 86' lang='grc' dir='ltr'>τὸ</span> <span class='ocrx_word' id='word_1_792' title='bbox 2272 5267 2612 5338; x_wconf 86' lang='grc' dir='ltr'>θεομίμητον</span> <span class='ocrx_word' id='word_1_793' title='bbox 2640 5260 3054 5335; x_wconf 82' lang='grc' dir='ltr'>ἐνδεικνύμενοι.</span> <span class='ocrx_word' id='word_1_794' title='bbox 3106 5261 3329 5325; x_wconf 79' lang='grc' dir='ltr'>Ηάντως</span> <span class='ocrx_word' id='word_1_795' title='bbox 3376 5263 3478 5336; x_wconf 81' lang='grc' dir='ltr'>γὰρ</span> <span class='ocrx_word' id='word_1_796' title='bbox 3524 5250 3726 5330; x_wconf 66' lang='grc' dir='ltr'>λογιεῖσθε,</span> 
     </span>
    </p>
   </div>
   <div class='ocr_carea' id='block_1_119' title="bbox 2183 5344 3727 5430">
    <p class='ocr_par' dir='ltr' id='par_1_119' title="bbox 2183 5344 3727 5430">
     <span class='ocr_line' id='line_1_119' title="bbox 2183 5344 3727 5430; baseline -0.007 -22"><span class='ocrx_word' id='word_1_797' title='bbox 2183 5353 2491 5430; x_wconf 83' lang='grc' dir='ltr'>ἁγιώτατοι,</span> <span class='ocrx_word' id='word_1_798' title='bbox 2523 5351 2584 5407; x_wconf 84' lang='grc' dir='ltr'>ἐκ</span> <span class='ocrx_word' id='word_1_799' title='bbox 2619 5358 2718 5421; x_wconf 82' lang='grc' dir='ltr'>τῆς</span> <span class='ocrx_word' id='word_1_800' title='bbox 2763 5352 2899 5406; x_wconf 86' lang='grc' dir='ltr'>κατὰ</span> <span class='ocrx_word' id='word_1_801' title='bbox 2951 5352 3043 5406; x_wconf 86' lang='grc' dir='ltr'>τὸν</span> <span class='ocrx_word' id='word_1_802' title='bbox 3109 5353 3319 5426; x_wconf 84' lang='grc' dir='ltr'>Ἀαρὼν</span> <span class='ocrx_word' id='word_1_803' title='bbox 3377 5351 3466 5405; x_wconf 82' lang='grc' dir='ltr'>τὸν</span> <span class='ocrx_word' id='word_1_804' title='bbox 3515 5350 3636 5422; x_wconf 65' lang='grc' dir='ltr'>ἅγιον</span> <span class='ocrx_word' id='word_1_805' title='bbox 3673 5344 3727 5390; x_wconf 70' lang='grc' dir='ltr'>Κν·</span> 
     </span>
    </p>
   </div>
   <div class='ocr_carea' id='block_1_120' title="bbox 2259 5571 2982 5642">
    <p class='ocr_par' dir='ltr' id='par_1_120' title="bbox 2259 5571 2982 5642">
     <span class='ocr_line' id='line_1_120' title="bbox 2259 5571 2982 5642; baseline -0.001 -16"><span class='ocrx_word' id='word_1_806' title='bbox 2259 5571 2304 5607; x_wconf 79' lang='grc'>¹⁹</span> <span class='ocrx_word' id='word_1_807' title='bbox 2332 5572 2510 5627; x_wconf 86' lang='lat' dir='ltr'>Exod.</span> <span class='ocrx_word' id='word_1_808' title='bbox 2545 5588 2722 5640; x_wconf 80' lang='lat' dir='ltr'>xxxii,</span> <span class='ocrx_word' id='word_1_809' title='bbox 2757 5575 2779 5625; x_wconf 88' lang='grc'>1</span> <span class='ocrx_word' id='word_1_810' title='bbox 2818 5587 2982 5642; x_wconf 90' lang='lat' dir='ltr'>seqq.</span> 
     </span>
    </p>
   </div>
  </div>
