3888 6136
198 259 350 315 1433

1317 263 1640 321 JOANNES
1676 267 2022 326 NICENUS.
2054 300 2124 314 --
2160 272 2470 329 ΝΟΤιΤΙΑ.

3453 272 3588 326 1434

207 385 355 470 ρίου,
389 385 464 446 ὡς
495 383 556 438 τὸ
594 388 735 446 θεῖον
788 383 944 439 αὐτὸν
989 385 1278 460 ἀνεκήρυξε
1325 391 1543 460 Πνεῦμα
1573 395 1846 468 Γραφικῆς

2027 399 2207 453 storia
2221 399 2318 470 (8),
2337 399 3030 454 subeximentearatione
3050 397 3322 469 perfectas
3337 397 3595 468 negatio-

210 469 456 545 ἶστορίας
514 471 977 547 ὑπεξαιρουμένης
1021 477 1118 528 τοῦ
1176 477 1275 538 τῆς
1330 475 1628 540 παντελοῦς
1685 480 1849 554 ἀρνή-

210 579 354 620 σεως
403 560 593 636 λόγου,
668 563 759 615 καὶ
807 568 907 630 τῆς
983 562 1118 636 πρὸς
1175 563 1273 631 τὴν
1326 562 1535 619 τελείαν
1589 565 1852 636 ἀθεότητα

208 645 534 722 ὖπαγωγῆςο
569 649 644 710 ὡς
695 653 810 711 τοῖς
874 645 1264 723 βεϐιασμένως,
1312 651 1402 706 καὶ
1452 654 1516 707 οὐ
1545 655 1681 709 κατὰ
1707 658 1851 729 γνώ-

213 757 328 808 μης
411 736 708 802 ἐνδιάθετον
778 738 1038 811 πονηρίαν
1107 740 1442 814 γινομένοις,
1514 740 1693 798 ἕπεταί
1764 766 1850 807 τις

209 825 562 900 συγχώρησις
593 824 828 888 ἔνδικος.
872 829 931 884 Ὀ
957 828 1056 902 γὰρ
1090 829 1300 901 Ἀαρὼν
1345 830 1568 899 ἐκεῖνος,
1597 836 1665 904 τῇ
1698 833 1846 906 ὁρμῇ

205 919 308 968 τοῦ
364 913 534 968 πάλαι
591 913 726 971 λαοῦ
783 917 1059 989 καθυφεὶς,
1116 918 1204 971 καὶ
1269 919 1610 994 ὑπουργήσας
1666 920 1848 984 αὐτοῖς

207 1003 350 1074 πρὸς
379 1003 476 1071 τήν
509 1011 608 1072 τῆς
637 1003 1021 1066 εἰδωλοποιίας
1068 1003 1370 1072 τελείωσιν,
1403 1006 1704 1062 ἐνεκαλεῖτο
1752 1011 1844 1081 μὲν

210 1091 318 1144 ὑπὸ
347 1096 444 1144 τοῦ
471 1089 726 1167 ἀδελφοῦ
777 1104 875 1157 τήν
928 1090 984 1146 δὶ
1025 1093 1423 1166 ἀναγκαστικὴν
1476 1095 1594 1170 βίαν
1628 1095 1679 1150 ἐν
1713 1097 1846 1152 ἀπο-

209 1180 375 1252 Λογίᾳ
404 1175 910 1254 προσϐαλλόμενος,
945 1179 1070 1235 οὐδὲ
1103 1181 1226 1252 μίαν
1259 1183 1402 1254 παρὰ
1434 1187 1565 1237 Θεοῦ
1596 1182 1848 1256 ἐπιτίμη-

207 1287 292 1321 σιν
327 1265 564 1342 δέχεται,
621 1266 744 1322 οὐδὲ
793 1273 888 1323 τοῦ
936 1276 1034 1337 τῆς
1085 1271 1496 1344 ἀρχιερωσύνης
1535 1271 1848 1348 ἀπόκληρος

205 1355 422 1430 γέγονεν
481 1356 809 1428 ἀξιώματοςο
897 1357 1108 1418 πάντως
1159 1359 1292 1431 πρὸς
1373 1361 1435 1413 τὸ
1509 1359 1561 1414 έν
1619 1358 1846 1425 διαθέσει

205 1445 331 1519 περὶ
381 1446 442 1499 τὸ
479 1451 621 1508 θεῖον
656 1440 812 1507 σέϐας
841 1448 1061 1519 γνήσιον
1093 1443 1505 1522 ἀποϐλέψαντος
1549 1454 1646 1503 τοῦ
1704 1451 1846 1505 πλά-

206 1553 397 1592 σαντος
490 1533 795 1605 καταμόνας
858 1535 954 1596 τὰς
1019 1532 1242 1608 καρδίας
1300 1538 1482 1608 ἡμῶν,
1544 1537 1616 1598 ὥς
1686 1560 1846 1607 φησιν

208 1621 236 1675 ὁ
273 1622 442 1695 μέγας
474 1617 661 1691 Δαϐἱδ,
689 1622 776 1676 καὶ
810 1623 872 1676 οὐ
929 1624 1063 1698 πρὸς
1113 1625 1210 1692 τὴν
1261 1618 1450 1695 ἔξωθεν
1484 1627 1844 1699 περιπέτειαν.

1959 487 2072 551 nis,
2107 493 2165 540 et
2195 494 2257 541 ut
2288 504 2362 542 ne
2392 488 2660 542 absoluta
2690 489 2818 558 ejus
2849 487 3119 541 abductio
3145 486 3205 539 in
3227 486 3590 555 impietatem

1961 580 2289 641 censeatur,
2324 576 2516 646 palam
2549 575 2818 640 edixerit,
2851 575 2922 627 iis
2959 590 3089 643 quas
3139 572 3436 638 violentia,
3471 589 3589 626 non

1960 677 2028 715 ex
2059 663 2237 716 insita
2262 663 2445 717 animi
2501 663 2878 733 perversitate
2929 667 3269 732 peccantur,
3315 661 3590 714 comitem

1950 749 2085 819 jure
2117 752 2326 805 merito
2355 752 2520 820 sequi
2562 749 2942 821 indulgentiae
2988 748 3248 818 aliquam
3277 749 3586 803 rationem.

1954 838 2059 892 llle
2082 840 2374 909 siquidem
2401 845 2594 893 tantus
2617 840 2702 892 vir
2733 841 2947 902 Aaron,
2972 837 3182 891 veteris
3207 837 3366 890 illius
3390 837 3585 907 populi

1952 926 2245 980 violentiaa
2295 928 2534 993 cedens,
2589 933 2767 996 atque
2818 933 2881 980 ut
2937 925 3159 979 idolum
3206 924 3592 979 fabricaretur

1954 1030 2020 1067 ac
2072 1013 2352 1079 initiaret,
2399 1014 2591 1067 eidem
2636 1030 2862 1067 morem
2913 1029 3142 1083 gerens,
3193 1014 3590 1084 reprehensus

1954 1101 2194 1170 quidem
2251 1101 2361 1154 fuit
2415 1118 2448 1155 a
2505 1102 2720 1155 fratre:
2772 1105 3048 1154 caeterum
3097 1101 3196 1154 ubi
3249 1102 3588 1154 violentiam

1954 1206 2069 1260 qua
2116 1189 2404 1244 adductus
2458 1189 2649 1244 fuerat
2698 1206 2801 1260 pro
2855 1189 3197 1243 defensione
3253 1189 3586 1258 objecisset,

1953 1278 2105 1332 nihil
2135 1295 2168 1332 a
2198 1280 2312 1332 Deo
2346 1279 2679 1347 increpatus
2712 1282 2818 1344 est,
2859 1293 2968 1331 nec
3000 1278 3198 1330 amisit
3225 1278 3588 1348 pontificiam

1953 1365 2334 1436 dignitatem;
2370 1367 2524 1436 quod
2579 1367 2842 1424 omnino.
2875 1367 2975 1436 qui
3009 1372 3276 1419 nostrum
3320 1366 3585 1420 omnium

1955 1455 2120 1508 corda
2143 1454 2428 1522 sigillatim
2485 1457 2667 1523 ﬁnxit,
2721 1455 2892 1518 Deus,
2952 1453 3450 1523 quemadmodum
3508 1455 3590 1507 ait

1954 1558 2201 1612 magnus
2233 1541 2408 1595 David
2443 1541 2507 1607 9°,
2559 1541 2631 1595 ad
2662 1556 2853 1594 veram
2914 1541 3013 1594 Dei
3046 1541 3232 1610 ipsius
3264 1541 3587 1594 veneratio-

1955 1647 2090 1684 nem
2134 1647 2200 1684 ac
2230 1629 2576 1700 religionem
2626 1630 2686 1683 in
2717 1631 2928 1683 affectu
2979 1629 3158 1683 animi
3212 1628 3461 1698 positam
3494 1646 3582 1682 re-

210 1711 568 1782 Δεικνυμένης
598 1712 777 1765 τοίνυν
835 1718 934 1780 τῆς
994 1711 1116 1785 περὶ
1171 1713 1259 1766 τὸν
1321 1713 1479 1785 ὀρθὸν
1542 1713 1706 1788 λόγον
1747 1721 1846 1769 τοῦ

2029 1718 2262 1780 exisset,
2309 1735 2428 1771 non
2496 1734 2629 1771 vero
2683 1717 2754 1770 ad
2811 1723 3112 1770 externam
3170 1717 3581 1772 temeritatem.

208 1799 484 1870 ἡμετέρου
543 1801 896 1874 φρονήματος
957 1799 1134 1872 ὑγείας
1187 1821 1246 1854 τε
1300 1800 1387 1854 καὶ
1448 1802 1737 1878 συμφυλίας,
1786 1805 1847 1856 τὸ

209 1885 554 1960 ἀνυπερθέτῳ
612 1887 928 1959 ἑτοιμότητι
975 1892 1072 1942 τοῦ
1119 1894 1432 1961 κατακρῖναι
1482 1891 1574 1960 μὲν
1617 1891 1684 1944 τὰ
1723 1891 1848 1944 ἀτό-

208 1997 329 2036 πως
386 1973 736 2048 γεγενημένα’
800 1982 1056 2044 συστῆσαι
1139 1974 1196 2030 δὲ
1269 1981 1336 2050 τῇ
1408 1973 1691 2052 βεϐαιώσεί
1751 1985 1847 2046 τῆς

210 2065 505 2137 εῗρημένης
561 2065 718 2139 ἁγίας
793 2063 953 2133 ἵκτης
1031 2064 1253 2121 συνόδου
1309 2075 1406 2135 τῆς
1463 2064 1729 2131 εὐσεϐείας
1782 2070 1848 2122 τὰ

211 2151 475 2229 δόγματα,
534 2154 920 2226 περιπτύξασθε
990 2157 1160 2225 ἡμᾶς,
1221 2154 1444 2232 ἀδελφοὶ
1497 2158 1841 2228 τιμιώτατοι.

207 2240 498 2311 ’Δλλήλων
573 2243 674 2316 γὰρ
747 2243 814 2296 τὰ
891 2243 1030 2317 βάρη
1126 2244 1431 2317 βαστάζετε,
1506 2243 1594 2297 καὶ
1672 2243 1842 2305 οὕτως

210 2327 631 2404 ἆναπληρώσετε
687 2332 780 2384 τὸν
855 2331 1024 2402 νόμον
1095 2335 1190 2384 νοῦ
1268 2336 1527 2406 Χριστοῦ,
1597 2330 1840 2405 μεγαλο-

211 2417 496 2494 φωνότατα
551 2421 683 2488 ἡμῖν
745 2412 909 2487 ἐκϐοᾷ
965 2420 992 2472 ὁ
1052 2425 1193 2481 θεῖος
1239 2417 1597 2482 ’Λπόστολος’
1653 2421 1728 2481 ὡς
1786 2419 1844 2473 ἂν

212 2503 562 2577 ὁμοθυμαδὸν
627 2505 701 2559 ἐνὶ
763 2505 1024 2577 πνεύματι
1079 2503 1386 2577 δοξάζωμεν
1444 2507 1535 2561 τὸν
1595 2509 1721 2562 Θεὸν
1752 2509 1840 2561 καὶ

213 2592 420 2668 Πατέρα
450 2597 545 2646 τοῦ
573 2593 776 2666 Κυρίου
803 2595 959 2665 ἡμῶν
995 2595 1170 2663 Ἰησοῦ
1200 2595 1454 2669 Χριστοῦ.

865 2770 1174 2827 Ὑπογραφή
1187 2815 1199 2827 .

865 2771 992 2824 Ύπο
1036 2789 1098 2822 οα
1187 2815 1199 2827 .

282 2857 623 2934 Ἐῥρωμένος
678 2858 730 2912 ἐν
780 2771 1340 2933 Κυρίῳ,γ¹ὑπῗ2εύχου
1369 2862 1550 2927 ἡμῶν,
1579 2859 1846 2934 ἀγιώτατε

212 2945 300 3002 καὶ
335 2948 710 3022 μακαριώτατε
737 2944 956 3020 ἀδελφέ.

285 3097 329 3130 ¹⁰
358 3096 511 3151 Psal.
543 3113 720 3163 χχχιι,
758 3095 839 3148 15.
919 3094 1102 3149 Galat.
1137 3110 1213 3160 vx,
1245 3097 1297 3148 2.

1958 1807 2100 1860 Cum
2149 1806 2346 1874 itaque
2393 1823 2600 1859 sensus
2650 1805 2835 1859 nostri
2886 1821 3029 1858 sana
3075 1821 3142 1858 ac
3189 1810 3586 1858 consentanea

1959 1895 2127 1954 ratio,
2161 1895 2315 1964 quod
2351 1899 2573 1964 spectat
2603 1895 2674 1948 ad
2697 1899 2919 1947 rectum
2949 1909 3282 1947 sermonem
3313 1910 3380 1946 ac
3409 1894 3584 1946 ﬁdem

1956 1987 2194 2035 ostensa
2226 1981 2320 2047 sit,
2355 1980 2599 2034 indilata
2629 1980 2729 2033 illa
2760 1979 3248 2050 promptitudine,
3283 1995 3397 2049 qua
3418 1977 3584 2032 dam-

1955 2068 2109 2122 natis
2158 2069 2229 2122 iis
2279 2085 2407 2137 quae
2455 2068 2694 2122 fuerunt
2750 2067 3002 2121 absurde
3061 2072 3309 2135 patrata,
3369 2072 3584 2120 sanctm

1955 2162 2132 2211 sexta:
2187 2155 2393 2226 synodi
2470 2156 2923 2209 conﬁrmatione
2983 2157 3296 2209 statuimus
3353 2155 3586 2224 pietatis

1954 2245 2266 2316 dogmata:
2318 2245 2737 2314 amplexamini
2789 2260 2916 2308 nos,
2952 2244 3163 2296 fratres
3207 2242 3588 2296 honoratissi-

1954 2333 2054 2386 mi.
2087 2333 2244 2386 Alter
2271 2332 2415 2386 enim
2445 2333 2672 2386 alterius
2714 2349 2880 2386 onera
2920 2338 3159 2401 portate,
3211 2337 3262 2384 et
3291 2333 3366 2384 sic
3397 2331 3585 2383 adim-

1945 2420 2172 2490 plebitis
2224 2421 2391 2490 legem
2441 2422 2644 2476 Christi
2674 2421 2739 2486 ἰ,
2792 2420 3082 2474 exclamat
3127 2418 3586 2490 magniﬁcentis-

1954 2509 2106 2562 sima
2134 2525 2271 2561 voce
2303 2508 2534 2563 divinus
2565 2509 2878 2578 Apostolus
2906 2525 2920 2573 ;
2953 2524 3068 2577 quo
3102 2507 3339 2561 tandem
3372 2506 3585 2560 unani-

1953 2613 2078 2650 mes
2108 2596 2504 2667 gloriflcemus
2536 2597 2719 2650 Deum
2768 2603 2825 2649 et
2873 2598 3104 2649 Patrem
3139 2593 3369 2648 Domini
3400 2593 3587 2646 nostri

1950 2686 2085 2738 Jesu
2115 2684 2350 2739 Christi.

2594 2772 2952 2840 Subscriptio.

2027 2861 2162 2915 Vale
2215 2861 2275 2914 in
2335 2861 2620 2914 Domino:
2681 2860 3177 2930 superdeprecare
3230 2874 3334 2928 pro
3391 2856 3585 2924 nobis,

1956 2949 2324 3005 sanctissime
2354 2965 2420 3002 ac
2451 2948 2788 3003 beatissime
2813 2948 3014 3002 frater.

1793 3186 2016 3240 ΝΟΤΛΕ.

290 3284 362 3351 (8)
396 3284 730 3355 Consignata
782 3284 950 3355 sacris
987 3285 1211 3355 paginis
1263 3283 1516 3338 historia.
1564 3287 1850 3355 Transpo-
1883 3287 1924 3351 C
1963 3285 2063 3339 ubi
2111 3286 2363 3355 aequalia
2409 3285 2630 3339 fuerint
2675 3283 3021 3338 meritorum
3071 3287 3389 3355 momenta.
3452 3281 3598 3355 sunt

221 3355 447 3408 animus
477 3354 735 3406 litteram
767 3353 930 3425 nullo
962 3353 1077 3425 alio
1110 3359 1354 3425 mutato,
1401 3360 1466 3408 ut
1495 3355 1605 3408 sibi
1637 3353 1850 3425 paren-

221 3426 405 3479 thesis
437 3426 776 3478 cohzereret.
811 3423 888 3476 Τὸ
937 3423 1092 3476 enim
1130 3422 1856 3496 ﬁneﬁatpoupévng—palam

227 3497 403 3550 refert
435 3495 776 3564 praecedens.
804 3499 1073 3566 γραφικῆς
1129 3493 1385 3565 ἱστορίας.
1440 3498 1616 3549 Porro
1647 3493 1854 3566 pecca-

231 3547 367 3620 tis
387 3547 761 3638 ιιδοίίᾼεει-οηη
791 3547 1078 3638 q'hidqui'd
1127 3547 1569 3638 ωίμιιιειί-ίιῑει-ιξιί
1593 3547 1856 3638 agitis-

228 3637 530 3691 vissimum
554 3637 692 3708 fuit.
718 3636 802 3708 sic
832 3636 1092 3708 molliter
1121 3636 1365 3690 cedente
1386 3654 1448 3690 re
1476 3643 1594 3691 tam
1615 3636 1862 3708 gravi,et

230 3723 344 3777 qua
375 3709 456 3761 sic
487 3707 696 3761 honori
745 3706 940 3760 divino
991 3707 1386 3778 derogaretur,
1439 3713 1564 3777 ipso
1597 3706 1859 3778 principe

228 3778 426 3850 populi
467 3795 533 3832 ac
562 3793 816 3850 summo
866 3777 1187 3850 sacerdote.
1235 3779 1488 3850 Utﬂvero
1540 3777 1692 3832 Deus
1742 3795 1860 3831 non

230 3849 487 3904 severius
517 3849 676 3902 ultus
728 3850 822 3909 sit,
875 3849 1002 3918 ejus
1053 3855 1187 3902 sunt
1224 3849 1470 3918 judicia,
1503 3849 1862 3918 gravioribus

229 3920 384 3976 haud
414 3936 548 3974 raro
575 3919 998 3989 temporalibus
1024 3920 1212 3988 pinnis
1244 3919 1770 3973 animadvertentis
1803 3920 1862 3973 in

229 3992 458 4046 minora
487 3991 774 4057 crimina;
826 4006 994 4060 aequa
1041 3990 1102 4043 in
1150 3990 1412 4044 futurum
1443 3989 1640 4044 futura
1670 3991 1860 4054 lance,

1965 3351 2388 3426 quippe'illataa
2436 3356 2546 3409 hoc
2595 3371 2714 3409 rava
2764 3353 3364 3426 pmnzp,_wconomiaa,
3401 3351 3595 3426 potius

1966 3421 2144 3496 quam
2170 3428 2331 3494 justa
2361 3427 2684 3496 supplicia;
2718 3421 2783 3478 ut
2811 3441 2880 3478 ex
2915 3424 3034 3476 illis
3064 3424 3153 3496 vix
3185 3438 3445 3496 unquam
3484 3421 3597 3474 ali-

1967 3492 2098 3567 quis
2130 3492 2531 3567 sanejudicet,
2566 3514 2632 3550 ac
2657 3513 2774 3549 non
2807 3511 2876 3548 ea
2902 3494 3249 3567 temeritate,
3275 3509 3390 3567 qua
3411 3492 3599 3561 liquet

1959 3563 2258 3638 judicasse
2286 3563 2528 3621 'amicos
2573 3567 2722 3630 Jobi,
2774 3563 3424 3638 quorumprzajudicio‘
3456 3579 3599 3615 cau-

1969 3633 2147 3692 tiores
2178 3655 2306 3692 esse
2338 3643 2635 3707 oporteret
2665 3633 3598 3707 hominessaltem_Christianos.

1970 3711 2083 3763 Nec
2139 3710 2297 3762 enim
2328 3703 2566 3766 frustra.
2619 3713 2738 3760 tota
2788 3707 2889 3760 illa
2926 3705 3265 3775 disputatio,
3311 3709 3394 3756 tot
3426 3703 3600 3754 versi-

1940 3792 1943 3793 '
1969 3779 2080 3832 bus
2109 3779 2327 3848 Spiritu
2354 3785 2554 3832 sancto
2585 3777 2864 3844 dictante,
2896 3775 3230 3848 conscripta
3259 3781 3366 3836 est,
3398 3780 3462 3848 ut
3491 3788 3601 3825 nec

1970 3849 2130 3972 aliud
2151 3844 2506 3974 qtuidquam,
2557 3849 2605 3901 si
2634 3848 2775 3917 quid
2821 3847 3003 3900 sacris
3032 3844 3261 3916 paginis
3291 3844 3602 3914 consigna-

1997 3937 2095 3974 um
2127 3937 2190 3974 es
2223 3963 2235 3974 .

1997 3937 2095 3974 um
2127 3937 2235 3975 est.

235 4130 3606 4162 ψ

1711 4298 1860 4336 ANNO
1900 4297 2126 4336 INCEBTO

1393 4446 2437 4613 JOANNES

1253 4706 1681 4768 NICIENUS
1768 4713 1808 4768 A
1836 4708 2564 4769 RCHIEPlSCOPUS.

1671 5026 2060 5114 ΝΟΤΙΤΙ
2085 5025 2170 5114 Α.

1276 5187 1469 5259 (Mich.
1506 5188 1770 5253 Lsommv,
1803 5185 1992 5242 Oriens
2015 5185 2308 5242 Christian.
2345 5191 2385 5241 t.
2420 5186 2462 5254 Ι,
2490 5203 2546 5258 p.
2580 5187 2726 5246 648.)

321 5459 562 5518 εεῑιουιο
591 5475 756 5518 nono
800 5463 1081 5528 exeunte,
1142 5456 1240 5516 vel
1298 5457 1537 5516 decimo
1594 5455 1912 5528 inchoato,
1971 5457 2224 5516 sedebat
2279 5457 2551 5514 Joannes
2606 5453 3002 5529 metropolita
3041 5450 3368 5523 Nicmmus,
3430 5444 3607 5529 cujus

244 5539 316 5600 ad
351 5537 715 5598 Zachariam
773 5537 1082 5599 Armenia
1145 5535 1630 5615 metropolitam,
1686 5555 1788 5594 seu
1850 5534 2266 5608 Catholicam,
2327 5534 2416 5595 De
2448 5533 2680 5593 domini
2736 5528 3060 5593 nativitate
3087 5530 3315 5589 librum
3347 5528 3608 5586 Combe-
