3888 6136
1665 277 1965 333 JOANNIS
2001 278 2263 331 NICBNI

2154 279 2263 330 3N1
3532 276 3689 330 1436

272 404 443 464 fisius
495 404 687 464 edidit
761 411 913 465 tom.
1001 406 1086 465 lII
1169 403 1424 464 Auctar.
1512 401 1807 462 Biblioth.
1898 401 2014 460 PP.
2075 405 2276 462 Grcec.
2341 403 2515 461 Hunc
2574 406 2888 461 auctorem
2948 400 3223 476 appellat
3279 402 3671 462 Anastasius

268 484 666 544 Caesariensis
721 486 784 544 in
857 485 1167 559 Opusculo
1228 487 1318 542 De
1363 483 1609 562 jejunio
1667 485 1978 559 Deipar’ae,
2041 483 2206 559 quod
2263 481 2491 562 prodiit
2551 487 2703 538 tom.
2765 483 2800 538 J
2836 481 3101 540 Monum.
3159 485 3329 541 Eccl.
3378 484 3670 553 Graece;

269 563 607 641 quinetiam
666 565 857 623 Nicon
920 560 1437 641 Rhaithensisin
1494 563 1806 641 Opusculis
1863 562 2106 620 duobus
2158 579 2304 641 quae
2364 563 2439 620 de
2473 560 2593 641 h_oc
2650 567 3021 641 argumento
3056 562 3347 641 scripsit,
3396 577 3682 641 quaeque

267 636 330 702 in
389 643 635 702 schedis
692 646 842 702 meis
901 645 1122 712 habeo,
1183 639 1376 702 καὶεῖς
1406 636 1802 714 λόγονῚωάνθε

2138 637 2310 693 ›λίτου
2367 638 2610 706 Νικαίας,
2669 638 2803 711 πρὸς
2859 637 3129 711 Ζαχαρίαν
3185 636 3276 692 ¹ιξὸν
3335 636 3673 702 Καθολικον

265 727 366 788 τῆς
399 717 643 792 μεγάλης
677 719 982 793 Ἀρμενίας.
1018 724 1082 782 In
1113 721 1269 780 vivis
1311 723 1533 796 agebat
1566 720 1756 779 Nicon

2144 723 2193 779 io
2251 726 2311 778 et
2339 719 2744 779 Constantino
2804 720 3097 779 fratribus
3148 719 3370 798 impp.,
3434 727 3501 778 ut
3535 720 3679 796 ipse

263 801 327 860 in
359 801 670 879 Opusculo
702 805 759 861 II
793 802 1121 878 significat.
1157 801 1506 872 Quinetiam
1541 818 1614 858 ex
1673 801 2136 860 Catholicorum
2169 801 2470 858 Armeniae
2500 801 2656 858 serie
2687 805 3076 875 compertum
3108 800 3210 859 ﬁet
3259 799 3678 860 Zachariam

265 880 438 939 illum
472 881 571 939 cui
599 882 870 941 Joannes
900 881 1193 940 Nicaenus
1222 880 1554 950 scribebat,
1587 885 1870 956 tempore
1905 879 2109 939 Photii
2140 880 2370 938 sedisse
2398 897 2411 947 ;
2449 880 2526 938 ad
2560 897 2742 956 quem
2778 879 3069 939 nimirum
3126 886 3332 940 exstat
3361 879 3552 957 ejusd
3573 896 3680 938 em

265 959 474 1020 Photii
503 960 790 1040 epistola,
825 979 1011 1038 quam
1046 961 1314 1021 Galenus
1345 960 1408 1018 in
1437 959 1786 1020 Armenicis
1817 959 1944 1019 suis
1974 959 2304 1019 Armenice
2339 959 2677 1036 Latineque
2707 958 2925 1018 edidit.

276 280 301 333 1
312 278 413 334 435

822 1327 1396 1424 ΙΩΑΝΝΟΥ
1484 1328 2518 1478 ΑΡΧΙΕΠΙΣΚΟΠΟΥ
2588 1327 3101 1424 ΝΙΚΑΙΑΣ

271 1529 692 1656 ΠΕΡΙ
814 1529 1155 1655 ΤΗΣ
1272 1529 2308 1655 ΓΕΝΝΗΣΕΩΣ
2422 1527 2767 1655 ΤΟΥ
2889 1529 3683 1657 ΧΡΙΣΤΟΥ

862 1761 1046 1815 ΠΡΟΣ
1089 1758 1442 1814 ΣΑΧᾹΡΙΑΝ
1482 1759 1614 1814 ΤΟΝ
1673 1759 2070 1815 ΚΑΘΟΛΙΚΟΝ
2108 1763 2240 1812 ΤΗΣ
2281 1759 2615 1814 ΜΕΓΔΛΠΣ
2660 1759 3039 1816 ΑΡΜΕΝΙΑΣ.

880 2071 934 2163 J
941 2068 1290 2162 OANN
1302 2067 1411 2160 IS
1499 2065 2472 2160 ARCHIEPISCOPI
2565 2067 2640 2160 N
2658 2065 3038 2162 IC/ENI

674 2281 916 2400 DE
1059 2276 2335 2398 NATIVITATE
2477 2278 3228 2401 DOMINI

1015 2499 1116 2552 AD
1155 2497 1573 2553 ZACHARIAM
1611 2497 2066 2552 CATHOLICUM
2098 2497 2398 2553 MAIORIS
2432 2497 2778 2553 ARMENIE
2816 2498 2913 2569 (1).

1149 2638 1410 2704 (Consnr.
1442 2639 1768 2692 Auctarium
1795 2636 1940 2692 Bibl.
1975 2639 2131 2692 Patr.
2163 2638 2255 2694 Gr.
2291 2641 2328 2691 t.
2362 2638 2459 2705 ΙΙΙ,
2492 2655 2550 2709 p.
2583 2637 2732 2709 298.)

333 2930 574 2984 Divinus
618 2929 919 2999 quondam
972 2929 1287 3000 Apostolus
1339 2928 1559 3000 inclyto
1613 2929 1864 3000 discipul

2137 2939 2142 2976 ι
2172 2930 2314 2990 Θεῖος
2347 2927 2683 2990 ’Δπόστολός
2728 2949 2860 2983 ποτε
2907 2929 3130 3004 γράφων
3169 2934 3249 3000 τῷ
3277 2927 3537 3003 ἀοιδίμῳ
3570 2931 3672 2985 αὖ·

265 3034 369 3071 suo
401 3017 704 3071 Timotheo
739 3018 798 3070 in
830 3017 955 3071 hac
985 3017 1161 3070 verba
1191 3017 1431 3071 scribit:
1467 3019 1576 3085 Ego
1605 3019 1747 3071 enim
1783 3017 1902 3085 jam

261 3105 492 3170 delibor,
527 3112 577 3158 et
627 3112 834 3174 tempus
881 3105 1231 3160 resolutionis
1278 3122 1407 3159 mea:
1451 3107 1638 3159 instat.
1690 3107 1901 3158 Bonum

260 3200 532 3247 certamen
583 3196 806 3260 certavi,
859 3209 1072 3247 cursum
1125 3196 1511 3258 consummavi,
1567 3193 1728 3261 ﬁdem
1783 3208 1897 3246 sera

260 3284 404 3335 vavi.
439 3283 502 3334 In
553 3280 766 3349 reliquo
822 3282 1061 3349 reposita
1118 3286 1193 3333 est
1222 3281 1360 3332 mihi
1409 3297 1609 3334 corona
1631 3279 1894 3348 justiti/1°,

259 3385 424 3438 quam
455 3368 641 3421 reddet
671 3369 807 3420 mihi
840 3369 1098 3422 Dominus
1124 3370 1182 3421 in
1209 3367 1311 3421 illa
1339 3368 1427 3420 die
1450 3368 1636 3436 justus
1676 3369 1857 3438 judea:
1878 3385 1898 3420 ,ο

259 3472 371 3509 ηοη
400 3455 573 3509 solum
605 3462 785 3508 autem
815 3455 969 3519 mihi,
1000 3456 1093 3510 sed
1117 3462 1168 3508 et
1227 3454 1296 3508 iis
1345 3455 1592 3509 omnibus
1646 3458 1744 3525 qui
1772 3457 1894 3509 dili-

260 3553 398 3615 gunt
429 3547 546 3615 ejus
577 3548 982 3616 apparitionem
1014 3549 1067 3612 ¹;
1102 3546 1271 3616 cujus
1322 3551 1382 3599 tu
1431 3547 1672 3617 vestigia
1715 3563 1776 3600 es
1806 3563 1896 3600 as-

260 3639 534 3703 sectatus,
571 3652 602 3688 ο
633 3635 802 3689 beate
836 3635 1134 3702 Zacharia,
1186 3635 1382 3706 magni
1432 3635 1681 3705 apostoli
1711 3635 1897 3689 Thad-

259 3723 368 3776 daai
401 3740 706 3778 successor
754 3726 1018 3789 eﬂ'ectus,
1055 3740 1120 3778 ac
1152 3724 1426 3778 eumdem
1459 3741 1592 3776 cum
1625 3724 1898 3795 Gregorio

259 3811 540 3864 thronum
589 3811 902 3876 obtinens;
955 3811 1189 3881 duxque
1237 3812 1446 3866 domus
1496 3813 1788 3883 Thorgon,
1833 3828 1900 3866 ac

257 3899 607 3969 praepositus
638 3898 968 3952 incolarum
1001 3899 1215 3964 Ararti,
1250 3900 1799 3968 scientissimusque
1833 3915 1900 3954 ac

264 3989 780 4059 spiritualissimus
792 3989 1155 4045 familiarum
1176 3989 1899 4059 bellatorumoptimorum

336 4124 352 4156 ί
383 4123 433 4176 ΙΙ
472 4122 618 4176 Tim.
653 4139 728 4190 iv,
758 4123 792 4177 6
819 4123 869 4177 8.

2009 3021 2106 3070 τοῦ
2139 3018 2355 3089 μαθητῇ
2412 3017 2682 3089 Τιμοθέῳ,
2731 3013 2928 3091 ἔλεγεν·
2990 3018 3128 3091 Ἐγὼ
3179 3016 3275 3091 γὰρ
3336 3015 3452 3088 ἤδη
3501 3018 3671 3073 σπέν-

2014 3101 2200 3176 δομαι,
2259 3104 2348 3158 καὶ
2399 3105 2426 3158 6
2483 3105 2668 3179 καιρὸς
2720 3111 2819 3172 τῆς
2875 3103 3012 3176 ἐμῆς
3066 3104 3380 3166 ἀναλύσεως
3411 3106 3662 3183 ἐφέστη-

2005 3210 2083 3246 κε’
2158 3192 2247 3246 τὸν
2322 3190 2488 3246 καλὸν
2583 3192 2764 3266 ἀγῶνα
2837 3193 3167 3266 ἠγώνισμαι·
3244 3194 3335 3247 τὸν
3439 3191 3656 3268 δρόμον

2004 3279 2275 3352 τετέλεκα,
2351 3281 2448 3348 τήν
2521 3280 2700 3335 πίστιν
2775 3282 3068 3355 τετήρηκα.
3146 3283 3349 3336 Λοιπὸν
3421 3283 3654 3336 ἀπόκει-

2005 3367 2091 3422 ταί
2147 3389 2239 3440 μοι
2293 3369 2321 3421 6
2377 3374 2474 3436 τῆς
2532 3366 2879 3436 δικαιοσύνης
2957 3368 3233 3442 στέφανος,
3309 3369 3367 3423 δν
3427 3370 3656 3425 ἀποδώ-

2007 3475 2084 3510 σει
2141 3477 2236 3526 μοι
2293 3456 2320 3510 ὁ
2376 3456 2592 3530 Κύριος,
2649 3455 2700 3510 ὶν
2752 3457 2935 3530 ἡμέρᾳ
2981 3457 3010 3510 6
3059 3455 3264 3518 δίκαιος
3316 3461 3531 3530 κριτής·
3583 3461 3653 3514 οὐ

2012 3544 2173 3616 μόνον
2231 3540 2288 3597 δὲ
2345 3543 2490 3614 ἐμοὶ,
2567 3542 2710 3598 ἀλλὰ
2782 3541 2870 3597 καί
2945 3549 3073 3597 πᾶσι
3145 3551 3262 3607 τοῖς
3330 3547 3658 3619 ἠγαπηκόσι

2005 3633 2104 3700 τὴν
2163 3632 2468 3706 ἐπιφάνειαν
2529 3632 2712 3689 αὐτοῦ.
2768 3635 2832 3710 ᾯ
2888 3634 2975 3688 καὶ
3037 3632 3098 3686 σὺ
3154 3634 3564 3703 ἠκολούθησας,
3611 3634 3660 3690 ὅ

2011 3722 2240 3792 μακάριε
2269 3721 2526 3795 Ζαχαρία,
2561 3722 2588 3775 ὁ
2620 3719 2877 3794 διάδοχος
2925 3725 3022 3775 τοῦ
3067 3721 3310 3796 μεγάλου
3342 3723 3660 3779 ἀποστόλου

2009 3805 2272 3863 Θαδδαίου
2327 3809 2632 3881 γενόμενος,
2685 3809 2774 3862 καὶ
2830 3808 3120 3881 σὺνθρονος
3173 3814 3271 3864 τοῦ
3322 3809 3479 3884 ἁγίου
3510 3817 3661 3886 Γρη-

2007 3899 2214 3974 γορίου,
2249 3895 2447 3972 ὁδηγὸς
2502 3894 2560 3952 δὲ
2612 3901 2709 3951 τοῦ
2767 3895 2921 3952 οἷ’κοῦ
2953 3898 3194 3971 Θοργὼν,
3237 3898 3327 3952 καὶ
3358 3896 3662 3969 ἐπιστάτης

2009 3988 2226 4061 ’Λραρτι
2282 3984 2584 4060 ἐγχωρίων,
2639 3984 2725 4040 καὶ
2783 3985 3229 4061 γνωστικώτατος
3284 3990 3392 4042 τῶν
3464 3985 3661 4064 φυλῶν

1840 4237 2063 4292 ΝΟΤίΕ.

328 4352 403 4431 (Ι)
434 4351 882 4431 Ωυωῃῒιξειομειιιέ
919 4352 1030 4431 hoc
1064 4352 1419 4431 .epistolari‘,
1477 4352 1548 4431 de
1610 4351 1898 4431 diuisione
1926 4352 1970 4416 Β
2001 4350 2286 4431 peculiari
2315 4350 2429 4405 alio
2483 4348 2918 4431 die‘ce‘lebrent
2963 4349 3493 4430 {lnnuntiationem
3529 4351 3647 4431 Do-

256 4421 546 4493 festorum
580 4421 804 4493 Natalis
845 4421 1086 4493 Domini
1129 4420 1196 4475 ac
1243 4422 1607 4491 Epiphaniae,
1652 4425 1898 4493 ejusque
2004 4420 2307 4487 ininicam,
2368 4437 2436 4476 ea
2493 4421 2612 4476 sint
2649 4421 2916 4493 rhaaresis
2969 4420 3232 4490 ipsorum
3294 4428 3648 4493 argumenta

259 4491 583 4572 occasione.
615 4507 680 4544 ac
725 4492 948 4572 origine
997 4492 1313 4572 habentur,
1366 4493 1598 4563 egregia
1647 4491 1899 4572 suntlac
2007 4509 2073 4546 ac
2105 4492 2810 4572 negationlncarnation'is.
2869 4493 3079 4572 Yerum
3136 4497 3275 4572 sunt
3313 4492 3440 4546 haec
3477 4492 3645 4560 levia,

258 4577 428 4624 nova,
464 4560 678 4630 quibus
736 4560 1060 4634 plurimum
1108 4560 1490 4634 illustrantur
1513 4560 1679 4634 'qum
1725 4563 1904 4634 habet
2010 4560 2263 4634 cumrix
2295 4563 2456 4618 aliud
2491 4563 2752 4618 Armenii
2783 4563 2844 4616 in
2882 4562 2992 4634 hoc
3036 4564 3430 4634 committant,
3465 4580 3643 4634 quam

257 4634 710 4702 Chrysostomus
761 4632 831 4686 de
891 4650 1040 4687 nova
1099 4632 1235 4686 festi
1292 4632 1512 4686 Natalis
1571 4632 1804 4687 Domini
1839 4633 1897 4687 in

255 4703 490 4757 Oriente
523 4703 772 4757 seorsim
831 4702 901 4757 ab
921 4703 1265 4773 Epiphania,
1299 4703 1690 4768 institutione,
1744 4704 1897 4758 deri-

254 4779 396 4844 vatoi
415 4774 531 4827 ritu
588 4774 659 4828 ab
706 4770 1045 4842 Occidente,
1090 4775 1190 4827 ubi
1236 4770 1460 4839 ἄνωθεν,
1511 4776 1728 4844 pridem
1750 4777 1896 4843 jam,

259 4843 658 4917 celebraretur
688 4848 752 4899 25
808 4846 1030 4900 mensis
1080 4845 1352 4899 Deoemb.
1407 4843 1588 4917 Major
1635 4853 1791 4900 esset
1823 4846 1894 4900 ad

256 4915 433 4986 {idem
465 4922 666 4969 noster
693 4918 968 4980 Joannes,
1012 4921 1076 4970 ut
1129 4921 1285 4970 esset
1315 4915 1756 4986 Chrys‘ostomo.
1791 4919 1893 4970 Ar-

254 4984 440 5048 cadio,
475 5001 542 5057 ac
574 4987 848 5053 Honorio,
891 4987 1156 5057 mqualis,
1203 4991 1307 5040 aut
1351 4984 1608 5057 suppar;
1665 4988 1895 5042 videtur

253 5061 450 5127 autem
483 5056 652 5127 longe
693 5058 920 5124 junior.
965 5056 1113 5112 cum
1171 5056 1480 5112 Zacharias
1536 5059 1890 5125 Catholicus,

254 5125 326 5180 ad
359 5142 534 5194 quem
568 5125 792 5199 scribit,
827 5147 945 5183 non
969 5133 1156 5183 exstet
1184 5128 1245 5182 in
1268 5128 1540 5199 Catalogo
1573 5130 1894 5184 Catholice-

255 5213 385 5269 rum
421 5198 738 5269 Armenias,
771 5216 946 5267 quem
977 5205 1336 5269 repraesento
1368 5215 1436 5252 ex
1478 5198 1689 5268 Regio:
1723 5201 1891 5269 cujus

256 5267 504 5391 Eroinde
554 5274 759 5322 auctor
797 5267 1096 5338 antiquior
1143 5269 1218 5322 sit
1263 5270 1507 5323 Joanne.
1557 5267 1751 5323 Potuit
1780 5267 1892 5324 ista

299 5337 473 5391 abere
501 5354 569 5391 ex
599 5339 873 5391 Ecclesia:
905 5356 1023 5391 suae
1054 5341 1455 5391 monumentis
1484 5345 1585 5391 aut
1604 5341 1891 5391 Constan-

299 5337 473 5391 abere
501 5354 569 5392 ex
599 5339 873 5393 Ecclesiae
905 5337 1023 5393 suae
1054 5341 1455 5393 monumentis
1484 5345 1585 5394 aut
1604 5341 1891 5395 Constan-

253 5408 530 5480 tinopolit
543 5425 688 5463 ana.
706 5411 867 5464 Isaac
885 5410 1211 5464 Catholices
1228 5415 1476 5480 utraque
1501 5411 1679 5466 suain
1695 5415 1892 5466 Arme-

257 5478 388 5532 nios
420 5479 722 5552 invectiva,
757 5480 1090 5552 multiseos
1122 5478 1394 5552 exagitat,
1425 5481 1582 5552 quod
1599 5482 1705 5537 sub
1730 5481 1884 5537 idem

256 5554 504 5621 tempus,
535 5551 735 5609 Natale
757 5550 989 5608 Domini
1027 5567 1095 5607 ac
1118 5551 1413 5621 Baptisma
1429 5550 1746 5623 celebrent,
1777 5569 1887 5610 nec

2010 4633 2166 4704 quod
2227 4634 2596 4698 Alexandria,
2660 4633 3220 4702 Constantinopolis,
3281 4641 3414 4700 etc.,
3470 4633 3642 4689 annis

2009 4705 2244 4759 circiter
2289 4707 2394 4759 400
2450 4705 2864 4762 commisisset.
2923 4705 3168 4774 ipsaque
3201 4706 3385 4759 Roma
3414 4705 3641 4775 aliquot

2007 4775 2261 4838 saaculis,
2293 4793 2358 4830 ac
2389 4793 2574 4847 usque
2607 4777 2678 4831 ad
2706 4775 3039 4847 Julium,_ut
3067 4781 3341 4847 constent
3361 4793 3396 4830 a
3415 4777 3635 4831 Joanne

2005 4853 2206 4900 nostro
2237 4844 2508 4901 narrata:
2543 4847 2756 4916 quibus
2789 4846 2875 4899 vix
2921 4844 3145 4915 aliquid
3184 4863 3254 4900 ex
3283 4847 3634 4916 antiquiori-

2004 4916 2113 4972 bus
2149 4918 2545 4972 monumentis
2575 4918 2792 4988 Opponi
2845 4922 3074 4988 potest.
3104 4917 3289 4988 Grrets.
3325 4920 3384 4972 in
3413 4919 3534 4972 suis
3562 4917 3633 4972 ad

2003 4988 2290 5042 Codinum
2322 4989 2498 5053 notis,
2533 4986 2671 5042 eam
2692 4986 2923 5042 oratﬁin
2945 4986 3157 5040 Christi
3192 4988 3349 5044 diem
3378 4989 3631 5043 natalem

2003 5063 2143 5113 tunc
2173 5076 2379 5114 recens
2437 5059 2831 5114 Orientalibus
2886 5058 3186 5130 cognitum
3218 5060 3629 5129 Cbrysostomo

2001 5130 2260 5201 abrogat.
2297 5131 2454 5200 quod
2481 5131 2668 5201 stylus
2700 5127 3295 5201 diversusivideatur;
3331 5127 3433 5186 Sed
3459 5131 3628 5201 plane

2002 5198 2413 5274 hallucinatui‘,
2451 5198 2561 5274 nec
2590 5217 2840 5274 usquam
2873 5198 2983 5274 sibi
3005 5199 3351 5274 similiorem
3386 5198 3630 5274 Cliryso—

2003 5218 2413 5258 nauucmatur,
2451 5218 2560 5255 nec
2590 5218 2840 5326 usquam
2873 5218 2983 5254 sun
3005 5218 3351 5256 sxmmorem
3386 5218 3630 5274 (λιιι-γεο-

2002 5276 2254 5344 stomum
2308 5273 2612 5344 invenerit.
2708 5271 2879 5341 icque
2930 5270 3252 5344 l’antinus,
3305 5273 3407 5344 qui
3473 5273 3630 5344 prior

1999 5343 2182 5397 edidit
2214 5343 2522 5397 Latinitate
2577 5343 2876 5404 donatam,
2930 5341 3178 5400 Duceus.
3231 5341 3409 5411 Saril,
3443 5341 3501 5399 et
3528 5343 3626 5398 alii

1998 5413 2648 5487 babentvereywﬁatov.
2682 5414 2809 5487 N_on
2833 5428 2960 5468 esse
2990 5413 3132 5487 item
3162 5413 3464 5487 Chrysost.
3494 5430 3624 5487 pro-

1996 5483 2113 5552 bat,
2148 5485 2286 5555 quia
2315 5502 2348 5541 a
2375 5486 2621 5542 Thracia
2667 5485 2741 5540 ad
2794 5499 2980 5555 usque
3011 5484 3198 5540 Gades
3248 5483 3393 5541 olim
3426 5483 3622 5542 notam

1997 5571 2125 5611 eam
2155 5556 2559 5614 celebritatem
2597 5573 2665 5612 ac
2708 5556 3023 5622 illustrem,
3071 5555 3367 5612 affirmet:
3426 5577 3449 5606 α
3481 5559 3622 5613 Nam
