3888 6136
366 248 505 303 1439
1754 243 1901 297 JOAl

2189 243 2350 297 LENI
3617 242 3724 296 1440

364 376 429 425 ut
459 370 736 425 Nativitas
767 385 835 423 ac
887 368 1183 438 Baptisma
1214 367 1588 422 celebrentur
1637 369 1667 420 6
1698 368 1899 420 Januai

2186 385 2235 418 >υ
2271 368 2310 433 ζ’
2339 366 2600 442 περιέχον
2628 370 2725 421 τοῦ
2754 363 2931 420 τελεῖν
2980 364 3080 432 τὴν
3129 363 3377 434 Γέννησιν
3432 362 3523 417 καὶ
3559 364 3616 417 τὸ
3640 366 3721 418 Bi-

364 475 472 513 nos
503 463 727 520 tamen,
763 456 1021 510 mundus
1053 456 1177 526 ipse
1210 461 1388 521 totus,
1418 456 1668 509 invicem
1701 454 1899 524 conspi

2194 472 2341 525 ισμαο
2400 458 2566 527 ἡμεῖς
2625 453 2702 525 δὲ,
2763 455 2791 508 ὁ
2846 452 3050 525 κόσμος
3110 452 3263 524 ὅλος,
3302 454 3718 529 συνεφωνήσαμεν

363 547 638 613 verimus,
666 550 731 599 ut
756 550 813 597 et
840 544 1041 614 populi
1068 560 1279 597 omnes
1303 544 1680 598 Nativitavem
1706 544 1898 598 celebr

2183 546 2232 597 ,τ’
2291 544 2556 615 ἀλλήλων
2613 544 2956 612 ἀκολουθεῖν,
3010 541 3103 597 ’ἵνα
3156 542 3246 597 καὶ
3299 544 3504 604 πάντες
3552 541 3718 597 ollae!

366 638 430 687 25
465 632 765 699 Decemb.,
800 632 1100 701 Baptisma
1130 648 1283 697 vero,
1314 633 1345 683 6
1370 632 1652 685 Januarii.

2183 628 2315 684 λῶσι
2357 632 2456 699 τὴν
2508 634 2760 702 Γὲννησιν
2812 625 3144 704 Δεκεμϐρίῳ,
3202 631 3293 701 κε’,
3338 629 3529 684 καὶτὸ
3558 631 3718 684 Biar-.-

2118 739 2247 791 σμα,
2276 720 2585 793 Ἰανουαρίῳ
2618 727 2676 789 ζ’.

440 808 726 879 Equidem
761 807 1038 873 Verbum,
1076 807 1231 875 quod
1262 823 1296 860 a
1333 810 1501 861 Patre
1534 807 1858 871 descendit,
1892 814 1975 862 tre

2188 810 2384 862 Μέντοι
2445 829 2507 876 γε
2553 814 2699 883 τρεῖς
2744 809 3021 881 γεννήσεις
3074 805 3310 861 ἐτέλεσεν
3358 807 3390 860 ὁ
3443 806 3720 878 Λόγοςὸὲκ

369 899 620 951 initiavit
675 897 1049 949 nativitates:
1105 896 1373 961 alteram,
1424 912 1539 964 qua
1588 897 1841 966 sumpsit
1885 914 1904 950 ε

2189 900 2217 947 ὓ
2272 897 2476 968 Ματρὸς
2533 891 2785 956 κάταϐάς·
2838 896 2939 963 τὴν
3024 896 3137 966 μὶν,
3189 896 3495 967 σαρκωθεὶς
3551 894 3603 949 ἐκ
3650 903 3719 963 τῆς

371 1003 507 1040 nem
541 1002 609 1039 ex
643 990 847 1039 sancta
890 983 1159 1053 Virgine;
1211 999 1386 1052 quam
1437 990 1493 1036 et
1534 985 1854 1047 honorans,
1889 1001 1906 1037 ι

2193 983 2269 1045 ίας
2304 985 2598 1059 Παρθένου,
2647 986 2712 1054 ἢν
2760 984 2852 1038 καί
2896 985 3156 1055 τιμήσας,
3208 978 3436 1057 ἔρχεται
3469 983 3520 1035 ἓν
3551 988 3621 1053 τῷ
3644 990 3721 1055 ναῷ

368 1092 496 1130 rum
529 1076 717 1129 factus
754 1074 1165 1144 quadraginta,
1204 1074 1361 1125 venit
1391 1074 1449 1126 in
1486 1073 1791 1143 templum.
1819 1074 1903 1127 All

2186 1074 2512 1143 σσαράκοντα
2559 1075 2802 1146 ἡμερῶν.
2855 1072 3082 1143 Δευτὲρα
3128 1071 3404 1145 γέννησις,
3440 1071 3505 1124 τὸ
3546 1070 3594 1124 ἐν
3624 1073 3721 1143 Ἰορ-

373 1164 645 1220 nativitas
674 1167 781 1228 est,
832 1161 987 1231 quod
1038 1162 1096 1214 in
1130 1160 1380 1215 Jordane
1413 1162 1670 1231 suscepit
1698 1161 1908 1231 baptis:

2185 1182 2254 1234 ,νῃ
2288 1160 2587 1234 βάπτισμα,
2616 1159 2705 1214 ὅτε
2735 1159 3124 1233 πειραζόμενος
3175 1159 3276 1212 ὑπὸ
3323 1163 3427 1213 τοῦ
3484 1155 3720 1231 διαϐόλου³

371 1252 616 1324 quando
652 1268 685 1304 a
718 1249 950 1304 diabolo
982 1254 1258 1314 tentatus,
1294 1249 1479 1319 ipsius
1509 1249 1661 1303 vicit.
1687 1250 1881 1303 Tertia

2188 1248 2361 1316 ίκησεν
2412 1248 2593 1304 αὐτόν.
2650 1250 2709 1305 Ἡ
2771 1245 2828 1303 δὲ
2883 1246 3041 1322 τρίτη
3102 1242 3328 1323 φοϐερά,
3381 1249 3418 1316 ἡ
3460 1246 3518 1301 ὲκ
3568 1254 3723 1319 νεκρῶν

384 1343 564 1410 nique
606 1339 907 1404 terribilis,
943 1338 1297 1393 resurrectio
1350 1354 1419 1391 ex
1466 1339 1735 1393 mortuis.
1764 1339 1919 1393 Mira]

2188 1338 2422 1398 άστασις.
2482 1344 2817 1410 Θαυμαστῶς
2899 1336 2957 1392 δὲ
3036 1339 3437 1413 συνανεστράφη
3501 1337 3552 1392 ἓν
3617 1342 3722 1410 μέσῳ

375 1435 577 1484 autem
610 1429 838 1483 ratione
869 1433 1249 1481 conversatus
1276 1427 1337 1480 in
1369 1426 1561 1480 medio
1593 1427 1910 1497 discipulor

2189 1447 2227 1479 ›ν
2266 1429 2519 1497 μαθητῶν
2580 1426 2766 1494 αὐτοῦ,
2826 1423 2896 1480 δι’
2955 1429 3178 1498 ἡμερῶν
3238 1426 3646 1500 τεσσαράκοντα·
3686 1426 3724 1480 ἐκ

377 1534 621 1572 suorum
656 1533 763 1587 per
812 1515 939 1569 dies
988 1514 1398 1586 quadraginta,
1449 1531 1483 1568 a
1540 1521 1740 1568 monte
1788 1515 1911 1569 Oliv

2208 1518 2304 1568 τοῦ
2336 1515 2499 1588 ’ὀρους
2522 1520 2629 1569 τῶν
2664 1514 2895 1570 Ἐλαιῶν
2932 1512 3213 1589 ἀνελήφθη
3238 1515 3377 1587 πρὸς
3408 1515 3501 1568 τὸν
3536 1516 3720 1587 Πατέρα.

373 1610 712 1675 assumptus
746 1610 836 1657 est
867 1603 939 1657 ad
994 1605 1250 1657 Patrem.
1303 1603 1461 1656 Beati
1495 1619 1629 1673 ergo
1678 1602 1905 1673 apostol

2187 1644 2191 1654 ,
2234 1599 2326 1656 οὗν
2385 1605 2641 1674 μακάριοι
2689 1601 2987 1657 ἀπόστολοι
3048 1602 3100 1656 οἱ
3162 1601 3405 1673 μαθηταὶ
3445 1606 3541 1656 τοῦ
3568 1603 3722 1677 Κυρίου

371 1693 647 1763 discipuli
674 1691 911 1745 Domini
938 1690 1127 1744 nostri
1151 1692 1286 1744 Jesu
1329 1690 1564 1754 Christi,
1606 1707 1713 1760 per
1736 1707 1906 1744 manu

2184 1695 2283 1744 ιῶν
2318 1689 2494 1760 Ἰησοῦ
2525 1691 2776 1762 Χριστοῦ,
2811 1690 2899 1745 διὰ
2939 1696 3039 1758 τῆς
3089 1690 3383 1753 ἐπιθέσεώς
3421 1694 3529 1745 τῶν
3564 1696 3719 1765 χειρῶν

373 1781 605 1836 Domini
633 1779 1078 1850 impositionem
1111 1779 1171 1832 in
1206 1784 1405 1833 monte
1435 1778 1727 1833 Olivarum
1766 1779 1908 1850 grati

2188 1777 2443 1850 ῦΚυρίού
2505 1779 2558 1833 ἐν
2614 1784 2692 1850 τῷ
2750 1780 2863 1853 ὃρει
2919 1783 3024 1832 τῶν
3084 1780 3345 1847 Ἐλαιῶν,
3380 1774 3720 1852 ἕλαϐονχάριν

375 1873 749 1939 acceperunt,
811 1872 878 1920 ut
924 1867 997 1921 ad
1072 1868 1504 1937 Scripturarum
1564 1867 1910 1939 intelligenti

2244 1864 2616 1940 διανοιχθῆναι
2676 1866 2849 1921 αὐτῶν
2906 1867 2999 1921 τὸν
3060 1871 3178 1921 νοῦν
3237 1870 3336 1921 τοῦ
3398 1868 3616 1922 συνιέναι
3657 1870 3721 1926 τὰς

377 1976 576 2015 eorum
611 1975 780 2013 mens
813 1957 1180 2027 aperiretur;
1214 1956 1391 2025 inque
1425 1956 1673 2026 Spiritus
1696 1958 1881 2011 sancti

2187 1956 2356 2032 >αφάς·
2393 1955 2481 2009 καὶ
2530 1954 2582 2010 ἐν
2633 1960 2702 2029 τῇ
2761 1954 3039 2011 ἐπελεύσει
3095 1961 3193 2010 τοῦ
3251 1956 3407 2031 ἁγίου
3442 1957 3722 2027 Ηνεύματος,

374 2057 572 2110 ventu,
620 2049 830 2119 repleti
889 2054 1027 2102 sunt
1075 2047 1235 2101 omni
1282 2048 1560 2111 scientia;
1604 2048 1909 2119 Evangelih

2187 2042 2476 2112 ελήσθησαν
2536 2045 2714 2114 πάσης
2772 2044 3051 2105 συνέσεωςο
3111 2045 3200 2099 καὶ
3256 2045 3320 2099 τὸ
3379 2047 3621 2120 κήρυγμα
3658 2048 3722 2098 ταῦ

379 2137 884 2209 praedicationem,
944 2135 1100 2203 quod
1152 2139 1277 2188 erat
1330 2134 1685 2189 tradendum
1725 2136 1914 2205 gentih

2186 2129 2485 2205 Βαγγελίου,
2515 2138 2611 2186 τοῦ
2662 2130 2962 2204 μέλλοντος
3012 2130 3406 2205 παραδίδοσθαι
3438 2138 3548 2192 τοῖς
3577 2131 3721 2198 ἔθνεσι,

380 2243 445 2279 ac
477 2225 747 2277 universa
795 2222 991 2275 futura
1021 2221 1373 2275 didicerunt.
1426 2224 1669 2292 Propter
1700 2227 1895 2277 tamen

2186 2220 2217 2273 ιὶ
2268 2220 2441 2274 πάντα
2495 2222 2559 2274 τὰ
2621 2219 2891 2293 μέλλοντα
2953 2223 3322 2294 μεμαθήκασι,
3382 2222 3533 2289 Πλὴν
3566 2219 3637 2274 ὁιὰ
3658 2221 3721 2279 τὶς

378 2319 540 2385 ptem
594 2312 827 2365 illarum
878 2311 1184 2364 haereseon
1217 2328 1283 2364 ex
1333 2311 1549 2366 Iudaeis
1598 2318 1913 2384 prognatar

2186 2302 2439 2369 >οσϐολάς
2525 2314 2631 2363 τῶν
2699 2310 2956 2382 αἱρέσεων
3010 2314 3119 2364 τῶν
3185 2309 3322 2363 ἒπτᾶ
3389 2310 3596 2364 ἐκείνων
3649 2313 3721 2362 τῶν

378 2401 828 2473 grassationem,
861 2399 1169 2453 Eccclesize
1186 2399 1575 2455 totiusofﬁcia
1607 2401 1911 2470 speciatim

2185 2401 2362 2450 ›εισῶν
2395 2397 2453 2451 ἐκ
2479 2402 2587 2451 τῶν
2630 2396 2931 2466 Ἰουδαίων,
2981 2398 3086 2453 οὐκ
3132 2397 3488 2468 ἠδυνήθησαν
3516 2400 3605 2464 τήν
3631 2399 3720 2450 ἀκο-

388 2506 500 2560 que
551 2488 776 2552 ordine,
827 2487 1284 2557 haudquaquam
1330 2504 1621 2558 exponere
1674 2507 1742 2543 ac
1791 2507 1923 2544 sanc

2180 2485 2349 2547 aueiav
2382 2488 2558 2554 πάσης
2613 2492 2710 2554 τῆς
2772 2484 3095 2551 Ἑκκλησίας
3157 2490 3399 2561 μερικῶς
3461 2486 3585 2541 κατὰ
3616 2486 3715 2553 τάξιν

386 2586 572 2640 licuit.
610 2583 671 2637 Id
686 2600 818 2637 vero
849 2600 1031 2637 unum
1060 2585 1310 2639 sollicite
1326 2585 1674 2656 agebant,ut
1702 2586 1921 2640 Christt

2183 2575 2375 2634 Leéaoou
2424 2572 2513 2626 καὶ
2566 2573 2833 2636 θεσπίσαι.
2883 2573 3055 2629 Ἀλλᾶ
3102 2578 3265 2629 τοῦτο
3322 2574 3487 2647 μόνον
3517 2570 3718 2628 ἐσπούδα-

387 2676 569 2728 Deum
604 2690 671 2727 ex
706 2675 840 2737 Deo,
892 2673 991 2742 qui
1027 2673 1246 2727 mundo
1299 2674 1692 2744 apparuisset,
1738 2674 1921 2744 praedi

2181 2681 2251 2728 ιν,
2279 2661 2368 2713 τὸν
2401 2661 2631 2735 Χριστὸν
2663 2664 2790 2716 Θεὸν
2838 2659 2896 2716 ἐκ
2942 2666 3077 2717 Θεοῦ
3107 2661 3435 2739 ἐπιφανέντα
3457 2666 3531 2734 τῷ
3557 2662 3716 2732 κόσμῳ,

388 2767 538 2817 rent.
574 2762 807 2830 Septem
839 2766 1035 2815 autem
1067 2761 1371 2815 haereseon
1423 2762 1667 2817 nomina
1692 2764 1816 2817 haac
1850 2779 1923 2816 su‘

2183 2747 2382 2820 ηρύξαι.
2441 2752 2560 2805 Τῶν
2632 2747 2689 2803 δὲ
2766 2750 2899 2804 ἒπτά
2957 2752 3209 2824 αἱρέσεων
3270 2747 3536 2823 ὀνόματα,
3586 2753 3718 2803 ταῦτα·

391 2853 441 2915 1,
476 2848 721 2913 Scribee;
754 2852 806 2901 2.
841 2849 1160 2914 Pharisaei;
1196 2851 1246 2902 3.
1282 2850 1624 2916 Sadducaai;
1660 2853 1713 2903 4.
1749 2851 1926 2904 Heme

2182 2840 2375 2909 ρῶτον,
2435 2842 2803 2910 Γραμματεῖς·
2857 2836 3131 2914 δεύτερον,
3211 2839 3521 2912 Φαρισαῖοι·
3570 2837 3717 2911 τρίτον,

388 2936 669 3006 baptisti;
701 2939 752 2991 b’.
786 2936 1025 3000 Asiani;
1059 2939 1109 2989 6.
1145 2938 1420 2991 Nazareni
1448 2955 1461 3003 ;
1503 2939 1557 2991 7.
1594 2937 1923 2992 Herodiani-

2184 2919 2517 2977 αδδουκαῖοι’
2588 2924 2863 2996 τέταρτον,
2928 2920 3449 2999 Ἠμεροϐάπτιστοι·
3512 2925 3718 2994 πέμπται,

392 3040 597 3077 omnes
663 3023 1125 3078 adversabantur
1166 3024 1355 3079 beatis
1406 3026 1726 3095 apostolis;
1777 3042 1842 3079 ac
1891 3043 1927 3079 c

2181 3010 2387 3064 totavoi'
2455 3008 2631 3079 ἕκτον,
2708 3018 3025 3088 Ναζαραῖοι·
3091 3009 3355 3086 ἕϐδομον,
3431 3007 3716 3087 Ἦρωδιανοέ.

390 3111 531 3175 illis,
593 3111 941 3181 Simoniani,
1000 3112 1385 3178 Cerinthiani,
1434 3078 1658 3177 Ariani,
1709 3078 1923 3168 Sabelli

2188 3098 2303 3152 ὗτοι
2351 3099 2543 3161 πάντες
2592 3098 2891 3156 ἀντὲκειντο
2936 3107 3054 3164 τοῖς
3109 3101 3397 3174 μακαρίοις
3432 3098 3716 3159 ἀποστόλοιςμ

388 3215 455 3252 ac
486 3199 859 3259 Eunomiani,
912 3200 1011 3267 qui
1062 3200 1236 3268 plane
1282 3201 1563 3254 contrarii
1612 3206 1781 3255 erant
1811 3217 1923 3255 sant

2179 3189 2221 3242 ιὶ
2256 3191 2371 3259 μετ’
2414 3188 2628 3243 ἐκείνων
2680 3192 2731 3245 οἱ
2780 3193 3139 3265 Σιμωνιανοὶ,
3187 3192 3274 3246 καὶ
3329 3196 3407 3265 (α)
3456 3194 3714 3265 Κηρυναῖοι,

390 3286 683 3340 Ecclesiae.
745 3287 896 3349 Quin
937 3293 994 3339 et
1041 3288 1265 3340 Pascha
1312 3288 1455 3341 luna
1511 3291 1575 3341 14
1622 3288 1825 3343 multis
1856 3306 1925 3343 an

2179 3278 2433 3350 lpetavoi,
2510 3273 2897 3348 Σαϐελλιανοῖ,
2981 3281 3069 3334 καὶ
3155 3279 3518 3351 Εὐνομιανοὶ,
3572 3276 3714 3331 οἵτινες

393 3374 708 3429 celebravit
737 3372 1014 3427 Ecclesia.
1045 3376 1166 3426 Non
1199 3376 1357 3428 enim
1391 3392 1598 3429 omnes
1631 3382 1767 3429 tunc
1799 3382 1928 3446 pote

2179 3364 2368 3419 ναν-τίοι
2420 3366 2815 3437 κατεστάθησαν
2874 3371 2941 3441 τῇ
3000 3368 3123 3442 ἁγῖᾳ
3172 3367 3493 3437 Ἐκκλησία.
3548 3365 3633 3423 Καὶ
3674 3355 3714 3413 τδ

395 3478 687 3525 coercere,
716 3477 783 3515 ac
814 3476 1002 3529 usque
1033 3461 1105 3514 ad
1136 3467 1368 3532 tempus
1400 3463 1627 3533 paciﬁci
1660 3463 1819 3518 illius
1850 3465 1927 3518 Co

2184 3452 2327 3527 άσχα
2375 3452 2427 3508 ἐν
2477 3453 2710 3516 πολλοῖς
2756 3456 2979 3530 χρόνοις
3028 3456 3272 3529 ἑόρταζεν
3307 3459 3343 3524 ἡ
3381 3454 3646 3522 Ἐκκλησία
3668 3453 3714 3519 τῇ

396 3550 629 3615 tantini,
672 3549 771 3618 qui
820 3548 1116 3603 celebrata
1163 3550 1397 3604 Nicena
1445 3551 1689 3620 synodo,
1741 3568 1805 3605 os
1854 3568 1931 3605 on

2180 3542 2223 3599 Γ.
2254 3541 2366 3598 Οὐκ
2403 3539 2638 3611 ἠδύνατο
2690 3543 2794 3618 γὰρ
2850 3544 2971 3599 τότε
3028 3544 3103 3605 εἷς
3158 3543 3362 3605 πάντας
3392 3547 3425 3610 ἡ
3459 3538 3715 3609 Ἐκκλησία,

395 3638 809 3692 haareticorum
839 3636 1149 3703 obstruxit,
1183 3653 1250 3691 ac
1280 3638 1555 3692 Ecclesia)
1595 3655 1778 3692 cornu
1810 3639 1930 3693 exal

2179 3652 2237 3692 υς
2264 3634 2359 3683 τοῦ
2391 3631 2594 3703 χρόνου
2635 3635 2733 3685 τοῦ
2784 3630 3162 3709 φιλὲιρηνικοῦ
3214 3628 3714 3695 Κωνσταντίνουηο]

392 3727 493 3779 vit.
2138 3719 2226 3776 διὰ
2254 3728 2354 3788 τῆς
2408 3720 2458 3775 ἐν
2521 3721 2715 3793 Νικαίᾳ
2773 3719 2999 3776 συνόδου
3057 3721 3428 3799 ἐμφράξαντος
3467 3726 3559 3774 πᾶν
3589 3717 3718 3787 στόμα

2136 3811 2441 3884 αἱρετικῶν,
2471 3808 2558 3863 καὶ
2609 3810 2920 3881 ὑψώσαντος
2966 3810 3029 3865 τὸ
3075 3810 3234 3879 κὲρας
3279 3817 3382 3878 τῆς
3429 3805 3715 3874 Ἐκκλησίας.

468 3901 553 3954 Ab
587 3916 653 3953 eo
685 3900 883 3968 itaque
915 3899 1194 3969 deinceps
1246 3906 1539 3972 tempores
1593 3904 1777 3957 sancti
1828 3906 1998 3957 Patre

2209 3896 2410 3951 Λοιπὸν
2461 3896 2567 3950 ἆπὸ
2612 3896 2757 3967 τότε,
2802 3898 2854 3951 οἱ
2896 3897 3039 3969 ἅγιοι
3088 3898 3342 3970 Πατέρες,
3382 3896 3468 3950 καὶ
3499 3895 3544 3949 oi
3590 3890 3714 3964 μακά-

398 4007 465 4044 ac
486 3987 642 4043 beati
683 3987 965 4057 episcopi,
1005 3993 1339 4043 sanctorum
1369 3990 1771 4059 apostolorum
1795 3992 1931 4044 vesti

2176 4006 2244 4038 ιοι
2276 3983 2583 4051 ἐπισκοποι,
2616 3985 2666 4038 οἱ
2700 3982 2993 4058 ἰχνηλάται
3048 3988 3155 4037 τῶν
3213 3983 3380 4057 ἁγίων
3432 3977 3709 4041 ἀποστόλων,

398 4079 768 4150 indagantes,
802 4082 1071 4131 sanctum
1115 4078 1339 4131 Pascha
1386 4093 1420 4132 a
1458 4077 1696 4133 .ludaico
1740 4079 1929 4133 discre

2175 4074 2462 4147 ιεχώρισαν
2516 4073 2575 4126 τὸ
2634 4069 2783 4147 ἅγιον
2838 4073 3032 4146 Πάσχα
3063 4071 3121 4126 ἐκ
3148 4074 3244 4127 τοῦ
3293 4062 3710 4136 Ἰουδαῖκοῦ,κιτᾶ

396 4171 555 4233 runt,
582 4167 717 4236 jure
750 4166 960 4219 merito
1012 4166 1367 4221 honorantes
1415 4172 1678 4222 sanctam
1708 4167 1927 4222 Ecclesi

2177 4159 2303 4235 όγον
2334 4162 2654 4231 τιμήσαντες
2703 4161 2802 4229 τήν
2861 4160 3015 4235 ἁγίαν
3073 4157 3375 4229 καθολικὴν
3427 4155 3706 4223 Ἐκκλησίαν.

398 4255 768 4321 catholicam,
822 4270 888 4308 ae
936 4254 1202 4324 psalmis,
1254 4261 1313 4309 et
1359 4256 1616 4325 hymnis,
1667 4257 1933 4311 canticisc

2173 4249 2224 4303 αὶ
2285 4246 2669 4322 φαιδρύναντες
2737 4248 2981 4322 ψαλμοῖς
3032 4248 3120 4303 καὶ
3210 4246 3379 4320 ᾠδαῖς
3432 4247 3518 4303 καὶ
3563 4242 3705 4315 ᾅσματι

399 4342 763 4414 spiritalibus
787 4342 1202 4408 exhilarantes,
1236 4344 1934 4413 variasquefestivitatess

2170 4341 2546 4409 ῖνευματικοῖς,
2598 4337 2688 4390 καὶ
2744 4335 2839 4397 τὰς
2894 4337 3080 4412 ἑορτὰς
3111 4335 3202 4392 τὰς
3237 4336 3487 4397 ποικίλας
3514 4327 3705 4404 ἐνομοθέ-

396 4430 562 4502 gulas
596 4428 803 4483 diebus
844 4429 1099 4499 propriis
1147 4428 1409 4482 ordinari
1462 4436 1800 4483 sanxerunt.
1855 4432 1931 4483 Po

2167 4427 2332 4493 τήσαν,
2380 4425 2663 4496 κατατάξαι
2710 4424 2934 4493 ἑκάστην
2988 4425 3062 4486 εἰς
3114 4427 3213 4493 τήν
3257 4422 3396 4503 ἰδίαν
3446 4416 3702 4495 ἡμέραν.οἓ

398 4518 440 4571 ii
488 4516 737 4586 apostoli
769 4516 867 4585 qui
901 4521 1068 4570 erant
1116 4532 1184 4571 ex
1232 4516 1420 4570 sancti
1468 4518 1709 4570 Joannis
1759 4518 1933 4587 Bapti:

2166 4513 2199 4566 ἱὶ
2254 4511 2553 4567 ἀπόστολοι
2611 4512 2659 4567 oi
2717 4512 2864 4574 ὅντες
2924 4512 2985 4568 ἐκ
3030 4517 3136 4568 τῶν
3196 4515 3451 4585 μαθητῶν
3498 4513 3579 4565 τοῦ
3601 4504 3701 4576 ἆγίῡυ

398 4604 727 4675 discipulis,
760 4603 958 4657 audito
991 4604 1148 4673 quod
1181 4606 1432 4659 Joannes
1466 4604 1868 4658 testimonium
1898 4622 1933 4674 p

2162 4600 2392 4656 [ωάννου
2420 4605 2516 4654 τοῦ
2556 4605 2879 4672 Βαπτιστοῦ,
2937 4601 3024 4656 ὅτε
3067 4601 3301 4671 ἥκουσαν
3346 4602 3443 4670 τὴν
3478 4590 3697 4673 μαρτυρω

396 4694 590 4749 hibuit
646 4692 718 4749 de
763 4692 1034 4758 Domino,
1090 4693 1420 4761 credentes,
1475 4692 1789 4748 Dominum
1846 4710 1931 4748 sec

2165 4690 2389 4747 [ωάννου
2441 4691 2562 4765 περὶ
2617 4693 2713 4745 τοῦ
2771 4692 2992 4766 Κυρίου,
3042 4689 3415 4753 πιστεύσαντες
3462 4681 3700 4758 ἠκολούθη·

397 4788 570 4849 sunt;
601 4797 854 4852 cumque
886 4781 1202 4835 Dominum
1240 4782 1301 4835 in
1336 4781 1587 4836 Jordane
1636 4781 1916 4852 baptizari

2163 4799 2232 4832 ταν
2264 4782 2340 4847 τῷ
2371 4778 2571 4851 Κυρίῳ·
2605 4778 2694 4833 καὶ
2748 4778 2837 4833 ὅτε
2887 4776 3024 4834 εἶδον
3056 4778 3148 4833 τὸν
3182 4779 3377 4853 Κύριον
3418 4773 3698 4854 ﬂammei-1W

397 4870 642 4939 dissent,
668 4887 736 4925 ea
764 4870 858 4925 die
901 4869 1178 4941 baptismi
1227 4887 1460 4941 quoque
1491 4871 1864 4926 festivitatem
1911 4887 1932 4924 ε

2163 4887 2191 4919 νν
2242 4863 2507 4940 Ἰορδάνῃ,
2561 4864 2636 4927 είς
2679 4864 2887 4936 ἐκείνην
2936 4866 3034 4934 τήν
3083 4852 3293 4943 ἡμὲραν
3340 4852 3429 4921 καί
3456 4866 3545 4932 τὴν
3571 4852 3698 4928 ἒορτῆθ

1748 5046 1982 5102 VARLE
2022 5041 2419 5098 LECTIONES.

466 5141 542 5214 (a)
576 5137 648 5199 i’a.
684 5141 1016 5214 Κεριντιανοὶ
1047 5142 1137 5199 vel
1169 5144 1491 5216 Κυρηναῖοι.

1968 5253 2189 5312 NOTAE.

395 5393 624 5458 verint;
655 5392 953 5461 Etanquam
1001 5407 1069 5446 ea
1110 5396 1275 5461 parte
1321 5390 1683 5446 excesserint
1736 5389 1966 5444 traditae
1998 5406 2034 5444 a
2141 5396 2350 5461 porum
2386 5382 2637 5461 _I_‘atione
2693 5378 3101 5461 indicaverint:
3161 5381 3410 5461 Namnet
3460 5377 3514 5461 in
3552 5373 3697 5461 νεξξῇ

397 5448 625 5520 Christo
657 5448 983 5533 potestatis,
1018 5448 1262 5533 acipuri
1311 5462 1605 5533 Evangelii
1652 5461 1889 5533 limites.
1928 5462 2033 5533 lm-
2141 5448 2356 5533 praeter
2385 5454 2640 5533 Moysen,
2671 5452 2847 5533 etiam
2896 5451 3207 5533 pontiﬁces
3231 5450 3354 5533 alii,
3382 5448 3696 5533 festos’EQVOS

396 5552 614 5609 purum
658 5523 814 5590 eerte
1311 5538 1375 5587 ut,
1403 5523 1521 5587 noxi)
1552 5532 1780 5604 possint,
1806 5531 2032 5603 prmlati
2142 5523 2287 5593 dies,
2322 5523 2520 5578 sancte
2551 5541 2618 5579 ac
2649 5540 2781 5579 cum
2803 5523 2977 5578 laude
3008 5528 3335 5578 noscuntur
3363 5523 3647 5575 sancivisse.

400 5602 679 5677 statuere,
712 5604 870 5678 quod
904 5622 934 5661 e
964 5602 1402 5675 re'Christiana,
1426 5621 1533 5679 pro
1553 5602 1861 5676 rerumﬁc
1891 5608 2036 5661 tem-
