3888 6136
198 327 339 384 1441

1348 331 1446 384 DE
1481 329 1700 385 FESTO
1735 329 1859 382 DIE
1901 329 2164 382 NATALI
2202 329 2482 384 DOMINI.

3457 301 3599 390 1442

194 457 304 508 τοῦ
334 449 720 523 Βαπτίσματος
747 451 1058 520 κατέταξαν.
1117 451 1180 508 Ὀ
1235 449 1292 504 δὶ
1347 448 1602 512 Ἰάκωϐος
1633 452 1661 505 6
1692 447 1856 504 ἀδελ-

2051 457 2246 507 3runt:
2277 453 2526 508 Jacobus
2565 460 2761 510 autem
2795 457 3024 511 Domini
3055 457 3256 529 frater,
3290 459 3388 530 qui
3423 477 3596 514 vene-

197 538 420 618 φόθεος,
476 539 530 594 ἐν
587 537 841 611 Βηθλεὶμ
897 538 1332 612 παραγενόμενος
1387 539 1439 594 ἐν
1491 543 1560 613 τῇ
1606 540 1850 612 γεννήσει

197 634 301 684 τοῦ
333 627 562 704 Κυρίου,
595 629 622 681 6
653 627 744 682 καὶ
777 626 830 680 ἐν
881 627 1245 702 Ἰερουσαλὴμ
1289 627 1340 682 λ’
1399 627 1490 698 ἔτη
1550 626 1854 696 ἐπισκοπή-

201 738 324 785 σας,
393 716 496 771 οὐκ
553 712 796 769 ἐκώλυσε
846 714 974 776 τοὺς
1030 719 1319 777 τεΛοῦντας
1397 717 1494 784 τὴν
1582 717 1852 784 Γέννησιν·

211 805 430 877 μᾶλλον
463 801 520 858 δὲ
551 802 784 858 ἐπαινῶν
819 798 1023 876 ἔλεγεν,
1059 802 1141 857 ὅτι
1200 803 1276 865 εἰς
1335 801 1513 873 ἄλλην
1567 802 1730 858 πόλιν
1758 804 1856 870 τήν

207 893 462 963 Γίννησιν
493 893 763 948 τελοῦσιν.
797 891 924 965 Οὐχ
953 891 1035 945 ὅτι
1075 894 1211 946 κατά
1267 891 1572 966 ἀντιλογίαν
1606 891 1852 966 ἔγραψεν·

208 981 298 1036 ὅτι
329 981 417 1036 ὅτε
445 981 522 1045 εἷς
543 979 722 1050 ἀλλην
755 978 916 1035 πόλιν
966 977 1186 1034 τελοῦσι
1212 984 1284 1054 (b)
1329 978 1856 1052 πεπλανημένων...

211 1073 294 1142 ρῷ
331 1069 443 1127 τόν.
509 1069 605 1123 Καὶ
666 1066 717 1141 ἐξ
777 1067 980 1142 ἀρχῆς,
1033 1065 1237 1131 ἄλλους
1288 1065 1749 1131 κανόνας,ἔθεντο
1807 1067 1859 1120 οἱ

211 1157 516 1212 ἀπόστολοι
569 1162 686 1218 τοῖς
739 1156 787 1228 ἐξ
849 1156 1014 1220 ἐθνῶν
1101 1155 1498 1226 πεπιστευκόσι,

209 1245 553 1319 ἀπὲσχοσθαι
630 1246 736 1300 ἀπὸ
790 1249 1038 1310 πνικτοῦ,
1096 1245 1185 1299 καὶ
1274 1245 1544 1318 πορνείας,

216 1356 406 1408 ματος.
457 1337 525 1391 Οἱ
584 1332 642 1389 δὲ
699 1334 814 1388 νυνὶ
863 1336 1077 1396 κανόνες
1121 1333 1366 1389 ποικίλοι
1425 1333 1712 1408 δογμάτων
1772 1334 1861 1390 καὶ

215 1421 569 1498 διδαγμάτων
599 1427 669 1495 (c)
698 1423 1066 1493 περιέχουσιν.
1101 1422 1177 1480 Οὐ
1203 1423 1307 1498 γὰρ
1366 1421 1416 1476 ἐν
1475 1425 1631 1478 παντὶ
1688 1427 1862 1495 καιρῷ

209 1514 305 1567 καὶ
357 1513 546 1587 χρόνῳ
601 1513 701 1580 τὴν
761 1511 926 1579 αὐτὴν
984 1513 1308 1584 νομοθεσίαν
1379 1511 1772 1584 ἐνομοθέτησεν
1833 1512 1860 1565 6

211 1606 490 1674 ’Υψισ-ιος’
549 1599 677 1655 ἀλλ’
735 1599 946 1672 ἑκάστῳ
997 1599 1180 1674 χρόνῳ
1247 1598 1480 1673 διάταξιν
1542 1601 1631 1655 καὶ
1689 1601 1862 1674 νόμον

218 1709 404 1762 ωρισε.

1590 1154 1858 1231 λέγοντες,

1629 1245 1720 1299 καὶ
1776 1244 1860 1297 αἳ-

293 1777 446 1844 Ηλήν
507 1775 597 1831 διὰ
652 1779 750 1846 τήν
805 1776 1056 1847 Γέννησιν
1100 1781 1196 1830 τοῦ
1265 1783 1548 1849 Σωτῆρος,
1602 1775 1686 1831 ὅτι
1744 1781 1860 1837 πῶς

220 1862 527 1934 διετάξαντο
587 1859 850 1939 Δεκεμϐρ.
905 1865 982 1919 κε’
1033 1863 1330 1929 τελεῖσθαι,
1383 1863 1554 1925 οὕτως
1614 1863 1860 1938 εὕρομεν.

219 1953 466 2026 νΕγραψέ
495 1973 631 2007 ποτε
662 1951 960 2024 Κύριλλος,
994 1955 1075 2024 (ἀ)
1108 1954 1136 2007 6
1191 1951 1396 2026 γράψας
1434 1959 1532 2020 τὴν
1567 1950 1862 2020 ἐπιστολήν

223 2041 637 2112 Κωνσταντίνῳ,
670 2038 846 2096 ἀλλ’ὁ
901 2043 1015 2112 μετ’
1073 2039 1274 2094 ἔκεῖνον
1335 2038 1714 2114 διαδεξάμενος
1769 2041 1862 2095 τὸν

221 2131 410 2203 θρόνον
446 2131 636 2197 αὐτοῦ,
669 2131 804 2204 πρὸς
838 2128 1071 2185 Ἰούλιον
1127 2130 1216 2182 τὸν
1275 2130 1496 2201 Ῥώμης
1547 2129 1862 2198 ἐπίσκοπον,

225 2220 425 2294 ἔγραψε
457 2218 654 2292 λέγων,
688 2220 770 2272 δτι
803 2243 829 2270 «
883 2219 1067 2292 Μέγας
1097 2218 1268 2279 κόπος
1321 2217 1411 2271 καί
1463 2218 1714 2292 στέρησις
1768 2217 1864 2292 γί-

218 2329 365 2362 νεται
397 2307 598 2370 εἰςτὰς
627 2305 862 2380 μεγάλας
917 2307 1006 2360 καὶ
1061 2303 1317 2382 λαμπρὰς
1374 2305 1581 2380 ἑορτὰς,
1639 2304 1723 2359 ὅτι
1777 2325 1866 2360 τε-

223 2396 448 2452 λοῦνται
481 2396 531 2450 ἐν
567 2399 664 2468 μιᾷ
710 2393 912 2470 ἡμέρῳ
973 2393 1063 2448 καί
1117 2393 1184 2448 τὰ
1239 2393 1658 2467 ἀναγνώσματα,
1690 2393 1778 2447 καὶ
1829 2394 1864 2460 ἡ

220 2483 521 2540 ἀκολουθία
551 2483 914 2555 απομένουσιν
946 2481 1186 2553 ἡμιτελῆ
1217 2485 1326 2535 τῶν
1377 2479 1472 2534 δύο
1504 2480 1727 2555 ἑορτῶν,
1781 2479 1869 2535 διὰ

225 2575 291 2628 τὸ
327 2575 402 2646 μὴ
436 2571 693 2635 δύνασθαι
723 2572 822 2640 τὴν
857 2572 1110 2640 Γέννησιν
1166 2569 1254 2622 καὶ
1313 2568 1376 2622 τὸ
1405 2569 1691 2639 Βάπτισμα
1720 2568 1867 2623 ἐκτε-

227 2661 384 2716 λέσαι
411 2665 512 2716 τοῦ
544 2659 770 2733 Κυρίου.
800 2659 892 2722 Ὦς
922 2655 988 2725 δὴ
1023 2657 1084 2712 οὐ
1137 2654 1404 2730 δυνάμεθα
1455 2655 1508 2711 ἐν
1545 2663 1642 2728 μιᾷ
1689 2657 1870 2732 ἡμέρᾳ

227 2752 529 2818 ἀπαντῆσαι
586 2748 662 2810 εἷς
706 2747 874 2803 τόπον
933 2750 1029 2801 τοῦ
1089 2746 1478 2821 βαπτίσματος*
1529 2745 1642 2800 ἐπεὶ
1689 2748 1724 2814 ἡ
1759 2748 1868 2816 Βη-

231 2837 420 2910 θλεὲμ,
450 2836 575 2910 τρία
610 2834 768 2909 μίλια
798 2835 992 2910 ἀπέχει
1024 2833 1130 2887 ἀπὸ
1183 2832 1545 2908 Ἰερουσαλὴμ
1597 2834 1734 2888 κατὰ
1780 2841 1869 2888 νο-

228 2949 344 2998 τον,
366 2929 454 2982 καὶ
487 2929 514 2981 ὁ
548 2926 826 3000 Ἰορδάνης
860 2927 920 2979 ιε⁹
955 2923 1115 2996 μίλια
1159 2922 1349 2996 ἀπέχει
1405 2922 1542 2976 κατὰ
1583 2921 1867 2986 ἀνατολάς·

233 3018 586 3092 προπαξᾶτω
617 3015 711 3070 οὗν
733 3017 766 3084 ἡ
801 3013 1077 3089 ἀγιωσύνη
1120 3033 1215 3066 σου
1275 3011 1552 3086 ἐρευνῆσαι
1585 3013 1753 3067 πάντα
1805 3012 1873 3066 τὰ

232 3107 637 3181 συγγράμματα
712 3108 819 3158 τῶν
907 3098 1203 3169 Ἰουδαίων,
1264 3098 1416 3154 ἅτινα
1489 3097 1783 3162 σκυλεύσας
1843 3102 1871 3155 6

1962 548 2054 595 rat
2075 541 2546 606 Bethleem,cum
2566 543 2624 597 in
2659 561 2725 598 ea
2756 546 3036 599 Dominus
3060 553 3230 601 natus
3264 549 3597 618 est,quique

1962 631 2137 684 annis
2173 632 2240 684 30
2280 631 2703 703 Hierosolymis
2761 634 3163 704 episcopatum
3219 636 3418 707 gessit,
3452 637 3602 690 nihil

1969 734 2069 772 eos
2101 718 2281 772 vetuit
2311 719 2410 788 qui
2438 721 2638 774 Natale
2697 721 3066 776 celebrarent
3097 740 3109 776 :
3150 725 3292 794 quin
3348 725 3600 779 laudans

1963 806 2158 876 potius
2191 806 2424 860 dicebat
2475 807 2758 862 celebrari
2819 811 3050 864 Domini
3090 811 3366 866 Natalitia
3391 813 3452 865 in
3484 812 3602 865 alia

1966 894 2218 950 civitate.
2253 896 2376 948 Non
2427 901 2704 966 tanquam
2739 900 3036 953 contraria
3081 901 3383 970 scripserit
3413 918 3426 968 ;
3461 916 3599 954 nam

1967 998 2099 1035 cum
2128 982 2424 1036 celebrant
2458 983 2518 1036 in
2545 985 2660 1038 alia
2691 985 2919 1039 civitate
2945 988 3044 1056 (4),
3099 989 3382 1058 temporis
3419 989 3608 1042 hallu-

1967 1069 2262 1124 cinatione
2293 1071 2616 1125 celebrant.
2652 1073 2759 1126 Sed
2793 1079 2849 1127 et
2879 1090 2911 1128 a
2941 1075 3228 1145 principio
3249 1076 3397 1131 alios
3434 1093 3609 1147 regu-

1967 1157 2054 1210 las
2085 1165 2414 1228 posuerunt
2433 1161 2684 1229 apostoli
2717 1161 2787 1215 iis
2820 1163 2918 1232 qui
2952 1163 3328 1218 crediderant
3349 1181 3418 1218 ex
3464 1181 3608 1235 gen-

1970 1245 2146 1312 tibus,
2175 1244 2457 1312 dicentes,
2491 1254 2553 1300 ut
2583 1248 2916 1303 abstine-rent
2947 1267 2980 1303 a
3010 1253 3301 1320 su/focato,
3337 1259 3385 1306 et
3430 1254 3610 1320 forni-

1970 1335 2204 1399 catione,
2239 1340 2290 1387 et
2318 1337 2584 1402 sanguine
2640 1335 2678 1388 2.
2733 1339 2896 1392 Nunc
2927 1343 3124 1393 autem
3184 1340 3356 1394 variw
3419 1339 3606 1394 eccle-

1970 1421 2220 1475 siasticas
2253 1423 2469 1492 regula:
2499 1440 2566 1477 ac
2598 1440 2876 1493 canones,
2910 1445 3040 1496 quae
3085 1434 3354 1498 spectant
3404 1428 3477 1482 ad
3509 1427 3608 1482 do-

1969 1517 2166 1582 gmata
2208 1529 2275 1566 ac
2333 1513 2663 1569 doctrinam
2722 1519 3212 1589 complectuntur.
3274 1523 3399 1574 Non
3448 1522 3607 1575 enim

1971 1599 2242 1653 eamdem
2274 1601 2610 1657 Altissimus
2643 1607 2803 1658 omni
2847 1611 3108 1677 tempore
3162 1608 3350 1676 legem
3394 1609 3611 1678 sanxit,

1971 1688 2074 1742 sed
2105 1693 2316 1758 cuique
2351 1693 2596 1760 tempori
2648 1710 2966 1764 congruam
3025 1697 3508 1751 constitutionem
3541 1714 3609 1752 ac

1970 1778 2158 1850 legem
2192 1779 2474 1834 definivit.

2044 1868 2331 1922 Caeterum
2365 1870 2519 1939 quod
2563 1878 2790 1941 spectat
2813 1873 2885 1927 ad
2921 1874 3232 1930 Salvatoris
3266 1877 3491 1945 Natale,
3549 1880 3615 1930 ut

1974 1954 2395 2010 celebrandum
2429 1959 2848 2014 constituerint
2882 1964 2950 2013 25
2997 1963 3299 2016 Decembr.
3334 1965 3393 2017 in
3454 1965 3611 2018 hunc

1974 2042 2218 2097 modum
2264 2045 2619 2100 invenimus.
2656 2049 2900 2118 Scripsit
2958 2049 3277 2120 aliquando
3336 2052 3614 2122 Cyrillus,

1974 2147 2095 2185 non
2123 2131 2223 2201 qui
2258 2133 2494 2202 scripsit
2524 2135 2845 2204 Epistolam
2870 2140 2941 2208 (ὃ)
2973 2138 3045 2191 ad
3073 2139 3615 2206 Constantium,sed

1975 2219 2074 2288 qui
2107 2225 2239 2289 post
2261 2236 2394 2273 eum
2424 2222 2702 2276 thronum
2730 2225 2857 2294 ejus
2885 2242 3191 2280 successor
3245 2229 3490 2298 accepit,
3545 2227 3618 2282 ad

1973 2307 2192 2361 Julium
2226 2309 2553 2363 Romanum
2579 2311 2942 2380 pontificem,
2967 2313 3027 2366 in
3056 2314 3180 2367 haec
3211 2315 3390 2369 verba
3414 2331 3426 2368 :
3468 2339 3486 2364 α
3507 2318 3620 2370 Ma-

1975 2411 2125 2465 gnus
2157 2400 2246 2447 est
2276 2394 2460 2460 labor,
2495 2413 2560 2450 ac
2591 2397 2898 2452 hominum
2929 2402 3192 2470 paucitas
3213 2402 3271 2456 in
3302 2403 3530 2474 magnis
3548 2419 3616 2457 ac

1977 2481 2275 2551 praeclaris
2299 2482 2792 2550 solemnitatibus,
2835 2504 2901 2540 eo
2936 2488 3090 2558 quod
3137 2489 3342 2544 eadem
3377 2491 3470 2544 die
3525 2508 3618 2545 ce-

1976 2568 2283 2622 lebrentur
2316 2587 2328 2623 :
2363 2570 2766 2643 lectionesque
2793 2591 2859 2628 ac
2913 2577 3110 2630 ofﬁcia
3133 2577 3438 2632 ambarum
3465 2579 3618 2632 cele-

1977 2656 2262 2712 britatum
2295 2659 2384 2712 vix
2417 2661 2613 2714 media
2652 2668 2816 2731 parte
2875 2663 3281 2731 absolvuntur,
3341 2665 3497 2735 quod
3524 2683 3621 2720 ne-

1980 2761 2266 2814 queamus
2287 2753 2346 2800 et
2377 2748 2576 2802 Natale
2613 2749 2842 2803 Domini
2865 2751 3188 2818 celebrare,
3224 2759 3281 2806 et
3303 2753 3618 2822 Baptisma.

1981 2833 2266 2888 Nimirum
2285 2835 2411 2888 ﬁeri
2441 2853 2559 2890 non
2591 2843 2783 2907 potest
2803 2839 3088 2893 uteadem
3120 2839 3213 2894 die
3238 2858 3618 2896 occurramus

1981 2921 2054 2976 ad
2085 2923 2281 2978 locum
2310 2924 2717 2995 baptismatis;
2760 2943 2896 2981 nam
2932 2929 3232 2984 Bethleem
3267 2929 3452 2984 tribus
3485 2930 3618 2984 mil-

1981 3011 2226 3068 liaribus
2259 3015 2438 3069 distat
2466 3015 2570 3069 abs
2599 3017 2922 3070 Jerusalem
2955 3017 3029 3072 ad
3076 3024 3377 3073 austrum:
3410 3019 3618 3074 Jorda-

1982 3101 2075 3155 nis
2105 3118 2238 3156 vero
2298 3103 2476 3158 distat
2524 3104 2865 3173 quindecim
2923 3106 2996 3160 ad
3055 3107 3361 3162 orientem.
3413 3108 3622 3162 Jubeat

231 3160 658 3267 ΚαῖῐσάρἸίτος,
716 3193 985 3266 ἀπήγαγεν
1047 3190 1152 3243 ἀπὸ
1207 3187 1573 3261 Ἰερουσαλὴμ
1628 3187 1867 3250 εἷςῬὼ-

2051 3207 2119 3262 go
2145 3193 2264 3246 Tua
2295 3160 2586 3247 Sanctitas
2616 3195 2879 3264 perquiri
2914 3195 3133 3265 scripta
3161 3197 3363 3250 omnia
3389 3196 3620 3251 Judaeo-

234 3298 362 3355 μην·
389 3279 527 3342 ’ίσως
567 3281 745 3354 εὖροις
807 3274 1040 3354 βεϐαίως
1093 3279 1191 3344 τήν
1250 3277 1459 3352 ἡμέραν
1519 3283 1617 3346 τῆς
1675 3279 1869 3354 γεννή-

231 3390 366 3432 σεως
394 3372 491 3424 τοῦ
514 3369 751 3442 Χριστοῦ
781 3367 870 3422 καὶ
902 3370 1035 3422 Θεοῦ
1065 3367 1245 3438 ἡμῶν,
1272 3389 1300 3416 ››

306 3547 445 3604 Τότε
466 3543 706 3607 Ἰούλιος
732 3545 760 3600 ὁ
789 3544 1012 3616 Ῥώμης
1035 3539 1314 3614 ἐπιμελῶς
1373 3539 1550 3610 ἐζήτει
1597 3541 1720 3615 περὶ
1775 3549 1875 3613 τῆς

244 3635 514 3704 αῗτήσεως
553 3633 777 3704 ταύτης
829 3632 920 3686 καὶ
982 3631 1303 3706 συναγαγὼν
1363 3628 1531 3684 πάντα
1579 3631 1647 3685 τὰ
1700 3633 1878 3707 γράμ-

244 3745 388 3800 ματα
417 3728 526 3780 τῶν
557 3720 834 3778 Ἰουδαίων
865 3721 930 3774 τὰ
959 3716 1472 3792 αἰχμαλωτισθέντα
1528 3720 1614 3774 καὶ
1648 3720 1884 3794 ἀχθέντα

240 3815 316 3878 εἰς
345 3815 588 3888 Ῥώμην,
613 3813 733 3886 εὗρε
755 3809 1090 3886 σύγγραμμά
1137 3829 1188 3863 τι
1248 3808 1560 3878 Ἰῳσήππου
1615 3813 1714 3864 τοῦ
1743 3812 1883 3886 Χρο-

305 3915 326 3949 ²
355 3917 484 3970 Act.
509 3929 602 3981 xv,
632 3915 720 3966 29.

1979 3296 2134 3346 rum,
2168 3296 2297 3350 qua:
2342 3281 2504 3335 Titus
2553 3283 2746 3336 Caesar
2799 3282 2904 3337 abs
2951 3284 3275 3339 Jerusalem
3325 3285 3619 3354 praadatus

1984 3367 2227 3420 Romam
2253 3365 2496 3420 abduxit
2527 3383 2540 3420 :
2575 3367 2724 3422 forte
2750 3369 3049 3424 inveneris
3080 3377 3299 3426 certam
3333 3370 3491 3426 diem
3510 3372 3622 3425 Na-

1986 3453 2226 3508 tivitatis
2257 3455 2472 3509 Christi
2502 3472 2569 3510 ac
2598 3457 2703 3511 Dei
2726 3459 2933 3512 nostri.
2970 3482 2997 3508 ››

2058 3545 2311 3614 Accepta
2338 3544 2526 3598 Julius
2557 3545 2826 3616 epistola,
2861 3547 3066 3602 sedulo
3096 3564 3164 3603 ea
3197 3548 3268 3602 de
3317 3565 3378 3602 re
3410 3547 3628 3618 quassi-

1988 3631 2487 3703 vit.Congregans
2518 3633 2719 3703 itaque
2771 3635 3107 3690 Judaaorum
3166 3636 3385 3706 scripta
3426 3635 3628 3689 omnia

1993 3721 2318 3791 spoliorum
2353 3721 2480 3775 loco
2504 3721 2719 3790 ablata,
2760 3740 2826 3778 ac
2880 3726 3126 3778 Romam
3180 3723 3374 3791 ducta,
3408 3724 3630 3778 invenit

1993 3810 2229 3880 Josephi
2261 3809 2692 3882 chronographi
2725 3812 3075 3884 scripturam
3099 3813 3416 3883 quamdam
3455 3810 3525 3866 ab
3558 3829 3626 3867 eo

1613 3981 1847 4034 VARIzE
1882 3979 2284 4034 LECTIONES.

301 4075 379 4147 (b)
412 4074 632 4129 Littera
661 4069 887 4126 vitiosa.
931 4068 1003 4140 (ο)
1036 4064 1109 4121 ἵσ.
1164 4064 1233 4119 τὰ
1261 4061 1384 4138 περὶ
1419 4059 1582 4139 δογμ.
1611 4067 1692 4136 (d)
1724 4062 1870 4120 λείπ.
1913 4066 2044 4139 οὐχ.

1841 4183 2063 4238 ΝΟΤίΕ.

299 4289 374 4360 (4)
407 4290 543 4343 Nam
582 4300 704 4340 cum
757 4282 1148 4360 celebranthin
1201 4277 1624 4360 aliancivitate.
1686 4278 1884 4331 Jacobi

233 4347 547 4422 sententia,
583 4362 873 4438 quantum
899 4370 968 4438 ea
996 4352 1202 4406 vitioso
1242 4347 1886 4438 codice'a‘ssequo‘rbea

235 4440 343 4496 est,
377 4437 442 4483 ut
462 4419 1022 4500 et'Hierosolvmitm
1067 4419 1745 4500 _congrue.cel_ebrarent
1773 4422 1884 4474 Na-

234 4490 350 4556 tale
387 4499 754 4554 lJominicum
778 4500 808 4549 6
825 4490 943 4550 'Jan
955 4494 1128 4572 uarii,
1158 4490 1402 4572 quando
1423 4490 1761 4572 etiamtunc
1782 4509 1882 4572 ur-

233 4574 335 4628 bes
357 4565 1169 4644 alizecelebrarent:_tametsi
1205 4563 1440 4644 Christo
1468 4569 1605 4644 nato
1637 4562 1750 4616 alio
1765 4562 1880 4644 die.

235 4645 305 4699 Ut
336 4641 536 4714 Natale
559 4637 947 4714 Christi,__alii
989 4641 1226 4714 partem
1279 4633 1416 4714 testi
1481 4633 1642 4714 illius
1675 4634 1879 4714 pnrgeciT

274 4730 410 4769 uam
439 4713 742 4780 ducerent,
776 4708 877 4780 alii
912 4704 1217 4780 haberent,
1277 4705 1337 4757 in
1370 4704 1669 4780 secundis.
1703 4705 1885 4780 Sic_et

274 4734 410 4769 uam
439 4734 742 4780 uucercut,
776 4734 877 4763 diu
912 4734 1217 4764 ιιαυυιιτιιι..
1277 4734 1337 4757 ιιι
1370 4734 1669 4782 acquuum.
1703 4734 1794 4758 om
1828 4734 1882 4758 ει

234 4734 520 4840 llactenus
570 4782 627 4835 in
661 4797 730 4834 eo
795 4778 988 4832 videas
1056 4776 1256 4829 minus
1337 4773 1509 4826 nobis
1559 4775 1882 4830 concordes

235 4859 485 4914 Graacos.
520 4868 652 4906 cum
687 4867 762 4904 ne
789 4849 1061 4903 recolunt
1092 4845 1332 4916 quidem
1366 4861 1432 4897 eo
1467 4844 1560 4898 die
1588 4845 1886 4916 adoratio-

234 4943 372 4982 nem
406 4939 712 4994 magorum
743 4915 1127 4994 stella_d_uce,
1148 4915 1622 4994 u_ti_depr_ehe_ndi
1656 4933 1724 4970 ex
1777 4934 1884 4971 an-

235 5000 400 5069 tiquo
431 4987 635 5069 rituali
670 4991 873 5069 codice
900 4987 1421 5069 Tilianaggiblﬂioth
1466 4987 1788 5069 Videasque
1814 5005 1884 5069 ex

236 5058 534 5141 Gregorio,
569 5071 714 5118 orat.
875 5078 942 5117 ac
969 5061 1103 5141 aliis
1132 5061 1240 5113 PP.
1276 5060 1609 5141 Graecorum
1643 5058 1701 5111 in
1734 5058 1884 5141 festa

236 5128 871 5208 Natalitia’encomiist
907 5149 1040 5187 cum
1092 5137 1287 5208 tamen
1342 5128 1465 5208 illa,
1501 5129 1662 5208 eius
1711 5130 1882 5208 nobis

232 5212 366 5266 festi
397 5209 716 5281 praacipua.
750 5223 816 5281 ac
849 5203 969 5281 fere
1000 5200 1457 5281 una_ra_tiomsit._
1500 5198 1590 5252 llli
1651 5204 1882 5281 tantum

235 5271 507 5338 recolunt
559 5271 716 5333 inter
747 5280 875 5346 ipsa
905 5276 1055 5329 festa
1115 5271 1407 5346 Natalitia,
1443 5271 1720 5346 tropariis
1782 5273 1885 5326 ali-

234 5360 376 5425 quot
405 5353 466 5406 iu
501 5367 639 5425 eum
675 5341 861 5425 finem
894 5344 1262 5425 compositis.
1284 5341 1743 5425 quandoneque
1774 5359 1884 5424 nos

232 5415 472 5480 amnino
500 5422 817 5494 fugit._ejus
832 5417 1162 5494 relegentes
1183 5415 1505 5494 historiam.
1521 5415 1678 5465 inter
1695 5415 1885 5494 mam-

234 5497 314 5551 ris
355 5495 544 5549 Missa;
566 5481 683 5547 diei
717 5481 1279 5565 Na_ta_lis§olemnia.
1314 5481 1424 5537 Sed
1456 5488 1515 5565 et
1554 5481 1886 5565 spectantia

232 5567 303 5622 ad
326 5565 484 5620 diem
525 5568 592 5618 40
623 5579 657 5618 a
688 5561 1000 5616 Nativitate
1031 5570 1433 5638 memoramus
1467 5554 1884 5638 Dominiegin:

227 5649 318 5706 fra
340 5638 471 5710 ejus
499 5643 754 5702 octavas,
779 5647 889 5686 ceu
917 5628 1174 5700 quodam
1201 5628 1440 5696 vestigio
1454 5628 1604 5679 ritus
1627 5628 1884 5696 antiqui,

1996 4280 2231 4350 quando
2258 4297 2368 4335 nec
2392 4281 2606 4334 festum
2641 4282 2929 4335 Occursus
2960 4282 3243 4350 agebatur
3271 4298 3376 4335 suo
3437 4281 3538 4336 illo
3569 4299 3634 4336 ac

1993 4351 2277 4421 peculiari
2301 4352 2416 4418 die,
2453 4368 2568 4421 quo
2603 4368 2760 4406 nunc
2783 4353 3030 4423 agimus.

2063 4425 2138 4491 (ὅ)
2170 4424 2285 4476 Non
2317 4424 2414 4490 qui
2443 4424 2661 4490 scripsit
2697 4424 3019 4491 Epistolam.
3059 4425 3128 4478 Ut
3157 4429 3389 4478 constet
3415 4423 3632 4477 adver-

2000 4493 2203 4564 sativa,
2236 4493 2478 4564 planum
2511 4498 2600 4546 est
2630 4494 2711 4548 ita
2743 4493 3055 4564 legendum
3086 4500 3151 4549 ut
3182 4494 3411 4550 ascribo
3447 4509 3630 4562 marg.

1924 4548 1966 4611 Π
1998 4580 2064 4618 ac
2093 4548 2261 4634 lego‘:
2297 4564 2451 4618 haud
2483 4569 2681 4618 tamen
2727 4548 2947 4635 patitur
2993 4548 3326 4635 temporum
3382 4565 3529 4620 ratio
3569 4548 3636 4618 ίίι

1991 4631 2191 4705 Cyrilli
2222 4635 2383 4689 illius
2414 4631 2746 4707 successor,
2790 4637 2890 4706 qui
2941 4631 3175 4707 scripsit
3241 4637 3314 4692 ad
3345 4638 3633 4690 Constan-

1991 4706 2155 4762 tium.
2189 4707 2474 4760 nimirum
2506 4706 2801 4760 celebrem
2825 4707 2988 4762 illam
3023 4706 3332 4777 epistolam
3369 4707 3440 4760 de
3463 4721 3632 4760 cruce

1990 4778 2112 4831 visa
2144 4778 2567 4847 Hierosolymis
2591 4778 2649 4830 in
2674 4781 3042 4844 Pentecoste,
3077 4780 3148 4832 ad
3183 4779 3400 4832 Julium
3422 4792 3634 4846 papam

1993 4849 2499 4917 scripserit,quem
2532 4851 2940 4919 constetprius
2960 4850 3100 4902 vivis
3120 4855 3456 4917 exemptum
3483 4864 3633 4919 esse,

1991 4935 2170 4988 quam
2205 4919 2494 4989 apparitio
2527 4917 2942 4974 illatieret.Vel
2959 4935 3092 4989 ergo
3109 4925 3315 4972 auctor
3340 4917 3634 4989 proJulio,

1993 4987 2613 5061 Liberium’voluityel
2635 4991 2694 5045 in
2718 4991 2936 5061 Cyrillo
2955 4987 3186 5061 erravit.
3222 4989 3432 5061 Multos
3454 4987 3636 5061 Cyril:

1992 5061 2079 5114 los
2106 5077 2140 5140 ει
2173 5059 2619 5140 ΜΨίωοροιιίῑ
2651 5058 3041 5140 Hieronymus
3073 5059 3131 5139 in
3159 5058 3635 5140 Citii-on_i.co,quod

1994 5131 2204 5185 merito
2228 5131 2516 5186 Baronius
2538 5132 2608 5186 de
2624 5138 2917 5202 pravatum
2952 5131 3302 5200 suspicatur.
3322 5131 3632 5202 Nicephori

1992 5202 2326 5257 Chronicon
2363 5208 2480 5256 tres
2513 5202 2878 5273 intez-seritia
2926 5202 3115 5272 primo
3170 5202 3374 5273 Cyr-illi
3409 5203 3634 5273 episco-

1993 5280 2152 5344 patu,
2191 5273 2293 5327 sed
2326 5289 2445 5326 non
2469 5280 2633 5327 vocat
2661 5272 2927 5344 Cyrillos.
2960 5272 3324 5344 Epiphanius
3373 5272 3639 5343 agnoscit

1994 5343 2202 5399 saltem
2229 5344 2476 5416 duoseo
2523 5344 2785 5397 nomine.
2820 5343 3010 5416 Iidem
3056 5343 3197 5398 Sunt
3253 5362 3404 5416 quos
3435 5345 3640 5398 Hiero-

1994 5432 2210 5488 nymus
2234 5415 2526 5488 nominat,
2561 5421 2784 5488 etquos
2817 5414 3181 5488 Nicephorus
3217 5414 3516 5488 :rcumque
3547 5431 3641 5488 eo-

1994 5485 2125 5542 rum
2161 5485 2336 5564 sedes
2368 5485 2724 5564 inc-erta_sit,
2757 5485 2912 5539 haud
2937 5487 3180 5564 omnino
3213 5487 3420 5557 liquet,
3481 5485 3636 5564 quis,

1993 5575 2060 5630 ac
2088 5556 2348 5630 quando,
2383 5556 2546 5630 cuive
2580 5558 2840 5612 Romano
2871 5557 3161 5627 pontiﬁci,
3195 5556 3372 5630 super
3402 5556 3636 5628 negotio

1993 5629 2105 5683 isto
2139 5627 2459 5697 scripserit-
