3888 6136
177 253 320 310 1445

1301 255 1397 308 DE
1434 253 1663 309 FEBTO
1698 258 1820 310 DIE
1855 259 2122 314 NATALI
2159 259 2442 314 DOMINI.

3425 254 3562 310 1446

177 376 316 443 σιλὶ,
347 377 541 432 Ταπέτ.
575 373 769 431 Τοίνυν
811 377 845 443 ἡ
895 374 1217 449 ἆρχομηνία
1244 381 1341 429 τοῦ
1370 375 1592 448 Τησιρὶν
1627 377 1819 449 μηνὸς,
1850 388 1899 453 Α

2067 381 2178 448 rin,
2211 383 2449 449 Chasili,
2479 384 2675 453 Tapet.
2732 382 2929 436 Prima
2970 381 3147 453 igitur
3176 381 3319 435 luna
3347 378 3569 434 mensis

175 468 412 534 καταντᾷ
469 464 547 526 εἷς
600 463 692 518 τὸν
753 459 1122 538 Σεπτέμϐριον
1199 471 1363 536 μῆνα·
1423 464 1516 517 καὶ
1571 463 1676 518 ἀπὸ
1732 471 1830 533 τῆς

179 551 509 626 συλλήψεως
542 553 797 606 Ἰωάννου
843 549 949 612 ἕως
982 556 1077 605 τοῦ
1129 551 1534 626 εὐαγγελισμοῦ
1570 555 1667 621 τῆς
1697 559 1826 607 Θεο-

178 643 344 695 τόκου
403 641 713 714 ἀριθμεῖται
781 638 975 700 οὕτως’
1053 635 1412 715 Ὀκτώϐριος,
1492 636 1827 716 Νοέμϐριος,

185 724 547 804 Δεκέμϐριος,
625 726 974 802 Ἰανουάριος,
1063 723 1456 802 Φεϐρουάριος,
1562 729 1829 804 Μάρτιος,

181 815 359 889 Ὁμοῦ
385 817 622 892 γίνονται
652 813 706 885 ’ἐξ
742 821 929 887 μῆνες.
964 816 1100 870 Ἀπὸ
1159 813 1215 870 δὲ
1264 821 1360 871 τοῦ
1411 816 1829 892 Εὐαγγελισμοῦ

181 902 286 967 ἕως
316 910 415 972 τῆς
467 905 793 974 Γεννήσεως,
841 904 1198 978 ἀριθμοῦνται
1241 903 1437 974 οὕτως,
1487 903 1828 979 Ἀπρίλλιος,

185 993 389 1063 Μάϊος,
441 991 687 1062 Ἰούνιος,
737 991 994 1062 Ἰούλιος,
1046 988 1382 1066 Αὔγουστος,
1434 989 1830 1066 Σεπτεμϐριος,

189 1076 546 1155 Ὀκτώϐριος,
599 1075 930 1154 Νοέμϐριος,
983 1075 1332 1154 Δεκέμϐριος.
1389 1081 1477 1137 Ἐν
1512 1078 1567 1135 δὶ
1587 1085 1666 1152 τῷ
1699 1081 1832 1152 μηνὶ

184 1174 263 1242 τῷ
295 1171 334 1238 ζ’
361 1173 430 1243 τῇ
457 1170 486 1223 ι’
513 1189 608 1223 του
640 1169 830 1242 μηνὸς,
879 1170 945 1237 ἦν
1004 1172 1038 1238 ἡ
1096 1169 1277 1244 ἡμέρα
1305 1173 1401 1222 τοῦ
1432 1169 1711 1241 Ἰλασμοῦ,
1743 1168 1831 1222 καὶ

185 1261 255 1331 τῇ
292 1259 349 1312 ιε’
377 1261 412 1326 ἡ
446 1255 615 1332 ἄορτή
667 1264 769 1325 τῆς
825 1257 1233 1331 Σκηνοπηγίας.
1287 1259 1373 1313 Ἐν
1417 1257 1563 1329 αὐτῷ
1590 1263 1668 1329 τῷ
1702 1256 1832 1329 μηνὶ

190 1341 478 1400 συνέλαϐεν
537 1347 573 1413 ἡ
641 1340 946 1412 Ἐλισάϐετ,
1006 1349 1072 1417 τῇ
1133 1342 1328 1419 δεκάτῃ
1357 1349 1453 1399 τοῦ
1498 1346 1747 1420 Τησιρὶν,
1781 1344 1831 1398 ἐν

190 1432 373 1508 ἡμέρᾳ
425 1437 522 1487 τοῦ
577 1432 858 1504 Ἱλασμοῦ,
920 1433 1006 1485 καὶ
1061 1435 1130 1505 τῇ
1187 1434 1266 1508 κγ’
1317 1438 1414 1488 τοῦ
1458 1429 1834 1508 Σεπτεμϐρίου

196 1521 390 1595 μηνὸς,
439 1524 474 1590 ἡ
524 1518 802 1592 σύλληψις
857 1519 1124 1575 Ἰωάννου·
1186 1519 1276 1574 καὶ
1335 1526 1402 1594 τῇ
1439 1519 1479 1574 δ’
1510 1525 1605 1575 τοῦ
1638 1523 1834 1589 Νεσάν,

195 1609 439 1685 Μαρτίου
471 1610 567 1678 κε’,
599 1609 627 1662 ὁ
662 1607 1060 1683 εὐαγγελισμὸς
1105 1615 1205 1677 τῆς
1257 1611 1520 1664 Θεοτόκου
1549 1618 1648 1679 τῆς
1681 1611 1835 1684 ἁγίας

194 1699 426 1771 Μαρίας·
458 1699 546 1751 καὶ
578 1701 647 1770 τῇ
698 1698 735 1751 ε’
783 1700 877 1750 τοῦ
920 1696 1124 1768 Ταμνὶ,
1172 1698 1404 1752 Ἰουνίου
1442 1696 1542 1768 κδ’,
1576 1702 1609 1768 ἡ
1640 1700 1838 1774 γέννη-

196 1809 276 1849 σις
308 1792 404 1842 τοῦ
439 1784 783 1862 Ηροδρόμου’
815 1785 904 1840 καὶ
934 1790 1002 1858 τῇ
1051 1793 1092 1850 θ’
1137 1791 1235 1841 τοῦ
1269 1789 1469 1857 Σαπῖετ,
1510 1784 1842 1864 Δεκεμϐρίου

195 1877 292 1944 κε’,
326 1877 360 1944 ἡ
391 1875 639 1950 γέννησις
671 1879 768 1930 τοῦ
796 1877 1050 1949 Χριστοῦ,
1082 1880 1178 1930 τοῦ
1223 1876 1463 1952 μεγάλου
1496 1881 1629 1932 Θεοῦ
1659 1880 1844 1949 ἡμῶν,

197 1968 295 2019 τοῦ
327 1964 700 2039 σαρκωθέντος
741 1962 938 2038 Λόγου.
995 1961 1099 2020 Καὶ
1148 1962 1319 2019 οὕτως
1367 1966 1616 2020 κατέθετο
1644 1966 1671 2019 6
1701 1965 1844 2022 Ἰού-

201 2053 323 2116 λιος
351 2053 379 2107 ὁ
407 2053 632 2124 Ῥώμης
661 2050 1034 2125 πατριάρχης,
1059 2051 1186 2112 τοὺς
1237 2060 1411 2125 μῆνας
1438 2057 1544 2108 τῶν
1576 2049 1844 2128 Ἑϐραίων

204 2142 294 2196 καὶ
325 2145 432 2195 τῶν
464 2139 777 2212 Ῥωμαίωνο
827 2138 878 2209 ἐξ
930 2138 1136 2194 ἐκείνου
1187 2138 1244 2194 δὲ
1293 2136 1482 2196 ἔλαϐεν
1515 2143 1691 2216 ἀρχὴν
1725 2141 1850 2216 έορ..

205 2231 382 2298 τάζειν
413 2228 463 2283 ἐν
514 2227 842 2302 ἀγαλλιάσει
895 2232 1002 2282 τῶν
1061 2228 1346 2301 Ῥωμαίων
1398 2230 1716 2299 Ἐκκλησία,
1746 2231 1847 2298 τήν

207 2320 416 2393 ἡμέραν
448 2320 545 2372 τοῦ
577 2314 862 2380 Γενεθλίου
906 2319 1002 2370 τοῦ
1062 2322 1340 2392 Σωτῆρος,
1394 2313 1726 2390 Δεκεμϐρίου
1756 2324 1848 2386 κε’,

207 2406 296 2460 καὶ
329 2402 609 2478 παρέδωκε
665 2404 861 2466 πάσαις
917 2408 1036 2466 ταῖς
1099 2405 1460 2470 Ἐκκλησίαις.
1513 2407 1574 2462 Ὀ
1606 2403 1664 2460 δὶ
1695 2406 1851 2480 ἅγιος

207 2493 494 2555 Βασίλειος
547 2488 777 2568 ἔγραψεν
837 2492 888 2546 ἐν
945 2497 1024 2562 τῷ
1083 2487 1286 2566 βιϐλίῳ
1323 2498 1431 2547 τῶν
1462 2495 1717 2563 Ἠθικῶν,
1752 2495 1851 2560 τὴν

209 2585 420 2658 ἡμέραν
475 2585 577 2650 τῆς
635 2582 945 2650 Γεννήσεως
1009 2585 1110 2634 τοῦ
1180 2587 1463 2652 Σωτῆρος,
1524 2576 1855 2655 Δεκεμϐρίου

209 2674 302 2728 κε’·
339 2671 586 2740 συνέταξε
618 2666 676 2723 δὲ
705 2667 995 2744 Γρηγορίῳ
1042 2673 1122 2740 τῷ
1179 2667 1436 2744 Θεολόγῳ
1467 2669 1519 2723 ἐν
1546 2674 1615 2743 τῇ
1649 2667 1858 2740 συνόδῳ

212 2765 282 2835 τῇ
338 2759 389 2814 ἐν
449 2756 1046 2825 Κωνσταντινουπόλει,
1114 2755 1352 2810 ἐκθέσθαι
1427 2758 1514 2811 καὶ
1588 2757 1858 2820 τελεῖσθαι

213 2850 313 2916 τήν
343 2848 596 2916 Γέννησιν
631 2840 860 2916 Δεκεμϐ.
893 2845 987 2912 κε“,
1017 2845 1108 2897 καὶ
1160 2865 1301 2905 τινες
1353 2844 1412 2898 οὐ
1455 2846 1854 2918 συγ-κατέθεντο.

219 2937 372 3010 Λέγει
405 2932 500 2988 οῦν
535 2931 833 3008 Γρηγόριος
885 2931 1020 3005 πρὸς
1073 2930 1203 2990 τοὺς
1242 2930 1590 2993 ἀντιπάλους⁹
1626 2958 1651 2983 ‹‹
1688 2934 1858 2988 Πάλιν

221 3026 432 3094 Ἰησοῦς
461 3024 488 3077 ὁ
521 3022 673 3094 ἐμὸς,
717 3019 806 3074 καὶ
853 3021 1018 3074 πάλιν
1080 3022 1398 3094 μυστήριονσ
1435 3021 1730 3094 μυστήριον
1764 3021 1862 3076 οὐκ

1934 469 2180 537 Tesirin,
2214 470 2470 524 occurrit
2490 470 2552 523 in
2575 485 2841 524 mensem
2873 467 3276 539 Septembrem
3303 484 3314 519 :
3340 471 3514 535 atque
3538 481 3567 519 a

1931 557 2173 611 Joannis
2205 559 2590 628 conceptione
2625 574 2807 627 usque
2841 556 2913 610 ad
2945 556 3205 626 Deiparae
3237 554 3564 608 Annuntia-

1935 645 2158 698 tionem
2207 646 2291 700 sic
2340 662 2721 700 numeramus
2749 662 2762 698 :
2795 644 3058 708 October,
3090 642 3432 709 November,
3463 643 3569 695 De-

1936 733 2192 798 cember,
2223 735 2559 802 Ianuarius,
2592 733 2964 800 Februarius,
3001 732 3258 786 Martius.
3293 732 3468 784 Fiunt
3497 729 3576 784 si-

1936 821 2061 875 mul
2091 839 2191 876 sex
2221 839 2476 877 menses.
2524 823 2610 876 Ab
2662 821 3126 876 Annuntiatione
3158 826 3356 874 autem
3387 833 3575 888 usque

1937 909 2010 963 ad
2049 912 2419 965 Nativitatem
2469 911 2553 964 sic
2602 916 3029 964 numerantur:
3082 907 3322 978 Aprilis,
3372 906 3575 970 Maius,

1936 998 2168 1061 Junius,
2239 1000 2448 1067 Julius,
2509 1002 2824 1069 Augustus,
2885 997 3247 1067 September,
3306 995 3575 1058 October,

1939 1085 2279 1154 November,
2330 1086 2670 1141 December.
2717 1088 2916 1154 Porro,
2953 1101 3157 1139 mense
3189 1088 3242 1150 7,
3275 1083 3369 1137 die
3413 1097 3580 1136 men-

1941 1172 2021 1226 sis
2049 1176 2134 1239 10,
2160 1179 2284 1228 erat
2323 1174 2683 1244 Expiationis
2707 1173 2831 1227 dies
2858 1190 2871 1238 ;
2907 1177 2970 1225 15
3003 1177 3200 1227 autem
3223 1176 3346 1225 erat
3372 1171 3584 1224 solem-

1939 1261 2094 1314 nitas
2126 1261 2518 1333 Scenopegim.
2555 1263 2685 1331 Ipso
2719 1277 2919 1314 mense
2961 1260 3232 1330 concepit
3259 1256 3580 1324 Elisabeth,

1943 1353 2006 1402 10
2038 1349 2131 1403 die
2163 1350 2386 1404 mensis
2419 1350 2686 1414 Tesirim,
2721 1349 2779 1402 in
2811 1349 2904 1404 die
2939 1348 3321 1418 Expiationis,
3355 1347 3581 1415 fuitque

1940 1439 2006 1490 23
2057 1438 2416 1509 Septembris
2465 1440 2772 1509 conceptio
2822 1437 3088 1504 Joannis,
3139 1443 3347 1506 quarta
3385 1439 3582 1489 autem

1943 1527 2166 1580 mensis
2199 1529 2412 1588 Nesan,
2447 1527 2634 1581 Martii
2668 1529 2735 1579 25
2765 1526 2876 1579 fuit
2925 1526 3314 1580 Annuntiatio
3347 1525 3444 1578 Dei
3478 1524 3582 1576 Ge-

1944 1614 2171 1667 nitrieis
2202 1621 2420 1669 sanctae
2466 1616 2694 1679 Mariae;
2729 1615 2935 1685 quinta
2985 1631 3120 1668 vero
3151 1613 3374 1667 mensis
3405 1613 3582 1665 Tam-

1947 1703 2061 1767 nis,
2095 1705 2160 1755 25
2187 1703 2364 1766 Junii,
2416 1703 2528 1756 fuit
2571 1703 2977 1768 Praecursoris,
3024 1702 3330 1767 nativitas;
3362 1717 3428 1754 ac
3458 1704 3585 1752 tan-

1873 1749 1918 1811 B
1954 1749 2085 1843 dem
2119 1794 2150 1844 9
2182 1749 2402 1844 mensis
2425 1790 2616 1861 Sapet,
2644 1749 2982 1844 Decembris
3013 1793 3100 1855 25,
3130 1749 3407 1843 Nativitas
3433 1786 3591 1840 Chri-

1955 1878 2028 1932 sti
2076 1879 2274 1949 magni
2324 1878 2423 1932 Dei
2456 1879 2666 1944 nostri,
2718 1895 2784 1932 ac
2819 1878 2989 1932 Verbi
3040 1877 3354 1932 inearnati.
3407 1879 3590 1945 lnque

1955 1967 2112 2020 hunc
2154 1966 2394 2020 modum
2425 1967 2611 2021 Julius
2665 1969 2962 2020 Romanus
2992 1966 3327 2036 patriarcha
3355 1980 3591 2019 menses

1956 2053 2337 2108 Hebrreorum
2367 2060 2542 2124 atque
2589 2057 2988 2109 Romanorum
3019 2055 3384 2125 composuit:
3417 2069 3450 2106 a
3476 2068 3590 2122 quo

1959 2147 2241 2212 tempore,
2276 2143 2451 2212 erepit
2481 2145 2745 2197 Romana
2771 2143 3200 2197 Ecclesialzetis
3221 2141 3418 2213 gaudii
3449 2139 3597 2195 cele-

1959 2230 2128 2284 brare
2158 2231 2422 2284 Natalem
2450 2231 2761 2285 Salvatoris
2794 2231 2951 2285 diem
2990 2235 3056 2284 25
3087 2230 3445 2293 Decembris,
3478 2232 3599 2282 tra-

1962 2318 2226 2388 diditque
2257 2319 2680 2374 celebrandum
2694 2320 2982 2374 universis
3024 2319 3321 2373 Ecclesiis.
3350 2319 3597 2372 Sanctus

1961 2412 2155 2462 autem
2174 2408 2420 2461 Basilius
2434 2409 2758 2479 scripsitﬁ)
2775 2408 2834 2462 in
2849 2408 2999 2461 libro
3011 2405 3597 2472 Moralium,Natalem

1963 2495 2275 2550 Salvatoris
2305 2495 2462 2549 diem
2491 2495 2561 2551 25
2611 2496 2971 2562 Decembris,
3013 2495 3427 2564 mandavitque
3459 2495 3599 2547 Gre-

1962 2583 2123 2653 gorio
2145 2582 2436 2655 Theologo
2461 2583 2521 2636 in
2548 2583 2770 2653 synodo
2793 2583 3444 2653 Constantinopolitana
3464 2597 3601 2650 pro-

1966 2670 2235 2741 mulgari,
2269 2688 2335 2725 ac
2381 2670 2665 2724 celebrari
2715 2674 2780 2723 25
2815 2669 3190 2737 Decembris;
3243 2669 3483 2740 quidam
3515 2673 3601 2722 ta-

1967 2775 2104 2813 men
2135 2776 2254 2812 non
2304 2776 2634 2814 assensere.
2686 2759 3077 2824 Quamobrem
3109 2759 3192 2813 ait
3241 2758 3552 2830 Gregorius
3581 2757 3602 2790 ὀ

1969 2847 2041 2901 ad
2071 2847 2438 2902 adversarios
2466 2865 2477 2900 :
2512 2870 2537 2895 «
2574 2850 2826 2902 Rursum
2855 2848 3021 2902 Jesus
3054 2863 3219 2901 meus
3252 2848 3345 2916 (8),
3382 2852 3439 2900 et
3469 2862 3602 2900 rur-

1969 2953 2099 2990 sum
2132 2937 2498 3007 mysterium.
2536 2936 2872 3006 Mysterium
2905 2952 3022 2989 non
3053 2935 3250 3004 fallax,
3292 2951 3403 2988 nec
3434 2934 3605 2987 inde-

1970 3041 2193 3089 corum,
2246 3041 2439 3094 neque
2497 3025 2768 3095 gentilitii
2824 3024 3040 3078 erroris
3097 3041 3165 3078 ac
3219 3023 3602 3091 temulentiar,

222 3111 528 3181 ἀπατηλὸν,
559 3107 684 3164 οὐδὲ
714 3106 978 3182 ἄκοσμον,
1003 3107 1134 3163 οὐδὲ
1161 3115 1262 3178 τῆς
1294 3106 1626 3178 Ἑλληνικῆς
1659 3109 1866 3180 πλάνης

2067 3113 2271 3166 ristum
2304 3113 2693 3180 celebramus,
2719 3112 3011 3166 Christum
3045 3112 3464 3183 glorificamus,
3487 3112 3604 3165 sive

228 3204 380 3273 [Leg.
413 3201 502 3253 καὶ
537 3196 728 3271 μέθης,
785 3207 852 3255 ut
907 3206 997 3255 est
1052 3199 1270 3270 editis].
1316 3199 1506 3270 Ἡμεῖς
1551 3195 1608 3252 δὲ
1638 3199 1865 3271 Χριστὸν

229 3287 573 3362 ἑορτάζομεν,
610 3287 837 3360 Χριστὸν
883 3284 1309 3360 δοξολογοῦμεν,
1355 3286 1458 3341 εἴτε
1486 3290 1731 3363 γεννήσει
1767 3287 1872 3343 εἷ’τε

233 3375 584 3451 βαπτίσματι.
609 3373 756 3448 Οὐχὶ
785 3371 840 3427 δὲ
861 3378 958 3427 τοῦ
988 3371 1320 3435 Ποσειδῶνος
1340 3372 1375 3444 ἤ
1398 3379 1497 3429 τοῦ
1522 3375 1874 3438 Ἀπόλλωνος

223 3466 323 3534 τήν
357 3463 607 3539 γέννησιν
667 3461 1015 3537 ἑορτάζομεν,
1074 3459 1219 3516 ἀλλὰ
1269 3466 1366 3516 τοῦ
1423 3463 1550 3516 Υἱοῦ
1589 3469 1686 3518 τοῦ
1716 3469 1871 3532 Θεοῦ,

225 3555 324 3611 ’Όν
403 3550 565 3622 ἔθηκε
637 3547 991 3624 κληρονόμον
1045 3550 1284 3619 πάντων,
1345 3548 1415 3604 δι’
1475 3551 1537 3606 οὗ
1590 3552 1679 3606 καὶ
1746 3551 1874 3614 τοὺς

229 3643 428 3702 αἰῶνας
454 3639 727 3709 ἐποίησεν.
765 3661 792 3685 ιι
821 3643 938 3692 Ὀτι
999 3635 1057 3692 δὲ
1113 3636 1167 3692 ἐν
1220 3642 1300 3710 τῷ
1347 3641 1618 3713 Βυζαντίῳ
1649 3641 1675 3694 ὁ
1708 3642 1876 3716 μέγας

231 3730 518 3791 Θεοδόσιος
578 3724 890 3783 ἐϐασίλευσε
945 3727 1034 3780 τὸν
1088 3724 1399 3799 Ἀρκάδιον,
1455 3730 1546 3784 καὶ
1596 3731 1688 3784 τὸν
1714 3731 1878 3783 Ὁνώ-

235 3844 350 3896 ριον
384 3821 435 3877 ἐν
467 3821 683 3893 Ῥώμῃ,
734 3818 910 3882 ἐλθὼν
967 3818 1236 3893 Ὀνῶριος
1286 3817 1338 3872 ἐν
1392 3825 1471 3891 τῷ
1503 3821 1774 3893 Βυζαντίῳ
1804 3820 1880 3882 εἰς

233 3907 393 3987 ἔργον
433 3931 508 3979 τι,
561 3905 862 3982 διηγήσατο
915 3909 984 3977 τῇ
1038 3906 1206 3981 μητρὶ
1252 3907 1340 3960 καὶ
1387 3911 1468 3978 τῷ
1507 3905 1750 3986 ἀδελφῷ,
1799 3908 1882 3963 ’ὁτι

234 4007 352 4064 πῶς
408 4000 461 4054 οἱ
513 3999 778 4069 Ῥωμαῖοι
837 3996 1152 4070 ἑορτάζουσι
1212 3996 1311 4064 τήν
1371 3994 1620 4066 Γέννησιν
1681 3997 1755 4058 εἷς
1784 4000 1882 4068 τήν

237 4091 448 4165 ἡμέραν
527 4085 717 4154 αὐτῆς,
792 4083 927 4156 μετὰ
1001 4083 1441 4158 ἀναγνωσμάτων
1499 4084 1748 4155 τελείων,
1796 4086 1886 4140 καὶ

238 4178 468 4235 πολλῶν
517 4172 831 4249 τροπαρίων
879 4171 969 4226 καὶ
1019 4172 1374 4246 στοιχαρίων·
1418 4173 1672 4234 ὡσαύτως
1701 4175 1788 4228 καὶ
1820 4175 1886 4228 τὰ

243 4267 592 4345 βαπτίσματα
649 4263 701 4317 ἐν
758 4265 828 4335 τῇ
888 4258 1000 4332 ἰδίᾳ
1046 4261 1250 4334 ἡμέρᾳ,
1297 4259 1630 4336 ὁλοκλήρως
1679 4263 1766 4316 καὶ
1797 4284 1885 4317 τε-

1977 3201 2369 3265 Nativitatem,
2422 3201 2538 3255 sive
2588 3201 2884 3271 Baptisma
2931 3201 3269 3255 recolimus.
3323 3202 3436 3253 Nec
3479 3215 3612 3252 vero

1980 3290 2230 3360 Neptuni
2263 3295 2365 3344 aut
2413 3289 2703 3361 Apollinis
2742 3290 3112 3345 celebramus
3143 3289 3360 3356 natale,
3394 3288 3497 3342 sed
3526 3288 3618 3342 Fi-

1981 3379 2046 3433 lii
2080 3379 2201 3442 Dei,
2233 3395 2393 3448 quem
2441 3379 2726 3434 constituit
2779 3379 3045 3433 hwredem
3093 3378 3492 3445 universo-rum,
3519 3393 3624 3446 per

1985 3485 2142 3538 quem
2170 3470 2302 3535 fecit
2327 3474 2379 3521 et
2409 3467 2649 3522 sazcuta‘.
2676 3489 2704 3517 »
2737 3468 2883 3531 Quia
2917 3483 3046 3521 vero
3078 3483 3327 3538 magnus
3357 3464 3624 3520 Theodo-

1987 3557 2109 3610 sius
2136 3556 2520 3610 censtituerat
2550 3555 2864 3610 Arcadium
2893 3553 3150 3625 Byzantii
3182 3554 3623 3624 imperatorem,

1989 3662 2055 3699 ac
2088 3644 2415 3698 Honorium
2442 3647 2659 3711 Romae,
2693 3644 2934 3698 veniens
2969 3642 3261 3697 Honorius
3289 3642 3625 3713 Byzantium

1990 3733 2208 3803 negotii
2266 3731 2493 3802 aliquid
2562 3731 2958 3799 confecturus,
3020 3730 3280 3785 narravit
3337 3729 3506 3783 matri
3560 3744 3629 3782 ac

1990 3821 2182 3887 fratri,
2210 3827 2274 3875 ut
2311 3822 2560 3876 Romani
2594 3839 2700 3875 sua
2749 3820 2840 3874 die
2872 3820 3073 3875 Natale
3104 3819 3335 3873 Domini
3363 3817 3628 3872 celebra-

1993 3916 2149 3975 rent,
2183 3927 2316 3964 cum
2349 3909 2705 3964 lectionibus
2753 3909 3050 3979 perfectis,
3085 3907 3407 3977 multisque
3437 3910 3632 3975 tropa-

1995 4000 2099 4054 riis
2123 4016 2190 4054 ac
2219 3998 2468 4053 modulis
2497 4015 2508 4052 :
2549 4003 2729 4068 utque
2764 3998 2984 4068 pariter
3010 3997 3225 4050 festum
3260 3993 3632 4064 Baptismatis

1998 4089 2088 4142 die
2119 4088 2375 4159 propria,
2419 4088 2665 4158 integre,
2717 4087 2994 4156 perfecte,
3046 4083 3211 4137 nulla
3242 4081 3634 4136 diminutione

1997 4177 2155 4231 vario
2186 4176 2468 4230 festorum
2516 4180 2727 4228 ornatu
2777 4177 3143 4244 peragerent,
3188 4170 3456 4239 nihilque
3487 4168 3634 4223 alte-

1997 4282 2063 4319 ra
2141 4281 2210 4318 ex
2268 4263 2454 4317 altera
2529 4261 2813 4317 festivitas
2886 4259 3218 4330 splendoris
3317 4257 3634 4312 amitteret.

242 4357 426 4428 λείως,
455 4353 588 4428 δίχα
630 4353 830 4412 παντὸς
875 4350 1270 4426 ὑστερήματος,
1321 4355 1725 4423 κατακοσμοῦσι
1757 4371 1885 4405 ποι-

2067 4369 2185 4407 )rro
2217 4353 2340 4407 visa
2369 4355 2508 4406 sunt
2559 4350 2798 4406 Honorii
2849 4349 3025 4404 verba
3069 4349 3191 4403 haec
3222 4363 3422 4403 coram
3451 4349 3638 4400 matre

315 4533 339 4567 ⁴
368 4535 426 4588 S.
460 4534 626 4603 Greg.
660 4534 808 4585 orat.
843 4531 931 4599 39,
963 4529 1093 4583 init.
1126 4529 1151 4562 ⁵
1181 4529 1354 4586 Hebr.
1391 4546 1427 4598 ι,
1462 4533 1515 4584 2.

1833 4649 2056 4704 NOTxE.

327 4775 402 4845 (7)
433 4774 666 4851 Sanctus
714 4774 901 4851 autem
924 4767 1190 4851 ⁵Βιιενξζξιιε
1218 4769 1496 4851 ἑονὶρξξιη
1523 4775 1614 4826 etc
1661 4774 1786 4851 Non
1812 4773 1897 4851 vi-

257 4837 475 4901 dentur
503 4844 629 4896 haec
661 4845 889 4910 exstare
920 4837 987 4910 in,
1013 4839 1186 4894 editis
1218 4837 1442 4895 Basilii.
1471 4844 1786 4910 Agnovisse
1822 4849 1900 4897 ta-

259 4933 396 4974 men
416 4914 686 4984 Natalem,
699 4909 935 4965 Domini
958 4909 1346 4984 diemAprzeter
1361 4909 1896 4984 diem’Epiphanize,

259 5006 326 5044 ac
347 4989 502 5043 diem
528 4983 863 5047 Luminum,
887 4987 1088 5053 aperte
1110 4980 1334 5037 indicat
1360 4984 1517 5038 hom.
1547 4980 1674 5053 ejus
1697 4989 1763 5037 25
1792 5001 1804 5048 ;
1827 4982 1902 5044 είς

258 5060 354 5127 τὴν
386 5056 534 5130 ἁγίαν
594 5053 978 5130 τοῦ-’Χριστοῦ
1031 5051 1304 5120 Γέννησιι·
1329 5125 1342 5130 _
1365 5055 1464 5108 ubi
1525 5051 1681 5109 totus
1722 5061 1811 5130 est
1841 5057 1902 5110 in

261 5123 628 5187 sacramento
679 5124 795 5178 diei
848 5123 1007 5177 illius
1054 5125 1403 5185 enarrando.
1439 5142 1505 5179 ac
1555 5143 1628 5180 ne
1660 5127 1903 5181 verbum

260 5202 500 5274 quidem
548 5197 728 5274 habet
771 5195 1308 5274 quo_d_spect_et_ad
1349 5196 1505 5274 diem
1536 5197 1901 5274 Epiphaniae,

299 5280 430 5328 rout
457 5269 641 5326 Graaci
673 5268 832 5322 diem
856 5266 1199 5336 Epiphaniae
1221 5268 1436 5321 festum
1469 5266 1708 5330 habent,
1742 5285 1902 5322 reco-

283 5345 434 5399 endo
467 5341 698 5398 scilicet
737 5338 972 5393 Domini
1021 5337 1401 5408 baptismum.
1436 5355 1503 5392 ac
1533 5340 1719 5393 nostri
1749 5341 1907 5394 velut

258 5409 871 5474 initiationem,sancti
883 5409 1070 5462 ﬁcatis
1082 5416 1356 5466 contactu
1372 5411 1568 5464 carnis
1586 5411 1906 5465 Dominicaa

260 5487 335 5544 ad
366 5484 693 5556 spiritalem
723 5478 1186 5556 generationem,
1217 5482 1407 5552 aquis.
1432 5481 1795 5556 Dndequod
1825 5483 1910 5536 in-

263 5550 442 5630 terpr.
494 5555 577 5610 ita
621 5550 962 5621 inscripsit:
1012 5551 1088 5605 De
1125 5550 1367 5607 humana
1418 5552 1622 5608 Christi
1654 5550 1906 5622 igenera-

2012 4774 2176 4839 tione,
2209 4773 2267 4824 in
2299 4769 2388 4823 die
2437 4768 2641 4833 Natali,
2688 4774 2785 4822 aut
2836 4767 3182 4839 Epiphanius,
3230 4761 3466 4839 inscitia
3495 4759 3643 4813 fuit:

2009 4832 2249 4912 forsque
2279 4840 2600 4912 posuitita,
2631 4832 2791 4912 quod
2823 4832 3062 4912 verbum
3084 4832 3324 4912 aliquod
3347 4833 3416 4912 de
3450 4847 3644 4912 mago:

2010 4901 2509 4967 rum-adoratione
2535 4901 2742 4980 legerit
2768 4927 2780 4976 ;
2805 4907 2908 4964 sed
2933 4925 3061 4980 eam
3090 4901 3270 4980 gnst
3298 4901 3650 4980 referunt’ad

2011 4985 2141 5054 ipsa
2167 4984 2314 5054 festa
2343 4971 2630 5044 natalitiaf,
2682 4971 2792 5054 nec
2840 4979 3044 5054 indie
3095 4975 3438 5046 Epiphania:
3488 4971 3651 5029 aliud

2012 5049 2190 5124 quam
2222 5053 2517 5123 baptisma
2546 5051 2948 5124 recolunttuti
2977 5049 3100 5117 jam
3131 5063 3328 5124 supra.

2083 5127 2157 5193 (8)
2189 5117 2420 5180 Rursum
2451 5127 2600 5178 Jesus
2629 5138 2792 5177 meus.
2828 5119 3024 5193 Prima
3055 5118 3228 5193 verba
3257 5117 3656 5193 initiumsunt

2014 5185 2160 5251 orat.
2194 5195 2450 5265 Gregorii
2485 5197 2544 5248 in
2563 5200 2767 5265 sancta
2799 5191 3081 5265 Lumina;
3115 5189 3216 5265 sed
3248 5187 3558 5265 sequentia
3578 5185 3650 5238 ab

2015 5269 2131 5321 illis
2191 5259 2400 5326 verbis.
2455 5266 2642 5336 Ἡμεῖς
2712 5260 2773 5336 δὲ,
2821 5260 3052 5336 -Χριστὸν
3130 5259 3476 5336 ἑορτάζομεν,
3535 5271 3654 5309 non

2015 5339 2248 5392 invenio
2282 5339 2340 5392 in
2375 5331 2691 5406 Gregorio,
2719 5334 2830 5388 nisi
2863 5334 3012 5387 forte
3063 5339 3265 5406 auctor
3310 5331 3382 5384 ad
3417 5343 3654 5406 sensum

2015 5411 2294 5480 respexit,
2329 5399 2631 5480 voluitque
2664 5402 3298 5480 dicereunaperiodo,
3332 5399 3489 5470 quod
3515 5399 3654 5480 Gre-

2052 5471 2212 5546 orius
2242 5471 2416 5552 longo
2465 5471 2735 5533 discursu
2783 5471 3074 5543 edisserit,
3127 5473 3440 5529 traducens
3469 5471 3654 5540 genti-

2044 5569 2164 5607 ium
2196 5568 2384 5606 sacra.
