3888 6136
133 287 272 345 4449

1264 291 1362 344 DE
1398 289 1622 344 FESTO
1657 290 1781 343 DIE
1820 291 2086 344 NATALI
2127 288 2404 345 DOMINI.

3393 293 3533 348 1450

135 414 440 491 διαπρέψει.
474 415 596 472 Ἐὰν
628 416 808 492 πατὴρ
848 416 910 471 τὸ
971 415 1249 492 βάπτισμα
1301 413 1393 470 καὶ
1446 415 1537 470 τὸν
1594 413 1773 488 γάμον

1975 433 2148 488 isque
2179 418 2478 486 videatur;
2512 422 2578 473 ut
2606 423 2803 474 autem
2834 423 3022 489 pater,
3055 420 3232 476 unius
3267 421 3385 476 diei
3417 423 3505 477 cir

132 510 228 560 τοῦ
267 503 609 581 προσφιλοῦς
667 505 788 559 υἱοῦ
846 503 1098 579 ἑορτάσῃ,
1159 504 1249 559 ἐὰν
1308 503 1360 558 ἐν
1419 508 1516 576 μιᾷ
1573 503 1777 577 ἡμέρᾳ,

137 594 234 649 οὐκ
263 591 407 649 ἔστιν
439 591 668 664 ἄτοπον,
701 591 828 649 οὐδὲ
878 594 1134 669 ἀπρεπὲς·
1196 593 1240 648 εἰ
1295 593 1389 648 καὶ
1452 589 1542 647 διὰ
1595 591 1778 647 πενίαν

135 689 296 739 τοῦτο
323 685 565 754 ποιήσει,
598 682 814 753 ἄριστόν
847 682 1012 754 ἐστιν,
1045 681 1107 737 ἄν
1130 686 1293 737 τοῦτο
1341 681 1392 736 ἐν
1448 686 1546 754 μιᾷ
1599 681 1782 754 ἡμέρᾳ

139 774 366 846 ποιήσῃ,
396 771 432 841 ἢ
464 771 580 829 δύο,
609 772 671 827 ’Π
729 772 818 825 οὗν
873 770 998 844 ἁγία
1042 769 1365 844 Ἐκκλησία,
1418 769 1466 825 εί
1513 771 1603 826 καὶ
1658 769 1783 825 τότε

140 861 359 916 ἐπὶτῶν
391 859 711 916 ἀποστόλων
745 860 796 914 ἐν
825 861 1077 935 πτωχείᾳ
1125 861 1361 934 ἐπῆρχε,
1416 857 1506 914 διά
1549 861 1644 921 τὰς
1694 859 1784 912 αἱ·

138 950 306 1024 ρέσεις
333 953 442 1003 τῶν
497 946 846 1026 φιλονείκων,
900 947 990 1002 καὶ
1049 945 1432 1008 ἐπαναστάσεις
1487 946 1624 1001 κατά
1680 952 1788 1014 τῆς

137 1037 304 1110 ὀρθῆς
331 1038 588 1106 πίστεως,
621 1036 710 1092 καὶ
766 1033 855 1091 διὰ
907 1035 1035 1098 τοὺς
1093 1034 1338 1099 ἐθνικους
1385 1033 1474 1090 καὶ
1527 1033 1784 1095 ἀπίστους

143 1124 408 1201 βασιλεῖς,
437 1125 528 1182 καὶ
561 1123 650 1180 διά
678 1124 808 1188 τοὺς
835 1122 1139 1200 διωγμοὺς,
1169 1123 1260 1179 καὶ
1293 1120 1385 1179 διὰ
1411 1123 1510 1192 τὴν
1545 1121 1784 1198 θαρασύ-

139 1237 278 1286 τητα
306 1221 414 1272 τῶν
445 1213 751 1284 Ἰουδαίων,
785 1213 839 1269 οἳ
891 1209 1072 1289 ὥσπερ
1121 1212 1338 1287 κύματα
1388 1222 1630 1283 θαΛσσης
1677 1231 1784 1266 πε-

140 1305 535 1381 ριεκύκλωσαν,
564 1309 657 1358 νῦν
686 1301 744 1358 δὲ
773 1301 1010 1358 πλουσία
1038 1301 1204 1374 ἐστὶν,
1246 1299 1436 1370 ἐπειδὴ
1484 1300 1561 1363 εἷς
1614 1299 1788 1356 πάντα

136 1397 230 1452 τὸν
265 1395 472 1468 κόσμον
504 1393 792 1465 ἐξηπνώθη
814 1393 876 1448 τὸ
908 1390 1268 1468 Εύαγγέλιον,
1299 1391 1390 1448 καὶ
1452 1391 1617 1466 μέχρι
1664 1409 1786 1465 τερ·

144 1485 326 1559 μάτων
351 1493 452 1556 τῆς
480 1492 585 1560 γῆς
616 1479 840 1562 ἔφθασεν
873 1484 901 1538 ὁ
933 1481 1099 1559 λόγος
1146 1489 1247 1553 τῆς
1296 1479 1579 1553 ἀληθείας.
1635 1479 1786 1536 Ἐπεὶ

143 1573 202 1630 δὲ
234 1576 369 1648 μετά
396 1573 686 1650 τριακόσια
736 1569 829 1641 ἔτη
889 1569 1163 1648 ἐχώρισαν
1221 1573 1286 1626 τὸ
1345 1571 1538 1644 Ηάσχα
1578 1568 1638 1624 ἐκ
1691 1572 1788 1624 τοῦ

143 1661 470 1720 ’Ῑουδαῖκόῦ·
504 1661 760 1723 ὡσαύτως
789 1659 880 1716 καὶ
937 1664 1031 1715 νῦν
1068 1661 1167 1729 τήν
1216 1658 1428 1734 ἡμέραν
1475 1663 1583 1714 τῶν
1640 1664 1788 1713 Γενε-

1889 506 2044 573 culo,
2078 506 2278 562 dilecti
2307 507 2412 562 ﬁlii
2444 508 2741 579 baptisma
2788 509 3010 580 pariter
3061 516 3238 580 atque
3289 511 3532 582 nuptias

1889 594 2169 658 celebret,
2203 596 2354 651 nihil
2385 596 2674 652 absonum
2720 598 2816 661 sit,
2866 603 2967 652 aut
3023 599 3222 654 minus
3275 599 3533 654 decens:

1891 688 2068 754 atque
2099 689 2163 739 ut
2193 691 2434 756 propter
2463 691 2866 757 paupertatem
2910 687 3107 755 faciat,
3159 687 3336 759 plane
3384 704 3536 758 prae-

1892 773 2070 827 stabit
2098 779 2164 828 ut
2185 790 2306 829 uno
2339 775 2535 846 potius
2567 793 2746 846 quam
2776 775 3007 831 duobus
3038 776 3245 831 diebus
3276 793 3402 831 rem
3451 776 3540 831 fa-

1891 861 2027 916 ciat.
2061 863 2275 918 Sancta
2305 880 2439 935 ergo
2471 865 2753 931 Ecclesia,
2789 882 3129 936 quanquam
3154 865 3262 920 sub
3301 870 3541 936 aposto-

1891 950 1966 1006 lis
1994 968 2220 1022 pauper
2250 953 2491 1019 exstitit,
2516 959 2759 1024 propter
2779 954 3146 1009 contentioni
3171 954 3541 1008 studentium

1894 1039 2172 1104 haereses,
2197 1056 2265 1094 ac
2296 1057 2394 1094 eos
2422 1042 2521 1110 qui
2556 1047 2732 1096 rectm
2766 1042 3543 1104 ﬁdeiadversarentur,nec-

1894 1143 2017 1182 non
2039 1133 2279 1199 propter
2303 1145 2470 1201 reges
2494 1129 2762 1184 ethnicos
2784 1147 2851 1185 ac
2873 1131 3167 1199 infideles,
3183 1137 3541 1203 propterque

1894 1216 2092 1272 illatas
2123 1217 2588 1289 persecutiones,
2621 1235 2689 1274 ac
2718 1224 2959 1290 propter
2976 1219 3310 1274 Judzeorum
3359 1219 3541 1274 auda-

1897 1305 2072 1372 ciam,
2106 1305 2324 1377 quibus
2354 1323 2463 1362 ceu
2497 1307 2777 1362 ﬂuctibus
2835 1307 3018 1363 maris
3076 1308 3542 1379 circumquaque

1896 1393 2144 1465 ohsepta
2173 1400 2339 1449 erat:
2400 1411 2557 1450 nunc
2615 1402 2811 1451 tamen
2869 1397 3028 1452 dives
3082 1403 3192 1466 est,
3247 1396 3544 1468 siquidem

1897 1483 2274 1556 Evangelium
2298 1484 2654 1556 explicatum
2677 1491 2768 1540 est
2787 1485 2848 1539 in
2872 1485 3163 1541 mundum
3177 1488 3545 1554 universum,

1899 1589 2213 1644 sermoque
2235 1574 2495 1630 veritatis
2525 1575 2783 1646 pervasit
2806 1592 2993 1646 usque
3025 1575 3098 1631 ad
3155 1576 3304 1630 ﬁnes
3348 1581 3541 1630 terrae.

1899 1663 2046 1727 Quia
2077 1679 2211 1734 ergo
2244 1668 2379 1734 post
2417 1680 2604 1718 annos
2630 1669 2926 1719 trecentos
2977 1664 3378 1719 Christianum
3428 1666 3539 1718 Pa—

147 1751 318 1807 θλίων
375 1753 465 1808 καὶ
520 1755 617 1806 τοῦ
677 1750 1049 1823 βαπτίσματος
1144 1747 1490 1822 ἑορτάζομεν,
1559 1749 1787 1818 ἑκάστην

1975 1751 2044 1806 ha
2064 1768 2098 1806 a
2120 1751 2360 1808 Iudaico
2385 1759 2756 1825 separarunt,
2782 1754 2987 1809 eadem
3015 1771 3173 1809 nunc
3199 1771 3435 1824 quoque
3455 1770 3544 1807 ra-

147 1840 484 1914 τελουμὲνην
505 1839 556 1896 ἐν
585 1843 655 1914 τῇ
689 1837 799 1910 ἰδίᾳ
827 1839 1028 1912 ἡμέρᾳ,
1061 1838 1151 1892 καὶ
1212 1839 1346 1911 μετά
1391 1836 1612 1892 τελείων
1663 1837 1791 1891 ἀνα-

147 1927 853 2006 γνωσμάτων,τροπαρίων
909 1926 998 1982 καὶ
1055 1925 1317 1993 κανόνων,
1373 1930 1472 1981 τοῦ
1525 1926 1641 1988 ἑνὸς
1701 1924 1791 1980 καὶ

143 2024 243 2074 τοῦ
275 2020 438 2075 αὐτοῦ
468 2017 675 2094 Κυρίου
706 2021 865 2090 ἡμῶν
899 2017 1079 2086 Ἰησοῦ
1125 2018 1380 2088 Χριστοῦ·
1429 2014 1519 2069 καὶ
1565 2014 1672 2088 οὐχ
1715 2015 1791 2076 ὡς

135 2109 455 2178 Ἰωαννηςὸ
502 2105 929 2180 Μαυροκομίτης
983 2103 1281 2174 ἀπατηθεὶς
1339 2109 1637 2178 κατηγορεῖ
1693 2109 1790 2172 τῆς

145 2196 507 2269 Ἐκκλησίας,
566 2197 652 2250 καὶ
710 2194 968 2272 φλυαρῶν
1029 2187 1271 2270 ἔφασκεν·
1333 2192 1417 2247 ’ὁτι
1475 2189 1543 2246 δι’
1620 2189 1792 2246 ἐκεῖνο

148 2283 506 2360 κατεμέρισαν
541 2285 616 2348 εἷς
643 2283 768 2355 τρία
802 2284 903 2352 τήν
957 2283 1083 2355 μίαν
1144 2282 1360 2357 ἐορτὴν,
1418 2281 1501 2336 ’ὁτι
1558 2280 1648 2336 καὶ
1703 2280 1796 2335 τὸν

149 2375 391 2450 Χριστὸν
439 2375 576 2429 κατά
620 2373 912 2448 Νεστόριον
977 2368 1178 2426 διεῖλον
1213 2370 1292 2432 εἷς
1351 2367 1446 2424 δύο
1503 2369 1791 2444 πρόσωπα.

149 2465 342 2536 Ἡμεῖς
375 2461 433 2518 δὲ
493 2459 956 2534 ἀναθεματίζομεν
1012 2460 1330 2532 Νεστόριον,
1377 2459 1450 2520 ὡς
1498 2458 1793 2532 ἀνθρωπο-

154 2547 465 2626 παραδότην
499 2552 594 2624 (e),
623 2550 714 2604 καὶ
743 2549 835 2604 τὸν
869 2548 1092 2623 Εὐτυχῆ
1120 2548 1208 2602 καὶ
1240 2545 1569 2618 Ἰουλιανὸν,
1592 2547 1792 2602 καὶτὸν

147 2638 574 2718 Μαυροκομίτην
608 2639 862 2708 Ἰωάννην
893 2635 986 2692 τὸν
1019 2631 1332 2710 σύμϐουλον
1359 2633 1545 2692 αύτοῦ.

225 2908 334 2965 Καὶ
367 2910 436 2981 (Γ)
467 2908 633 2979 ἡμεῖς
659 2905 750 2960 τὸν
783 2901 978 2978 Κύριον
1011 2903 1267 2974 ἀληθινὸν
1315 2903 1442 2959 Θεὸν
1491 2903 1650 2974 ἡμῶν
1703 2901 1793 2958 καὶ

155 2995 442 3072 ἄνθρωπον
469 2993 700 3066 τέλειον,
731 2994 860 3048 Θεὸν
884 2992 944 3048 ἐκ
976 2995 1132 3060 Θεοῦ,
1165 2996 1279 3067 φῶς
1321 2993 1470 3067 ἅγιον
1525 2989 1575 3063 ἐξ
1623 2989 1792 3065 ἀχρό-

153 3107 246 3141 νου
274 3085 478 3161 φωτὸς,
509 3083 570 3138 ἐκ
596 3083 692 3138 τοῦ
741 3082 948 3157 Πατρὸς
995 3081 1317 3157 γεννηθέντα
1359 3079 1468 3154 πρὸ
1510 3083 1616 3134 τῶν
1657 3079 1794 3134 αἰώ-

152 3146 298 3242 νων,⁸
318 3172 408 3228 καὶ
434 3146 494 3227 ἐκ
517 3178 616 3241 τῆς
649 3170 800 3246 ἀγίας
857 3146 1153 3244 ὶιιιιρθένου⁷
1172 3168 1276 3223 ὑπὸ
1327 3146 1523 3243 χρόνον
1571 3167 1796 3243 γενόμε-
1824 3146 1866 3212 c

155 3283 247 3316 νον
287 3261 509 3330 ἀληθῶς
568 3259 871 3334 ἃνθρωπον.
930 3258 1102 3332 Ούχδ
1130 3257 1197 3325 ἦν
1247 3253 1568 3322 μεταϐαλὼν
1617 3255 1793 3331 (ἄτρε-

157 3370 292 3411 πτος
316 3347 415 3423 γὰρ
447 3349 482 3416 ἡ
511 3345 723 3416 θεότης,
755 3343 1025 3407 συναῗδιος
1063 3349 1143 3416 τῷ
1195 3344 1383 3420 Πατρὶ,
1430 3344 1519 3399 καὶ
1566 3344 1795 3420 σύνθρο.

157 3460 250 3501 νος
282 3435 360 3510 τῷ
407 3435 542 3512 ἁγίῳ
584 3433 904 3507 Πνεύματι),
955 3431 1082 3488 ἀλλ’
1114 3431 1144 3487 ὅ
1173 3431 1272 3487 οὐκ
1320 3433 1387 3501 ἦν
1442 3428 1796 3508 προσέλαϐεν.

158 3528 219 3584 Ὀ
273 3523 567 3600 ἀχώρητος
623 3522 906 3599 ἐχωρήθη·
961 3515 1197 3582 καταϐὰς
1249 3520 1300 3591 ἐξ
1349 3519 1578 3597 ούρανοῦ
1650 3519 1802 3598 ἐσαρ-

160 3615 314 3684 κὼοη
347 3613 524 3678 ἐκτῆς
580 3612 740 3687 ἁγίας
797 3608 1095 3686 Παρθένου,
1139 3607 1228 3664 καί
1287 3607 1547 3684 ἐγεννήθη
1610 3609 1686 3674 εἷς
1739 3611 1802 3665 τὸ

163 3704 312 3780 ἅγιον
346 3699 640 3773 σπήλαιον·
675 3695 990 3774 ιέϐαπτίσθη
1050 3697 1101 3753 ἐν
1145 3695 1414 3774 Ἰορδάνῃ,
1463 3698 1802 3774 ἐσταυρώθη,

162 3793 355 3870 ἐτάφη·
387 3791 618 3853 ἀναστὰς
649 3788 930 3864 ἀνελήφθη
963 3787 1042 3850 εἷς
1098 3787 1190 3843 τὸν
1242 3787 1491 3861 οὐρανὸν,
1541 3788 1632 3843 καὶ
1681 3787 1804 3843 ἐκά-

163 3893 306 3946 θισεν
335 3879 394 3935 ἐκ
424 3877 608 3951 δεξιῶν
631 3882 732 3934 τοῦ
775 3875 1007 3954 ῐιατρόςο
1048 3874 1323 3933 ἐλεύσεται
1379 3873 1437 3931 δὶ
1492 3881 1671 3950 κρῖναι
1711 3875 1804 3932 τὸν

159 3971 368 4044 κόσμον
409 3968 461 4025 ἐν
521 3967 856 4042 δικαιοσύνῃ’
910 3965 1116 4039 αύτῷἡ
1151 3962 1302 4037 δὸξα,
1345 3965 1436 4020 σὸν
1484 3970 1565 4039 τῷ
1611 3966 1808 4042 Πατρὶ,

160 4057 354 4132 καὶτῷ
385 4056 522 4132 ἁγίῳ
556 4057 853 4133 Πνεύματι,
885 4055 961 4120 εἷς
990 4054 1116 4118 τοὺς
1149 4053 1372 4118 αἰῶνας.
1403 4056 1601 4130 Ἀμήν.

1903 1841 2086 1908 tione,
2113 1841 2525 1897 Natalitiorum
2543 1842 2700 1898 diem
2719 1859 2786 1897 ac
2807 1843 3317 1913 baptismatis,suo
3342 1858 3546 1913 quem-

1905 1946 2018 2000 que
2051 1947 2118 1985 ac
2149 1931 2387 2002 proprio
2445 1931 2561 1999 die,
2617 1948 2685 1986 ac
2741 1948 2875 1986 cum
2933 1932 3212 2003 perfectis
3270 1931 3547 1986 lectioni-

1903 2017 2033 2086 bus,
2067 2018 2463 2090 modulisque,
2497 2037 2564 2074 ac
2593 2019 2942 2084 canonibus,
2973 2021 3150 2076 unius
3180 2037 3248 2076 ac
3279 2019 3547 2091 ejusdem

1905 2107 2138 2161 Domini
2168 2108 2354 2162 nostri
2386 2106 2522 2162 Jésu
2571 2109 2808 2173 Christi,
2847 2108 3051 2162 festive
3104 2109 3380 2176 colimus,
3438 2124 3550 2163 nec

1903 2210 2060 2259 vero,
2085 2196 2170 2249 uti
2194 2213 2393 2250 errore
2421 2196 2702 2267 deceptus
2723 2197 2978 2250 Joannes
3029 2195 3129 2249 ille
3161 2195 3548 2251 Maurocomi-

1906 2288 1994 2338 tes
2023 2283 2346 2340 Ecclesiam
2369 2285 2773 2356 reprehendit,
2806 2301 2874 2339 ac
2903 2300 3134 2356 nugans
3177 2285 3289 2338 sit:
3321 2283 3548 2338 Idcirco

1906 2373 2344 2428 solemnitatem
2376 2390 2556 2428 unam
2587 2375 2650 2428 in
2681 2380 2801 2429 tres
2851 2373 3052 2444 partiti
3099 2377 3256 2441 sunt,
3308 2372 3449 2443 quia
3491 2376 3552 2426 et

1905 2461 2203 2517 Christum
2229 2463 2577 2518 Nestoriano
2609 2480 2807 2518 errore
2838 2464 2900 2518 in
2932 2463 3080 2518 duas
3123 2478 3410 2534 personas
3459 2460 3554 2515 di-

1905 2550 2188 2605 viserunt.
2218 2552 2332 2605 Nos
2352 2551 2646 2621 siquidem
2667 2552 2986 2606 anathema
3001 2550 3267 2605 Nestorio
3294 2549 3549 2604 dicimus

1906 2643 2189 2710 tanquam
2220 2639 2478 2695 hominis
2507 2639 2825 2707 adoratori,
2861 2639 3157 2710 simulque
3216 2637 3547 2709 Eutycheti,

1905 2733 1966 2783 et
2017 2729 2274 2796 Juliano,
2334 2729 2582 2800 ejusque
2638 2729 3027 2785 conciliorum
3097 2727 3258 2782 socio
3337 2724 3549 2782 Joanni

1905 2818 2362 2872 Maurocomitaa.

1975 2905 2340 2961 Conﬁtemur
2367 2911 2564 2961 autem
2597 2907 2911 2961 Dominum
2942 2921 3148 2960 verum
3203 2905 3388 2958 Deum
3437 2919 3548 2958 no-

1905 2999 2116 3061 strum,
2147 2999 2321 3065 atque
2351 2995 2655 3050 hominem
2686 2994 3037 3066 perfectum,
3071 2995 3256 3047 Deum
3285 2991 3355 3046 de
3405 2992 3548 3059 Deo,

1907 3089 2178 3139 sanctum
2199 3082 2404 3138 lumen
2425 3084 2497 3139 de
2521 3089 2742 3138 aeterno
2762 3083 3012 3147 lumine,
3035 3098 3106 3137 ex
3135 3083 3306 3136 Patre
3332 3085 3539 3135 natum

1904 3177 2042 3227 ante
2064 3172 2298 3238 saecula,
2323 3172 2660 3242 factumque
2684 3171 2790 3226 sub
2813 3177 3075 3242 tempore
3089 3187 3222 3225 vere
3240 3168 3546 3223 hominem

1905 3277 1976 3315 ex
2005 3265 2210 3315 sancta
2225 3259 2479 3332 Virgine.
2511 3262 2634 3314 Non
2657 3260 2856 3315 amisit
2878 3258 3037 3330 quod
3069 3264 3212 3313 erat.
3238 3259 3382 3312 Nam
3414 3256 3550 3311 dei-

1906 3354 1996 3405 tas
2027 3349 2416 3404 mutationem
2449 3366 2569 3404 non
2601 3349 2844 3420 recipit:
2878 3353 3207 3402 comternus
3232 3345 3444 3412 Patris,
3475 3361 3544 3399 ac

1909 3438 2117 3494 eadem
2148 3437 2420 3492 sublimis
2448 3438 2586 3493 sede
2617 3455 2750 3492 cum
2783 3442 2988 3492 sancto
3020 3436 3276 3506 Spiritu:
3310 3433 3415 3489 sed
3444 3450 3542 3488 as-

1911 3527 2168 3598 sumpsit
2196 3527 2354 3597 quod
2381 3543 2501 3581 non
2533 3532 2676 3582 erat.
2709 3525 2816 3591 Qui
2849 3526 2978 3596 capi
3011 3542 3131 3580 non
3175 3528 3424 3594 poterat,
3456 3522 3548 3576 fe—

1912 3618 1993 3674 cit
2025 3625 2090 3673 ut
2141 3625 2470 3690 caperetur.
2535 3618 2907 3673 Descendens
2964 3617 3035 3670 de
3088 3615 3255 3681 caelo,
3307 3628 3548 3669 carnem

1915 3708 2169 3778 sumpsit
2199 3725 2268 3762 ex
2300 3714 2506 3762 sancta
2537 3706 2792 3778 Virgine,
2825 3723 2892 3761 ac
2923 3706 2983 3760 in
3015 3721 3182 3760 sacra
3211 3713 3392 3775 specu
3447 3717 3554 3757 na-

1916 3801 2010 3850 tus
2042 3802 2150 3851 est.
2184 3797 2514 3868 Baptizatus
2543 3801 2634 3852 est
2663 3797 2724 3850 in
2753 3795 3026 3861 Jordane,
3068 3793 3406 3859 cruciﬁxus,
3466 3807 3560 3846 se-

1916 3886 2291 3959 pultus.Cum
2304 3887 2748 3954 resurrexisset,
2773 3891 3114 3956 assumptus
3126 3888 3218 3938 est
3233 3882 3296 3937 in
3323 3880 3560 3947 cmlum,

1919 3975 2188 4048 seditque
2207 3974 2282 4032 ad
2303 3975 2606 4031 dexteram
2627 3974 2818 4030 Patris
2845 3991 2858 4029 :
2887 3979 3167 4029 venturus
3189 3978 3279 4026 est
3290 3969 3563 4042 judicare

1918 4064 2213 4120 mundum
2240 4065 2302 4121 in
2350 4064 2606 4137 justitia.
2667 4063 2783 4136 Ipsi
2841 4063 3027 4136 gloria
3078 4077 3213 4118 cum
3268 4061 3439 4115 Patre
3496 4073 3565 4111 ac

1924 4157 2128 4208 sancto
2156 4153 2376 4224 Spiritu
2406 4153 2468 4208 in
2500 4152 2736 4209 saacula.
2770 4154 2978 4207 Amen.

1535 4302 1768 4358 VARUS
1811 4303 2102 4361 LECTION
2109 4306 2211 4362 ES.

241 4420 308 4491 (ε)
333 4415 414 4474 ’ίσ.
447 4412 935 4494 ἆνθρωπολάτρην.
1010 4416 1082 4488 (f)
1113 4409 1263 4473 λείπ.
1295 4419 1730 4491 προσκυνοῦμεν,
1762 4416 1913 4494 ἤτοι,
1943 4418 2187 4497 ὁμολογ.

468 5716 736 5777 ΡΑτιιοι.
780 5711 894 5775 GI.
937 5711 1149 5774 XCVI.

3233 5706 3314 5763 46
