3888 6136
2094 423 2180 481 DE

1237 626 1951 755 JOANNIS
2050 621 3030 748 EUBCEENSIS

1006 890 1587 982 ORA'I‘IONE
1647 890 1759 975 IN
1819 884 2710 974 CONCEPTIONEM
2771 883 3264 972 DEIPAIUE

1700 1097 2596 1201 MONITUM.

1273 1329 1420 1391 (Ant.
1454 1326 1739 1385 BALuam,
1769 1324 1977 1389 Syllogs
2004 1323 2467 1380 monumentorum,
2500 1326 2620 1383 etc.,
2650 1325 2688 1373 t.
2720 1321 2759 1372 Ι.
2800 1334 2853 1386 p.
2888 1322 2987 1382 36.)

432 1519 455 1575 ς
488 1510 623 1563 I-IV.
651 1535 715 1547 —
742 1509 814 1557 De
849 1502 1128 1556 codicibus
1157 1502 1299 1552 hanc
1331 1501 1631 1573 orationem
1662 1495 2083 1571 continentibus.
2113 1519 2171 1531 --
2200 1497 2223 1604 ἲ
2252 1492 2311 1545 V.
2342 1496 2414 1544 De
2450 1492 2686 1544 auctoris
2715 1496 2871 1568 atate
2906 1497 2959 1543 et
2977 1494 3309 1568 praastantia.
3332 1493 3504 1569 Allatii
3521 1496 3740 1567 conjectura

499 1573 817 1604 ..-Μηλίων
846 1569 911 1604 Αρ
948 1565 1256 1604 Πηπιηυιρπὶ
1285 1578 1505 1604 nnmlna
1538 1566 1739 1604 auctori
1772 1560 1990 1604 tributo.
2015 1583 2077 1595 —
2103 1561 2126 1604 ς
2156 1557 2196 1604 ν
2230 1594 2240 1604 .
2272 1558 2343 1604 De
2372 1562 2610 1604 veterum
2645 1557 2981 1604 homiliarum
3028 1571 3084 1604 in
3136 1557 3546 1604 Concentionem
3584 1560 3739 1604 Deiom

493 1557 817 1647 éiiéndimr
846 1565 1256 1647 separese
1285 1564 1505 1647 Posiae
1524 1561 1741 1647 ευειοξ
1772 1560 1990 1647 tabem
2014 1583 2077 1647 :-
2103 1561 2134 1647 5.
2156 1557 2343 1647 Υὲεηιέε
2372 1557 2997 1647 ναιετιξνφιπδοῇίιίατρ,ω-
3028 1559 3084 1606 in
3136 1557 3547 1647 εοεέοθιειίθυξηθ
3584 1557 3739 1647 [λίνεα

490 1618 831 1692 ἷιῖιῖἆιξίξς
862 1629 974 1680 VII.
1008 1632 1079 1679 De
1115 1629 1336 1692 historia
1362 1625 1667 1676 Nativitatis
1699 1623 1757 1671 B.
1789 1622 1849 1692 νε
1880 1621 2094 1692 Jacobo
2110 1620 2355 1684 ascripta.
2385 1646 2448 1657 —
2475 1624 2497 1680 ε
2536 1618 2670 1669 VIII.
2700 1623 2777 1669 An
2813 1619 3091 1685 quidpiam
3119 1618 3425 1671 auctoritati
3461 1622 3642 1671 Patrum
3660 1618 3739 1671 inde

494 1684 763 1764 depereat,
794 1684 938 1759 quod
967 1694 1105 1743 hanc
1134 1691 1413 1741 historiam
1445 1702 1542 1739 ceu
1575 1700 1755 1738 veram
1788 1684 2123 1735 admiserint.

508 2052 555 2105 Ι.
583 2045 825 2104 Joannis
856 2040 1199 2099 Eubmensis
1231 2038 1563 2094 orationem
1610 2038 1669 2089 in
1716 2034 2076 2103 Conceptione
2104 2034 2156 2100 Α
2189 2029 2683 2101 conscripserant.
2730 2029 2840 2086 Sed
2871 2031 3101 2086 ardenti
3152 2032 3486 2103 praesertim
3533 2031 3741 2088 desidem

440 2143 688 2210 Deipara:
718 2135 883 2207 prelo
935 2133 1061 2203 jam
1116 2132 1423 2200 paraverat
1472 2122 1583 2180 Leo
1632 2123 1904 2190 Allatius,
1962 2137 2082 2176 una
2198 2121 2477 2175 incensus
2510 2136 2661 2188 sum,
2703 2120 3013 2193 integram,
3075 2120 3122 2175 si
3180 2139 3302 2193 quo
3360 2122 3523 2178 modo
3577 2123 3672 2177 ﬁeri
3710 2122 3740 2175 id

440 2246 574 2285 cum
622 2222 930 2281 nonnullis
982 2220 1116 2275 aliis
1165 2215 1465 2288 opusculis
1517 2215 1712 2267 Graece
1756 2227 1823 2266 ac
1879 2211 2080 2265 Latine
2195 2215 2413 2280 posset,
2448 2210 2775 2265 orationem
2808 2210 3234 2277 nanciscendi;
3274 2212 3434 2282 quod
3481 2211 3681 2281 denique
3711 2222 3741 2261 et

440 2315 706 2379 edendis,
739 2326 993 2382 quorum
1044 2306 1358 2361 elenchum
1404 2302 1561 2374 apud
1609 2299 1954 2356 Michaelem
2007 2300 2080 2353 Le
2195 2304 2499 2353 assecutus
2530 2315 2680 2354 sum.
2724 2301 2862 2355 Post
2919 2299 3300 2355 Lambecium
3360 2301 3509 2355 enim
3556 2307 3648 2355 tum
3688 2301 3737 2353 lo.

438 2406 627 2471 Quien
652 2402 847 2455 videre
884 2399 1023 2453 licet
1052 2398 1147 2467 (1).
1184 2396 1418 2457 Verum,
1454 2390 1609 2462 quod
1641 2391 1712 2445 ab
1747 2388 1955 2444 eodem
1988 2386 2081 2441 di-
2194 2386 2470 2441 Albertus
2496 2386 2816 2452 Fabricius,
2849 2391 2973 2442 tum
2997 2387 3354 2442 Guillelmus
3377 2390 3513 2442 Cave
3532 2386 3738 2457 duplicem

441 2495 661 2552 scimus
694 2492 765 2545 Le
795 2489 1005 2555 Quien,
1029 2485 1263 2540 labores
1285 2482 1380 2536 isti
1403 2480 1679 2535 Allatiani
1705 2476 2080 2548 iniquissimo
2194 2492 2305 2530 ms.
2340 2478 2605 2531 Graecum
2638 2476 2903 2531 codicem
2932 2475 3299 2545 indicabant,
3339 2477 3399 2531 in
3445 2494 3547 2548 quo
3575 2473 3737 2531 homilia

438 2586 559 2641 fato
591 2580 1043 2637 interciderunt.
1095 2576 1305 2629 Narrat
1360 2570 1456 2625 hic
1514 2569 1740 2625 scilicet
1795 2568 1871 2638 (2)
1919 2565 2075 2620 Alla-
2195 2565 2299 2620 illa
2324 2565 2647 2637 legebatur,
2682 2571 2997 2636 utrumque
3030 2570 3227 2620 autem
3283 2565 3346 2620 in
3398 2564 3735 2621 Vindobonensi

444 2674 590 2731 tium
639 2667 1061 2743 opusculorum
1120 2679 1323 2718 eorum
1373 2658 1639 2731 syllogen
1688 2654 1945 2710 Auberto
1993 2652 2083 2707 illi
2196 2656 2461 2709 Cmsarea
2512 2654 2869 2710 bibliotheca
2925 2660 3277 2710 exstantem.
3334 2655 3516 2711 Facile
3557 2671 3675 2719 vero,
3708 2658 3738 2704 ut

440 2759 769 2819 liberaliter
796 2753 1221 2820 transmisisse,
1246 2750 1345 2821 qui
1408 2746 1825 2802 demandatum
1855 2760 1890 2798 a
1941 2743 2083 2797 cleri
2197 2744 2497 2814 exemplar
2516 2744 2652 2799 inde
2677 2746 3031 2815 exscriptum
3056 2748 3306 2801 Romam
3323 2747 3735 2801 transmitteretur.

445 2848 728 2909 Gallicani
761 2844 1015 2901 comitiis
1040 2857 1195 2897 anno
1230 2841 1364 2893 1636
1418 2834 1779 2907 provinciam
1824 2832 2087 2888 edendo-
2196 2833 2267 2888 ab
2326 2833 2543 2905 insigni
2602 2834 2967 2889 humanitate
3025 2834 3253 2889 obtinui
3314 2837 3439 2889 Em.
3510 2833 3600 2888 viri
3643 2832 3735 2886 card.

444 2957 578 2997 rum
612 2939 867 3008 Operam
899 2934 953 2987 S.
986 2934 1072 2987 Jo.
1106 2926 1453 2984 Damasceni
1502 2924 1566 2980 in
1610 2943 1672 2981 se
1721 2924 2083 2993 susceperat,
2195 2924 2457 2990 Fornari,
2493 2924 2585 2979 cui
2613 2929 2814 2995 utpote
2846 2924 3120 2995 praefecto
3152 2924 3306 2981 sacri
3340 2924 3561 2980 concilii
3589 2922 3642 2977 de
3682 2920 3737 2973 de-

442 3034 509 3085 ut
538 3028 725 3082 instar
754 3019 1112 3095 Appendicis
1169 3018 1241 3073 ad
1293 3018 1349 3071 S.
1402 3016 1664 3071 Doctoris
1714 3012 1932 3082 scripta
1977 3025 2085 3081 pu-
2198 3011 2461 3067 finienda
2491 3013 2741 3084 Deipara
2785 3013 2910 3068 sine
2960 3013 3090 3069 labe
3138 3018 3445 3087 concepta,
3497 3013 3591 3068 hoc
3628 3026 3737 3081 nego-

444 3118 600 3174 blica
631 3117 761 3171 luce
813 3114 1196 3168 donarentur.
1256 3110 1329 3162 At
1384 3123 1519 3161 vero
1568 3106 1710 3160 dum
1770 3102 2082 3167 Aubertus,
2198 3101 2345 3155 tium
2377 3101 2631 3156 maxime
2670 3119 2827 3157 cura)
2859 3108 2985 3157 erat
3016 3102 3111 3174 (4).

444 3208 579 3264 aliis
609 3205 766 3261 curis
808 3203 1120 3266 distentus,
1172 3212 1367 3267 neque
1409 3194 1753 3250 Franscisco
1801 3189 2088 3245 Combefl-
2267 3192 2363 3243 III.
2399 3191 2615 3245 Verum
2647 3191 2693 3245 si
2726 3190 3045 3246 laetandum
3080 3192 3225 3246 mihi
3260 3192 3373 3248 fuit
3404 3192 3548 3265 quod
3575 3193 3734 3246 Romam

446 3298 555 3365 sio,
587 3294 713 3365 qui,
744 3292 873 3363 ipso
905 3292 1227 3353 annuente,
1272 3286 1409 3339 huic
1463 3288 1675 3354 spartae
1725 3280 2085 3336 adornanda)
2198 3278 2456 3349 denique
2486 3280 2852 3352 pervenisset
2881 3282 3183 3352 exemplar
3215 3299 3246 3337 e
3279 3282 3422 3337 Caes.
3456 3282 3625 3337 codice
3646 3277 3737 3331 inter

442 3362 688 3441 manum
736 3362 1094 3444 admoverat,
1156 3374 1511 3428 transmissa
1569 3371 1679 3425 sibi
1739 3368 1809 3425 ab
1869 3368 2084 3422 Allatio
2117 3367 2489 3468 B'I‘heol.n.
2542 3371 2644 3422 247
2704 3369 3083 3441 exscriptum,
3143 3371 3365 3426 additis
3423 3376 3660 3444 praeterea
3698 3362 3738 3417 ad

446 3471 734 3546 opuscula
764 3466 1205 3527 communicare
1236 3463 1296 3517 in
1321 3462 1584 3517 animum
1619 3459 1864 3525 inducit,
1896 3474 1964 3513 eo
1995 3472 2090 3512 res
2120 3458 2161 3468 ”
2202 3458 2528 3531 marginem
2559 3458 2911 3515 lectionibus
2941 3460 3310 3517 variantibus
3341 3480 3412 3517 ex
3445 3461 3615 3517 codice
3646 3458 3741 3510 inter

449 3560 703 3626 devenit,
729 3564 795 3614 ut
824 3557 927 3612 illo
972 3568 1319 3627 supremum
1351 3550 1589 3605 interim
1623 3548 1782 3603 diem
1813 3547 2089 3615 obeunte,
2203 3548 2346 3601 Hist.
2382 3547 2591 3602 eecles.
2626 3565 2685 3604 n.
2718 3552 2817 3602 114
2846 3564 2859 3616 ;
2890 3554 2947 3604 et
2969 3548 3295 3606 dolendum
3326 3552 3435 3606 fuit
3450 3546 3740 3605 tantumdem,

451 3668 586 3710 cum
614 3646 863 3720 reliquis
894 3646 1024 3718 ejus
1053 3642 1273 3699 chartis
1299 3639 1592 3696 Allatiana
1614 3653 1849 3711 quoque
1876 3636 2094 3707 scripta
2202 3654 2335 3693 cum
2386 3638 2749 3708 experientia
2797 3646 3164 3711 compertum
3215 3646 3326 3712 est,
3379 3642 3602 3705 codices,
3643 3632 3741 3689 unde

451 3739 813 3798 interierint,
2202 3725 2603 3799 apographum
2635 3726 2783 3782 iilud
2842 3728 3159 3786 deductum
3209 3730 3423 3799 fuerat,
3464 3734 3601 3785 tanta
3638 3737 3743 3779 men-

527 3832 593 3886 ΙΙ.
620 3831 767 3883 Bina
790 3832 989 3881 tamen
1015 3837 1201 3893 eaque
1238 3825 1328 3876 sat
1362 3817 1595 3892 prolixa
1627 3814 1886 3871 homilias
1915 3814 2094 3870 Joan—
2203 3815 2412 3871 dorum
2472 3815 2641 3887 copia
2697 3816 3024 3887 exundare,
3082 3824 3149 3874 ut
3201 3821 3418 3876 merito
3468 3816 3631 3890 Augim
3672 3818 3744 3866 5L1-

457 3923 552 3978 nis
582 3915 928 3973 Eubmensis
959 3916 1309 3984 supererant
1338 3908 1509 3964 nobis
1556 3909 1906 3979 fragmenta,
1959 3919 2090 3975 quas
2203 3905 2341 3962 bulo
2372 3923 2712 3979 comparare
2764 3924 2863 3965 eos
2892 3910 3104 3981 possis.
3168 3910 3319 3967 Hinc
3374 3929 3498 3967 cum
3550 3900 3741 3962 adhibitis

448 4012 610 4069 idem
643 4006 894 4064 Allatius
926 4000 1361 4075 prolegomenis
1383 3998 1457 4054 ad
1480 3996 1824 4053 Damasceni
1848 3996 2037 4066 Opera
2059 4008 2093 4048 a
2202 3996 2379 4051 etiam
2410 3996 2662 4053 aliorum
2690 3996 2867 4066 curis,
2900 3998 2999 4068 qui
3030 4016 3183 4071 saepe
3216 4000 3433 4072 saepius
3453 3988 3740 4071 conjectando

449 4119 512 4159 se
543 4099 786 4174 paratis,
818 4101 877 4152 et
905 4111 939 4150 a
970 4095 1042 4148 Le
1073 4092 1259 4157 Quien
1309 4085 1523 4144 deinde
1574 4085 1767 4153 editis,
1820 4085 2091 4174 inserue-
2200 4085 2395 4158 potius
2442 4102 2620 4155 quam
2676 4085 3120 4158 interpretando
3177 4094 3480 4159 utcunque
3532 4089 3601 4174 tot
3639 4079 3739 4173 labos

444 4166 660 4263 rat.(3).
691 4190 757 4242 In
789 4203 918 4257 quae
951 4199 1086 4239 cum
1115 4179 1489 4246 incidissem,
1524 4174 1802 4232 demirari
1851 4173 2091 4244 quidem
2200 4181 2425 4245 tergere
2457 4175 2832 4243 studuerunt,
2881 4176 3067 4231 oratio
3121 4178 3329 4233 multis
3371 4178 3549 4233 adhuc
3589 4166 3737 4227 lacunis

441 4281 703 4355 primum
730 4275 879 4346 coepi
910 4270 1466 4338 luculentissimam,
1519 4282 1695 4338 quam
1746 4263 2091 4337 praeferunt,
2200 4263 2475 4332 hisceret,
2506 4264 2607 4319 ubi
2639 4280 2851 4336 nempe
2882 4264 3060 4320 adeos
3091 4272 3405 4338 corruptus
3452 4269 3563 4321 erat
3599 4263 3735 4349 textui.

443 4341 515 4427 de
548 4373 752 4425 sancta
784 4341 1045 4434 Deiparm
1078 4359 1473 4429 Conceptione
1508 4355 1863 4411 sententiam
1891 4378 1904 4420 ;
1965 4357 2091 4407 tum
2201 4355 2267 4408 ut
2291 4351 2653 4423 probabilem
2688 4353 2949 4422 aliquem
2981 4371 3219 4409 sensum
3254 4372 3330 4411 ne
3364 4350 3638 4409 divinando
3660 4341 3735 4415 qui'

442 4476 576 4515 vero
636 4462 871 4526 stupere
919 4452 1321 4515 vehementer,
1382 4446 1484 4515 qni
1544 4445 1672 4500 ﬁeri
1718 4442 1976 4515 potuerit
2025 4445 2094 4496 ut
2202 4440 2336 4496 dem
2368 4440 2605 4512 assequi
2638 4440 2863 4509 liceret,
2889 4443 3015 4515 jam
3047 4444 3388 4510 consilium,
3424 4440 3565 4515 quod
3600 4438 3643 4492 in
3676 4448 3734 4486 an-

442 4555 564 4604 tam
594 4545 824 4615 insigne
858 4538 1287 4603 testimonium,
1347 4550 1460 4605 quo
1515 4538 1572 4587 et
1620 4549 1760 4587 sane
1809 4531 2088 4602 antiquus
2202 4535 2494 4586 tecessum
2520 4532 2800 4600 foveram,
2836 4533 3124 4605 integram
3146 4533 3453 4606 evulgandi
3485 4528 3729 4587 orationem.

442 4612 1040 4708 Deiparaa—conccptze
1092 4627 1286 4681 cultus
1337 4621 1782 4690 ostendebatur,
1835 4626 1892 4674 et
1941 4619 2095 4691 ejus-
2202 4637 2446 4692 prorsus
2476 4620 2877 4692 abjiciendum
2908 4622 3199 4687 videbam,
3234 4629 3336 4678 aut
3373 4628 3522 4677 certe
3556 4612 3729 4708 quasde

442 4705 576 4784 dem
609 4724 803 4781 cultus
836 4718 984 4775 ratio
1016 4723 1132 4771 tam
1167 4712 1477 4786 splendide
1514 4710 1879 4775 tradebatur,
1930 4708 2091 4763 taciti
2124 4759 2164 4786 η
2204 4710 2613 4765 tantummodo
2644 4710 2737 4764 edi
2770 4727 2940 4781 posse
2972 4711 3303 4782 fragmenta
3336 4705 3695 4765 existimabam.

442 4759 576 4784 unus
609 4759 803 4781 uuuua
836 4759 983 4775 ιιιιιυ
1017 4759 1132 4771 vuu-
1167 4759 1476 4786 νιν-ν---υε--ι
1519 4759 1879 4775 ατο--.σ-η--ι
1935 4759 2090 4763 ηπ---
2212 4759 2606 4765 -..---,.,-,,,η,,,
2650 4759 2737 4764 '___
2772 4759 2938 4781 r'_-'
2972 4759 3303 4782 ____O'__v____
3341 4759 3583 4765 ’,ην-ὼγ

440 4812 867 4891 ρΓὶΕῐΘΓίίϐδθΠῐ
911 4806 1181 4880 plerique
1214 4820 1422 4859 omnes
1475 4800 1573 4873 qui
1629 4799 1699 4855 de
1750 4799 1859 4853 hoc
1908 4814 2082 4871 argu-
2124 4759 2166 4825 C
2266 4800 2356 4855 IV.
2392 4802 2465 4853 At
2493 4799 2732 4855 demum
2756 4805 3059 4871 exeptatas
3092 4802 3399 4872 suppetias
3448 4799 3566 4854 tulit
3602 4796 3732 4848 Roma'

441 4880 642 4964 mento
666 4896 1119 4976 posteditajam
1151 4911 1185 4950 a
1206 4894 1279 4948 Le
1301 4892 1487 4958 Quien
1516 4888 1865 4946 Damasceni
1897 4889 2087 4959 Opera
2196 4905 2309 4943 nus
2333 4888 2534 4957 codex,
2568 4890 2669 4959 qui
2690 4890 2749 4944 in
2768 4889 2984 4962 insigni
3014 4890 3439 4945 Barberiniana
3477 4880 3732 4942 bibliotheatl

2018 5049 2243 5105 NOTAE.

512 5209 587 5281 (4)
640 5206 785 5281 Opp.
844 5200 1124 5281 S._Jo_an_.
1174 5194 1585 5281 -pnar‘uascenh
1651 5197 1791 5247 tom.
1850 5192 1896 5258 Ι,
1950 5207 2077 5263 pag.
2191 5191 2603 5281 nentissi‘mus,
2638 5208 2773 5247 cum
2804 5190 2950 5248 duas
2981 5192 3127 5249 alias
3167 5192 3483 5281 homines,“
3503 5192 3733 5281 quas

440 5260 615 5338 Xx‘vn.
647 5260 1077 5343 L—UPatrologiaa
1102 5277 1141 5324 t.
1174 5270 1361 5335 XCIV,
1396 5285 1451 5338 p.
1491 5268 1609 5319 155.
1950 5260 1969 5263 “
2031 5260 2052 5263 ⁷
2193 5262 2332 5343 dum
2387 5260 2597 5343 editas
2634 5281 3061 5343 comperet-am,
3119 5265 3381 5343 _alteram
3455 5264 3510 5316 S.
3570 5260 3733 5343 Tarastl:

515 5326 768 5421 (il-Ibid:
950 5326 1126 5399 furii-3
1350 5326 1359 5335 ’
1397 5326 1409 5338 ’
1964 5401 1974 5414 ⁸
2190 5335 2440 5416 Joannis.
2479 5326 3022 5417 Thessalonicensis
3048 5326 3060 5336 ’
3079 5337 3349 5418 alteram,
3368 5408 3379 5417 -
3404 5348 3563 5405 quam
3602 5326 3733 5415 utpote

515 5426 586 5472 (3i
619 5424 645 5472 8
675 5423 762 5472 68.
841 5434 935 5472 nn.
971 5417 1024 5468 S.
1058 5415 1220 5468 Joan.
1258 5412 1525 5465 Damasc.
1547 5423 1651 5472 per
1672 5408 1741 5461 Μ.
1770 5406 1844 5459 Le
1873 5406 2077 5472 Quien,
2190 5422 2351 5459 mere
2385 5406 2728 5462 historicum
2762 5408 2855 5461 hic
2887 5407 3060 5462 edere
3092 5408 3241 5462 nihil
3273 5412 3503 5472 attinet,
3531 5399 3731 5472 explleglf

619 5399 767 5489 ᾆ-όέξ
971 5417 1024 5468 S.
1058 5415 1220 5468 Joan.
1258 5412 1525 5465 Damasc.
1547 5423 1651 5479 per
1672 5408 1741 5461 Μ.
1770 5406 1844 5459 Le
1873 5401 2077 5473 Quien,
2190 5406 2741 5494 mere_historicam_
2762 5407 2855 5494 hic
2887 5407 3060 5462 edere
3092 5408 3241 5494 nihil
3273 5399 3503 5473 attinet,

442 5462 1121 5562 toin’f‘lfplagvftiimun.
1709 5549 1742 5562 Η
1830 5462 1907 5557 ,τ
2032 5462 2076 5557 .’
2190 5477 2542 5533 Parisiensis
2600 5478 2974 5560 bibliothecas
3033 5479 3334 5534 codicibus
3419 5462 3732 5531 exscribenda‘

618 5545 898 5619 Novoume
930 5545 1041 5612 sibi
1097 5552 1387 5609 beneﬁcio
1436 5549 1752 5606 obstrinxit
1794 5546 1879 5601 vir
1932 5545 2079 5602 emi-
2193 5556 2573 5618 peramanter
2602 5550 2845 5605 cumvm
