  <div class='ocr_page' id='page_1' title='image "/cluster/home/n/w/nwhite01/storage/ocr_20150623/96/mdp.39015008972211/742.png"; bbox 0 0 3888 6136; ppageno 0'>
   <div class='ocr_carea' id='block_1_1' title="bbox 148 311 285 368">
    <p class='ocr_par' dir='ltr' id='par_1_1' title="bbox 148 311 285 368">
     <span class='ocr_line' id='line_1_1' title="bbox 148 311 285 368; baseline -0.015 0"><span class='ocrx_word' id='word_1_1' title='bbox 148 314 172 368; x_wconf 91' lang='grc'>1</span> <span class='ocrx_word' id='word_1_2' title='bbox 183 311 285 367; x_wconf 71' lang='grc'><strong>453</strong></span> 
     </span>
    </p>
   </div>
   <div class='ocr_carea' id='block_1_2' title="bbox 1200 301 2502 358">
    <p class='ocr_par' dir='ltr' id='par_1_2' title="bbox 1200 301 2502 358">
     <span class='ocr_line' id='line_1_2' title="bbox 1200 301 2502 358; baseline 0.002 -2"><span class='ocrx_word' id='word_1_3' title='bbox 1200 301 1522 357; x_wconf 78' lang='lat' dir='ltr'><strong>JOANNBS</strong></span> <span class='ocrx_word' id='word_1_4' title='bbox 1561 301 2010 356; x_wconf 79' lang='lat' dir='ltr'><strong>EUBCEBNSIS.</strong></span> <span class='ocrx_word' id='word_1_5' title='bbox 2047 328 2112 340; x_wconf 91' lang='lat'><em>—</em></span> <span class='ocrx_word' id='word_1_6' title='bbox 2142 301 2502 358; x_wconf 81' lang='lat' dir='ltr'><strong>MONITUM.</strong></span> 
     </span>
    </p>
   </div>
   <div class='ocr_carea' id='block_1_3' title="bbox 3405 301 3542 359">
    <p class='ocr_par' dir='ltr' id='par_1_3' title="bbox 3405 301 3542 359">
     <span class='ocr_line' id='line_1_3' title="bbox 3405 301 3542 359; baseline 0.007 -1"><span class='ocrx_word' id='word_1_7' title='bbox 3405 301 3542 359; x_wconf 77' lang='grc'><strong>1454</strong></span> 
     </span>
    </p>
   </div>
   <div class='ocr_carea' id='block_1_4' title="bbox 147 426 3538 502">
    <p class='ocr_par' dir='ltr' id='par_1_4' title="bbox 147 426 3538 502">
     <span class='ocr_line' id='line_1_4' title="bbox 147 426 3538 502; baseline -0.002 -10"><span class='ocrx_word' id='word_1_8' title='bbox 147 433 546 492; x_wconf 81' lang='lat' dir='ltr'><strong>delitescebat.</strong></span> <span class='ocrx_word' id='word_1_9' title='bbox 605 434 676 487; x_wconf 91' lang='lat' dir='ltr'><strong>Et</strong></span> <span class='ocrx_word' id='word_1_10' title='bbox 719 448 783 487; x_wconf 90' lang='lat' dir='ltr'><strong>re</strong></span> <span class='ocrx_word' id='word_1_11' title='bbox 829 445 972 486; x_wconf 82' lang='lat' dir='ltr'><strong>sane</strong></span> <span class='ocrx_word' id='word_1_12' title='bbox 1022 445 1160 484; x_wconf 89' lang='lat' dir='ltr'><strong>vera</strong></span> <span class='ocrx_word' id='word_1_13' title='bbox 1207 427 1550 499; x_wconf 86' lang='lat' dir='ltr'><strong>quempiam</strong></span> <span class='ocrx_word' id='word_1_14' title='bbox 1598 426 1783 482; x_wconf 89' lang='lat' dir='ltr'><strong>alium</strong></span> <span class='ocrx_word' id='word_1_15' title='bbox 1815 429 1868 492; x_wconf 80' lang='grc' dir='ltr'><strong>Α</strong></span> <span class='ocrx_word' id='word_1_16' title='bbox 1895 426 2128 494; x_wconf 77' lang='lat' dir='ltr'><strong>vetusti,</strong></span> <span class='ocrx_word' id='word_1_17' title='bbox 2163 427 2454 498; x_wconf 85' lang='lat' dir='ltr'><strong>ejusmodi</strong></span> <span class='ocrx_word' id='word_1_18' title='bbox 2503 427 2954 500; x_wconf 81' lang='lat' dir='ltr'><strong>inscriptionem</strong></span> <span class='ocrx_word' id='word_1_19' title='bbox 2987 446 3108 502; x_wconf 57' lang='lat' dir='ltr'><strong>pra</strong></span> <span class='ocrx_word' id='word_1_20' title='bbox 3162 444 3224 484; x_wconf 91' lang='lat' dir='ltr'><strong>se</strong></span> <span class='ocrx_word' id='word_1_21' title='bbox 3256 430 3538 499; x_wconf 88' lang='lat' dir='ltr'><strong>fuerunt;</strong></span> 
     </span>
    </p>
   </div>
   <div class='ocr_carea' id='block_1_5' title="bbox 143 517 1784 590">
    <p class='ocr_par' dir='ltr' id='par_1_5' title="bbox 143 517 1784 590">
     <span class='ocr_line' id='line_1_5' title="bbox 143 517 1784 590; baseline -0.007 -8"><span class='ocrx_word' id='word_1_22' title='bbox 143 533 370 582; x_wconf 82' lang='lat' dir='ltr'><strong>exstare</strong></span> <span class='ocrx_word' id='word_1_23' title='bbox 402 524 688 590; x_wconf 89' lang='lat' dir='ltr'><strong>codicem,</strong></span> <span class='ocrx_word' id='word_1_24' title='bbox 749 519 907 577; x_wconf 89' lang='lat' dir='ltr'><strong>unde</strong></span> <span class='ocrx_word' id='word_1_25' title='bbox 967 518 1208 575; x_wconf 87' lang='lat' dir='ltr'><strong>Joannis</strong></span> <span class='ocrx_word' id='word_1_26' title='bbox 1265 519 1419 573; x_wconf 89' lang='lat' dir='ltr'><strong>hanc</strong></span> <span class='ocrx_word' id='word_1_27' title='bbox 1476 517 1784 572; x_wconf 89' lang='lat' dir='ltr'><strong>homiliam</strong></span> 
     </span>
    </p>
   </div>
   <div class='ocr_carea' id='block_1_6' title="bbox 142 606 1785 686">
    <p class='ocr_par' dir='ltr' id='par_1_6' title="bbox 142 606 1785 686">
     <span class='ocr_line' id='line_1_6' title="bbox 142 606 1785 686; baseline -0.006 -15"><span class='ocrx_word' id='word_1_28' title='bbox 142 614 548 686; x_wconf 86' lang='lat' dir='ltr'><strong>exscripsisset</strong></span> <span class='ocrx_word' id='word_1_29' title='bbox 574 611 845 680; x_wconf 86' lang='lat' dir='ltr'><strong>Allatius,</strong></span> <span class='ocrx_word' id='word_1_30' title='bbox 871 610 987 665; x_wconf 90' lang='lat' dir='ltr'><strong>duo</strong></span> <span class='ocrx_word' id='word_1_31' title='bbox 1019 614 1189 664; x_wconf 89' lang='lat' dir='ltr'><strong>erant</strong></span> <span class='ocrx_word' id='word_1_32' title='bbox 1219 625 1350 679; x_wconf 64' lang='lat' dir='ltr'><strong>quae</strong></span> <span class='ocrx_word' id='word_1_33' title='bbox 1380 607 1558 680; x_wconf 82' lang='lat' dir='ltr'><strong>plane</strong></span> <span class='ocrx_word' id='word_1_34' title='bbox 1581 606 1785 662; x_wconf 89' lang='lat' dir='ltr'><strong>suade-</strong></span> 
     </span>
    </p>
   </div>
   <div class='ocr_carea' id='block_1_7' title="bbox 140 698 1785 773">
    <p class='ocr_par' dir='ltr' id='par_1_7' title="bbox 140 698 1785 773">
     <span class='ocr_line' id='line_1_7' title="bbox 140 698 1785 773; baseline -0.006 -13"><span class='ocrx_word' id='word_1_35' title='bbox 140 706 300 762; x_wconf 89' lang='lat' dir='ltr'><strong>bant.</strong></span> <span class='ocrx_word' id='word_1_36' title='bbox 334 704 598 760; x_wconf 89' lang='lat' dir='ltr'><strong>Primum</strong></span> <span class='ocrx_word' id='word_1_37' title='bbox 625 701 781 773; x_wconf 92' lang='lat' dir='ltr'><strong>quod</strong></span> <span class='ocrx_word' id='word_1_38' title='bbox 810 700 1082 767; x_wconf 86' lang='lat' dir='ltr'><strong>Allatius,</strong></span> <span class='ocrx_word' id='word_1_39' title='bbox 1116 699 1187 753; x_wconf 94' lang='lat' dir='ltr'><strong>de</strong></span> <span class='ocrx_word' id='word_1_40' title='bbox 1220 699 1328 754; x_wconf 88' lang='lat' dir='ltr'><strong>hac</strong></span> <span class='ocrx_word' id='word_1_41' title='bbox 1359 698 1624 753; x_wconf 86' lang='lat' dir='ltr'><strong>oratione</strong></span> <span class='ocrx_word' id='word_1_42' title='bbox 1659 712 1785 751; x_wconf 88' lang='lat' dir='ltr'><strong>ser-</strong></span> 
     </span>
    </p>
   </div>
   <div class='ocr_carea' id='block_1_8' title="bbox 142 787 1785 864">
    <p class='ocr_par' dir='ltr' id='par_1_8' title="bbox 142 787 1785 864">
     <span class='ocr_line' id='line_1_8' title="bbox 142 787 1785 864; baseline -0.006 -13"><span class='ocrx_word' id='word_1_43' title='bbox 142 812 378 851; x_wconf 90' lang='lat' dir='ltr'><strong>monem</strong></span> <span class='ocrx_word' id='word_1_44' title='bbox 407 793 726 849; x_wconf 87' lang='lat' dir='ltr'><strong>instituens</strong></span> <span class='ocrx_word' id='word_1_45' title='bbox 776 793 876 864; x_wconf 76' lang='lat'><strong>(5),</strong></span> <span class='ocrx_word' id='word_1_46' title='bbox 931 789 1084 844; x_wconf 85' lang='lat' dir='ltr'><strong>nihil</strong></span> <span class='ocrx_word' id='word_1_47' title='bbox 1133 805 1378 861; x_wconf 82' lang='lat' dir='ltr'><strong>prorsus</strong></span> <span class='ocrx_word' id='word_1_48' title='bbox 1428 787 1785 844; x_wconf 90' lang='lat' dir='ltr'><strong>mendorum</strong></span> 
     </span>
    </p>
   </div>
   <div class='ocr_carea' id='block_1_9' title="bbox 141 877 1782 957">
    <p class='ocr_par' dir='ltr' id='par_1_9' title="bbox 141 877 1782 957">
     <span class='ocr_line' id='line_1_9' title="bbox 141 877 1782 957; baseline -0.007 -15"><span class='ocrx_word' id='word_1_49' title='bbox 141 885 369 957; x_wconf 90' lang='lat' dir='ltr'><strong>copiam</strong></span> <span class='ocrx_word' id='word_1_50' title='bbox 399 885 865 948; x_wconf 83' lang='lat' dir='ltr'><strong>lamentaretur;</strong></span> <span class='ocrx_word' id='word_1_51' title='bbox 915 881 1168 936; x_wconf 90' lang='lat' dir='ltr'><strong>alterum</strong></span> <span class='ocrx_word' id='word_1_52' title='bbox 1211 879 1370 950; x_wconf 91' lang='lat' dir='ltr'><strong>quod</strong></span> <span class='ocrx_word' id='word_1_53' title='bbox 1401 877 1608 934; x_wconf 86' lang='lat' dir='ltr'><strong>titulus</strong></span> <span class='ocrx_word' id='word_1_54' title='bbox 1653 893 1782 932; x_wconf 90' lang='lat' dir='ltr'><strong>ora-</strong></span> 
     </span>
    </p>
   </div>
   <div class='ocr_carea' id='block_1_10' title="bbox 141 965 1784 1045">
    <p class='ocr_par' dir='ltr' id='par_1_10' title="bbox 141 965 1784 1045">
     <span class='ocr_line' id='line_1_10' title="bbox 141 965 1784 1045; baseline -0.004 -17"><span class='ocrx_word' id='word_1_55' title='bbox 141 975 288 1029; x_wconf 89' lang='lat' dir='ltr'><strong>tioni</strong></span> <span class='ocrx_word' id='word_1_56' title='bbox 332 976 394 1029; x_wconf 91' lang='lat' dir='ltr'><strong>in</strong></span> <span class='ocrx_word' id='word_1_57' title='bbox 426 972 748 1045; x_wconf 84' lang='lat' dir='ltr'><strong>exemplari</strong></span> <span class='ocrx_word' id='word_1_58' title='bbox 790 971 1090 1026; x_wconf 80' lang='lat' dir='ltr'><strong>Allatiano</strong></span> <span class='ocrx_word' id='word_1_59' title='bbox 1135 969 1434 1040; x_wconf 69' lang='lat' dir='ltr'><strong>prmﬂxus,</strong></span> <span class='ocrx_word' id='word_1_60' title='bbox 1469 969 1645 1039; x_wconf 87' lang='lat' dir='ltr'><strong>plane</strong></span> <span class='ocrx_word' id='word_1_61' title='bbox 1695 965 1784 1021; x_wconf 90' lang='lat' dir='ltr'><strong>di-</strong></span> 
     </span>
    </p>
   </div>
   <div class='ocr_carea' id='block_1_11' title="bbox 139 1056 1780 1131">
    <p class='ocr_par' dir='ltr' id='par_1_11' title="bbox 139 1056 1780 1131">
     <span class='ocr_line' id='line_1_11' title="bbox 139 1056 1780 1131; baseline -0.004 -14"><span class='ocrx_word' id='word_1_62' title='bbox 139 1080 338 1119; x_wconf 84' lang='lat' dir='ltr'><strong>versus</strong></span> <span class='ocrx_word' id='word_1_63' title='bbox 396 1063 469 1118; x_wconf 91' lang='lat' dir='ltr'><strong>ab</strong></span> <span class='ocrx_word' id='word_1_64' title='bbox 529 1079 597 1117; x_wconf 92' lang='lat' dir='ltr'><strong>eo</strong></span> <span class='ocrx_word' id='word_1_65' title='bbox 655 1065 814 1117; x_wconf 83' lang='lat' dir='ltr'><strong>esset</strong></span> <span class='ocrx_word' id='word_1_66' title='bbox 879 1076 1058 1131; x_wconf 90' lang='lat' dir='ltr'><strong>quem</strong></span> <span class='ocrx_word' id='word_1_67' title='bbox 1123 1058 1364 1130; x_wconf 65' lang='lat' dir='ltr'><strong>praefert</strong></span> <span class='ocrx_word' id='word_1_68' title='bbox 1427 1056 1613 1112; x_wconf 85' lang='lat' dir='ltr'><strong>codex</strong></span> <span class='ocrx_word' id='word_1_69' title='bbox 1659 1056 1780 1111; x_wconf 83' lang='lat' dir='ltr'><strong>Cse-</strong></span> 
     </span>
    </p>
   </div>
   <div class='ocr_carea' id='block_1_12' title="bbox 141 1169 370 1210">
    <p class='ocr_par' dir='ltr' id='par_1_12' title="bbox 141 1169 370 1210">
     <span class='ocr_line' id='line_1_12' title="bbox 141 1169 370 1210; baseline 0.004 -1"><span class='ocrx_word' id='word_1_70' title='bbox 141 1169 370 1210; x_wconf 88' lang='lat' dir='ltr'><strong>sareus.</strong></span> 
     </span>
    </p>
   </div>
   <div class='ocr_carea' id='block_1_13' title="bbox 211 1236 1784 1314">
    <p class='ocr_par' dir='ltr' id='par_1_13' title="bbox 211 1236 1784 1314">
     <span class='ocr_line' id='line_1_13' title="bbox 211 1236 1784 1314; baseline -0.004 -17"><span class='ocrx_word' id='word_1_71' title='bbox 211 1243 396 1314; x_wconf 85' lang='lat' dir='ltr'><strong>Hujus</strong></span> <span class='ocrx_word' id='word_1_72' title='bbox 425 1242 626 1312; x_wconf 87' lang='lat' dir='ltr'><strong>itaque</strong></span> <span class='ocrx_word' id='word_1_73' title='bbox 656 1239 900 1306; x_wconf 89' lang='lat' dir='ltr'><strong>codicis,</strong></span> <span class='ocrx_word' id='word_1_74' title='bbox 927 1254 1044 1309; x_wconf 94' lang='lat' dir='ltr'><strong>quo</strong></span> <span class='ocrx_word' id='word_1_75' title='bbox 1075 1237 1221 1293; x_wconf 91' lang='lat' dir='ltr'><strong>olim</strong></span> <span class='ocrx_word' id='word_1_76' title='bbox 1251 1241 1307 1291; x_wconf 82' lang='lat' dir='ltr'><strong>et</strong></span> <span class='ocrx_word' id='word_1_77' title='bbox 1354 1236 1607 1292; x_wconf 74' lang='lat' dir='ltr'><strong>Allatltls</strong></span> <span class='ocrx_word' id='word_1_78' title='bbox 1638 1248 1784 1291; x_wconf 87' lang='lat' dir='ltr'><strong>usus</strong></span> 
     </span>
    </p>
   </div>
   <div class='ocr_carea' id='block_1_14' title="bbox 141 1324 1783 1402">
    <p class='ocr_par' dir='ltr' id='par_1_14' title="bbox 141 1324 1783 1402">
     <span class='ocr_line' id='line_1_14' title="bbox 141 1324 1783 1402; baseline -0.005 -16"><span class='ocrx_word' id='word_1_79' title='bbox 141 1337 247 1402; x_wconf 90' lang='lat' dir='ltr'><strong>est,</strong></span> <span class='ocrx_word' id='word_1_80' title='bbox 264 1345 562 1401; x_wconf 85' lang='lat' dir='ltr'><strong>quemque</strong></span> <span class='ocrx_word' id='word_1_81' title='bbox 583 1327 956 1384; x_wconf 88' lang='lat' dir='ltr'><strong>exscribendi</strong></span> <span class='ocrx_word' id='word_1_82' title='bbox 981 1343 1048 1382; x_wconf 91' lang='lat' dir='ltr'><strong>ac</strong></span> <span class='ocrx_word' id='word_1_83' title='bbox 1060 1325 1338 1398; x_wconf 86' lang='lat' dir='ltr'><strong>vulgandi</strong></span> <span class='ocrx_word' id='word_1_84' title='bbox 1353 1324 1783 1396; x_wconf 88' lang='lat' dir='ltr'><strong>amplissimam</strong></span> 
     </span>
    </p>
   </div>
   <div class='ocr_carea' id='block_1_15' title="bbox 138 1413 1783 1485">
    <p class='ocr_par' dir='ltr' id='par_1_15' title="bbox 138 1413 1783 1485">
     <span class='ocr_line' id='line_1_15' title="bbox 138 1413 1783 1485; baseline -0.006 -9"><span class='ocrx_word' id='word_1_85' title='bbox 138 1420 286 1476; x_wconf 88' lang='lat' dir='ltr'><strong>mihi</strong></span> <span class='ocrx_word' id='word_1_86' title='bbox 336 1419 574 1475; x_wconf 88' lang='lat' dir='ltr'><strong>veniam</strong></span> <span class='ocrx_word' id='word_1_87' title='bbox 642 1433 877 1474; x_wconf 90' lang='lat' dir='ltr'><strong>summa</strong></span> <span class='ocrx_word' id='word_1_88' title='bbox 949 1414 1433 1471; x_wconf 82' lang='lat' dir='ltr'><strong>excellentissimi</strong></span> <span class='ocrx_word' id='word_1_89' title='bbox 1498 1413 1783 1485; x_wconf 88' lang='lat' dir='ltr'><strong>principis</strong></span> 
     </span>
    </p>
   </div>
   <div class='ocr_carea' id='block_1_16' title="bbox 137 1502 1781 1577">
    <p class='ocr_par' dir='ltr' id='par_1_16' title="bbox 137 1502 1781 1577">
     <span class='ocr_line' id='line_1_16' title="bbox 137 1502 1781 1577; baseline -0.003 -14"><span class='ocrx_word' id='word_1_90' title='bbox 137 1508 445 1564; x_wconf 88' lang='lat' dir='ltr'><strong>Barberini</strong></span> <span class='ocrx_word' id='word_1_91' title='bbox 474 1507 616 1563; x_wconf 86' lang='lat' dir='ltr'><strong>fecit</strong></span> <span class='ocrx_word' id='word_1_92' title='bbox 643 1505 1005 1574; x_wconf 86' lang='lat' dir='ltr'><strong>humanitas,</strong></span> <span class='ocrx_word' id='word_1_93' title='bbox 1037 1505 1333 1577; x_wconf 86' lang='lat' dir='ltr'><strong>integrum</strong></span> <span class='ocrx_word' id='word_1_94' title='bbox 1353 1508 1580 1558; x_wconf 83' lang='lat' dir='ltr'><strong>textum</strong></span> <span class='ocrx_word' id='word_1_95' title='bbox 1608 1502 1781 1558; x_wconf 83' lang='lat' dir='ltr'><strong>dabo-</strong></span> 
     </span>
    </p>
   </div>
   <div class='ocr_carea' id='block_1_17' title="bbox 135 1591 1784 1666">
    <p class='ocr_par' dir='ltr' id='par_1_17' title="bbox 135 1591 1784 1666">
     <span class='ocr_line' id='line_1_17' title="bbox 135 1591 1784 1666; baseline -0.004 -15"><span class='ocrx_word' id='word_1_96' title='bbox 135 1597 261 1652; x_wconf 80' lang='lat' dir='ltr'><strong>Non</strong></span> <span class='ocrx_word' id='word_1_97' title='bbox 293 1601 453 1651; x_wconf 86' lang='lat' dir='ltr'><strong>caret</strong></span> <span class='ocrx_word' id='word_1_98' title='bbox 501 1594 740 1666; x_wconf 90' lang='lat' dir='ltr'><strong>quidem</strong></span> <span class='ocrx_word' id='word_1_99' title='bbox 774 1600 832 1650; x_wconf 88' lang='lat' dir='ltr'><strong>et</strong></span> <span class='ocrx_word' id='word_1_100' title='bbox 860 1593 956 1648; x_wconf 92' lang='lat' dir='ltr'><strong>hic</strong></span> <span class='ocrx_word' id='word_1_101' title='bbox 988 1593 1172 1648; x_wconf 89' lang='lat' dir='ltr'><strong>codex</strong></span> <span class='ocrx_word' id='word_1_102' title='bbox 1226 1591 1348 1646; x_wconf 84' lang='lat' dir='ltr'><strong>suis</strong></span> <span class='ocrx_word' id='word_1_103' title='bbox 1401 1591 1673 1646; x_wconf 85' lang='lat' dir='ltr'><strong>mendis:</strong></span> <span class='ocrx_word' id='word_1_104' title='bbox 1724 1593 1784 1646; x_wconf 92' lang='lat' dir='ltr'><strong>at</strong></span> 
     </span>
    </p>
   </div>
   <div class='ocr_carea' id='block_1_18' title="bbox 139 1681 1780 1755">
    <p class='ocr_par' dir='ltr' id='par_1_18' title="bbox 139 1681 1780 1755">
     <span class='ocr_line' id='line_1_18' title="bbox 139 1681 1780 1755; baseline -0.002 -16"><span class='ocrx_word' id='word_1_105' title='bbox 139 1684 360 1740; x_wconf 85' lang='lat' dir='ltr'><strong>leviora</strong></span> <span class='ocrx_word' id='word_1_106' title='bbox 389 1684 493 1741; x_wconf 92' lang='lat' dir='ltr'><strong>illa</strong></span> <span class='ocrx_word' id='word_1_107' title='bbox 523 1689 684 1752; x_wconf 90' lang='lat' dir='ltr'><strong>sunt,</strong></span> <span class='ocrx_word' id='word_1_108' title='bbox 714 1700 908 1755; x_wconf 90' lang='lat' dir='ltr'><strong>neque</strong></span> <span class='ocrx_word' id='word_1_109' title='bbox 942 1683 1234 1755; x_wconf 86' lang='lat' dir='ltr'><strong>ejusmodi</strong></span> <span class='ocrx_word' id='word_1_110' title='bbox 1281 1681 1585 1737; x_wconf 87' lang='lat' dir='ltr'><strong>obducunt</strong></span> <span class='ocrx_word' id='word_1_111' title='bbox 1615 1685 1780 1736; x_wconf 91' lang='lat' dir='ltr'><strong>tene-</strong></span> 
     </span>
    </p>
   </div>
   <div class='ocr_carea' id='block_1_19' title="bbox 133 1769 1861 1857">
    <p class='ocr_par' dir='ltr' id='par_1_19' title="bbox 133 1769 1861 1857">
     <span class='ocr_line' id='line_1_19' title="bbox 133 1769 1861 1857; baseline -0.002 -31"><span class='ocrx_word' id='word_1_112' title='bbox 133 1772 292 1843; x_wconf 88' lang='lat' dir='ltr'><strong>bras,</strong></span> <span class='ocrx_word' id='word_1_113' title='bbox 325 1778 391 1827; x_wconf 92' lang='lat' dir='ltr'><strong>ut</strong></span> <span class='ocrx_word' id='word_1_114' title='bbox 419 1772 702 1828; x_wconf 90' lang='lat' dir='ltr'><strong>orationis</strong></span> <span class='ocrx_word' id='word_1_115' title='bbox 747 1787 957 1826; x_wconf 87' lang='lat' dir='ltr'><strong>sensus</strong></span> <span class='ocrx_word' id='word_1_116' title='bbox 1005 1771 1248 1826; x_wconf 88' lang='lat' dir='ltr'><strong>omnino</strong></span> <span class='ocrx_word' id='word_1_117' title='bbox 1297 1769 1501 1842; x_wconf 80' lang='lat' dir='ltr'><strong>fugiat.</strong></span> <span class='ocrx_word' id='word_1_118' title='bbox 1534 1770 1784 1840; x_wconf 85' lang='lat' dir='ltr'><strong>Insuper</strong></span> <span class='ocrx_word' id='word_1_119' title='bbox 1813 1791 1861 1857; x_wconf 80' lang='grc' dir='ltr'><strong>Β</strong></span> 
     </span>
    </p>
   </div>
   <div class='ocr_carea' id='block_1_20' title="bbox 134 1857 1775 1933">
    <p class='ocr_par' dir='ltr' id='par_1_20' title="bbox 134 1857 1775 1933">
     <span class='ocr_line' id='line_1_20' title="bbox 134 1857 1775 1933; baseline -0.002 -18"><span class='ocrx_word' id='word_1_120' title='bbox 134 1861 229 1916; x_wconf 91' lang='lat' dir='ltr'><strong>his</strong></span> <span class='ocrx_word' id='word_1_121' title='bbox 280 1877 518 1933; x_wconf 87' lang='lat' dir='ltr'><strong>quoque</strong></span> <span class='ocrx_word' id='word_1_122' title='bbox 577 1860 940 1933; x_wconf 81' lang='lat' dir='ltr'><strong>corrigendis</strong></span> <span class='ocrx_word' id='word_1_123' title='bbox 999 1875 1173 1915; x_wconf 90' lang='lat' dir='ltr'><strong>suum</strong></span> <span class='ocrx_word' id='word_1_124' title='bbox 1233 1857 1476 1930; x_wconf 89' lang='lat' dir='ltr'><strong>aliquod</strong></span> <span class='ocrx_word' id='word_1_125' title='bbox 1525 1857 1775 1913; x_wconf 68' lang='lat' dir='ltr'><strong>Caesarei</strong></span> 
     </span>
    </p>
   </div>
   <div class='ocr_carea' id='block_1_21' title="bbox 135 1946 1778 2021">
    <p class='ocr_par' dir='ltr' id='par_1_21' title="bbox 135 1946 1778 2021">
     <span class='ocr_line' id='line_1_21' title="bbox 135 1946 1778 2021; baseline -0.002 -15"><span class='ocrx_word' id='word_1_126' title='bbox 135 1950 394 2021; x_wconf 89' lang='lat' dir='ltr'><strong>codices,</strong></span> <span class='ocrx_word' id='word_1_127' title='bbox 444 1955 578 2006; x_wconf 91' lang='lat' dir='ltr'><strong>utut</strong></span> <span class='ocrx_word' id='word_1_128' title='bbox 606 1949 1061 2021; x_wconf 89' lang='lat' dir='ltr'><strong>corruptissimi,</strong></span> <span class='ocrx_word' id='word_1_129' title='bbox 1110 1947 1456 2021; x_wconf 71' lang='lat' dir='ltr'><strong>praesidium</strong></span> <span class='ocrx_word' id='word_1_130' title='bbox 1509 1946 1778 2003; x_wconf 86' lang='lat' dir='ltr'><strong>conferre</strong></span> 
     </span>
    </p>
   </div>
   <div class='ocr_carea' id='block_1_22' title="bbox 133 2037 1777 2110">
    <p class='ocr_par' dir='ltr' id='par_1_22' title="bbox 133 2037 1777 2110">
     <span class='ocr_line' id='line_1_22' title="bbox 133 2037 1777 2110; baseline -0.001 -16"><span class='ocrx_word' id='word_1_131' title='bbox 133 2044 494 2110; x_wconf 88' lang='lat' dir='ltr'><strong>potuerunt;</strong></span> <span class='ocrx_word' id='word_1_132' title='bbox 528 2039 686 2110; x_wconf 90' lang='lat' dir='ltr'><strong>quod</strong></span> <span class='ocrx_word' id='word_1_133' title='bbox 725 2038 910 2094; x_wconf 91' lang='lat' dir='ltr'><strong>sicubi</strong></span> <span class='ocrx_word' id='word_1_134' title='bbox 968 2039 1091 2106; x_wconf 80' lang='lat' dir='ltr'><strong>fiat,</strong></span> <span class='ocrx_word' id='word_1_135' title='bbox 1122 2037 1194 2092; x_wconf 90' lang='lat' dir='ltr'><strong>ad</strong></span> <span class='ocrx_word' id='word_1_136' title='bbox 1243 2037 1465 2092; x_wconf 88' lang='lat' dir='ltr'><strong>calcem</strong></span> <span class='ocrx_word' id='word_1_137' title='bbox 1497 2037 1777 2092; x_wconf 83' lang='lat' dir='ltr'><strong>subnota-</strong></span> 
     </span>
    </p>
   </div>
   <div class='ocr_carea' id='block_1_23' title="bbox 133 2125 1779 2184">
    <p class='ocr_par' dir='ltr' id='par_1_23' title="bbox 133 2125 1779 2184">
     <span class='ocr_line' id='line_1_23' title="bbox 133 2125 1779 2184; baseline -0.002 -2"><span class='ocrx_word' id='word_1_138' title='bbox 133 2132 263 2184; x_wconf 90' lang='lat' dir='ltr'><strong>tum</strong></span> <span class='ocrx_word' id='word_1_139' title='bbox 295 2127 483 2184; x_wconf 89' lang='lat' dir='ltr'><strong>lector</strong></span> <span class='ocrx_word' id='word_1_140' title='bbox 528 2128 806 2184; x_wconf 91' lang='lat' dir='ltr'><strong>inveniet.</strong></span> <span class='ocrx_word' id='word_1_141' title='bbox 841 2129 882 2181; x_wconf 88' lang='lat' dir='ltr'>E</span> <span class='ocrx_word' id='word_1_142' title='bbox 915 2127 1197 2181; x_wconf 69' lang='lat' dir='ltr'><strong>Caesareis</strong></span> <span class='ocrx_word' id='word_1_143' title='bbox 1228 2132 1428 2181; x_wconf 91' lang='lat' dir='ltr'><strong>autem</strong></span> <span class='ocrx_word' id='word_1_144' title='bbox 1476 2125 1779 2180; x_wconf 89' lang='lat' dir='ltr'><strong>codicibus</strong></span> 
     </span>
    </p>
   </div>
   <div class='ocr_carea' id='block_1_24' title="bbox 132 2215 1775 2289">
    <p class='ocr_par' dir='ltr' id='par_1_24' title="bbox 132 2215 1775 2289">
     <span class='ocr_line' id='line_1_24' title="bbox 132 2215 1775 2289; baseline -0.004 -15"><span class='ocrx_word' id='word_1_145' title='bbox 132 2235 259 2274; x_wconf 86' lang='lat' dir='ltr'><strong>non</strong></span> <span class='ocrx_word' id='word_1_146' title='bbox 290 2217 612 2274; x_wconf 89' lang='lat' dir='ltr'><strong>recensebo</strong></span> <span class='ocrx_word' id='word_1_147' title='bbox 636 2217 899 2289; x_wconf 89' lang='lat' dir='ltr'><strong>quidem,</strong></span> <span class='ocrx_word' id='word_1_148' title='bbox 933 2222 1215 2286; x_wconf 88' lang='lat' dir='ltr'><strong>tanquam</strong></span> <span class='ocrx_word' id='word_1_149' title='bbox 1247 2216 1436 2271; x_wconf 88' lang='lat' dir='ltr'><strong>varias</strong></span> <span class='ocrx_word' id='word_1_150' title='bbox 1466 2215 1775 2281; x_wconf 87' lang='lat' dir='ltr'><strong>lectiones,</strong></span> 
     </span>
    </p>
   </div>
   <div class='ocr_carea' id='block_1_25' title="bbox 135 2303 1777 2377">
    <p class='ocr_par' dir='ltr' id='par_1_25' title="bbox 135 2303 1777 2377">
     <span class='ocr_line' id='line_1_25' title="bbox 135 2303 1777 2377; baseline -0.004 -15"><span class='ocrx_word' id='word_1_151' title='bbox 135 2323 344 2362; x_wconf 87' lang='lat' dir='ltr'><strong>eorum</strong></span> <span class='ocrx_word' id='word_1_152' title='bbox 374 2305 592 2362; x_wconf 90' lang='lat' dir='ltr'><strong>menda</strong></span> <span class='ocrx_word' id='word_1_153' title='bbox 641 2321 823 2377; x_wconf 87' lang='lat' dir='ltr'><strong>prepe</strong></span> <span class='ocrx_word' id='word_1_154' title='bbox 848 2305 1200 2360; x_wconf 89' lang='lat' dir='ltr'><strong>innumera:</strong></span> <span class='ocrx_word' id='word_1_155' title='bbox 1234 2303 1526 2359; x_wconf 88' lang='lat' dir='ltr'><strong>adnotabo</strong></span> <span class='ocrx_word' id='word_1_156' title='bbox 1576 2308 1777 2358; x_wconf 88' lang='lat' dir='ltr'><strong>tamen</strong></span> 
     </span>
    </p>
   </div>
   <div class='ocr_carea' id='block_1_26' title="bbox 135 2391 1781 2467">
    <p class='ocr_par' dir='ltr' id='par_1_26' title="bbox 135 2391 1781 2467">
     <span class='ocr_line' id='line_1_26' title="bbox 135 2391 1781 2467; baseline -0.003 -17"><span class='ocrx_word' id='word_1_157' title='bbox 135 2400 194 2450; x_wconf 90' lang='grc' dir='ltr'><strong>1ο</strong></span> <span class='ocrx_word' id='word_1_158' title='bbox 225 2395 460 2467; x_wconf 90' lang='lat' dir='ltr'><strong>quando</strong></span> <span class='ocrx_word' id='word_1_159' title='bbox 491 2395 564 2450; x_wconf 92' lang='lat' dir='ltr'><strong>ad</strong></span> <span class='ocrx_word' id='word_1_160' title='bbox 602 2393 820 2450; x_wconf 88' lang='lat' dir='ltr'><strong>menda</strong></span> <span class='ocrx_word' id='word_1_161' title='bbox 851 2393 1258 2450; x_wconf 90' lang='lat' dir='ltr'><strong>Barberiniani</strong></span> <span class='ocrx_word' id='word_1_162' title='bbox 1299 2393 1518 2449; x_wconf 92' lang='lat' dir='ltr'><strong>codicis</strong></span> <span class='ocrx_word' id='word_1_163' title='bbox 1550 2391 1781 2446; x_wconf 77' lang='lat' dir='ltr'><strong>abster-</strong></span> 
     </span>
    </p>
   </div>
   <div class='ocr_carea' id='block_1_27' title="bbox 129 2480 1778 2558">
    <p class='ocr_par' dir='ltr' id='par_1_27' title="bbox 129 2480 1778 2558">
     <span class='ocr_line' id='line_1_27' title="bbox 129 2480 1778 2558; baseline -0.003 -17"><span class='ocrx_word' id='word_1_164' title='bbox 129 2485 327 2558; x_wconf 81' lang='lat' dir='ltr'><strong>genda</strong></span> <span class='ocrx_word' id='word_1_165' title='bbox 385 2484 610 2555; x_wconf 89' lang='lat' dir='ltr'><strong>aliquid</strong></span> <span class='ocrx_word' id='word_1_166' title='bbox 667 2483 1067 2548; x_wconf 87' lang='lat' dir='ltr'><strong>contulerint;</strong></span> <span class='ocrx_word' id='word_1_167' title='bbox 1128 2486 1185 2536; x_wconf 86' lang='lat'><strong>2°</strong></span> <span class='ocrx_word' id='word_1_168' title='bbox 1242 2482 1290 2536; x_wconf 91' lang='lat' dir='ltr'><strong>si</strong></span> <span class='ocrx_word' id='word_1_169' title='bbox 1343 2481 1580 2552; x_wconf 89' lang='lat' dir='ltr'><strong>quando</strong></span> <span class='ocrx_word' id='word_1_170' title='bbox 1629 2480 1778 2536; x_wconf 88' lang='lat' dir='ltr'><strong>citra</strong></span> 
     </span>
    </p>
   </div>
   <div class='ocr_carea' id='block_1_28' title="bbox 125 2569 1775 2642">
    <p class='ocr_par' dir='ltr' id='par_1_28' title="bbox 125 2569 1775 2642">
     <span class='ocr_line' id='line_1_28' title="bbox 125 2569 1775 2642; baseline -0.004 -12"><span class='ocrx_word' id='word_1_171' title='bbox 125 2573 351 2630; x_wconf 91' lang='lat' dir='ltr'><strong>menda</strong></span> <span class='ocrx_word' id='word_1_172' title='bbox 378 2574 598 2629; x_wconf 86' lang='lat' dir='ltr'><strong>variam</strong></span> <span class='ocrx_word' id='word_1_173' title='bbox 630 2572 894 2642; x_wconf 87' lang='lat' dir='ltr'><strong>aliquam</strong></span> <span class='ocrx_word' id='word_1_174' title='bbox 924 2571 1242 2626; x_wconf 90' lang='lat' dir='ltr'><strong>lectionem</strong></span> <span class='ocrx_word' id='word_1_175' title='bbox 1286 2575 1388 2624; x_wconf 92' lang='lat' dir='ltr'><strong>aut</strong></span> <span class='ocrx_word' id='word_1_176' title='bbox 1418 2569 1775 2625; x_wconf 87' lang='lat' dir='ltr'><strong>sententiam</strong></span> 
     </span>
    </p>
   </div>
   <div class='ocr_carea' id='block_1_29' title="bbox 128 2661 697 2735">
    <p class='ocr_par' dir='ltr' id='par_1_29' title="bbox 128 2661 697 2735">
     <span class='ocr_line' id='line_1_29' title="bbox 128 2661 697 2735; baseline -0.009 -16"><span class='ocrx_word' id='word_1_177' title='bbox 128 2680 257 2735; x_wconf 67' lang='lat' dir='ltr'><strong>pra)</strong></span> <span class='ocrx_word' id='word_1_178' title='bbox 288 2679 350 2719; x_wconf 89' lang='lat' dir='ltr'><strong>se</strong></span> <span class='ocrx_word' id='word_1_179' title='bbox 376 2662 572 2718; x_wconf 87' lang='lat' dir='ltr'><strong>ferant</strong></span> <span class='ocrx_word' id='word_1_180' title='bbox 599 2661 697 2732; x_wconf 86' lang='lat'><strong>(6).</strong></span> 
     </span>
    </p>
   </div>
   <div class='ocr_carea' id='block_1_30' title="bbox 207 2746 1775 2819">
    <p class='ocr_par' dir='ltr' id='par_1_30' title="bbox 207 2746 1775 2819">
     <span class='ocr_line' id='line_1_30' title="bbox 207 2746 1775 2819; baseline -0.001 -13"><span class='ocrx_word' id='word_1_181' title='bbox 207 2754 269 2809; x_wconf 90' lang='lat' dir='ltr'><strong>V.</strong></span> <span class='ocrx_word' id='word_1_182' title='bbox 304 2754 380 2807; x_wconf 89' lang='lat' dir='ltr'><strong>De</strong></span> <span class='ocrx_word' id='word_1_183' title='bbox 414 2750 699 2808; x_wconf 89' lang='lat' dir='ltr'><strong>orationis</strong></span> <span class='ocrx_word' id='word_1_184' title='bbox 729 2752 968 2806; x_wconf 89' lang='lat' dir='ltr'><strong>auctore</strong></span> <span class='ocrx_word' id='word_1_185' title='bbox 1015 2749 1239 2804; x_wconf 89' lang='lat' dir='ltr'><strong>Joanne</strong></span> <span class='ocrx_word' id='word_1_186' title='bbox 1282 2746 1594 2804; x_wconf 67' lang='lat' dir='ltr'><strong>Eubaaensi</strong></span> <span class='ocrx_word' id='word_1_187' title='bbox 1629 2763 1775 2819; x_wconf 88' lang='lat' dir='ltr'><strong>pau-</strong></span> 
     </span>
    </p>
   </div>
   <div class='ocr_carea' id='block_1_31' title="bbox 129 2838 1779 2911">
    <p class='ocr_par' dir='ltr' id='par_1_31' title="bbox 129 2838 1779 2911">
     <span class='ocr_line' id='line_1_31' title="bbox 129 2838 1779 2911; baseline -0.005 -12"><span class='ocrx_word' id='word_1_188' title='bbox 129 2859 204 2899; x_wconf 87' lang='lat' dir='ltr'><strong>ca</strong></span> <span class='ocrx_word' id='word_1_189' title='bbox 229 2843 474 2898; x_wconf 90' lang='lat' dir='ltr'><strong>omnino</strong></span> <span class='ocrx_word' id='word_1_190' title='bbox 506 2846 664 2906; x_wconf 90' lang='lat' dir='ltr'><strong>sunt,</strong></span> <span class='ocrx_word' id='word_1_191' title='bbox 696 2857 828 2911; x_wconf 65' lang='lat' dir='ltr'><strong>quas</strong></span> <span class='ocrx_word' id='word_1_192' title='bbox 859 2839 973 2894; x_wconf 90' lang='lat' dir='ltr'><strong>dici</strong></span> <span class='ocrx_word' id='word_1_193' title='bbox 994 2838 1245 2910; x_wconf 88' lang='lat' dir='ltr'><strong>possint.</strong></span> <span class='ocrx_word' id='word_1_194' title='bbox 1279 2839 1358 2893; x_wconf 90' lang='lat' dir='ltr'><strong>De</strong></span> <span class='ocrx_word' id='word_1_195' title='bbox 1389 2838 1517 2910; x_wconf 90' lang='lat' dir='ltr'><strong>ipso</strong></span> <span class='ocrx_word' id='word_1_196' title='bbox 1541 2838 1779 2892; x_wconf 88' lang='lat' dir='ltr'><strong>Guillel-</strong></span> 
     </span>
    </p>
   </div>
   <div class='ocr_carea' id='block_1_32' title="bbox 127 2927 1778 3005">
    <p class='ocr_par' dir='ltr' id='par_1_32' title="bbox 127 2927 1778 3005">
     <span class='ocr_line' id='line_1_32' title="bbox 127 2927 1778 3005; baseline -0.004 -17"><span class='ocrx_word' id='word_1_197' title='bbox 127 2949 266 2988; x_wconf 87' lang='lat' dir='ltr'><strong>mus</strong></span> <span class='ocrx_word' id='word_1_198' title='bbox 296 2933 441 2987; x_wconf 90' lang='lat' dir='ltr'><strong>Cave</strong></span> <span class='ocrx_word' id='word_1_199' title='bbox 469 2931 720 3005; x_wconf 85' lang='lat' dir='ltr'><strong>(Histor.,</strong></span> <span class='ocrx_word' id='word_1_200' title='bbox 753 2931 1016 2997; x_wconf 84' lang='lat' dir='ltr'><strong>litterar.,</strong></span> <span class='ocrx_word' id='word_1_201' title='bbox 1044 2928 1118 2984; x_wconf 92' lang='lat' dir='ltr'><strong>ad</strong></span> <span class='ocrx_word' id='word_1_202' title='bbox 1151 2944 1291 2984; x_wconf 90' lang='lat' dir='ltr'><strong>ann.</strong></span> <span class='ocrx_word' id='word_1_203' title='bbox 1326 2927 1450 2998; x_wconf 81' lang='grc'><strong>744)</strong></span> <span class='ocrx_word' id='word_1_204' title='bbox 1487 2943 1500 2982; x_wconf 90' lang='lat'>:</span> <span class='ocrx_word' id='word_1_205' title='bbox 1539 2930 1778 2984; x_wconf 86' lang='lat' dir='ltr'><strong>Joannes</strong></span> 
     </span>
    </p>
   </div>
   <div class='ocr_carea' id='block_1_33' title="bbox 127 3018 1779 3090">
    <p class='ocr_par' dir='ltr' id='par_1_33' title="bbox 127 3018 1779 3090">
     <span class='ocr_line' id='line_1_33' title="bbox 127 3018 1779 3090; baseline -0.004 -12"><span class='ocrx_word' id='word_1_206' title='bbox 127 3023 435 3078; x_wconf 86' lang='lat' dir='ltr'><strong>monachus</strong></span> <span class='ocrx_word' id='word_1_207' title='bbox 493 3027 544 3076; x_wconf 89' lang='lat' dir='ltr'><strong>et</strong></span> <span class='ocrx_word' id='word_1_208' title='bbox 593 3020 904 3090; x_wconf 85' lang='lat' dir='ltr'><strong>presbyter,</strong></span> <span class='ocrx_word' id='word_1_209' title='bbox 956 3025 1169 3089; x_wconf 89' lang='lat' dir='ltr'><strong>postea,</strong></span> <span class='ocrx_word' id='word_1_210' title='bbox 1225 3024 1286 3072; x_wconf 85' lang='lat' dir='ltr'><strong>ut</strong></span> <span class='ocrx_word' id='word_1_211' title='bbox 1345 3018 1604 3083; x_wconf 83' lang='lat' dir='ltr'><strong>videtur,</strong></span> <span class='ocrx_word' id='word_1_212' title='bbox 1667 3022 1779 3073; x_wconf 83' lang='lat' dir='ltr'><strong>Eu-</strong></span> 
     </span>
    </p>
   </div>
   <div class='ocr_carea' id='block_1_34' title="bbox 129 3107 1775 3182">
    <p class='ocr_par' dir='ltr' id='par_1_34' title="bbox 129 3107 1775 3182">
     <span class='ocr_line' id='line_1_34' title="bbox 129 3107 1775 3182; baseline -0.004 -14"><span class='ocrx_word' id='word_1_213' title='bbox 129 3114 258 3169; x_wconf 68' lang='lat' dir='ltr'><strong>bazae</strong></span> <span class='ocrx_word' id='word_1_214' title='bbox 305 3115 607 3182; x_wconf 83' lang='lat' dir='ltr'><strong>episcopus,</strong></span> <span class='ocrx_word' id='word_1_215' title='bbox 656 3111 860 3166; x_wconf 81' lang='lat' dir='ltr'><strong>claruit</strong></span> <span class='ocrx_word' id='word_1_216' title='bbox 909 3109 1058 3164; x_wconf 82' lang='lat' dir='ltr'><strong>circa</strong></span> <span class='ocrx_word' id='word_1_217' title='bbox 1104 3124 1308 3164; x_wconf 90' lang='lat' dir='ltr'><strong>annum</strong></span> <span class='ocrx_word' id='word_1_218' title='bbox 1341 3109 1464 3162; x_wconf 84' lang='grc'><strong>744.</strong></span> <span class='ocrx_word' id='word_1_219' title='bbox 1498 3107 1600 3162; x_wconf 90' lang='lat' dir='ltr'><strong>Cui</strong></span> <span class='ocrx_word' id='word_1_220' title='bbox 1631 3123 1775 3162; x_wconf 90' lang='lat' dir='ltr'><strong>con-</strong></span> 
     </span>
    </p>
   </div>
   <div class='ocr_carea' id='block_1_35' title="bbox 126 3198 1773 3272">
    <p class='ocr_par' dir='ltr' id='par_1_35' title="bbox 126 3198 1773 3272">
     <span class='ocr_line' id='line_1_35' title="bbox 126 3198 1773 3272; baseline -0.004 -14"><span class='ocrx_word' id='word_1_221' title='bbox 126 3203 489 3259; x_wconf 87' lang='lat' dir='ltr'><strong>sentientem</strong></span> <span class='ocrx_word' id='word_1_222' title='bbox 517 3216 624 3256; x_wconf 91' lang='lat' dir='ltr'><strong>seu</strong></span> <span class='ocrx_word' id='word_1_223' title='bbox 653 3201 848 3272; x_wconf 81' lang='lat' dir='ltr'><strong>potius</strong></span> <span class='ocrx_word' id='word_1_224' title='bbox 891 3203 1257 3271; x_wconf 81' lang='lat' dir='ltr'><strong>praeeuntem</strong></span> <span class='ocrx_word' id='word_1_225' title='bbox 1305 3198 1596 3253; x_wconf 89' lang='lat' dir='ltr'><strong>habemus</strong></span> <span class='ocrx_word' id='word_1_226' title='bbox 1630 3198 1773 3252; x_wconf 91' lang='lat' dir='ltr'><strong>Leo-</strong></span> 
     </span>
    </p>
   </div>
   <div class='ocr_carea' id='block_1_36' title="bbox 125 3286 1772 3359">
    <p class='ocr_par' dir='ltr' id='par_1_36' title="bbox 125 3286 1772 3359">
     <span class='ocr_line' id='line_1_36' title="bbox 125 3286 1772 3359; baseline -0.002 -13"><span class='ocrx_word' id='word_1_227' title='bbox 125 3307 272 3346; x_wconf 89' lang='lat' dir='ltr'><strong>nem</strong></span> <span class='ocrx_word' id='word_1_228' title='bbox 300 3290 602 3358; x_wconf 85' lang='lat' dir='ltr'><strong>Allatium,</strong></span> <span class='ocrx_word' id='word_1_229' title='bbox 631 3290 731 3359; x_wconf 90' lang='lat' dir='ltr'><strong>qui</strong></span> <span class='ocrx_word' id='word_1_230' title='bbox 775 3290 839 3343; x_wconf 89' lang='lat' dir='ltr'><strong>in</strong></span> <span class='ocrx_word' id='word_1_231' title='bbox 885 3288 1142 3343; x_wconf 85' lang='lat' dir='ltr'><strong>laudatis</strong></span> <span class='ocrx_word' id='word_1_232' title='bbox 1196 3287 1468 3358; x_wconf 90' lang='lat' dir='ltr'><strong>superius</strong></span> <span class='ocrx_word' id='word_1_233' title='bbox 1498 3286 1772 3359; x_wconf 86' lang='lat' dir='ltr'><strong>prolego-</strong></span> 
     </span>
    </p>
   </div>
   <div class='ocr_carea' id='block_1_37' title="bbox 127 3376 1772 3450">
    <p class='ocr_par' dir='ltr' id='par_1_37' title="bbox 127 3376 1772 3450">
     <span class='ocr_line' id='line_1_37' title="bbox 127 3376 1772 3450; baseline -0.004 -14"><span class='ocrx_word' id='word_1_234' title='bbox 127 3380 326 3436; x_wconf 91' lang='lat' dir='ltr'><strong>menis</strong></span> <span class='ocrx_word' id='word_1_235' title='bbox 355 3378 372 3450; x_wconf 92' lang='lat'>(</span> <span class='ocrx_word' id='word_1_236' title='bbox 404 3377 566 3449; x_wconf 86' lang='lat'><strong>§68),</strong></span> <span class='ocrx_word' id='word_1_237' title='bbox 596 3376 813 3431; x_wconf 85' lang='lat' dir='ltr'><strong>fatetur</strong></span> <span class='ocrx_word' id='word_1_238' title='bbox 843 3391 980 3430; x_wconf 91' lang='lat' dir='ltr'><strong>eum</strong></span> <span class='ocrx_word' id='word_1_239' title='bbox 1008 3393 1154 3430; x_wconf 88' lang='lat' dir='ltr'><strong>nunc</strong></span> <span class='ocrx_word' id='word_1_240' title='bbox 1189 3376 1592 3445; x_wconf 80' lang='lat' dir='ltr'><strong>presbyterum,</strong></span> <span class='ocrx_word' id='word_1_241' title='bbox 1624 3392 1772 3430; x_wconf 89' lang='lat' dir='ltr'><strong>nunc</strong></span> 
     </span>
    </p>
   </div>
   <div class='ocr_carea' id='block_1_38' title="bbox 125 3464 1773 3538">
    <p class='ocr_par' dir='ltr' id='par_1_38' title="bbox 125 3464 1773 3538">
     <span class='ocr_line' id='line_1_38' title="bbox 125 3464 1773 3538; baseline -0.004 -13"><span class='ocrx_word' id='word_1_242' title='bbox 125 3470 349 3526; x_wconf 70' lang='lat' dir='ltr'><strong>Eubazae</strong></span> <span class='ocrx_word' id='word_1_243' title='bbox 404 3468 715 3538; x_wconf 84' lang='lat' dir='ltr'><strong>episcopum</strong></span> <span class='ocrx_word' id='word_1_244' title='bbox 747 3507 762 3534; x_wconf 96' lang='lat'><strong>,</strong></span> <span class='ocrx_word' id='word_1_245' title='bbox 818 3465 1158 3520; x_wconf 82' lang='lat' dir='ltr'><strong>orationibus</strong></span> <span class='ocrx_word' id='word_1_246' title='bbox 1224 3466 1294 3518; x_wconf 91' lang='lat' dir='ltr'><strong>ab</strong></span> <span class='ocrx_word' id='word_1_247' title='bbox 1341 3480 1399 3519; x_wconf 87' lang='lat' dir='ltr'><strong>eo</strong></span> <span class='ocrx_word' id='word_1_248' title='bbox 1458 3464 1773 3534; x_wconf 79' lang='lat' dir='ltr'><strong>compositis</strong></span> 
     </span>
    </p>
   </div>
   <div class='ocr_carea' id='block_1_39' title="bbox 116 3554 1774 3631">
    <p class='ocr_par' dir='ltr' id='par_1_39' title="bbox 116 3554 1774 3631">
     <span class='ocr_line' id='line_1_39' title="bbox 116 3554 1774 3631; baseline -0.004 -17"><span class='ocrx_word' id='word_1_249' title='bbox 116 3559 368 3631; x_wconf 73' lang='lat' dir='ltr'><strong>praeﬁgi.</strong></span> <span class='ocrx_word' id='word_1_250' title='bbox 402 3555 610 3612; x_wconf 91' lang='lat' dir='ltr'><strong>Subdit</strong></span> <span class='ocrx_word' id='word_1_251' title='bbox 637 3570 770 3610; x_wconf 89' lang='lat' dir='ltr'><strong>vero</strong></span> <span class='ocrx_word' id='word_1_252' title='bbox 797 3570 811 3609; x_wconf 89' lang='lat'><strong>:</strong></span> <span class='ocrx_word' id='word_1_253' title='bbox 844 3556 1071 3619; x_wconf 73' lang='lat' dir='ltr'><strong>Quantae</strong></span> <span class='ocrx_word' id='word_1_254' title='bbox 1098 3554 1212 3624; x_wconf 84' lang='lat' dir='ltr'><strong>ipse</strong></span> <span class='ocrx_word' id='word_1_255' title='bbox 1242 3555 1299 3607; x_wconf 90' lang='lat' dir='ltr'><strong>in</strong></span> <span class='ocrx_word' id='word_1_256' title='bbox 1338 3555 1574 3608; x_wconf 82' lang='lat' dir='ltr'><strong>Ecclesia</strong></span> <span class='ocrx_word' id='word_1_257' title='bbox 1601 3556 1774 3623; x_wconf 82' lang='lat' dir='ltr'><strong>fuerit</strong></span> 
     </span>
    </p>
   </div>
   <div class='ocr_carea' id='block_1_40' title="bbox 125 3641 1772 3710">
    <p class='ocr_par' dir='ltr' id='par_1_40' title="bbox 125 3641 1772 3710">
     <span class='ocr_line' id='line_1_40' title="bbox 125 3641 1772 3710; baseline -0.005 -6"><span class='ocrx_word' id='word_1_258' title='bbox 125 3646 481 3704; x_wconf 85' lang='lat' dir='ltr'><strong>auctoritatis</strong></span> <span class='ocrx_word' id='word_1_259' title='bbox 507 3645 593 3700; x_wconf 80' lang='lat' dir='ltr'><strong>vel</strong></span> <span class='ocrx_word' id='word_1_260' title='bbox 623 3644 763 3699; x_wconf 86' lang='lat' dir='ltr'><strong>illud</strong></span> <span class='ocrx_word' id='word_1_261' title='bbox 791 3645 1020 3710; x_wconf 82' lang='lat' dir='ltr'><strong>evincet,</strong></span> <span class='ocrx_word' id='word_1_262' title='bbox 1054 3644 1328 3697; x_wconf 88' lang='lat' dir='ltr'><strong>orationes</strong></span> <span class='ocrx_word' id='word_1_263' title='bbox 1358 3641 1533 3710; x_wconf 80' lang='lat' dir='ltr'><strong>illius,</strong></span> <span class='ocrx_word' id='word_1_264' title='bbox 1565 3641 1626 3697; x_wconf 85' lang='lat' dir='ltr'><strong>in</strong></span> <span class='ocrx_word' id='word_1_265' title='bbox 1669 3658 1772 3697; x_wconf 69' lang='lat' dir='ltr'><strong>ees-</strong></span> 
     </span>
    </p>
   </div>
   <div class='ocr_carea' id='block_1_41' title="bbox 122 3732 1772 3805">
    <p class='ocr_par' dir='ltr' id='par_1_41' title="bbox 122 3732 1772 3805">
     <span class='ocr_line' id='line_1_41' title="bbox 122 3732 1772 3805; baseline -0.004 -12"><span class='ocrx_word' id='word_1_266' title='bbox 122 3740 420 3794; x_wconf 87' lang='lat' dir='ltr'><strong>timatione</strong></span> <span class='ocrx_word' id='word_1_267' title='bbox 446 3737 614 3805; x_wconf 86' lang='lat' dir='ltr'><strong>fuisse</strong></span> <span class='ocrx_word' id='word_1_268' title='bbox 662 3733 798 3788; x_wconf 88' lang='lat' dir='ltr'><strong>adeo</strong></span> <span class='ocrx_word' id='word_1_269' title='bbox 827 3738 889 3788; x_wconf 90' lang='lat' dir='ltr'><strong>ut</strong></span> <span class='ocrx_word' id='word_1_270' title='bbox 917 3748 952 3788; x_wconf 88' lang='lat' dir='ltr'><strong>a</strong></span> <span class='ocrx_word' id='word_1_271' title='bbox 980 3732 1166 3787; x_wconf 88' lang='lat' dir='ltr'><strong>multis</strong></span> <span class='ocrx_word' id='word_1_272' title='bbox 1193 3732 1290 3787; x_wconf 87' lang='lat' dir='ltr'><strong>sub</strong></span> <span class='ocrx_word' id='word_1_273' title='bbox 1329 3732 1646 3787; x_wconf 89' lang='lat' dir='ltr'><strong>Damasceni</strong></span> <span class='ocrx_word' id='word_1_274' title='bbox 1674 3747 1772 3786; x_wconf 91' lang='lat' dir='ltr'><strong>no-</strong></span> 
     </span>
    </p>
   </div>
   <div class='ocr_carea' id='block_1_42' title="bbox 120 3827 686 3896">
    <p class='ocr_par' dir='ltr' id='par_1_42' title="bbox 120 3827 686 3896">
     <span class='ocr_line' id='line_1_42' title="bbox 120 3827 686 3896; baseline -0.012 -11"><span class='ocrx_word' id='word_1_275' title='bbox 120 3830 276 3885; x_wconf 85' lang='lat' dir='ltr'><strong>mine</strong></span> <span class='ocrx_word' id='word_1_276' title='bbox 304 3827 686 3896; x_wconf 75' lang='lat' dir='ltr'><strong>vulgarentur.</strong></span> 
     </span>
    </p>
   </div>
   <div class='ocr_carea' id='block_1_43' title="bbox 209 3908 1774 3987">
    <p class='ocr_par' dir='ltr' id='par_1_43' title="bbox 209 3908 1774 3987">
     <span class='ocr_line' id='line_1_43' title="bbox 209 3908 1774 3987; baseline -0.004 -15"><span class='ocrx_word' id='word_1_277' title='bbox 209 3919 422 3972; x_wconf 89' lang='lat' dir='ltr'><strong>Verum</strong></span> <span class='ocrx_word' id='word_1_278' title='bbox 471 3913 738 3987; x_wconf 89' lang='lat' dir='ltr'><strong>quamvis</strong></span> <span class='ocrx_word' id='word_1_279' title='bbox 787 3911 942 3966; x_wconf 91' lang='lat' dir='ltr'><strong>nihil</strong></span> <span class='ocrx_word' id='word_1_280' title='bbox 989 3908 1233 3966; x_wconf 81' lang='lat' dir='ltr'><strong>Joannis</strong></span> <span class='ocrx_word' id='word_1_281' title='bbox 1288 3909 1622 3967; x_wconf 88' lang='lat' dir='ltr'><strong>auctoritati</strong></span> <span class='ocrx_word' id='word_1_282' title='bbox 1670 3909 1774 3965; x_wconf 84' lang='lat' dir='ltr'><strong>de-</strong></span> 
     </span>
    </p>
   </div>
   <div class='ocr_carea' id='block_1_44' title="bbox 128 4001 1775 4072">
    <p class='ocr_par' dir='ltr' id='par_1_44' title="bbox 128 4001 1775 4072">
     <span class='ocr_line' id='line_1_44' title="bbox 128 4001 1775 4072; baseline -0.005 -7"><span class='ocrx_word' id='word_1_283' title='bbox 128 4013 390 4066; x_wconf 88' lang='lat' dir='ltr'><strong>tractum</strong></span> <span class='ocrx_word' id='word_1_284' title='bbox 411 4005 608 4072; x_wconf 92' lang='lat' dir='ltr'><strong>velim,</strong></span> <span class='ocrx_word' id='word_1_285' title='bbox 640 4019 761 4059; x_wconf 91' lang='lat' dir='ltr'><strong>non</strong></span> <span class='ocrx_word' id='word_1_286' title='bbox 791 4001 1290 4057; x_wconf 88' lang='lat' dir='ltr'><strong>dissimulandum</strong></span> <span class='ocrx_word' id='word_1_287' title='bbox 1331 4007 1530 4057; x_wconf 91' lang='lat' dir='ltr'><strong>tamen</strong></span> <span class='ocrx_word' id='word_1_288' title='bbox 1561 4017 1775 4057; x_wconf 90' lang='lat' dir='ltr'><strong>censeo</strong></span> 
     </span>
    </p>
   </div>
   <div class='ocr_carea' id='block_1_45' title="bbox 127 4090 1776 4172">
    <p class='ocr_par' dir='ltr' id='par_1_45' title="bbox 127 4090 1776 4172">
     <span class='ocr_line' id='line_1_45' title="bbox 127 4090 1776 4172; baseline -0.005 -18"><span class='ocrx_word' id='word_1_289' title='bbox 127 4097 281 4172; x_wconf 85' lang='lat' dir='ltr'><strong>quid</strong></span> <span class='ocrx_word' id='word_1_290' title='bbox 309 4096 382 4152; x_wconf 92' lang='lat' dir='ltr'><strong>de</strong></span> <span class='ocrx_word' id='word_1_291' title='bbox 431 4095 543 4150; x_wconf 90' lang='lat' dir='ltr'><strong>isto</strong></span> <span class='ocrx_word' id='word_1_292' title='bbox 590 4092 791 4148; x_wconf 81' lang='lat' dir='ltr'><strong>Allatii</strong></span> <span class='ocrx_word' id='word_1_293' title='bbox 832 4091 1058 4162; x_wconf 91' lang='lat' dir='ltr'><strong>judicio</strong></span> <span class='ocrx_word' id='word_1_294' title='bbox 1095 4090 1433 4146; x_wconf 86' lang='lat' dir='ltr'><strong>existimare</strong></span> <span class='ocrx_word' id='word_1_295' title='bbox 1481 4091 1776 4163; x_wconf 90' lang='lat' dir='ltr'><strong>quispiam</strong></span> 
     </span>
    </p>
   </div>
   <div class='ocr_carea' id='block_1_46' title="bbox 132 4180 1777 4261">
    <p class='ocr_par' dir='ltr' id='par_1_46' title="bbox 132 4180 1777 4261">
     <span class='ocr_line' id='line_1_46' title="bbox 132 4180 1777 4261; baseline -0.004 -17"><span class='ocrx_word' id='word_1_296' title='bbox 132 4193 341 4261; x_wconf 91' lang='lat' dir='ltr'><strong>posset</strong></span> <span class='ocrx_word' id='word_1_297' title='bbox 367 4189 504 4258; x_wconf 90' lang='lat' dir='ltr'><strong>post</strong></span> <span class='ocrx_word' id='word_1_298' title='bbox 532 4200 602 4241; x_wconf 92' lang='lat' dir='ltr'><strong>ea</strong></span> <span class='ocrx_word' id='word_1_299' title='bbox 639 4199 769 4256; x_wconf 65' lang='lat' dir='ltr'><strong>quae</strong></span> <span class='ocrx_word' id='word_1_300' title='bbox 819 4181 892 4236; x_wconf 91' lang='lat' dir='ltr'><strong>de</strong></span> <span class='ocrx_word' id='word_1_301' title='bbox 939 4180 1148 4236; x_wconf 90' lang='lat' dir='ltr'><strong>eodem</strong></span> <span class='ocrx_word' id='word_1_302' title='bbox 1194 4183 1416 4237; x_wconf 84' lang='lat' dir='ltr'><strong>Joanne</strong></span> <span class='ocrx_word' id='word_1_303' title='bbox 1466 4181 1777 4238; x_wconf 78' lang='lat' dir='ltr'><strong>Eubceensi</strong></span> 
     </span>
    </p>
   </div>
   <div class='ocr_carea' id='block_1_47' title="bbox 133 4270 1776 4344">
    <p class='ocr_par' dir='ltr' id='par_1_47' title="bbox 133 4270 1776 4344">
     <span class='ocr_line' id='line_1_47' title="bbox 133 4270 1776 4344; baseline -0.004 -10"><span class='ocrx_word' id='word_1_304' title='bbox 133 4277 346 4334; x_wconf 89' lang='lat' dir='ltr'><strong>scribit</strong></span> <span class='ocrx_word' id='word_1_305' title='bbox 374 4273 618 4332; x_wconf 83' lang='lat' dir='ltr'><strong>Michael</strong></span> <span class='ocrx_word' id='word_1_306' title='bbox 649 4274 722 4329; x_wconf 91' lang='lat' dir='ltr'><strong>Le</strong></span> <span class='ocrx_word' id='word_1_307' title='bbox 774 4271 961 4338; x_wconf 91' lang='lat' dir='ltr'><strong>Quien</strong></span> <span class='ocrx_word' id='word_1_308' title='bbox 1005 4271 1221 4344; x_wconf 82' lang='lat' dir='ltr'><strong>(Oriens</strong></span> <span class='ocrx_word' id='word_1_309' title='bbox 1268 4270 1495 4338; x_wconf 83' lang='lat' dir='ltr'><strong>Christ.,</strong></span> <span class='ocrx_word' id='word_1_310' title='bbox 1531 4275 1673 4326; x_wconf 90' lang='lat' dir='ltr'><strong>tom.</strong></span> <span class='ocrx_word' id='word_1_311' title='bbox 1705 4271 1776 4329; x_wconf 73' lang='grc' dir='ltr'><strong>ΙΙ,</strong></span> 
     </span>
    </p>
   </div>
   <div class='ocr_carea' id='block_1_48' title="bbox 135 4360 1779 4436">
    <p class='ocr_par' dir='ltr' id='par_1_48' title="bbox 135 4360 1779 4436">
     <span class='ocr_line' id='line_1_48' title="bbox 135 4360 1779 4436; baseline -0.005 -12"><span class='ocrx_word' id='word_1_312' title='bbox 135 4367 254 4424; x_wconf 92' lang='lat' dir='ltr'><strong>col.</strong></span> <span class='ocrx_word' id='word_1_313' title='bbox 306 4367 448 4436; x_wconf 81' lang='grc'><strong>214).</strong></span> <span class='ocrx_word' id='word_1_314' title='bbox 501 4369 563 4421; x_wconf 88' lang='lat' dir='ltr'><strong>In</strong></span> <span class='ocrx_word' id='word_1_315' title='bbox 610 4363 883 4419; x_wconf 82' lang='lat' dir='ltr'><strong>codicibus</strong></span> <span class='ocrx_word' id='word_1_316' title='bbox 938 4361 1138 4418; x_wconf 66' lang='lat' dir='ltr'><strong>Graecis</strong></span> <span class='ocrx_word' id='word_1_317' title='bbox 1186 4360 1282 4416; x_wconf 92' lang='lat' dir='ltr'><strong>hic</strong></span> <span class='ocrx_word' id='word_1_318' title='bbox 1338 4360 1555 4432; x_wconf 89' lang='lat' dir='ltr'><strong>inquit,</strong></span> <span class='ocrx_word' id='word_1_319' title='bbox 1610 4376 1779 4416; x_wconf 87' lang='lat' dir='ltr'><strong>manu</strong></span> 
     </span>
    </p>
   </div>
   <div class='ocr_carea' id='block_1_49' title="bbox 135 4451 1780 4520">
    <p class='ocr_par' dir='ltr' id='par_1_49' title="bbox 135 4451 1780 4520">
     <span class='ocr_line' id='line_1_49' title="bbox 135 4451 1780 4520; baseline -0.004 -9"><span class='ocrx_word' id='word_1_320' title='bbox 135 4457 386 4513; x_wconf 68' lang='lat' dir='ltr'><strong>exaratis</strong></span> <span class='ocrx_word' id='word_1_321' title='bbox 414 4456 578 4508; x_wconf 89' lang='lat' dir='ltr'><strong>etiam</strong></span> <span class='ocrx_word' id='word_1_322' title='bbox 606 4453 854 4520; x_wconf 81' lang='lat' dir='ltr'><strong>vetustis,</strong></span> <span class='ocrx_word' id='word_1_323' title='bbox 889 4452 1014 4506; x_wconf 88' lang='lat' dir='ltr'><strong>hinc</strong></span> <span class='ocrx_word' id='word_1_324' title='bbox 1043 4451 1172 4505; x_wconf 84' lang='lat' dir='ltr'><strong>inde</strong></span> <span class='ocrx_word' id='word_1_325' title='bbox 1224 4451 1438 4520; x_wconf 83' lang='lat' dir='ltr'><strong>aliquot</strong></span> <span class='ocrx_word' id='word_1_326' title='bbox 1487 4455 1780 4505; x_wconf 88' lang='lat' dir='ltr'><strong>occurrunt</strong></span> 
     </span>
    </p>
   </div>
   <div class='ocr_carea' id='block_1_50' title="bbox 1890 515 3538 590">
    <p class='ocr_par' dir='ltr' id='par_1_50' title="bbox 1890 515 3538 590">
     <span class='ocr_line' id='line_1_50' title="bbox 1890 515 3538 590; baseline 0.004 -22"><span class='ocrx_word' id='word_1_327' title='bbox 1890 515 2092 570; x_wconf 89' lang='lat' dir='ltr'><strong>nescio</strong></span> <span class='ocrx_word' id='word_1_328' title='bbox 2125 531 2201 571; x_wconf 90' lang='lat' dir='ltr'><strong>an</strong></span> <span class='ocrx_word' id='word_1_329' title='bbox 2229 517 2526 588; x_wconf 89' lang='lat' dir='ltr'><strong>quispiam</strong></span> <span class='ocrx_word' id='word_1_330' title='bbox 2558 518 2774 573; x_wconf 88' lang='lat' dir='ltr'><strong>Allatio</strong></span> <span class='ocrx_word' id='word_1_331' title='bbox 2807 519 2979 574; x_wconf 83' lang='lat' dir='ltr'><strong>facile</strong></span> <span class='ocrx_word' id='word_1_332' title='bbox 3006 519 3409 590; x_wconf 88' lang='lat' dir='ltr'><strong>permissurus</strong></span> <span class='ocrx_word' id='word_1_333' title='bbox 3442 521 3538 587; x_wconf 90' lang='lat' dir='ltr'><strong>sit,</strong></span> 
     </span>
    </p>
   </div>
   <div class='ocr_carea' id='block_1_51' title="bbox 1888 605 3544 663">
    <p class='ocr_par' dir='ltr' id='par_1_51' title="bbox 1888 605 3544 663">
     <span class='ocr_line' id='line_1_51' title="bbox 1888 605 3544 663; baseline 0.003 -6"><span class='ocrx_word' id='word_1_334' title='bbox 1888 605 2477 661; x_wconf 72' lang='lat' dir='ltr'><strong>JoannisEubmensis</strong></span> <span class='ocrx_word' id='word_1_335' title='bbox 2493 608 2791 662; x_wconf 88' lang='lat' dir='ltr'><strong>orationes</strong></span> <span class='ocrx_word' id='word_1_336' title='bbox 2808 608 2941 663; x_wconf 90' lang='lat' dir='ltr'><strong>ideo</strong></span> <span class='ocrx_word' id='word_1_337' title='bbox 2956 608 3318 663; x_wconf 89' lang='lat' dir='ltr'><strong>Damasceno</strong></span> <span class='ocrx_word' id='word_1_338' title='bbox 3333 608 3544 663; x_wconf 89' lang='lat' dir='ltr'><strong>Joanni</strong></span> 
     </span>
    </p>
   </div>
   <div class='ocr_carea' id='block_1_52' title="bbox 1890 693 3545 770">
    <p class='ocr_par' dir='ltr' id='par_1_52' title="bbox 1890 693 3545 770">
     <span class='ocr_line' id='line_1_52' title="bbox 1890 693 3545 770; baseline 0.005 -24"><span class='ocrx_word' id='word_1_339' title='bbox 1890 693 2176 764; x_wconf 84' lang='lat' dir='ltr'><strong>ascriptas</strong></span> <span class='ocrx_word' id='word_1_340' title='bbox 2189 694 2560 766; x_wconf 86' lang='lat' dir='ltr'><strong>fuisse,quod</strong></span> <span class='ocrx_word' id='word_1_341' title='bbox 2576 698 2965 753; x_wconf 89' lang='lat' dir='ltr'><strong>celeberrimo</strong></span> <span class='ocrx_word' id='word_1_342' title='bbox 2985 699 3124 754; x_wconf 89' lang='lat' dir='ltr'><strong>huic</strong></span> <span class='ocrx_word' id='word_1_343' title='bbox 3139 699 3258 753; x_wconf 87' lang='lat' dir='ltr'><strong>viro</strong></span> <span class='ocrx_word' id='word_1_344' title='bbox 3277 700 3545 770; x_wconf 89' lang='lat' dir='ltr'><strong>inspecta</strong></span> 
     </span>
    </p>
   </div>
   <div class='ocr_carea' id='block_1_53' title="bbox 1891 782 3546 844">
    <p class='ocr_par' dir='ltr' id='par_1_53' title="bbox 1891 782 3546 844">
     <span class='ocr_line' id='line_1_53' title="bbox 1891 782 3546 844; baseline 0.004 -8"><span class='ocrx_word' id='word_1_345' title='bbox 1891 782 2344 839; x_wconf 90' lang='lat' dir='ltr'><strong>earumindoles</strong></span> <span class='ocrx_word' id='word_1_346' title='bbox 2381 786 2727 842; x_wconf 88' lang='lat' dir='ltr'><strong>tribuendas</strong></span> <span class='ocrx_word' id='word_1_347' title='bbox 2781 787 3020 842; x_wconf 84' lang='lat' dir='ltr'><strong>easdem</strong></span> <span class='ocrx_word' id='word_1_348' title='bbox 3065 787 3356 843; x_wconf 86' lang='lat' dir='ltr'><strong>suaderet.</strong></span> <span class='ocrx_word' id='word_1_349' title='bbox 3393 790 3546 844; x_wconf 89' lang='lat' dir='ltr'><strong>Sane</strong></span> 
     </span>
    </p>
   </div>
   <div class='ocr_carea' id='block_1_54' title="bbox 1890 871 3539 949">
    <p class='ocr_par' dir='ltr' id='par_1_54' title="bbox 1890 871 3539 949">
     <span class='ocr_line' id='line_1_54' title="bbox 1890 871 3539 949; baseline 0.005 -24"><span class='ocrx_word' id='word_1_350' title='bbox 1890 876 1956 926; x_wconf 89' lang='lat' dir='ltr'><strong>ut</strong></span> <span class='ocrx_word' id='word_1_351' title='bbox 1985 871 2188 928; x_wconf 84' lang='lat' dir='ltr'><strong>Allatii</strong></span> <span class='ocrx_word' id='word_1_352' title='bbox 2219 878 2334 928; x_wconf 90' lang='lat' dir='ltr'><strong>stet</strong></span> <span class='ocrx_word' id='word_1_353' title='bbox 2362 875 2728 947; x_wconf 85' lang='lat' dir='ltr'><strong>conjectura,</strong></span> <span class='ocrx_word' id='word_1_354' title='bbox 2762 881 2995 949; x_wconf 86' lang='lat' dir='ltr'><strong>Oportet</strong></span> <span class='ocrx_word' id='word_1_355' title='bbox 3028 878 3155 949; x_wconf 84' lang='lat' dir='ltr'><strong>jam</strong></span> <span class='ocrx_word' id='word_1_356' title='bbox 3188 881 3539 949; x_wconf 80' lang='lat' dir='ltr'><strong>statuamus,</strong></span> 
     </span>
    </p>
   </div>
   <div class='ocr_carea' id='block_1_55' title="bbox 1890 959 3542 1038">
    <p class='ocr_par' dir='ltr' id='par_1_55' title="bbox 1890 959 3542 1038">
     <span class='ocr_line' id='line_1_55' title="bbox 1890 959 3542 1038; baseline 0.005 -25"><span class='ocrx_word' id='word_1_357' title='bbox 1890 959 2298 1032; x_wconf 88' lang='lat' dir='ltr'><strong>inscriptionis</strong></span> <span class='ocrx_word' id='word_1_358' title='bbox 2329 980 2364 1017; x_wconf 92' lang='lat' dir='ltr'><strong>a</strong></span> <span class='ocrx_word' id='word_1_359' title='bbox 2396 965 2471 1018; x_wconf 89' lang='lat' dir='ltr'><strong>Le</strong></span> <span class='ocrx_word' id='word_1_360' title='bbox 2502 966 2688 1029; x_wconf 90' lang='lat' dir='ltr'><strong>Quien</strong></span> <span class='ocrx_word' id='word_1_361' title='bbox 2720 972 3063 1022; x_wconf 77' lang='lat' dir='ltr'><strong>memoratm</strong></span> <span class='ocrx_word' id='word_1_362' title='bbox 3095 971 3365 1022; x_wconf 90' lang='lat' dir='ltr'><strong>auctores</strong></span> <span class='ocrx_word' id='word_1_363' title='bbox 3400 968 3542 1038; x_wconf 51' lang='lat' dir='ltr'><strong>(qui.</strong></span> 
     </span>
    </p>
   </div>
   <div class='ocr_carea' id='block_1_56' title="bbox 1889 1051 3540 1126">
    <p class='ocr_par' dir='ltr' id='par_1_56' title="bbox 1889 1051 3540 1126">
     <span class='ocr_line' id='line_1_56' title="bbox 1889 1051 3540 1126; baseline 0.005 -23"><span class='ocrx_word' id='word_1_364' title='bbox 1889 1065 2123 1119; x_wconf 89' lang='lat' dir='ltr'><strong>cunque</strong></span> <span class='ocrx_word' id='word_1_365' title='bbox 2155 1051 2196 1104; x_wconf 93' lang='lat' dir='ltr'><strong>ii</strong></span> <span class='ocrx_word' id='word_1_366' title='bbox 2228 1051 2470 1106; x_wconf 90' lang='lat' dir='ltr'><strong>demum</strong></span> <span class='ocrx_word' id='word_1_367' title='bbox 2527 1052 2772 1122; x_wconf 90' lang='lat' dir='ltr'><strong>fuerint)</strong></span> <span class='ocrx_word' id='word_1_368' title='bbox 2803 1055 2980 1125; x_wconf 88' lang='lat' dir='ltr'><strong>plane</strong></span> <span class='ocrx_word' id='word_1_369' title='bbox 3011 1055 3122 1109; x_wconf 91' lang='lat' dir='ltr'><strong>sibi</strong></span> <span class='ocrx_word' id='word_1_370' title='bbox 3173 1057 3540 1126; x_wconf 89' lang='lat' dir='ltr'><strong>persuasisse</strong></span> 
     </span>
    </p>
   </div>
   <div class='ocr_carea' id='block_1_57' title="bbox 1888 1138 3538 1217">
    <p class='ocr_par' dir='ltr' id='par_1_57' title="bbox 1888 1138 3538 1217">
     <span class='ocr_line' id='line_1_57' title="bbox 1888 1138 3538 1217; baseline 0.005 -26"><span class='ocrx_word' id='word_1_371' title='bbox 1888 1138 2294 1209; x_wconf 87' lang='lat' dir='ltr'><strong>percelebrem</strong></span> <span class='ocrx_word' id='word_1_372' title='bbox 2347 1140 2519 1196; x_wconf 91' lang='lat' dir='ltr'><strong>illum</strong></span> <span class='ocrx_word' id='word_1_373' title='bbox 2570 1141 2914 1213; x_wconf 87' lang='lat' dir='ltr'><strong>doctorem,</strong></span> <span class='ocrx_word' id='word_1_374' title='bbox 2973 1144 3230 1215; x_wconf 79' lang='lat' dir='ltr'><strong>fideique</strong></span> <span class='ocrx_word' id='word_1_375' title='bbox 3278 1147 3538 1217; x_wconf 80' lang='lat' dir='ltr'><strong>pugilem</strong></span> 
     </span>
    </p>
   </div>
   <div class='ocr_carea' id='block_1_58' title="bbox 1886 1227 3536 1303">
    <p class='ocr_par' dir='ltr' id='par_1_58' title="bbox 1886 1227 3536 1303">
     <span class='ocr_line' id='line_1_58' title="bbox 1886 1227 3536 1303; baseline 0.005 -22"><span class='ocrx_word' id='word_1_376' title='bbox 1886 1227 2174 1283; x_wconf 89' lang='lat' dir='ltr'><strong>Joannem</strong></span> <span class='ocrx_word' id='word_1_377' title='bbox 2212 1229 2643 1286; x_wconf 88' lang='lat' dir='ltr'><strong>Damascenum</strong></span> <span class='ocrx_word' id='word_1_378' title='bbox 2675 1233 2914 1303; x_wconf 64' lang='lat' dir='ltr'><strong>Eubzese,</strong></span> <span class='ocrx_word' id='word_1_379' title='bbox 2971 1247 3074 1288; x_wconf 90' lang='lat' dir='ltr'><strong>seu</strong></span> <span class='ocrx_word' id='word_1_380' title='bbox 3123 1234 3399 1289; x_wconf 84' lang='lat' dir='ltr'><strong>Chalcidis</strong></span> <span class='ocrx_word' id='word_1_381' title='bbox 3432 1248 3536 1290; x_wconf 89' lang='lat' dir='ltr'><strong>seu</strong></span> 
     </span>
    </p>
   </div>
   <div class='ocr_carea' id='block_1_59' title="bbox 1886 1317 3537 1393">
    <p class='ocr_par' dir='ltr' id='par_1_59' title="bbox 1886 1317 3537 1393">
     <span class='ocr_line' id='line_1_59' title="bbox 1886 1317 3537 1393; baseline 0.006 -24"><span class='ocrx_word' id='word_1_382' title='bbox 1886 1317 2090 1386; x_wconf 84' lang='lat' dir='ltr'><strong>Euripi</strong></span> <span class='ocrx_word' id='word_1_383' title='bbox 2108 1321 2268 1386; x_wconf 90' lang='lat' dir='ltr'><strong>(nam</strong></span> <span class='ocrx_word' id='word_1_384' title='bbox 2289 1319 2475 1374; x_wconf 88' lang='lat' dir='ltr'><strong>tribus</strong></span> <span class='ocrx_word' id='word_1_385' title='bbox 2494 1319 2656 1375; x_wconf 87' lang='lat' dir='ltr'><strong>hisce</strong></span> <span class='ocrx_word' id='word_1_386' title='bbox 2681 1321 3181 1392; x_wconf 88' lang='lat' dir='ltr'><strong>appellationibus</strong></span> <span class='ocrx_word' id='word_1_387' title='bbox 3203 1324 3537 1393; x_wconf 88' lang='lat' dir='ltr'><strong>promiscue</strong></span> 
     </span>
    </p>
   </div>
   <div class='ocr_carea' id='block_1_60' title="bbox 1888 1404 3536 1484">
    <p class='ocr_par' dir='ltr' id='par_1_60' title="bbox 1888 1404 3536 1484">
     <span class='ocr_line' id='line_1_60' title="bbox 1888 1404 3536 1484; baseline 0.006 -26"><span class='ocrx_word' id='word_1_388' title='bbox 1888 1404 2054 1460; x_wconf 90' lang='lat' dir='ltr'><strong>illam</strong></span> <span class='ocrx_word' id='word_1_389' title='bbox 2077 1406 2278 1462; x_wconf 91' lang='lat' dir='ltr'><strong>sedem</strong></span> <span class='ocrx_word' id='word_1_390' title='bbox 2310 1408 2683 1481; x_wconf 89' lang='lat' dir='ltr'><strong>indigitatam</strong></span> <span class='ocrx_word' id='word_1_391' title='bbox 2727 1412 3021 1484; x_wconf 89' lang='lat' dir='ltr'><strong>novimus)</strong></span> <span class='ocrx_word' id='word_1_392' title='bbox 3065 1412 3407 1484; x_wconf 88' lang='lat' dir='ltr'><strong>episcopum</strong></span> <span class='ocrx_word' id='word_1_393' title='bbox 3435 1431 3536 1468; x_wconf 86' lang='lat' dir='ltr'><strong>ex-</strong></span> 
     </span>
    </p>
   </div>
   <div class='ocr_carea' id='block_1_61' title="bbox 1889 1493 3538 1571">
    <p class='ocr_par' dir='ltr' id='par_1_61' title="bbox 1889 1493 3538 1571">
     <span class='ocr_line' id='line_1_61' title="bbox 1889 1493 3538 1571; baseline 0.005 -23"><span class='ocrx_word' id='word_1_394' title='bbox 1889 1493 2127 1551; x_wconf 85' lang='lat' dir='ltr'><strong>stitisse.</strong></span> <span class='ocrx_word' id='word_1_395' title='bbox 2154 1498 2346 1567; x_wconf 90' lang='lat' dir='ltr'><strong>Atque</strong></span> <span class='ocrx_word' id='word_1_396' title='bbox 2377 1498 2489 1552; x_wconf 93' lang='lat' dir='ltr'><strong>hoc</strong></span> <span class='ocrx_word' id='word_1_397' title='bbox 2525 1499 2767 1569; x_wconf 90' lang='lat' dir='ltr'><strong>quidem</strong></span> <span class='ocrx_word' id='word_1_398' title='bbox 2819 1500 3360 1571; x_wconf 89' lang='lat' dir='ltr'><strong>compertissimum</strong></span> <span class='ocrx_word' id='word_1_399' title='bbox 3395 1506 3483 1557; x_wconf 86' lang='lat' dir='ltr'><strong>est</strong></span> <span class='ocrx_word' id='word_1_400' title='bbox 3523 1519 3538 1568; x_wconf 94' lang='lat'><strong>;</strong></span> 
     </span>
    </p>
   </div>
   <div class='ocr_carea' id='block_1_62' title="bbox 1889 1584 3539 1661">
    <p class='ocr_par' dir='ltr' id='par_1_62' title="bbox 1889 1584 3539 1661">
     <span class='ocr_line' id='line_1_62' title="bbox 1889 1584 3539 1661; baseline 0.006 -25"><span class='ocrx_word' id='word_1_401' title='bbox 1889 1584 1988 1653; x_wconf 88' lang='lat' dir='ltr'><strong>qui</strong></span> <span class='ocrx_word' id='word_1_402' title='bbox 2049 1585 2208 1640; x_wconf 91' lang='lat' dir='ltr'><strong>enim</strong></span> <span class='ocrx_word' id='word_1_403' title='bbox 2257 1588 2342 1641; x_wconf 88' lang='lat' dir='ltr'><strong>Jo.</strong></span> <span class='ocrx_word' id='word_1_404' title='bbox 2396 1587 2826 1644; x_wconf 87' lang='lat' dir='ltr'><strong>Damascenum</strong></span> <span class='ocrx_word' id='word_1_405' title='bbox 2876 1590 3280 1661; x_wconf 64' lang='lat' dir='ltr'><strong>appellassent</strong></span> <span class='ocrx_word' id='word_1_406' title='bbox 3327 1591 3539 1646; x_wconf 72' lang='lat' dir='ltr'><strong>Eubaea:</strong></span> 
     </span>
    </p>
   </div>
   <div class='ocr_carea' id='block_1_63' title="bbox 1888 1675 3538 1751">
    <p class='ocr_par' dir='ltr' id='par_1_63' title="bbox 1888 1675 3538 1751">
     <span class='ocr_line' id='line_1_63' title="bbox 1888 1675 3538 1751; baseline 0.006 -25"><span class='ocrx_word' id='word_1_407' title='bbox 1888 1675 2220 1744; x_wconf 87' lang='lat' dir='ltr'><strong>episcopum,</strong></span> <span class='ocrx_word' id='word_1_408' title='bbox 2253 1676 2301 1730; x_wconf 93' lang='lat' dir='ltr'><strong>si</strong></span> <span class='ocrx_word' id='word_1_409' title='bbox 2333 1691 2402 1731; x_wconf 90' lang='lat' dir='ltr'><strong>ea</strong></span> <span class='ocrx_word' id='word_1_410' title='bbox 2450 1676 2736 1748; x_wconf 77' lang='lat' dir='ltr'><strong>dignitate</strong></span> <span class='ocrx_word' id='word_1_411' title='bbox 2784 1679 3157 1750; x_wconf 79' lang='lat' dir='ltr'><strong>insignitum,</strong></span> <span class='ocrx_word' id='word_1_412' title='bbox 3208 1684 3383 1751; x_wconf 90' lang='lat' dir='ltr'><strong>atque</strong></span> <span class='ocrx_word' id='word_1_413' title='bbox 3433 1681 3538 1737; x_wconf 91' lang='lat' dir='ltr'><strong>illa</strong></span> 
     </span>
    </p>
   </div>
   <div class='ocr_carea' id='block_1_64' title="bbox 1892 1762 3539 1842">
    <p class='ocr_par' dir='ltr' id='par_1_64' title="bbox 1892 1762 3539 1842">
     <span class='ocr_line' id='line_1_64' title="bbox 1892 1762 3539 1842; baseline 0.005 -26"><span class='ocrx_word' id='word_1_414' title='bbox 1892 1762 2030 1817; x_wconf 90' lang='lat' dir='ltr'><strong>sede</strong></span> <span class='ocrx_word' id='word_1_415' title='bbox 2060 1765 2311 1834; x_wconf 86' lang='lat' dir='ltr'><strong>potitum</strong></span> <span class='ocrx_word' id='word_1_416' title='bbox 2343 1781 2479 1821; x_wconf 90' lang='lat' dir='ltr'><strong>eum</strong></span> <span class='ocrx_word' id='word_1_417' title='bbox 2520 1767 2704 1823; x_wconf 88' lang='lat' dir='ltr'><strong>fuisse</strong></span> <span class='ocrx_word' id='word_1_418' title='bbox 2736 1785 2857 1824; x_wconf 91' lang='lat' dir='ltr'><strong>non</strong></span> <span class='ocrx_word' id='word_1_419' title='bbox 2909 1770 3330 1824; x_wconf 84' lang='lat' dir='ltr'><strong>censuissent?</strong></span> <span class='ocrx_word' id='word_1_420' title='bbox 3359 1770 3539 1842; x_wconf 86' lang='lat' dir='ltr'><strong>Atqui</strong></span> 
     </span>
    </p>
   </div>
   <div class='ocr_carea' id='block_1_65' title="bbox 1891 1852 3538 1929">
    <p class='ocr_par' dir='ltr' id='par_1_65' title="bbox 1891 1852 3538 1929">
     <span class='ocr_line' id='line_1_65' title="bbox 1891 1852 3538 1929; baseline 0.007 -25"><span class='ocrx_word' id='word_1_421' title='bbox 1891 1852 2143 1921; x_wconf 71' lang='lat' dir='ltr'><strong>Graecos,</strong></span> <span class='ocrx_word' id='word_1_422' title='bbox 2179 1858 2237 1908; x_wconf 92' lang='lat' dir='ltr'><strong>et</strong></span> <span class='ocrx_word' id='word_1_423' title='bbox 2266 1854 2508 1925; x_wconf 89' lang='lat' dir='ltr'><strong>quidem</strong></span> <span class='ocrx_word' id='word_1_424' title='bbox 2537 1863 2762 1912; x_wconf 89' lang='lat' dir='ltr'><strong>veteres</strong></span> <span class='ocrx_word' id='word_1_425' title='bbox 2794 1860 3044 1925; x_wconf 64' lang='lat' dir='ltr'><strong>Graecos,</strong></span> <span class='ocrx_word' id='word_1_426' title='bbox 3078 1862 3252 1929; x_wconf 91' lang='lat' dir='ltr'><strong>prout</strong></span> <span class='ocrx_word' id='word_1_427' title='bbox 3282 1875 3424 1914; x_wconf 89' lang='lat' dir='ltr'><strong>mss.</strong></span> <span class='ocrx_word' id='word_1_428' title='bbox 3445 1877 3538 1915; x_wconf 91' lang='lat' dir='ltr'><strong>co-</strong></span> 
     </span>
    </p>
   </div>
   <div class='ocr_carea' id='block_1_66' title="bbox 1887 1939 3536 2018">
    <p class='ocr_par' dir='ltr' id='par_1_66' title="bbox 1887 1939 3536 2018">
     <span class='ocr_line' id='line_1_66' title="bbox 1887 1939 3536 2018; baseline 0.007 -24"><span class='ocrx_word' id='word_1_429' title='bbox 1887 1939 2084 1996; x_wconf 89' lang='lat' dir='ltr'><strong>dicum</strong></span> <span class='ocrx_word' id='word_1_430' title='bbox 2115 1947 2255 1998; x_wconf 69' lang='lat' dir='ltr'><strong>astas</strong></span> <span class='ocrx_word' id='word_1_431' title='bbox 2276 1944 2556 2015; x_wconf 87' lang='lat' dir='ltr'><strong>postulat,</strong></span> <span class='ocrx_word' id='word_1_432' title='bbox 2581 1946 2918 2002; x_wconf 86' lang='lat' dir='ltr'><strong>existimare</strong></span> <span class='ocrx_word' id='word_1_433' title='bbox 2939 1947 3224 2018; x_wconf 90' lang='lat' dir='ltr'><strong>potuisse,</strong></span> <span class='ocrx_word' id='word_1_434' title='bbox 3246 1949 3536 2006; x_wconf 88' lang='lat' dir='ltr'><strong>Joannem</strong></span> 
     </span>
    </p>
   </div>
   <div class='ocr_carea' id='block_1_67' title="bbox 1887 2030 3536 2109">
    <p class='ocr_par' dir='ltr' id='par_1_67' title="bbox 1887 2030 3536 2109">
     <span class='ocr_line' id='line_1_67' title="bbox 1887 2030 3536 2109; baseline 0.007 -25"><span class='ocrx_word' id='word_1_435' title='bbox 1887 2030 2058 2086; x_wconf 92' lang='lat' dir='ltr'><strong>illum</strong></span> <span class='ocrx_word' id='word_1_436' title='bbox 2109 2034 2577 2105; x_wconf 89' lang='lat' dir='ltr'><strong>Damascenum,</strong></span> <span class='ocrx_word' id='word_1_437' title='bbox 2629 2037 2728 2108; x_wconf 90' lang='lat' dir='ltr'><strong>qui</strong></span> <span class='ocrx_word' id='word_1_438' title='bbox 2785 2043 3029 2109; x_wconf 88' lang='lat' dir='ltr'><strong>propter</strong></span> <span class='ocrx_word' id='word_1_439' title='bbox 3095 2039 3424 2095; x_wconf 84' lang='lat' dir='ltr'><strong>exantlatos</strong></span> <span class='ocrx_word' id='word_1_440' title='bbox 3473 2041 3536 2096; x_wconf 89' lang='lat' dir='ltr'><strong>in</strong></span> 
     </span>
    </p>
   </div>
   <div class='ocr_carea' id='block_1_68' title="bbox 1889 2119 3531 2185">
    <p class='ocr_par' dir='ltr' id='par_1_68' title="bbox 1889 2119 3531 2185">
     <span class='ocr_line' id='line_1_68' title="bbox 1889 2119 3531 2185; baseline 0.007 -12"><span class='ocrx_word' id='word_1_441' title='bbox 1889 2119 2004 2174; x_wconf 83' lang='lat' dir='ltr'><strong>ﬁde</strong></span> <span class='ocrx_word' id='word_1_442' title='bbox 2035 2121 2326 2177; x_wconf 88' lang='lat' dir='ltr'><strong>catholica</strong></span> <span class='ocrx_word' id='word_1_443' title='bbox 2381 2124 2752 2180; x_wconf 88' lang='lat' dir='ltr'><strong>defendenda</strong></span> <span class='ocrx_word' id='word_1_444' title='bbox 2784 2131 2869 2180; x_wconf 88' lang='lat' dir='ltr'><strong>tot</strong></span> <span class='ocrx_word' id='word_1_445' title='bbox 2898 2127 3131 2182; x_wconf 85' lang='lat' dir='ltr'><strong>labores</strong></span> <span class='ocrx_word' id='word_1_446' title='bbox 3181 2129 3531 2185; x_wconf 89' lang='lat' dir='ltr'><strong>notissimus</strong></span> 
     </span>
    </p>
   </div>
   <div class='ocr_carea' id='block_1_69' title="bbox 1888 2211 3536 2289">
    <p class='ocr_par' dir='ltr' id='par_1_69' title="bbox 1888 2211 3536 2289">
     <span class='ocr_line' id='line_1_69' title="bbox 1888 2211 3536 2289; baseline 0.007 -27"><span class='ocrx_word' id='word_1_447' title='bbox 1888 2213 2172 2278; x_wconf 86' lang='lat' dir='ltr'><strong>evaserat,</strong></span> <span class='ocrx_word' id='word_1_448' title='bbox 2225 2211 2500 2267; x_wconf 92' lang='lat' dir='ltr'><strong>eumdem</strong></span> <span class='ocrx_word' id='word_1_449' title='bbox 2549 2213 2611 2267; x_wconf 92' lang='lat' dir='ltr'><strong>in</strong></span> <span class='ocrx_word' id='word_1_450' title='bbox 2662 2214 2880 2270; x_wconf 72' lang='lat' dir='ltr'><strong>Eubma</strong></span> <span class='ocrx_word' id='word_1_451' title='bbox 2948 2215 3147 2271; x_wconf 90' lang='lat' dir='ltr'><strong>insula</strong></span> <span class='ocrx_word' id='word_1_452' title='bbox 3190 2217 3536 2289; x_wconf 89' lang='lat' dir='ltr'><strong>episcopum</strong></span> 
     </span>
    </p>
   </div>
   <div class='ocr_carea' id='block_1_70' title="bbox 1884 2298 3543 2365">
    <p class='ocr_par' dir='ltr' id='par_1_70' title="bbox 1884 2298 3543 2365">
     <span class='ocr_line' id='line_1_70' title="bbox 1884 2298 3543 2365; baseline 0.005 -12"><span class='ocrx_word' id='word_1_453' title='bbox 1884 2298 2090 2365; x_wconf 91' lang='lat' dir='ltr'><strong>fuisse,</strong></span> <span class='ocrx_word' id='word_1_454' title='bbox 2124 2299 2234 2354; x_wconf 90' lang='lat' dir='ltr'><strong>hoc</strong></span> <span class='ocrx_word' id='word_1_455' title='bbox 2265 2301 2565 2356; x_wconf 90' lang='lat' dir='ltr'><strong>enimvero</strong></span> <span class='ocrx_word' id='word_1_456' title='bbox 2598 2303 2658 2357; x_wconf 92' lang='lat' dir='ltr'><strong>in</strong></span> <span class='ocrx_word' id='word_1_457' title='bbox 2677 2304 2944 2359; x_wconf 90' lang='lat' dir='ltr'><strong>animum</strong></span> <span class='ocrx_word' id='word_1_458' title='bbox 2967 2304 3250 2361; x_wconf 91' lang='lat' dir='ltr'><strong>inducere</strong></span> <span class='ocrx_word' id='word_1_459' title='bbox 3283 2307 3543 2362; x_wconf 85' lang='lat' dir='ltr'><strong>maxime</strong></span> 
     </span>
    </p>
   </div>
   <div class='ocr_carea' id='block_1_71' title="bbox 1886 2386 3544 2464">
    <p class='ocr_par' dir='ltr' id='par_1_71' title="bbox 1886 2386 3544 2464">
     <span class='ocr_line' id='line_1_71' title="bbox 1886 2386 3544 2464; baseline 0.005 -21"><span class='ocrx_word' id='word_1_460' title='bbox 1886 2386 2140 2443; x_wconf 88' lang='lat' dir='ltr'><strong>arduum</strong></span> <span class='ocrx_word' id='word_1_461' title='bbox 2168 2389 2380 2443; x_wconf 89' lang='lat' dir='ltr'><strong>merito</strong></span> <span class='ocrx_word' id='word_1_462' title='bbox 2413 2391 2632 2446; x_wconf 88' lang='lat' dir='ltr'><strong>dixeris</strong></span> <span class='ocrx_word' id='word_1_463' title='bbox 2659 2409 2673 2458; x_wconf 89' lang='lat'><strong>;</strong></span> <span class='ocrx_word' id='word_1_464' title='bbox 2708 2398 2831 2448; x_wconf 92' lang='lat' dir='ltr'><strong>tum</strong></span> <span class='ocrx_word' id='word_1_465' title='bbox 2855 2394 2996 2464; x_wconf 90' lang='lat' dir='ltr'><strong>quia</strong></span> <span class='ocrx_word' id='word_1_466' title='bbox 3027 2395 3179 2450; x_wconf 90' lang='lat' dir='ltr'><strong>hanc</strong></span> <span class='ocrx_word' id='word_1_467' title='bbox 3211 2395 3284 2450; x_wconf 94' lang='lat' dir='ltr'><strong>de</strong></span> <span class='ocrx_word' id='word_1_468' title='bbox 3317 2396 3544 2453; x_wconf 88' lang='lat' dir='ltr'><strong>Joanne</strong></span> 
     </span>
    </p>
   </div>
   <div class='ocr_carea' id='block_1_72' title="bbox 1887 2478 3543 2556">
    <p class='ocr_par' dir='ltr' id='par_1_72' title="bbox 1887 2478 3543 2556">
     <span class='ocr_line' id='line_1_72' title="bbox 1887 2478 3543 2556; baseline 0.005 -24"><span class='ocrx_word' id='word_1_469' title='bbox 1887 2478 2253 2534; x_wconf 88' lang='lat' dir='ltr'><strong>Damasceno</strong></span> <span class='ocrx_word' id='word_1_470' title='bbox 2287 2479 2627 2551; x_wconf 90' lang='lat' dir='ltr'><strong>opinionem</strong></span> <span class='ocrx_word' id='word_1_471' title='bbox 2685 2483 2976 2553; x_wconf 88' lang='lat' dir='ltr'><strong>perlatam</strong></span> <span class='ocrx_word' id='word_1_472' title='bbox 3007 2501 3136 2539; x_wconf 89' lang='lat' dir='ltr'><strong>esse</strong></span> <span class='ocrx_word' id='word_1_473' title='bbox 3187 2484 3543 2556; x_wconf 87' lang='lat' dir='ltr'><strong>aliquando,</strong></span> 
     </span>
    </p>
   </div>
   <div class='ocr_carea' id='block_1_73' title="bbox 1886 2567 3538 2645">
    <p class='ocr_par' dir='ltr' id='par_1_73' title="bbox 1886 2567 3538 2645">
     <span class='ocr_line' id='line_1_73' title="bbox 1886 2567 3538 2645; baseline 0.004 -23"><span class='ocrx_word' id='word_1_474' title='bbox 1886 2567 2120 2622; x_wconf 92' lang='lat' dir='ltr'><strong>nullum</strong></span> <span class='ocrx_word' id='word_1_475' title='bbox 2150 2571 2340 2624; x_wconf 86' lang='lat' dir='ltr'><strong>exstat</strong></span> <span class='ocrx_word' id='word_1_476' title='bbox 2360 2568 2672 2640; x_wconf 91' lang='lat' dir='ltr'><strong>indicium,</strong></span> <span class='ocrx_word' id='word_1_477' title='bbox 2698 2587 2871 2626; x_wconf 93' lang='lat' dir='ltr'><strong>nemo</strong></span> <span class='ocrx_word' id='word_1_478' title='bbox 2902 2573 3204 2638; x_wconf 69' lang='lat' dir='ltr'><strong>memoriaa</strong></span> <span class='ocrx_word' id='word_1_479' title='bbox 3237 2573 3538 2645; x_wconf 84' lang='lat' dir='ltr'><strong>prodidit;</strong></span> 
     </span>
    </p>
   </div>
   <div class='ocr_carea' id='block_1_74' title="bbox 1885 2658 3538 2736">
    <p class='ocr_par' dir='ltr' id='par_1_74' title="bbox 1885 2658 3538 2736">
     <span class='ocr_line' id='line_1_74' title="bbox 1885 2658 3538 2736; baseline 0.004 -23"><span class='ocrx_word' id='word_1_480' title='bbox 1885 2663 2014 2714; x_wconf 90' lang='lat' dir='ltr'><strong>tum</strong></span> <span class='ocrx_word' id='word_1_481' title='bbox 2041 2659 2180 2730; x_wconf 90' lang='lat' dir='ltr'><strong>quia</strong></span> <span class='ocrx_word' id='word_1_482' title='bbox 2200 2658 2589 2716; x_wconf 88' lang='lat' dir='ltr'><strong>celeberrima</strong></span> <span class='ocrx_word' id='word_1_483' title='bbox 2615 2661 2773 2717; x_wconf 89' lang='lat' dir='ltr'><strong>inter</strong></span> <span class='ocrx_word' id='word_1_484' title='bbox 2797 2663 3027 2717; x_wconf 74' lang='lat' dir='ltr'><strong>Graecos</strong></span> <span class='ocrx_word' id='word_1_485' title='bbox 3057 2663 3214 2718; x_wconf 86' lang='lat' dir='ltr'><strong>fama</strong></span> <span class='ocrx_word' id='word_1_486' title='bbox 3232 2669 3538 2736; x_wconf 87' lang='lat' dir='ltr'><strong>gestorum</strong></span> 
     </span>
    </p>
   </div>
   <div class='ocr_carea' id='block_1_75' title="bbox 1887 2745 3535 2822">
    <p class='ocr_par' dir='ltr' id='par_1_75' title="bbox 1887 2745 3535 2822">
     <span class='ocr_line' id='line_1_75' title="bbox 1887 2745 3535 2822; baseline 0.003 -19"><span class='ocrx_word' id='word_1_487' title='bbox 1887 2750 1970 2803; x_wconf 88' lang='lat' dir='ltr'><strong>Jo.</strong></span> <span class='ocrx_word' id='word_1_488' title='bbox 2005 2745 2352 2804; x_wconf 90' lang='lat' dir='ltr'><strong>Damasceni</strong></span> <span class='ocrx_word' id='word_1_489' title='bbox 2385 2750 2620 2805; x_wconf 91' lang='lat' dir='ltr'><strong>nullum</strong></span> <span class='ocrx_word' id='word_1_490' title='bbox 2665 2751 2804 2806; x_wconf 90' lang='lat' dir='ltr'><strong>huic</strong></span> <span class='ocrx_word' id='word_1_491' title='bbox 2851 2751 3115 2822; x_wconf 89' lang='lat' dir='ltr'><strong>opinioni</strong></span> <span class='ocrx_word' id='word_1_492' title='bbox 3148 2753 3345 2807; x_wconf 91' lang='lat' dir='ltr'><strong>locum</strong></span> <span class='ocrx_word' id='word_1_493' title='bbox 3395 2753 3535 2810; x_wconf 87' lang='lat' dir='ltr'><strong>reli-</strong></span> 
     </span>
    </p>
   </div>
   <div class='ocr_carea' id='block_1_76' title="bbox 1887 2838 3532 2913">
    <p class='ocr_par' dir='ltr' id='par_1_76' title="bbox 1887 2838 3532 2913">
     <span class='ocr_line' id='line_1_76' title="bbox 1887 2838 3532 2913; baseline 0.004 -21"><span class='ocrx_word' id='word_1_494' title='bbox 1887 2853 2072 2908; x_wconf 90' lang='lat' dir='ltr'><strong>quum</strong></span> <span class='ocrx_word' id='word_1_495' title='bbox 2102 2838 2398 2907; x_wconf 83' lang='lat' dir='ltr'><strong>faciebat;</strong></span> <span class='ocrx_word' id='word_1_496' title='bbox 2445 2845 2569 2895; x_wconf 91' lang='lat' dir='ltr'><strong>tum</strong></span> <span class='ocrx_word' id='word_1_497' title='bbox 2621 2839 2862 2896; x_wconf 91' lang='lat' dir='ltr'><strong>demum</strong></span> <span class='ocrx_word' id='word_1_498' title='bbox 2914 2840 3054 2912; x_wconf 89' lang='lat' dir='ltr'><strong>quia</strong></span> <span class='ocrx_word' id='word_1_499' title='bbox 3102 2840 3367 2897; x_wconf 68' lang='lat' dir='ltr'><strong>historiae</strong></span> <span class='ocrx_word' id='word_1_500' title='bbox 3400 2859 3532 2913; x_wconf 65' lang='lat' dir='ltr'><strong>qua;</strong></span> 
     </span>
    </p>
   </div>
   <div class='ocr_carea' id='block_1_77' title="bbox 1887 2929 3532 3002">
    <p class='ocr_par' dir='ltr' id='par_1_77' title="bbox 1887 2929 3532 3002">
     <span class='ocr_line' id='line_1_77' title="bbox 1887 2929 3532 3002; baseline 0.003 -19"><span class='ocrx_word' id='word_1_501' title='bbox 1887 2930 2151 2984; x_wconf 90' lang='lat' dir='ltr'><strong>omnium</strong></span> <span class='ocrx_word' id='word_1_502' title='bbox 2182 2929 2456 2985; x_wconf 89' lang='lat' dir='ltr'><strong>manibus</strong></span> <span class='ocrx_word' id='word_1_503' title='bbox 2489 2931 2850 3000; x_wconf 90' lang='lat' dir='ltr'><strong>terebantur,</strong></span> <span class='ocrx_word' id='word_1_504' title='bbox 2874 2931 3210 3002; x_wconf 89' lang='lat' dir='ltr'><strong>cujusmodi</strong></span> <span class='ocrx_word' id='word_1_505' title='bbox 3244 2935 3384 2987; x_wconf 90' lang='lat' dir='ltr'><strong>sunt</strong></span> <span class='ocrx_word' id='word_1_506' title='bbox 3415 2949 3532 2988; x_wconf 84' lang='lat' dir='ltr'><strong>me-</strong></span> 
     </span>
    </p>
   </div>
   <div class='ocr_carea' id='block_1_78' title="bbox 1887 3017 3536 3092">
    <p class='ocr_par' dir='ltr' id='par_1_78' title="bbox 1887 3017 3536 3092">
     <span class='ocr_line' id='line_1_78' title="bbox 1887 3017 3536 3092; baseline 0.003 -20"><span class='ocrx_word' id='word_1_507' title='bbox 1887 3017 2126 3091; x_wconf 87' lang='lat' dir='ltr'><strong>nologia</strong></span> <span class='ocrx_word' id='word_1_508' title='bbox 2155 3035 2221 3074; x_wconf 90' lang='lat' dir='ltr'><strong>ac</strong></span> <span class='ocrx_word' id='word_1_509' title='bbox 2253 3033 2481 3075; x_wconf 65' lang='lat' dir='ltr'><strong>mentea</strong></span> <span class='ocrx_word' id='word_1_510' title='bbox 2504 3062 2520 3089; x_wconf 94' lang='lat'><strong>,</strong></span> <span class='ocrx_word' id='word_1_511' title='bbox 2564 3020 2757 3076; x_wconf 91' lang='lat' dir='ltr'><strong>eidem</strong></span> <span class='ocrx_word' id='word_1_512' title='bbox 2791 3021 3058 3092; x_wconf 91' lang='lat' dir='ltr'><strong>opinioni</strong></span> <span class='ocrx_word' id='word_1_513' title='bbox 3091 3022 3405 3076; x_wconf 81' lang='lat' dir='ltr'><strong>manifeste</strong></span> <span class='ocrx_word' id='word_1_514' title='bbox 3439 3034 3536 3077; x_wconf 83' lang='lat' dir='ltr'><strong>re-</strong></span> 
     </span>
    </p>
   </div>
   <div class='ocr_carea' id='block_1_79' title="bbox 1889 3107 2252 3179">
    <p class='ocr_par' dir='ltr' id='par_1_79' title="bbox 1889 3107 2252 3179">
     <span class='ocr_line' id='line_1_79' title="bbox 1889 3107 2252 3179; baseline 0 -16"><span class='ocrx_word' id='word_1_515' title='bbox 1889 3107 2252 3179; x_wconf 85' lang='lat' dir='ltr'><strong>pugnabant.</strong></span> 
     </span>
    </p>
   </div>
   <div class='ocr_carea' id='block_1_80' title="bbox 1951 3195 3524 3270">
    <p class='ocr_par' dir='ltr' id='par_1_80' title="bbox 1951 3195 3524 3270">
     <span class='ocr_line' id='line_1_80' title="bbox 1951 3195 3524 3270; baseline 0.003 -18"><span class='ocrx_word' id='word_1_516' title='bbox 1951 3199 2066 3252; x_wconf 89' lang='lat' dir='ltr'><strong>Cur</strong></span> <span class='ocrx_word' id='word_1_517' title='bbox 2095 3215 2252 3270; x_wconf 87' lang='lat' dir='ltr'><strong>ergo,</strong></span> <span class='ocrx_word' id='word_1_518' title='bbox 2286 3199 2468 3268; x_wconf 87' lang='lat' dir='ltr'><strong>dices,</strong></span> <span class='ocrx_word' id='word_1_519' title='bbox 2518 3200 2831 3254; x_wconf 85' lang='lat' dir='ltr'><strong>Damasceni</strong></span> <span class='ocrx_word' id='word_1_520' title='bbox 2879 3215 3097 3255; x_wconf 90' lang='lat' dir='ltr'><strong>nomen</strong></span> <span class='ocrx_word' id='word_1_521' title='bbox 3146 3195 3355 3256; x_wconf 90' lang='lat' dir='ltr'><strong>Joanni</strong></span> <span class='ocrx_word' id='word_1_522' title='bbox 3409 3200 3524 3256; x_wconf 85' lang='lat' dir='ltr'><strong>Eu-</strong></span> 
     </span>
    </p>
   </div>
   <div class='ocr_carea' id='block_1_81' title="bbox 1880 3287 3524 3361">
    <p class='ocr_par' dir='ltr' id='par_1_81' title="bbox 1880 3287 3524 3361">
     <span class='ocr_line' id='line_1_81' title="bbox 1880 3287 3524 3361; baseline 0.002 -19"><span class='ocrx_word' id='word_1_523' title='bbox 1880 3287 2105 3342; x_wconf 70' lang='lat' dir='ltr'><strong>bmensi</strong></span> <span class='ocrx_word' id='word_1_524' title='bbox 2137 3288 2388 3344; x_wconf 63' lang='lat' dir='ltr'><strong>adhaesit</strong></span> <span class='ocrx_word' id='word_1_525' title='bbox 2415 3288 2442 3343; x_wconf 84' lang='lat'><strong>?</strong></span> <span class='ocrx_word' id='word_1_526' title='bbox 2468 3288 2646 3344; x_wconf 90' lang='lat' dir='ltr'><strong>Valde</strong></span> <span class='ocrx_word' id='word_1_527' title='bbox 2678 3289 2936 3355; x_wconf 90' lang='lat' dir='ltr'><strong>obvium,</strong></span> <span class='ocrx_word' id='word_1_528' title='bbox 2970 3289 3235 3360; x_wconf 88' lang='lat' dir='ltr'><strong>inquam,</strong></span> <span class='ocrx_word' id='word_1_529' title='bbox 3268 3305 3524 3361; x_wconf 89' lang='lat' dir='ltr'><strong>respon-</strong></span> 
     </span>
    </p>
   </div>
   <div class='ocr_carea' id='block_1_82' title="bbox 1882 3377 3532 3450">
    <p class='ocr_par' dir='ltr' id='par_1_82' title="bbox 1882 3377 3532 3450">
     <span class='ocr_line' id='line_1_82' title="bbox 1882 3377 3532 3450; baseline 0.002 -18"><span class='ocrx_word' id='word_1_530' title='bbox 1882 3393 2008 3433; x_wconf 90' lang='lat' dir='ltr'><strong>sum</strong></span> <span class='ocrx_word' id='word_1_531' title='bbox 2040 3382 2299 3449; x_wconf 88' lang='lat' dir='ltr'><strong>prostat:</strong></span> <span class='ocrx_word' id='word_1_532' title='bbox 2331 3377 2422 3434; x_wconf 85' lang='lat' dir='ltr'><strong>fac</strong></span> <span class='ocrx_word' id='word_1_533' title='bbox 2452 3377 2562 3433; x_wconf 91' lang='lat' dir='ltr'><strong>iste</strong></span> <span class='ocrx_word' id='word_1_534' title='bbox 2617 3394 2854 3450; x_wconf 91' lang='lat' dir='ltr'><strong>quoque</strong></span> <span class='ocrx_word' id='word_1_535' title='bbox 2909 3380 3167 3434; x_wconf 91' lang='lat' dir='ltr'><strong>Joannes</strong></span> <span class='ocrx_word' id='word_1_536' title='bbox 3197 3380 3389 3450; x_wconf 87' lang='lat' dir='ltr'><strong>patria</strong></span> <span class='ocrx_word' id='word_1_537' title='bbox 3418 3381 3532 3436; x_wconf 87' lang='lat' dir='ltr'><strong>Da-</strong></span> 
     </span>
    </p>
   </div>
   <div class='ocr_carea' id='block_1_83' title="bbox 1882 3467 3528 3540">
    <p class='ocr_par' dir='ltr' id='par_1_83' title="bbox 1882 3467 3528 3540">
     <span class='ocr_line' id='line_1_83' title="bbox 1882 3467 3528 3540; baseline 0.002 -20"><span class='ocrx_word' id='word_1_538' title='bbox 1882 3481 2194 3522; x_wconf 90' lang='lat' dir='ltr'><strong>mascenus</strong></span> <span class='ocrx_word' id='word_1_539' title='bbox 2227 3467 2551 3525; x_wconf 89' lang='lat' dir='ltr'><strong>exstiterit;</strong></span> <span class='ocrx_word' id='word_1_540' title='bbox 2582 3483 2655 3522; x_wconf 92' lang='lat' dir='ltr'><strong>en</strong></span> <span class='ocrx_word' id='word_1_541' title='bbox 2681 3469 2973 3523; x_wconf 88' lang='lat' dir='ltr'><strong>rationem</strong></span> <span class='ocrx_word' id='word_1_542' title='bbox 2997 3468 3157 3524; x_wconf 91' lang='lat' dir='ltr'><strong>illius</strong></span> <span class='ocrx_word' id='word_1_543' title='bbox 3181 3467 3528 3540; x_wconf 88' lang='lat' dir='ltr'><strong>appellatio-</strong></span> 
     </span>
    </p>
   </div>
   <div class='ocr_carea' id='block_1_84' title="bbox 1883 3556 3532 3630">
    <p class='ocr_par' dir='ltr' id='par_1_84' title="bbox 1883 3556 3532 3630">
     <span class='ocr_line' id='line_1_84' title="bbox 1883 3556 3532 3630; baseline 0.001 -19"><span class='ocrx_word' id='word_1_544' title='bbox 1883 3556 1976 3611; x_wconf 92' lang='lat' dir='ltr'><strong>nis</strong></span> <span class='ocrx_word' id='word_1_545' title='bbox 2008 3557 2070 3612; x_wconf 91' lang='lat' dir='ltr'><strong>in</strong></span> <span class='ocrx_word' id='word_1_546' title='bbox 2101 3561 2383 3628; x_wconf 90' lang='lat' dir='ltr'><strong>promptu</strong></span> <span class='ocrx_word' id='word_1_547' title='bbox 2412 3556 2614 3612; x_wconf 86' lang='lat' dir='ltr'><strong>habes.</strong></span> <span class='ocrx_word' id='word_1_548' title='bbox 2667 3559 2866 3628; x_wconf 89' lang='lat' dir='ltr'><strong>Neque</strong></span> <span class='ocrx_word' id='word_1_549' title='bbox 2917 3573 3052 3612; x_wconf 88' lang='lat' dir='ltr'><strong>vero</strong></span> <span class='ocrx_word' id='word_1_550' title='bbox 3105 3562 3349 3630; x_wconf 91' lang='lat' dir='ltr'><strong>pugnat,</strong></span> <span class='ocrx_word' id='word_1_551' title='bbox 3383 3557 3532 3612; x_wconf 89' lang='lat' dir='ltr'><strong>duos</strong></span> 
     </span>
    </p>
   </div>
   <div class='ocr_carea' id='block_1_85' title="bbox 1883 3645 3531 3715">
    <p class='ocr_par' dir='ltr' id='par_1_85' title="bbox 1883 3645 3531 3715">
     <span class='ocr_line' id='line_1_85' title="bbox 1883 3645 3531 3715; baseline 0.001 -15"><span class='ocrx_word' id='word_1_552' title='bbox 1883 3645 2152 3701; x_wconf 88' lang='lat' dir='ltr'><strong>existisse</strong></span> <span class='ocrx_word' id='word_1_553' title='bbox 2199 3648 2454 3702; x_wconf 87' lang='lat' dir='ltr'><strong>Joannes</strong></span> <span class='ocrx_word' id='word_1_554' title='bbox 2505 3661 2534 3699; x_wconf 92' lang='lat' dir='ltr'><strong>e</strong></span> <span class='ocrx_word' id='word_1_555' title='bbox 2588 3647 2952 3702; x_wconf 87' lang='lat' dir='ltr'><strong>Damascena</strong></span> <span class='ocrx_word' id='word_1_556' title='bbox 3003 3646 3148 3702; x_wconf 88' lang='lat' dir='ltr'><strong>urbe</strong></span> <span class='ocrx_word' id='word_1_557' title='bbox 3221 3645 3531 3715; x_wconf 88' lang='lat' dir='ltr'><strong>oriundos,</strong></span> 
     </span>
    </p>
   </div>
   <div class='ocr_carea' id='block_1_86' title="bbox 1884 3733 3530 3807">
    <p class='ocr_par' dir='ltr' id='par_1_86' title="bbox 1884 3733 3530 3807">
     <span class='ocr_line' id='line_1_86' title="bbox 1884 3733 3530 3807; baseline 0 -17"><span class='ocrx_word' id='word_1_558' title='bbox 1884 3752 2137 3807; x_wconf 91' lang='lat' dir='ltr'><strong>quorum</strong></span> <span class='ocrx_word' id='word_1_559' title='bbox 2167 3735 2318 3790; x_wconf 91' lang='lat' dir='ltr'><strong>alter</strong></span> <span class='ocrx_word' id='word_1_560' title='bbox 2335 3735 2660 3790; x_wconf 87' lang='lat' dir='ltr'><strong>monachus</strong></span> <span class='ocrx_word' id='word_1_561' title='bbox 2690 3735 2752 3789; x_wconf 92' lang='lat' dir='ltr'><strong>in</strong></span> <span class='ocrx_word' id='word_1_562' title='bbox 2775 3735 3090 3790; x_wconf 69' lang='lat' dir='ltr'><strong>Palaestina</strong></span> <span class='ocrx_word' id='word_1_563' title='bbox 3119 3736 3346 3804; x_wconf 82' lang='lat' dir='ltr'><strong>vixerit,</strong></span> <span class='ocrx_word' id='word_1_564' title='bbox 3379 3733 3530 3790; x_wconf 91' lang='lat' dir='ltr'><strong>alter</strong></span> 
     </span>
    </p>
   </div>
   <div class='ocr_carea' id='block_1_87' title="bbox 1885 3823 3520 3897">
    <p class='ocr_par' dir='ltr' id='par_1_87' title="bbox 1885 3823 3520 3897">
     <span class='ocr_line' id='line_1_87' title="bbox 1885 3823 3520 3897; baseline 0 -16"><span class='ocrx_word' id='word_1_565' title='bbox 1885 3826 2196 3897; x_wconf 85' lang='lat' dir='ltr'><strong>episcopus</strong></span> <span class='ocrx_word' id='word_1_566' title='bbox 2222 3825 2283 3879; x_wconf 90' lang='lat' dir='ltr'><strong>in</strong></span> <span class='ocrx_word' id='word_1_567' title='bbox 2311 3823 2531 3880; x_wconf 87' lang='lat' dir='ltr'><strong>Eubcea</strong></span> <span class='ocrx_word' id='word_1_568' title='bbox 2550 3825 2747 3880; x_wconf 89' lang='lat' dir='ltr'><strong>insula</strong></span> <span class='ocrx_word' id='word_1_569' title='bbox 2777 3825 3048 3882; x_wconf 89' lang='lat' dir='ltr'><strong>evaserit.</strong></span> <span class='ocrx_word' id='word_1_570' title='bbox 3082 3826 3283 3896; x_wconf 87' lang='lat' dir='ltr'><strong>Neque</strong></span> <span class='ocrx_word' id='word_1_571' title='bbox 3315 3824 3520 3881; x_wconf 89' lang='lat' dir='ltr'><strong>itidem</strong></span> 
     </span>
    </p>
   </div>
   <div class='ocr_carea' id='block_1_88' title="bbox 1884 3912 3543 3986">
    <p class='ocr_par' dir='ltr' id='par_1_88' title="bbox 1884 3912 3543 3986">
     <span class='ocr_line' id='line_1_88' title="bbox 1884 3912 3543 3986; baseline 0 -17"><span class='ocrx_word' id='word_1_572' title='bbox 1884 3929 2100 3970; x_wconf 90' lang='lat' dir='ltr'><strong>novum</strong></span> <span class='ocrx_word' id='word_1_573' title='bbox 2131 3912 2363 3984; x_wconf 90' lang='lat' dir='ltr'><strong>accidit,</strong></span> <span class='ocrx_word' id='word_1_574' title='bbox 2397 3913 2690 3986; x_wconf 90' lang='lat' dir='ltr'><strong>episcopis</strong></span> <span class='ocrx_word' id='word_1_575' title='bbox 2721 3918 2936 3986; x_wconf 73' lang='lat' dir='ltr'><strong>prmter</strong></span> <span class='ocrx_word' id='word_1_576' title='bbox 2967 3930 3189 3970; x_wconf 92' lang='lat' dir='ltr'><strong>nomen</strong></span> <span class='ocrx_word' id='word_1_577' title='bbox 3222 3914 3400 3980; x_wconf 91' lang='lat' dir='ltr'><strong>sedis,</strong></span> <span class='ocrx_word' id='word_1_578' title='bbox 3443 3914 3543 3970; x_wconf 86' lang='lat' dir='ltr'><strong>al-</strong></span> 
     </span>
    </p>
   </div>
   <div class='ocr_carea' id='block_1_89' title="bbox 1883 4001 3530 4076">
    <p class='ocr_par' dir='ltr' id='par_1_89' title="bbox 1883 4001 3530 4076">
     <span class='ocr_line' id='line_1_89' title="bbox 1883 4001 3530 4076; baseline 0 -18"><span class='ocrx_word' id='word_1_579' title='bbox 1883 4003 2071 4059; x_wconf 88' lang='lat' dir='ltr'><strong>terius</strong></span> <span class='ocrx_word' id='word_1_580' title='bbox 2097 4018 2332 4074; x_wconf 91' lang='lat' dir='ltr'><strong>quoque</strong></span> <span class='ocrx_word' id='word_1_581' title='bbox 2375 4001 2490 4058; x_wconf 90' lang='lat' dir='ltr'><strong>loci</strong></span> <span class='ocrx_word' id='word_1_582' title='bbox 2521 4003 2638 4058; x_wconf 90' lang='lat' dir='ltr'><strong>alia</strong></span> <span class='ocrx_word' id='word_1_583' title='bbox 2666 4001 2738 4058; x_wconf 91' lang='lat' dir='ltr'><strong>de</strong></span> <span class='ocrx_word' id='word_1_584' title='bbox 2770 4018 2948 4060; x_wconf 87' lang='lat' dir='ltr'><strong>causa</strong></span> <span class='ocrx_word' id='word_1_585' title='bbox 2994 4019 3214 4059; x_wconf 91' lang='lat' dir='ltr'><strong>nomen</strong></span> <span class='ocrx_word' id='word_1_586' title='bbox 3263 4003 3530 4076; x_wconf 86' lang='lat' dir='ltr'><strong>adjungi.</strong></span> 
     </span>
    </p>
   </div>
   <div class='ocr_carea' id='block_1_90' title="bbox 1885 4090 3533 4164">
    <p class='ocr_par' dir='ltr' id='par_1_90' title="bbox 1885 4090 3533 4164">
     <span class='ocr_line' id='line_1_90' title="bbox 1885 4090 3533 4164; baseline -0.001 -16"><span class='ocrx_word' id='word_1_587' title='bbox 1885 4093 1978 4148; x_wconf 92' lang='lat' dir='ltr'><strong>Sic</strong></span> <span class='ocrx_word' id='word_1_588' title='bbox 2017 4092 2166 4147; x_wconf 91' lang='lat' dir='ltr'><strong>duos</strong></span> <span class='ocrx_word' id='word_1_589' title='bbox 2195 4091 2378 4148; x_wconf 87' lang='lat' dir='ltr'><strong>habes</strong></span> <span class='ocrx_word' id='word_1_590' title='bbox 2399 4090 2743 4147; x_wconf 84' lang='lat' dir='ltr'><strong>Anastasios</strong></span> <span class='ocrx_word' id='word_1_591' title='bbox 2766 4092 3164 4148; x_wconf 85' lang='lat' dir='ltr'><strong>Antiochenos</strong></span> <span class='ocrx_word' id='word_1_592' title='bbox 3196 4092 3533 4164; x_wconf 86' lang='lat' dir='ltr'><strong>episcopos,</strong></span> 
     </span>
    </p>
   </div>
   <div class='ocr_carea' id='block_1_91' title="bbox 1887 4180 3545 4254">
    <p class='ocr_par' dir='ltr' id='par_1_91' title="bbox 1887 4180 3545 4254">
     <span class='ocr_line' id='line_1_91' title="bbox 1887 4180 3545 4254; baseline 0 -17"><span class='ocrx_word' id='word_1_593' title='bbox 1887 4197 2141 4254; x_wconf 91' lang='lat' dir='ltr'><strong>quorum</strong></span> <span class='ocrx_word' id='word_1_594' title='bbox 2161 4181 2396 4252; x_wconf 90' lang='lat' dir='ltr'><strong>utrique</strong></span> <span class='ocrx_word' id='word_1_595' title='bbox 2429 4181 2666 4237; x_wconf 78' lang='lat' dir='ltr'><strong>Sinaitas</strong></span> <span class='ocrx_word' id='word_1_596' title='bbox 2697 4195 2916 4236; x_wconf 88' lang='lat' dir='ltr'><strong>nomen</strong></span> <span class='ocrx_word' id='word_1_597' title='bbox 2939 4180 3208 4249; x_wconf 66' lang='lat' dir='ltr'><strong>adhaesit,</strong></span> <span class='ocrx_word' id='word_1_598' title='bbox 3245 4183 3385 4253; x_wconf 90' lang='lat' dir='ltr'><strong>quia</strong></span> <span class='ocrx_word' id='word_1_599' title='bbox 3415 4198 3545 4237; x_wconf 89' lang='lat' dir='ltr'><strong>mo-</strong></span> 
     </span>
    </p>
   </div>
   <div class='ocr_carea' id='block_1_92' title="bbox 1887 4267 3538 4345">
    <p class='ocr_par' dir='ltr' id='par_1_92' title="bbox 1887 4267 3538 4345">
     <span class='ocr_line' id='line_1_92' title="bbox 1887 4267 3538 4345; baseline 0 -18"><span class='ocrx_word' id='word_1_600' title='bbox 1887 4271 2178 4327; x_wconf 89' lang='lat' dir='ltr'><strong>nasticam</strong></span> <span class='ocrx_word' id='word_1_601' title='bbox 2209 4268 2282 4326; x_wconf 91' lang='lat' dir='ltr'><strong>ad</strong></span> <span class='ocrx_word' id='word_1_602' title='bbox 2312 4274 2577 4326; x_wconf 90' lang='lat' dir='ltr'><strong>montem</strong></span> <span class='ocrx_word' id='word_1_603' title='bbox 2621 4267 2778 4326; x_wconf 91' lang='lat' dir='ltr'><strong>Sinai</strong></span> <span class='ocrx_word' id='word_1_604' title='bbox 2811 4271 2989 4326; x_wconf 89' lang='lat' dir='ltr'><strong>vitam</strong></span> <span class='ocrx_word' id='word_1_605' title='bbox 3021 4276 3270 4344; x_wconf 91' lang='lat' dir='ltr'><strong>uterque</strong></span> <span class='ocrx_word' id='word_1_606' title='bbox 3319 4276 3538 4345; x_wconf 88' lang='lat' dir='ltr'><strong>egerat.</strong></span> 
     </span>
    </p>
   </div>
   <div class='ocr_carea' id='block_1_93' title="bbox 1888 4360 3534 4433">
    <p class='ocr_par' dir='ltr' id='par_1_93' title="bbox 1888 4360 3534 4433">
     <span class='ocr_line' id='line_1_93' title="bbox 1888 4360 3534 4433; baseline 0 -17"><span class='ocrx_word' id='word_1_607' title='bbox 1888 4361 1980 4416; x_wconf 87' lang='lat' dir='ltr'><strong>Sic</strong></span> <span class='ocrx_word' id='word_1_608' title='bbox 2011 4360 2277 4415; x_wconf 84' lang='lat' dir='ltr'><strong>Andreas</strong></span> <span class='ocrx_word' id='word_1_609' title='bbox 2307 4361 2573 4416; x_wconf 86' lang='lat' dir='ltr'><strong>Cretensis</strong></span> <span class='ocrx_word' id='word_1_610' title='bbox 2625 4360 2939 4433; x_wconf 91' lang='lat' dir='ltr'><strong>episcopus</strong></span> <span class='ocrx_word' id='word_1_611' title='bbox 2990 4361 3326 4432; x_wconf 87' lang='lat' dir='ltr'><strong>appellatur</strong></span> <span class='ocrx_word' id='word_1_612' title='bbox 3356 4360 3534 4416; x_wconf 90' lang='lat' dir='ltr'><strong>etiam</strong></span> 
     </span>
    </p>
   </div>
   <div class='ocr_carea' id='block_1_94' title="bbox 1890 4450 3542 4524">
    <p class='ocr_par' dir='ltr' id='par_1_94' title="bbox 1890 4450 3542 4524">
     <span class='ocr_line' id='line_1_94' title="bbox 1890 4450 3542 4524; baseline 0.001 -18"><span class='ocrx_word' id='word_1_613' title='bbox 1890 4450 2430 4520; x_wconf 87' lang='lat' dir='ltr'><strong>Hierosolymitanus,</strong></span> <span class='ocrx_word' id='word_1_614' title='bbox 2461 4451 2600 4522; x_wconf 91' lang='lat' dir='ltr'><strong>quia</strong></span> <span class='ocrx_word' id='word_1_615' title='bbox 2630 4451 2789 4506; x_wconf 92' lang='lat' dir='ltr'><strong>clero</strong></span> <span class='ocrx_word' id='word_1_616' title='bbox 2821 4452 2998 4523; x_wconf 84' lang='lat' dir='ltr'><strong>hujus</strong></span> <span class='ocrx_word' id='word_1_617' title='bbox 3022 4451 3300 4507; x_wconf 79' lang='lat' dir='ltr'><strong>Ecclesiae</strong></span> <span class='ocrx_word' id='word_1_618' title='bbox 3322 4451 3542 4524; x_wconf 90' lang='lat' dir='ltr'><strong>ascrip-</strong></span> 
     </span>
    </p>
   </div>
   <div class='ocr_carea' id='block_1_95' title="bbox 137 4530 3213 4612">
    <p class='ocr_par' dir='ltr' id='par_1_95' title="bbox 137 4530 3213 4612">
     <span class='ocr_line' id='line_1_95' title="bbox 137 4530 3213 4612; baseline -0.001 -12"><span class='ocrx_word' id='word_1_619' title='bbox 137 4547 418 4601; x_wconf 84' lang='lat' dir='ltr'><strong>orationes</strong></span> <span class='ocrx_word' id='word_1_620' title='bbox 465 4543 530 4596; x_wconf 88' lang='lat' dir='ltr'><strong>de</strong></span> <span class='ocrx_word' id='word_1_621' title='bbox 584 4542 909 4596; x_wconf 74' lang='lat' dir='ltr'><strong>Christianae</strong></span> <span class='ocrx_word' id='word_1_622' title='bbox 948 4540 1230 4609; x_wconf 86' lang='lat' dir='ltr'><strong>religionis</strong></span> <span class='ocrx_word' id='word_1_623' title='bbox 1272 4539 1563 4610; x_wconf 84' lang='lat' dir='ltr'><strong>mysteriis,</strong></span> <span class='ocrx_word' id='word_1_624' title='bbox 1615 4547 1669 4595; x_wconf 90' lang='lat' dir='ltr'><strong>et</strong></span> <span class='ocrx_word' id='word_1_625' title='bbox 1721 4541 1781 4595; x_wconf 87' lang='lat' dir='ltr'><strong>in</strong></span> <span class='ocrx_word' id='word_1_626' title='bbox 1814 4530 1866 4594; x_wconf 89' lang='lat' dir='ltr'>D</span> <span class='ocrx_word' id='word_1_627' title='bbox 1901 4546 1992 4597; x_wconf 91' lang='lat' dir='ltr'><strong>tus</strong></span> <span class='ocrx_word' id='word_1_628' title='bbox 2023 4546 2160 4597; x_wconf 91' lang='lat' dir='ltr'><strong>ante</strong></span> <span class='ocrx_word' id='word_1_629' title='bbox 2192 4541 2597 4612; x_wconf 89' lang='lat' dir='ltr'><strong>episcopatum</strong></span> <span class='ocrx_word' id='word_1_630' title='bbox 2628 4541 2969 4596; x_wconf 90' lang='lat' dir='ltr'><strong>Cretensem</strong></span> <span class='ocrx_word' id='word_1_631' title='bbox 3001 4541 3213 4597; x_wconf 88' lang='lat' dir='ltr'><strong>fuerat.</strong></span> 
     </span>
    </p>
   </div>
   <div class='ocr_carea' id='block_1_96' title="bbox 135 4629 1778 4702">
    <p class='ocr_par' dir='ltr' id='par_1_96' title="bbox 135 4629 1778 4702">
     <span class='ocr_line' id='line_1_96' title="bbox 135 4629 1778 4702; baseline -0.004 -12"><span class='ocrx_word' id='word_1_632' title='bbox 135 4635 510 4691; x_wconf 83' lang='lat' dir='ltr'><strong>solemnitates</strong></span> <span class='ocrx_word' id='word_1_633' title='bbox 539 4637 874 4697; x_wconf 85' lang='lat' dir='ltr'><strong>sanctorum,</strong></span> <span class='ocrx_word' id='word_1_634' title='bbox 905 4629 1147 4684; x_wconf 87' lang='lat' dir='ltr'><strong>Joannis</strong></span> <span class='ocrx_word' id='word_1_635' title='bbox 1177 4630 1526 4685; x_wconf 87' lang='lat' dir='ltr'><strong>Damasceni</strong></span> <span class='ocrx_word' id='word_1_636' title='bbox 1567 4634 1624 4685; x_wconf 89' lang='lat' dir='ltr'><strong>et</strong></span> <span class='ocrx_word' id='word_1_637' title='bbox 1656 4631 1778 4702; x_wconf 91' lang='lat' dir='ltr'><strong>epi-</strong></span> 
     </span>
    </p>
   </div>
   <div class='ocr_carea' id='block_1_97' title="bbox 139 4717 1782 4794">
    <p class='ocr_par' dir='ltr' id='par_1_97' title="bbox 139 4717 1782 4794">
     <span class='ocr_line' id='line_1_97' title="bbox 139 4717 1782 4794; baseline -0.004 -16"><span class='ocrx_word' id='word_1_638' title='bbox 139 4721 307 4794; x_wconf 90' lang='lat' dir='ltr'><strong>scopi</strong></span> <span class='ocrx_word' id='word_1_639' title='bbox 338 4722 521 4776; x_wconf 62' lang='lat' dir='ltr'><strong>Evmas</strong></span> <span class='ocrx_word' id='word_1_640' title='bbox 551 4718 665 4774; x_wconf 83' lang='lat' dir='ltr'><strong>sive</strong></span> <span class='ocrx_word' id='word_1_641' title='bbox 693 4718 925 4773; x_wconf 61' lang='lat' dir='ltr'><strong>Euboea:</strong></span> <span class='ocrx_word' id='word_1_642' title='bbox 954 4718 1174 4772; x_wconf 82' lang='lat' dir='ltr'><strong>nomine</strong></span> <span class='ocrx_word' id='word_1_643' title='bbox 1195 4719 1493 4788; x_wconf 73' lang='lat' dir='ltr'><strong>inscriptae.</strong></span> <span class='ocrx_word' id='word_1_644' title='bbox 1526 4717 1782 4774; x_wconf 72' lang='grc' dir='ltr'><strong>Ἰωάννου</strong></span> 
     </span>
    </p>
   </div>
   <div class='ocr_carea' id='block_1_98' title="bbox 135 4799 1361 4882">
    <p class='ocr_par' dir='ltr' id='par_1_98' title="bbox 135 4799 1361 4882">
     <span class='ocr_line' id='line_1_98' title="bbox 135 4799 1361 4882; baseline -0.007 -17"><span class='ocrx_word' id='word_1_645' title='bbox 135 4815 242 4865; x_wconf 74' lang='grc' dir='ltr'><strong>τοῦ</strong></span> <span class='ocrx_word' id='word_1_646' title='bbox 273 4811 634 4882; x_wconf 71' lang='grc' dir='ltr'>Δαμασκηνοῦ</span> <span class='ocrx_word' id='word_1_647' title='bbox 663 4807 752 4861; x_wconf 80' lang='grc' dir='ltr'><strong>καὶ</strong></span> <span class='ocrx_word' id='word_1_648' title='bbox 786 4802 1084 4859; x_wconf 78' lang='grc' dir='ltr'><strong>ἐπισκόπου</strong></span> <span class='ocrx_word' id='word_1_649' title='bbox 1106 4799 1361 4866; x_wconf 76' lang='grc' dir='ltr'><strong>Εὐϐοίας,</strong></span> 
     </span>
    </p>
   </div>
   <div class='ocr_carea' id='block_1_99' title="bbox 217 4894 1786 4968">
    <p class='ocr_par' dir='ltr' id='par_1_99' title="bbox 217 4894 1786 4968">
     <span class='ocr_line' id='line_1_99' title="bbox 217 4894 1786 4968; baseline -0.003 -12"><span class='ocrx_word' id='word_1_650' title='bbox 217 4902 352 4956; x_wconf 63' lang='lat' dir='ltr'><strong>Hinc</strong></span> <span class='ocrx_word' id='word_1_651' title='bbox 383 4901 456 4954; x_wconf 92' lang='lat' dir='ltr'><strong>Le</strong></span> <span class='ocrx_word' id='word_1_652' title='bbox 487 4897 698 4966; x_wconf 89' lang='lat' dir='ltr'><strong>Quien,</strong></span> <span class='ocrx_word' id='word_1_653' title='bbox 731 4895 802 4951; x_wconf 93' lang='lat' dir='ltr'><strong>de</strong></span> <span class='ocrx_word' id='word_1_654' title='bbox 825 4895 993 4966; x_wconf 86' lang='lat' dir='ltr'><strong>cujus</strong></span> <span class='ocrx_word' id='word_1_655' title='bbox 1026 4894 1143 4950; x_wconf 80' lang='lat' dir='ltr'><strong>ﬁde</strong></span> <span class='ocrx_word' id='word_1_656' title='bbox 1181 4899 1384 4968; x_wconf 90' lang='lat' dir='ltr'><strong>utpote</strong></span> <span class='ocrx_word' id='word_1_657' title='bbox 1430 4896 1538 4951; x_wconf 88' lang='lat' dir='ltr'><strong>viri</strong></span> <span class='ocrx_word' id='word_1_658' title='bbox 1568 4897 1631 4954; x_wconf 92' lang='lat' dir='ltr'><strong>in</strong></span> <span class='ocrx_word' id='word_1_659' title='bbox 1659 4915 1786 4953; x_wconf 87' lang='lat' dir='ltr'><strong>ver-</strong></span> 
     </span>
    </p>
   </div>
   <div class='ocr_carea' id='block_1_100' title="bbox 143 4983 1787 5050">
    <p class='ocr_par' dir='ltr' id='par_1_100' title="bbox 143 4983 1787 5050">
     <span class='ocr_line' id='line_1_100' title="bbox 143 4983 1787 5050; baseline -0.002 -2"><span class='ocrx_word' id='word_1_660' title='bbox 143 4990 351 5048; x_wconf 84' lang='lat' dir='ltr'><strong>sandis</strong></span> <span class='ocrx_word' id='word_1_661' title='bbox 380 4987 624 5044; x_wconf 88' lang='lat' dir='ltr'><strong>vetustis</strong></span> <span class='ocrx_word' id='word_1_662' title='bbox 646 5002 788 5042; x_wconf 90' lang='lat' dir='ltr'><strong>mss.</strong></span> <span class='ocrx_word' id='word_1_663' title='bbox 812 4983 1057 5050; x_wconf 89' lang='lat' dir='ltr'><strong>assidui,</strong></span> <span class='ocrx_word' id='word_1_664' title='bbox 1081 4983 1240 5040; x_wconf 90' lang='lat' dir='ltr'><strong>haud</strong></span> <span class='ocrx_word' id='word_1_665' title='bbox 1270 4985 1432 5041; x_wconf 92' lang='lat' dir='ltr'><strong>locus</strong></span> <span class='ocrx_word' id='word_1_666' title='bbox 1464 4985 1640 5042; x_wconf 90' lang='lat' dir='ltr'><strong>debet</strong></span> <span class='ocrx_word' id='word_1_667' title='bbox 1661 5004 1787 5044; x_wconf 90' lang='lat' dir='ltr'><strong>esse</strong></span> 
     </span>
    </p>
   </div>
   <div class='ocr_carea' id='block_1_101' title="bbox 143 5073 1790 5148">
    <p class='ocr_par' dir='ltr' id='par_1_101' title="bbox 143 5073 1790 5148">
     <span class='ocr_line' id='line_1_101' title="bbox 143 5073 1790 5148; baseline -0.001 -13"><span class='ocrx_word' id='word_1_668' title='bbox 143 5077 474 5136; x_wconf 90' lang='lat' dir='ltr'><strong>dubitandi.</strong></span> <span class='ocrx_word' id='word_1_669' title='bbox 503 5078 683 5133; x_wconf 87' lang='lat' dir='ltr'><strong>Porro</strong></span> <span class='ocrx_word' id='word_1_670' title='bbox 704 5074 751 5130; x_wconf 90' lang='lat' dir='ltr'><strong>si</strong></span> <span class='ocrx_word' id='word_1_671' title='bbox 771 5073 973 5147; x_wconf 89' lang='lat' dir='ltr'><strong>plures</strong></span> <span class='ocrx_word' id='word_1_672' title='bbox 992 5073 1189 5145; x_wconf 89' lang='lat' dir='ltr'><strong>reipsa</strong></span> <span class='ocrx_word' id='word_1_673' title='bbox 1210 5073 1463 5140; x_wconf 89' lang='lat' dir='ltr'><strong>codices,</strong></span> <span class='ocrx_word' id='word_1_674' title='bbox 1489 5075 1790 5148; x_wconf 91' lang='lat' dir='ltr'><strong>iidemque</strong></span> 
     </span>
    </p>
   </div>
   <div class='ocr_carea' id='block_1_102' title="bbox 1962 4625 3542 4686">
    <p class='ocr_par' dir='ltr' id='par_1_102' title="bbox 1962 4625 3542 4686">
     <span class='ocr_line' id='line_1_102' title="bbox 1962 4625 3542 4686; baseline 0 -2"><span class='ocrx_word' id='word_1_675' title='bbox 1962 4625 2050 4684; x_wconf 87' lang='lat' dir='ltr'><strong>VI.</strong></span> <span class='ocrx_word' id='word_1_676' title='bbox 2077 4631 2271 4685; x_wconf 90' lang='lat' dir='ltr'><strong>Pauca</strong></span> <span class='ocrx_word' id='word_1_677' title='bbox 2300 4645 2460 4684; x_wconf 91' lang='lat' dir='ltr'><strong>nunc</strong></span> <span class='ocrx_word' id='word_1_678' title='bbox 2490 4629 2561 4684; x_wconf 91' lang='lat' dir='ltr'><strong>de</strong></span> <span class='ocrx_word' id='word_1_679' title='bbox 2593 4628 2792 4684; x_wconf 91' lang='lat' dir='ltr'><strong>indole</strong></span> <span class='ocrx_word' id='word_1_680' title='bbox 2838 4628 3100 4684; x_wconf 81' lang='lat' dir='ltr'><strong>homilise</strong></span> <span class='ocrx_word' id='word_1_681' title='bbox 3133 4646 3345 4686; x_wconf 91' lang='lat' dir='ltr'><strong>censeo</strong></span> <span class='ocrx_word' id='word_1_682' title='bbox 3397 4628 3542 4685; x_wconf 85' lang='lat' dir='ltr'><strong>sub-</strong></span> 
     </span>
    </p>
   </div>
   <div class='ocr_carea' id='block_1_103' title="bbox 1887 4718 3544 4792">
    <p class='ocr_par' dir='ltr' id='par_1_103' title="bbox 1887 4718 3544 4792">
     <span class='ocr_line' id='line_1_103' title="bbox 1887 4718 3544 4792; baseline -0.002 -18"><span class='ocrx_word' id='word_1_683' title='bbox 1887 4719 2211 4792; x_wconf 88' lang='lat' dir='ltr'><strong>jungenda,</strong></span> <span class='ocrx_word' id='word_1_684' title='bbox 2246 4723 2487 4790; x_wconf 87' lang='lat' dir='ltr'><strong>prepter</strong></span> <span class='ocrx_word' id='word_1_685' title='bbox 2516 4733 2615 4773; x_wconf 88' lang='lat' dir='ltr'><strong>eos</strong></span> <span class='ocrx_word' id='word_1_686' title='bbox 2668 4718 2923 4773; x_wconf 82' lang='lat' dir='ltr'><strong>maxime</strong></span> <span class='ocrx_word' id='word_1_687' title='bbox 2976 4719 3076 4790; x_wconf 91' lang='lat' dir='ltr'><strong>qui</strong></span> <span class='ocrx_word' id='word_1_688' title='bbox 3121 4724 3383 4773; x_wconf 89' lang='lat' dir='ltr'><strong>veterum</strong></span> <span class='ocrx_word' id='word_1_689' title='bbox 3417 4734 3544 4771; x_wconf 88' lang='lat' dir='ltr'><strong>ser-</strong></span> 
     </span>
    </p>
   </div>
   <div class='ocr_carea' id='block_1_104' title="bbox 1896 4806 3539 4879">
    <p class='ocr_par' dir='ltr' id='par_1_104' title="bbox 1896 4806 3539 4879">
     <span class='ocr_line' id='line_1_104' title="bbox 1896 4806 3539 4879; baseline -0.002 -16"><span class='ocrx_word' id='word_1_690' title='bbox 1896 4825 2103 4863; x_wconf 90' lang='lat' dir='ltr'><strong>mones</strong></span> <span class='ocrx_word' id='word_1_691' title='bbox 2134 4807 2195 4862; x_wconf 92' lang='lat' dir='ltr'><strong>in</strong></span> <span class='ocrx_word' id='word_1_692' title='bbox 2225 4807 2487 4877; x_wconf 81' lang='lat' dir='ltr'><strong>Deiparae</strong></span> <span class='ocrx_word' id='word_1_693' title='bbox 2518 4807 2978 4879; x_wconf 88' lang='lat' dir='ltr'><strong>Conceptionem</strong></span> <span class='ocrx_word' id='word_1_694' title='bbox 3011 4823 3316 4877; x_wconf 89' lang='lat' dir='ltr'><strong>nunquam</strong></span> <span class='ocrx_word' id='word_1_695' title='bbox 3348 4806 3539 4861; x_wconf 90' lang='lat' dir='ltr'><strong>adhuc</strong></span> 
     </span>
    </p>
   </div>
   <div class='ocr_carea' id='block_1_105' title="bbox 1897 4895 3548 4969">
    <p class='ocr_par' dir='ltr' id='par_1_105' title="bbox 1897 4895 3548 4969">
     <span class='ocr_line' id='line_1_105' title="bbox 1897 4895 3548 4969; baseline -0.001 -17"><span class='ocrx_word' id='word_1_696' title='bbox 1897 4897 2167 4969; x_wconf 89' lang='lat' dir='ltr'><strong>legerint.</strong></span> <span class='ocrx_word' id='word_1_697' title='bbox 2201 4897 2282 4949; x_wconf 91' lang='lat' dir='ltr'><strong>Ex</strong></span> <span class='ocrx_word' id='word_1_698' title='bbox 2310 4896 2385 4950; x_wconf 91' lang='lat' dir='ltr'><strong>iis</strong></span> <span class='ocrx_word' id='word_1_699' title='bbox 2421 4895 2639 4951; x_wconf 91' lang='lat' dir='ltr'><strong>etenim</strong></span> <span class='ocrx_word' id='word_1_700' title='bbox 2671 4897 2784 4952; x_wconf 87' lang='lat' dir='ltr'><strong>erit</strong></span> <span class='ocrx_word' id='word_1_701' title='bbox 2824 4896 3077 4951; x_wconf 86' lang='lat' dir='ltr'><strong>fortasse</strong></span> <span class='ocrx_word' id='word_1_702' title='bbox 3111 4895 3232 4966; x_wconf 89' lang='lat' dir='ltr'><strong>qui,</strong></span> <span class='ocrx_word' id='word_1_703' title='bbox 3274 4912 3548 4967; x_wconf 81' lang='lat' dir='ltr'><strong>praecon-</strong></span> 
     </span>
    </p>
   </div>
   <div class='ocr_carea' id='block_1_106' title="bbox 1900 4983 3547 5058">
    <p class='ocr_par' dir='ltr' id='par_1_106' title="bbox 1900 4983 3547 5058">
     <span class='ocr_line' id='line_1_106' title="bbox 1900 4983 3547 5058; baseline -0.001 -16"><span class='ocrx_word' id='word_1_704' title='bbox 1900 4991 2069 5058; x_wconf 91' lang='lat' dir='ltr'><strong>cepta</strong></span> <span class='ocrx_word' id='word_1_705' title='bbox 2094 4984 2305 5041; x_wconf 89' lang='lat' dir='ltr'><strong>ductus</strong></span> <span class='ocrx_word' id='word_1_706' title='bbox 2339 4985 2640 5057; x_wconf 90' lang='lat' dir='ltr'><strong>opinione,</strong></span> <span class='ocrx_word' id='word_1_707' title='bbox 2672 4985 2924 5041; x_wconf 90' lang='lat' dir='ltr'><strong>sollicite</strong></span> <span class='ocrx_word' id='word_1_708' title='bbox 2975 4983 3262 5055; x_wconf 87' lang='lat' dir='ltr'><strong>avideque</strong></span> <span class='ocrx_word' id='word_1_709' title='bbox 3317 5001 3547 5040; x_wconf 62' lang='lat' dir='ltr'><strong>sermo«</strong></span> 
     </span>
    </p>
   </div>
   <div class='ocr_carea' id='block_1_107' title="bbox 1901 5071 3548 5147">
    <p class='ocr_par' dir='ltr' id='par_1_107' title="bbox 1901 5071 3548 5147">
     <span class='ocr_line' id='line_1_107' title="bbox 1901 5071 3548 5147; baseline -0.001 -15"><span class='ocrx_word' id='word_1_710' title='bbox 1901 5092 2038 5132; x_wconf 92' lang='lat' dir='ltr'><strong>nem</strong></span> <span class='ocrx_word' id='word_1_711' title='bbox 2061 5074 2376 5147; x_wconf 90' lang='lat' dir='ltr'><strong>pervolvat,</strong></span> <span class='ocrx_word' id='word_1_712' title='bbox 2403 5091 2477 5130; x_wconf 90' lang='lat' dir='ltr'><strong>an</strong></span> <span class='ocrx_word' id='word_1_713' title='bbox 2496 5077 2697 5131; x_wconf 88' lang='lat' dir='ltr'><strong>Patres</strong></span> <span class='ocrx_word' id='word_1_714' title='bbox 2719 5072 3091 5147; x_wconf 90' lang='lat' dir='ltr'><strong>privilegium</strong></span> <span class='ocrx_word' id='word_1_715' title='bbox 3116 5071 3266 5129; x_wconf 90' lang='lat' dir='ltr'><strong>illud</strong></span> <span class='ocrx_word' id='word_1_716' title='bbox 3291 5073 3548 5147; x_wconf 82' lang='lat' dir='ltr'><strong>Virginis</strong></span> 
     </span>
    </p>
   </div>
   <div class='ocr_carea' id='block_1_108' title="bbox 1734 5277 1954 5334">
    <p class='ocr_par' dir='ltr' id='par_1_108' title="bbox 1734 5277 1954 5334">
     <span class='ocr_line' id='line_1_108' title="bbox 1734 5277 1954 5334; baseline 0 -2"><span class='ocrx_word' id='word_1_717' title='bbox 1734 5277 1954 5334; x_wconf 61' lang='lat' dir='ltr'><strong>NOTAE.</strong></span> 
     </span>
    </p>
   </div>
   <div class='ocr_carea' id='block_1_109' title="bbox 221 5437 1793 5518">
    <p class='ocr_par' dir='ltr' id='par_1_109' title="bbox 221 5437 1793 5518">
     <span class='ocr_line' id='line_1_109' title="bbox 221 5437 1793 5518; baseline -0.003 -18"><span class='ocrx_word' id='word_1_718' title='bbox 221 5445 298 5518; x_wconf 78' lang='lat'><strong>(5)</strong></span> <span class='ocrx_word' id='word_1_719' title='bbox 329 5446 392 5499; x_wconf 91' lang='lat' dir='ltr'><strong>In</strong></span> <span class='ocrx_word' id='word_1_720' title='bbox 437 5441 764 5515; x_wconf 90' lang='lat' dir='ltr'><strong>Prolegom.</strong></span> <span class='ocrx_word' id='word_1_721' title='bbox 819 5437 893 5496; x_wconf 92' lang='lat' dir='ltr'><strong>ad</strong></span> <span class='ocrx_word' id='word_1_722' title='bbox 945 5439 1215 5495; x_wconf 90' lang='lat' dir='ltr'><strong>Damasc.</strong></span> <span class='ocrx_word' id='word_1_723' title='bbox 1267 5437 1439 5508; x_wconf 90' lang='lat' dir='ltr'><strong>Oper.</strong></span> <span class='ocrx_word' id='word_1_724' title='bbox 1498 5437 1628 5494; x_wconf 92' lang='lat' dir='ltr'><strong>loco</strong></span> <span class='ocrx_word' id='word_1_725' title='bbox 1663 5455 1793 5512; x_wconf 89' lang='lat' dir='ltr'><strong>sup.</strong></span> 
     </span>
    </p>
   </div>
   <div class='ocr_carea' id='block_1_110' title="bbox 144 5517 353 5573">
    <p class='ocr_par' dir='ltr' id='par_1_110' title="bbox 144 5517 353 5573">
     <span class='ocr_line' id='line_1_110' title="bbox 144 5517 353 5573; baseline 0.01 -2"><span class='ocrx_word' id='word_1_726' title='bbox 144 5517 353 5573; x_wconf 87' lang='lat' dir='ltr'><strong>citato.</strong></span> 
     </span>
    </p>
   </div>
   <div class='ocr_carea' id='block_1_111' title="bbox 220 5577 1793 5658">
    <p class='ocr_par' dir='ltr' id='par_1_111' title="bbox 220 5577 1793 5658">
     <span class='ocr_line' id='line_1_111' title="bbox 220 5577 1793 5658; baseline -0.003 -15"><span class='ocrx_word' id='word_1_727' title='bbox 220 5588 295 5658; x_wconf 91' lang='lat'><strong>(6)</strong></span> <span class='ocrx_word' id='word_1_728' title='bbox 321 5585 566 5642; x_wconf 92' lang='lat' dir='ltr'><strong>Codices</strong></span> <span class='ocrx_word' id='word_1_729' title='bbox 596 5580 956 5658; x_wconf 68' lang='lat' dir='ltr'><strong>huju$modi</strong></span> <span class='ocrx_word' id='word_1_730' title='bbox 1005 5581 1165 5658; x_wconf 73' lang='lat' dir='ltr'><strong>notis</strong></span> <span class='ocrx_word' id='word_1_731' title='bbox 1214 5577 1684 5658; x_wconf 66' lang='lat' dir='ltr'><strong>iudicabuntur:</strong></span> <span class='ocrx_word' id='word_1_732' title='bbox 1735 5582 1793 5638; x_wconf 84' lang='lat' dir='ltr'><strong>C.</strong></span> 
     </span>
    </p>
   </div>
   <div class='ocr_carea' id='block_1_112' title="bbox 138 5650 1798 5716">
    <p class='ocr_par' dir='ltr' id='par_1_112' title="bbox 138 5650 1798 5716">
     <span class='ocr_line' id='line_1_112' title="bbox 138 5650 1798 5716; baseline -0.005 -1"><span class='ocrx_word' id='word_1_733' title='bbox 138 5650 314 5716; x_wconf 72' lang='lat' dir='ltr'><strong>Barb.</strong></span> <span class='ocrx_word' id='word_1_734' title='bbox 357 5659 542 5714; x_wconf 84' lang='lat' dir='ltr'><strong>codex</strong></span> <span class='ocrx_word' id='word_1_735' title='bbox 594 5650 1009 5712; x_wconf 75' lang='lat' dir='ltr'><strong>Barberimus:</strong></span> <span class='ocrx_word' id='word_1_736' title='bbox 1066 5655 1197 5708; x_wconf 74' lang='lat' dir='ltr'><strong>Caes.</strong></span> <span class='ocrx_word' id='word_1_737' title='bbox 1247 5654 1319 5708; x_wconf 84' lang='grc' dir='ltr'><strong>Α.</strong></span> <span class='ocrx_word' id='word_1_738' title='bbox 1372 5650 1566 5706; x_wconf 89' lang='lat' dir='ltr'><strong>Codex</strong></span> <span class='ocrx_word' id='word_1_739' title='bbox 1606 5654 1798 5708; x_wconf 79' lang='lat' dir='ltr'><strong>Caesa-</strong></span> 
     </span>
    </p>
   </div>
   <div class='ocr_carea' id='block_1_113' title="bbox 1905 5435 3552 5510">
    <p class='ocr_par' dir='ltr' id='par_1_113' title="bbox 1905 5435 3552 5510">
     <span class='ocr_line' id='line_1_113' title="bbox 1905 5435 3552 5510; baseline -0.001 -17"><span class='ocrx_word' id='word_1_740' title='bbox 1905 5455 2044 5495; x_wconf 92' lang='lat' dir='ltr'><strong>reus</strong></span> <span class='ocrx_word' id='word_1_741' title='bbox 2075 5437 2552 5494; x_wconf 79' lang='lat' dir='ltr'><strong>Vindobonensis</strong></span> <span class='ocrx_word' id='word_1_742' title='bbox 2603 5437 2759 5510; x_wconf 83' lang='lat' dir='ltr'><strong>inter</strong></span> <span class='ocrx_word' id='word_1_743' title='bbox 2799 5435 3074 5510; x_wconf 83' lang='lat' dir='ltr'><strong>Theolog.</strong></span> <span class='ocrx_word' id='word_1_744' title='bbox 3121 5438 3380 5510; x_wconf 16' lang='lat' dir='ltr'><strong>n.7‘24&#39;7:</strong></span> <span class='ocrx_word' id='word_1_745' title='bbox 3417 5437 3552 5510; x_wconf 42' lang='grc' dir='ltr'><strong>ϐψς.</strong></span> 
     </span>
    </p>
   </div>
   <div class='ocr_carea' id='block_1_114' title="bbox 1907 5507 3552 5636">
    <p class='ocr_par' dir='ltr' id='par_1_114' title="bbox 1907 5507 3552 5636">
     <span class='ocr_line' id='line_1_114' title="bbox 1907 5507 3552 5636; baseline -0.002 -70"><span class='ocrx_word' id='word_1_746' title='bbox 1907 5513 1969 5566; x_wconf 91' lang='grc' dir='ltr'><strong>Β.</strong></span> <span class='ocrx_word' id='word_1_747' title='bbox 2003 5511 2155 5636; x_wconf 47' lang='lat' dir='ltr'><strong>ﬁt?</strong></span> <span class='ocrx_word' id='word_1_748' title='bbox 2205 5508 2678 5566; x_wconf 89' lang='lat' dir='ltr'><strong>Vindobonensis</strong></span> <span class='ocrx_word' id='word_1_749' title='bbox 2709 5509 2956 5565; x_wconf 91' lang='lat' dir='ltr'><strong>mutilus</strong></span> <span class='ocrx_word' id='word_1_750' title='bbox 2987 5507 3142 5565; x_wconf 76' lang='lat' dir='ltr'><strong>inter</strong></span> <span class='ocrx_word' id='word_1_751' title='bbox 3179 5508 3325 5564; x_wconf 85' lang='lat' dir='ltr'><strong>Hist.</strong></span> <span class='ocrx_word' id='word_1_752' title='bbox 3377 5507 3552 5577; x_wconf 83' lang='lat' dir='ltr'><strong>eccl.,</strong></span> 
     </span>
     <span class='ocr_line' id='line_1_115' title="bbox 1907 5598 2128 5636; baseline 0 0"><span class='ocrx_word' id='word_1_753' title='bbox 1907 5598 1968 5636; x_wconf 92' lang='lat' dir='ltr'><strong>n.</strong></span> <span class='ocrx_word' id='word_1_754' title='bbox 2115 5624 2128 5636; x_wconf 91' lang='lat'><strong>.</strong></span> 
     </span>
    </p>
   </div>
  </div>
