3888 6136
322 300 460 356 1455

1617 292 1943 348 JOANNES
1978 294 2423 353 EUBCEENSIS.

3588 293 3755 348 1456

318 433 617 493 tueantur,
651 442 725 480 an
757 423 965 478 validis
998 423 1238 477 firment
1283 419 1637 487 rationibus,
1671 436 1745 475 an
1777 419 1952 474 multi
1984 422 2039 487 Α
2070 422 2392 491 praeferens
2421 423 2702 479 Jacobum
2759 422 3096 493 quemdam,
3155 420 3261 492 qui
3314 420 3376 477 in
3415 420 3750 475 nonnullis

317 519 437 573 sint
465 518 525 570 in
552 515 623 570 ed
654 513 1009 569 celebrando
1043 517 1103 566 et
1131 512 1191 565 in
1222 510 1602 579 inculcando,
1648 508 1966 581 diligenter

319 609 711 660 scrutaturus.

388 692 711 747 Monendus
742 691 961 761 itaque,
998 688 1043 744 si
1077 689 1210 760 quis
1239 688 1391 743 forte
1436 688 1519 742 ita
1548 692 1749 742 mente
1800 704 1965 741 com-

317 788 557 853 paratus
591 783 686 847 sit,
719 786 986 851 tempora
1017 795 1051 833 a
1084 778 1446 848 temporibus
1498 776 1813 848 diligenter
1842 776 1965 830 dis-

320 872 506 943 tingui
531 876 819 941 Oportere.
855 871 999 923 Nam
1051 868 1228 923 aliam
1281 867 1600 938 cujuslibet
1639 866 1966 937 argumenti

323 959 724 1032 pertractandi
764 959 1056 1014 rationem
1106 964 1241 1013 ante
1274 963 1504 1012 exortas
1537 955 1966 1011 controversias

324 1053 672 1119 usurpatam
716 1047 920 1113 fuisse,
972 1046 1152 1101 aliam
1192 1062 1326 1099 vero
1375 1050 1689 1115 postquam
1740 1048 1970 1098 contro-

326 1138 531 1191 versize
573 1136 998 1204 etTerbuerunt,
1051 1139 1177 1188 tum
1226 1134 1356 1204 ipsa
1384 1134 1468 1187 rei
1500 1138 1714 1187 natura
1757 1150 1862 1203 per
1905 1147 1966 1187 se

326 1226 554 1291 suadet,
586 1230 710 1279 tum
751 1225 1066 1278 innumera
1114 1222 1385 1294 exempla
1432 1223 1807 1277 conﬁrmant.
1845 1221 1969 1275 Uti-

327 1332 440 1385 que
466 1320 600 1386 post
630 1319 821 1368 motas
853 1313 1212 1384 quaestiones
1239 1329 1352 1367 usu
1381 1311 1581 1366 venire
1610 1311 1879 1367 videmus
1906 1314 1973 1364 ut

326 1404 389 1458 in
448 1404 591 1474 ipsis
648 1419 881 1473 quoque
939 1401 1014 1456 ad
1062 1402 1351 1473 populum
1396 1400 1769 1456 sermonibus
1821 1400 1971 1453 vires

326 1511 535 1549 omnes
567 1493 641 1548 ad
674 1493 1006 1549 doctrinam
1038 1492 1379 1564 quampiam
1411 1490 1717 1559 tuendam,
1741 1489 1976 1561 opposi-

328 1590 568 1654 tamque
600 1581 989 1637 refellendam
1012 1582 1393 1636 conferantur
1416 1599 1429 1647 ;
1454 1582 1574 1635 imo
1602 1580 1871 1635 eamdem
1898 1578 1971 1633 ob

330 1689 570 1728 causam
603 1689 757 1742 saepe
803 1672 1025 1727 factum
1056 1671 1453 1741 comperimus
1484 1676 1551 1725 ut
1574 1670 1761 1725 oratio
1794 1669 1971 1723 etiam

2071 511 2374 567 codicibus
2406 514 2584 567 etiam
2638 513 2918 582 apostolus
2964 511 3183 565 dicitur
3233 515 3335 565 aut
3391 514 3575 579 frater
3624 510 3752 563 Do-

2068 603 2207 654 mini
2228 619 2247 663 ;
2279 618 2619 673 quanquam
2648 603 2757 657 hoc
2780 602 2935 656 inter
2956 600 3360 655 additamenta
3374 599 3749 670 posterioris

2071 691 2261 744 aetatis
2292 691 2730 746 accensendum
2783 707 2933 757 esse,
2966 689 3119 744 bene
3150 694 3318 743 notat
3345 690 3431 743 Jo.
3479 687 3747 742 Carolus

2070 779 2236 833 Thilo
2270 781 2471 849 (Codex
2510 781 2811 851 apocryph.
2864 783 2931 836 N.
2985 782 3068 846 T.,
3122 785 3262 833 tom.
3314 780 3358 846 Ι,
3390 777 3743 849 prolegom.

2072 868 2099 932 §
2129 868 2202 937 4).
2236 868 2729 937 Antiquissimam
2762 884 2891 923 eam
2931 866 3245 922 historiam
3298 883 3429 920 esse
3463 864 3746 919 dubitari

2071 955 2218 1010 adeo
2238 974 2354 1011 non
2387 963 2606 1028 potest,
2628 963 2695 1013 ut
2744 956 2900 1011 idem
2928 957 3095 1010 Thilo
3127 958 3249 1025 (loc.
3287 956 3409 1025 cit.)
3455 970 3749 1026 pronun—

2072 1045 2218 1101 tiare
2244 1048 2661 1118 nonfdubitet,
2709 1048 2866 1102 haud
2903 1046 3356 1119 improbandam
3388 1062 3523 1100 esse
3554 1046 3741 1099 Com-

2072 1134 2262 1189 beﬁsii
2296 1138 2673 1203 sententiam,
2707 1138 2805 1207 qui
2837 1139 3093 1205 (Auctar.
3141 1142 3282 1191 tom.
3338 1136 3381 1201 I,
3417 1134 3535 1189 col.
3574 1133 3748 1201 1224)

2073 1241 2204 1279 eam
2233 1225 2307 1280 ad
2353 1243 2539 1281 aevum
2572 1226 2964 1298 apostolicum
2996 1224 3371 1280 referendam
3400 1228 3632 1278 censet.
3671 1223 3749 1275 Et

2073 1321 2231 1370 certe
2262 1331 2403 1369 usos
2435 1316 2561 1386 ipsa
2601 1332 2729 1370 esse
2779 1316 3112 1387 Origenem,
3147 1317 3475 1384 Nyssenum
3509 1314 3751 1383 Grego—

2072 1404 2251 1469 rium,
2282 1405 2651 1459 Eustathium
2671 1405 3130 1470 Antiochenum,
3155 1402 3587 1474 Epiphanium,
3614 1404 3744 1455 An-

2077 1483 2280 1538 dream
2313 1485 2674 1551 Cretensem,
2707 1486 3161 1551 Damascenum,
3206 1482 3482 1537 Photium
3516 1488 3581 1536 et
3608 1481 3751 1552 ple-

2077 1590 2292 1644 rosque
2338 1573 2553 1629 deinde
2599 1591 2826 1638 omnes,
2880 1574 3157 1629 evincunt
3192 1573 3407 1628 horum
3461 1572 3749 1643 scripta;

2078 1664 2347 1733 quinimo
2381 1680 2509 1718 eam
2534 1664 2817 1734 allegasse
2843 1668 2967 1718 tum
2999 1663 3362 1718 Clementem
3382 1660 3751 1715 Alexandri-

332 1780 438 1834 per
468 1764 580 1816 vim
614 1778 681 1817 eo
714 1762 1176 1833 pertraheretur,
1212 1763 1259 1817 si
1292 1760 1527 1831 quando
1577 1760 1973 1831 praestitutum
2009 1779 2054 1843 B
2084 1769 2248 1819 Ilum,
2279 1757 2401 1807 tum
2433 1754 2747 1818 ΙΓΘῐιωιιῐη,
2781 1769 2848 1807 ac
2896 1753 3047 1807 forte
3097 1751 3293 1822 ipsum
3323 1766 3567 1820 quoque
3602 1766 3749 1804 5311'

335 1857 748 1923 argumentum
780 1852 933 1906 ultro
980 1851 1237 1921 cuipiam
1281 1850 1596 1921 quiestioni
1630 1850 1825 1903 locum
1857 1864 1977 1901 non

335 1940 647 2013 praeberet.
682 1943 755 1995 At
773 1958 907 1994 vero
929 1946 1065 1995 ante
1088 1941 1262 1995 hasce
1286 1939 1420 1994 lites
1448 1945 1652 1995 enatas
1682 1937 1977 1993 immerito

339 2032 401 2084 in
450 2032 689 2085 Patrum
738 2030 1005 2084 homiliis
1053 2029 1485 2099 apologeticum
1529 2030 1640 2083 hoc
1684 2046 1752 2083 ac
1799 2042 1979 2098 prope

337 2136 572 2191 pugnax
598 2119 1157 2187 contentiosumque
1208 2117 1442 2172 dicendi
1491 2134 1677 2188 genus
1724 2115 1980 2185 requiri-

337 2224 491 2261 mus.
526 2208 725 2276 Neque
758 2207 917 2260 enim
949 2221 1126 2260 causa
1156 2212 1281 2260 erat
1319 2205 1642 2275 pugnandi,
1674 2204 1776 2258 ubi
1806 2219 1980 2257 nemo

334 2296 701 2366 repugnabat
758 2311 950 2364 neque
1018 2310 1224 2347 rursus
1283 2310 1461 2348 causa
1531 2293 1818 2361 suberat,
1879 2309 1984 2346 cur

333 2384 599 2454 mysterii
647 2390 786 2438 tunc
835 2382 1155 2437 enarrandi
1192 2382 1428 2437 cuidam
1484 2382 1770 2437 duntaxat
1804 2381 1983 2435 veluti

341 2471 648 2543 particulae
680 2472 943 2542 pressius
988 2488 1055 2526 ac
1083 2471 1205 2526 fere
1232 2472 1339 2526 toti
1374 2476 1568 2526 Patres
1619 2471 1981 2525 insisterent.

338 2564 554 2616 Eorum
603 2561 850 2633 proinde
917 2561 1103 2616 oratio
1158 2560 1402 2616 liberius
1450 2577 1516 2615 ac
1567 2561 1743 2615 latius
1790 2558 1983 2631 vagari

342 2651 510 2707 solet.
530 2653 599 2704 Et
618 2650 1125 2721 quemadmodum
1148 2652 1209 2705 in
1242 2650 1637 2720 sermonibus,
1661 2649 1761 2719 qui
1786 2649 1985 2720 plures

344 2746 710 2811 supersunt,
771 2741 844 2793 De
900 2743 1205 2795 Nativitate
1272 2742 1629 2795 Praecursoris
1710 2740 1983 2803 Domini,

342 2829 563 2883 frustra
604 2835 896 2899 exceptes,
956 2831 1109 2884 vires
1161 2846 1228 2884 eo
1279 2830 1534 2884 maxime
1583 2828 1870 2896 contrahi,
1923 2832 1989 2880 ut

348 2917 615 2987 ejusdem
646 2918 967 2973 nativitatis
989 2921 1293 2975 evincatur
1314 2919 1595 2973 sanctitas
1620 2935 1632 2985 ;
1659 2918 1761 2971 sed
1784 2919 1987 2971 Patres

346 3005 522 3061 modo
554 3007 617 3060 in
646 3013 960 3077 parentum
1008 3009 1137 3079 ejus
1186 3007 1392 3063 laudes
1442 3006 1686 3074 effundi,
1719 3005 1893 3060 modo
1924 3005 1987 3059 in

345 3094 538 3166 angeli
569 3095 779 3149 nuntio
811 3095 1205 3167 explanando,
1238 3096 1413 3151 modo
1446 3097 1507 3150 in
1538 3096 1827 3150 Zachariae
1852 3110 1986 3148 can-

343 3184 459 3238 tico
492 3184 870 3250 illustrando,
905 3185 1079 3239 modo
1135 3186 1197 3240 in
1240 3187 1357 3240 vita
1383 3190 1441 3239 et
1490 3185 1669 3257 gestis
1719 3183 1985 3254 ejusdem

342 3274 728 3328 Praecursoris
787 3274 1158 3339 enarrandis,
1211 3275 1384 3329 modo
1442 3274 1504 3328 in
1562 3272 1989 3342 redemptionis

340 3362 615 3414 humanae
648 3363 953 3429 mysterio,
996 3362 1169 3432 cujus
1200 3362 1475 3431 quaedam
1520 3361 1816 3415 inchoatio
1868 3365 1993 3415 erat

346 3449 698 3505 admiranda
745 3450 848 3505 illa
895 3452 1202 3520 nativitas,
1249 3450 1721 3507 commendando
1770 3450 1990 3505 versari

346 3538 649 3609 reperias;
679 3538 939 3610 idipsum
982 3546 1039 3594 et
1086 3540 1146 3594 in
1193 3540 1563 3595 sermonibus
1611 3540 1681 3595 de
1730 3542 1991 3609 Concep-

348 3629 507 3682 tione
544 3629 816 3700 Virginis,
862 3628 1130 3699 quinimo
1163 3634 1221 3683 et
1251 3628 1320 3683 de
1366 3629 1633 3700 ejusdem
1669 3628 1990 3697 _Nativitate

347 3716 571 3771 factum
603 3718 815 3789 cogita.

424 3805 539 3856 VII.
574 3805 955 3860 Occasionem
998 3822 1172 3875 porro
1220 3805 1399 3860 latius
1429 3806 1675 3878 vagandi
1718 3806 1988 3860 Patribus

344 3890 600 3961 praebuit
632 3908 752 3945 non
784 3892 957 3946 modo
990 3892 1382 3963 reparationis
1404 3894 1678 3947 humanas
1708 3892 1988 3964 gaudium

349 3979 521 4049 cujus
552 3979 906 4034 administra
943 3986 1120 4051 atque
1152 3981 1613 4035 instrumentum
1645 3982 1824 4036 Maria
1853 3998 1991 4035 exoo

346 4068 648 4136 riebatur;
682 4088 803 4125 non
835 4070 1011 4126 modo
1044 4071 1283 4127 infinita
1305 4072 1549 4127 laudum
1594 4089 1777 4145 seges,
1812 4090 1989 4143 quam

347 4157 542 4211 Maria)
561 4158 815 4230 dignitas
829 4177 1139 4231 nunquam
1167 4178 1288 4216 non
1308 4162 1683 4233 suppeditat;
1709 4162 1811 4217 sed
1830 4178 1989 4232 quae-

352 4245 487 4299 dam
517 4252 803 4315 praeterea
850 4249 1265 4321 adjunctorum
1299 4251 1483 4305 series
1531 4252 1987 4323 Conceptionem

347 4332 475 4404 ejus
506 4349 571 4388 ac
611 4335 981 4391 Nativitatem
1029 4338 1120 4391 vel
1165 4339 1626 4408 praecedentium
1659 4340 1749 4395 vel
1782 4340 1988 4394 subse-

349 4422 681 4492 quentium,
714 4423 872 4479 unde
899 4424 1119 4479 factum
1152 4432 1241 4479 est
1267 4432 1330 4480 ut
1362 4428 1541 4481 etiam
1572 4428 1644 4483 ad
1676 4432 1984 4499 parentum

352 4512 561 4583 ipsius,
594 4515 857 4569 Joachim
888 4521 947 4569 et
974 4518 1182 4583 Annae,
1206 4516 1410 4572 laudes
1440 4518 1652 4573 uberes
1676 4495 1990 4589 prostitue-
2019 4495 2064 4560 D

342 4601 483 4655 rint.
518 4603 588 4654 Et
620 4604 859 4672 quidem
889 4610 1187 4674 postremo
1238 4612 1582 4677 argumento
1634 4607 1822 4661 fusius
1852 4625 1989 4677 pro-

344 4690 652 4761 sequendo
682 4692 942 4764 amplam
981 4695 1294 4749 materiem
1340 4695 1504 4749 dedit
1549 4695 1797 4750 historia
1826 4713 1989 4766 quai-

348 4780 505 4848 dam,
551 4781 620 4837 de
676 4800 793 4853 qua
849 4784 1126 4840 lectorem
1182 4803 1426 4842 monere
1486 4803 1679 4858 operai
1728 4787 1987 4858 pretium

342 4871 642 4936 existimo,
688 4890 803 4942 quo
852 4874 1086 4930 facilius
1146 4892 1348 4931 eorum
1394 4893 1523 4947 qum
1575 4877 1637 4931 in
1696 4876 1985 4947 ejusmodi

341 4960 715 5016 sermonibus
748 4970 1086 5030 occurrunt,
1119 4965 1233 5019 vim
1274 4966 1577 5037 percipere
1609 4971 1805 5036 queat.

411 5048 731 5105 Notissima
759 5053 988 5108 scilicet
1017 5071 1084 5109 ac
1117 5055 1283 5110 valde
1314 5055 1564 5109 celebris
1596 5055 1848 5110 maxime
1880 5071 1988 5126 per

340 5132 635 5191 Orientem
665 5138 966 5196 ferebatur
993 5144 1255 5198 narratio
1280 5144 1566 5209 inscripta
1600 5144 1767 5197 titulo
1805 5144 1987 5198 Histo-

336 5223 435 5276 riae
489 5225 802 5282 Nativitatis
849 5231 945 5285 SS.
999 5233 1248 5302 Deiparaz
1305 5235 1518 5300 Mariae,
1568 5236 1627 5286 et
1681 5236 1983 5289 auctorem

2088 1846 2248 1896 ctum
2296 1842 2592 1896 Justinum
2645 1847 2988 1912 martyrem,
3039 1838 3438 1894 communiter
3484 1852 3753 1892 censen-

2089 1932 2243 1985 tiunt
2272 1932 2487 1986 eruditi
2518 1933 2614 2003 (7).
2648 1933 2726 1985 Ex
2759 1948 2873 2002 quo
2904 1930 3047 1985 illud
3080 1930 3258 1985 etiam
3289 1928 3435 1983 licet
3463 1944 3749 2000 arguere,

2088 2030 2241 2084 hanc
2272 2030 2579 2083 historiam
2612 2045 2805 2099 neque
2837 2029 3043 2101 exiguo
3076 2027 3136 2082 in
3168 2027 3356 2099 pretio
3390 2026 3555 2096 apud
3585 2031 3751 2079 vete-

2089 2135 2205 2183 res,
2228 2135 2423 2188 neque
2455 2124 2738 2188 tanquam
2762 2118 3177 2172 luereticorum
3202 2117 3557 2188 figmentum
3579 2113 3752 2168 habi-

2091 2214 2211 2263 tam
2257 2209 2478 2275 fuisse;
2513 2226 2646 2263 cum
2695 2214 2899 2263 contra
2948 2208 3249 2263 interdum
3306 2204 3652 2261 incidamus
3688 2205 3751 2258 in

2092 2300 2293 2352 Patres
2325 2298 2424 2368 qui
2458 2297 2528 2351 de
2558 2297 2758 2367 aliqua
2801 2298 3178 2368 corruptione
3209 2297 3271 2350 in
3319 2311 3451 2351 eam
3483 2311 3595 2365 per
3620 2294 3747 2348 hee-

2090 2387 2306 2441 reticos
2338 2385 2577 2441 inducta
2606 2386 2820 2440 acriter
2848 2391 3308 2456 conquerantur.

2164 2564 2328 2629 Quod
2361 2569 2557 2619 autem
2589 2564 2649 2619 in
2680 2580 2944 2635 praesens
2975 2564 3207 2630 attinet,
3231 2562 3541 2617 ferebatur
3584 2561 3645 2616 in
3676 2577 3743 2615 ea

2092 2654 2632 2719 Joachimum,cum
2664 2670 2769 2724 pro
2802 2653 2994 2725 gentis
3025 2651 3459 2707 consuetudine
3490 2665 3745 2704 munera

2096 2745 2213 2797 Deo
2258 2742 2565 2796 oblaturus
2607 2741 2680 2796 ad
2730 2741 3019 2813 templum
3058 2740 3455 2807 ascendisset,
3506 2739 3741 2811 probris

2096 2838 2406 2903 exceptum
2432 2847 2497 2884 ac
2518 2830 2823 2900 repulsum
2843 2830 3024 2884 fuisse
3048 2846 3082 2884 a
3099 2829 3378 2900 quopiam
3403 2845 3511 2883 seu
3538 2827 3741 2883 Ruben

2097 2938 2200 2975 seu
2230 2920 2541 2987 Rubenita,
2575 2924 2889 2990 propterea
2931 2919 3073 2989 quia
3109 2918 3290 2989 (quod
3321 2918 3482 2972 inter
3508 2916 3742 2971 Judaeos

2096 3009 2479 3064 maledictum
2538 3008 2883 3079 habebatur)
2944 3007 3109 3078 prole
3158 3012 3436 3062 careret:
3488 3005 3739 3076 proinde

2099 3100 2274 3155 simul
2307 3116 2441 3155 cum
2462 3115 2642 3153 uxore
2674 3103 2845 3153 Anna
2873 3098 3150 3169 precibus
3180 3114 3247 3152 ac
3266 3097 3526 3168 jejuniis
3552 3097 3740 3150 inten-

2098 3194 2243 3252 tum,
2274 3187 2538 3242 dolorem
2570 3203 2741 3241 suum
2774 3202 2974 3241 coram
3006 3187 3122 3240 Deo
3171 3184 3453 3239 effudisse
3486 3190 3735 3254 votoque

2097 3274 2497 3331 sanctissimds
2544 3276 2822 3347 conjuges
2861 3292 2922 3330 se
2968 3274 3376 3341 obstrinxisse,
3432 3273 3737 3327 oblaturos

2097 3383 2158 3420 se
2191 3367 2327 3432 Deo,
2360 3366 2409 3419 si
2433 3381 2609 3435 quam
2631 3364 2860 3435 prolem
2902 3363 3227 3418 concedere
3279 3362 3426 3432 ipsis
3462 3362 3736 3433 dignare-

2096 3461 2227 3509 tur:
2260 3455 2516 3508 monitos
2547 3453 2685 3508 dein
2716 3469 2820 3523 per
2870 3452 3145 3524 angelum
3177 3452 3359 3507 fuisse
3408 3450 3482 3505 de
3532 3449 3743 3504 subole

2096 3561 2233 3598 mox
2265 3542 2660 3613 suscipienda,
2695 3558 2872 3612 quam
2922 3541 3326 3611 praedicaturus
3374 3544 3582 3594 essent
3612 3538 3748 3593 uni-

2096 3649 2275 3687 versae
2300 3631 2485 3685 tribus
2518 3636 2726 3696 terrm;
2761 3629 2916 3700 quod
2941 3630 3161 3684 factum
3202 3646 3334 3683 cum
3357 3627 3589 3693 fuisset,
3624 3629 3744 3681 Ma-

2099 3721 2246 3775 riam
2280 3721 2572 3775 triennem
2606 3720 2723 3773 Deo
2755 3718 2815 3772 in
2848 3718 3069 3788 templo
3103 3718 3409 3785 obtulisse,
3443 3723 3557 3771 etc.

2174 3810 2317 3863 Hinc
2368 3809 2564 3878 itaque
2613 3806 2831 3862 factum
2882 3812 2990 3874 est,
3035 3811 3100 3861 ut
3128 3809 3351 3871 Patres,
3404 3806 3547 3860 dum
3604 3806 3747 3861 huic

2098 3897 2358 3951 historiae
2386 3910 2589 3966 presse
2622 3894 2935 3958 inhaerent,
2974 3910 3223 3965 eamque
3255 3893 3427 3948 modo
3479 3894 3747 3964 parcius,

2094 3985 2268 4039 modo
2300 3984 2542 4038 uberius
2572 3982 2913 4053 explanant,
2945 3983 3124 4055 gestis
3152 3982 3437 4037 Joachimi
3466 3986 3525 4035 et
3555 3985 3746 4036 Anna:

2096 4072 2469 4140 enarrandis,
2520 4071 2953 4141 virtutibusque
3014 4088 3215 4126 eorum
3266 4070 3645 4125 celebrandis
3680 4078 3743 4124 ut

2094 4162 2419 4233 plurimum
2449 4160 2844 4213 immorentur
2878 4175 2890 4212 :
2924 4160 3064 4214 hinc
3106 4159 3485 4214 excursiones
3515 4158 3636 4212 illaa
3668 4156 3745 4212 ad

2095 4249 2504 4305 disserendum
2536 4248 2607 4303 de
2638 4248 2907 4303 tribubus
2932 4248 3093 4303 Judaa
3125 4254 3184 4303 et
3224 4248 3453 4315 Ruben,
3493 4248 3739 4303 alterius

2094 4338 2334 4409 quidem
2356 4336 2660 4408 privilegia
2695 4353 2761 4391 ac
2791 4337 3220 4406 praestantiam,
3251 4336 3497 4393 alterius
3534 4343 3733 4392 autem

2094 4427 2309 4498 probra
2339 4424 2751 4497 prosequendo
2778 4443 2791 4491 ;
2813 4426 2981 4496 cujus
3005 4426 3091 4481 rei
3117 4426 3417 4497 specimen
3443 4425 3736 4498 singulare

2098 4516 2280 4570 habes
2302 4515 2363 4569 in
2396 4514 2673 4584 praesenti
2697 4514 2942 4569 Joannis
2974 4514 3163 4569 nostri
3196 4515 3490 4571 oratione.

2170 4605 2311 4659 VIII.
2343 4603 2542 4673 Atqui,
2586 4602 2840 4673 inquies,
2887 4603 2935 4657 si
2990 4604 3071 4657 ita
3106 4620 3199 4658 res
3249 4603 3447 4674 habet,
3500 4609 3559 4659 et
3588 4604 3635 4659 si
3664 4620 3728 4658 ex

2098 4692 2389 4765 ejusmodi
2420 4691 2797 4747 sermonibus
2821 4691 2892 4746 de
2912 4693 3141 4746 ratione
3163 4708 3229 4747 ac
3252 4708 3429 4763 scopo
3456 4692 3730 4747 solemni-

2098 4783 2233 4839 tatis
2256 4781 2581 4851 diiudicare
2599 4780 2758 4846 licet,
2772 4781 2898 4851 jam
2922 4780 3035 4835 duo
3059 4781 3235 4851 plane
3258 4787 3728 4852 consequuntur:

2097 4872 2287 4943 primo
2311 4870 2550 4940 quidem
2581 4870 2796 4924 festum
2828 4870 3243 4940 Conceptionis
3273 4876 3451 4941 prout
3470 4888 3505 4925 a
3529 4871 3730 4925 Graecis

2096 4959 2526 5025 celebrabatur,
2558 4958 2711 5012 nihil
2742 4957 2961 5013 habere
3004 4975 3321 5014 commune
3354 4976 3492 5014 cum
3523 4966 3733 5031 myste-

2094 5052 2181 5107 rio
2196 5050 2353 5121 quod
2371 5049 2575 5105 Latina
2590 5049 2853 5105 Ecclesia
2864 5050 3180 5105 colendum
3197 5052 3508 5122 proponit;
3525 5050 3730 5107 deinde

2093 5156 2228 5193 vero
2252 5136 2539 5209 quidquid
2561 5136 2798 5191 demum
2822 5137 3003 5192 Graeci
3026 5140 3229 5193 Patres
3252 5138 3324 5193 de
3352 5140 3733 5211 conceptione

2096 5227 2351 5299 Virginis
2381 5225 2704 5299 proferant,
2738 5225 2798 5280 id
2829 5230 3016 5281 totum
3070 5226 3209 5282 ﬁdei
3260 5227 3423 5281 illius
3452 5227 3731 5293 historiae,

1919 5407 2149 5484 nom.

406 5532 869 5613 _(7)_Conf._Thilo
900 5539 938 5613 l_.
975 5558 1048 5608 c.,
1089 5550 1147 5598 et
1170 5544 1499 5600 Tenzelium
1534 5545 1595 5599 in
1628 5550 1748 5601 not.
1781 5543 1855 5601 ad
1885 5546 1939 5599 S.
1975 5543 2301 5601 llieronimi
2330 5540 2551 5596 librum
2607 5542 2680 5596 De
2732 5542 2879 5597 Viris
2930 5541 3256 5607 illustribus,
3287 5556 3418 5613 cap.
3452 5544 3508 5612 2,
3545 5542 3607 5598 in
3638 5542 3729 5597 Bi-

335 5603 545 5660 blioth.
581 5609 791 5664 eccles.
826 5603 1097 5682 Fabricii,
1130 5633 1259 5687 pag.
1293 5621 1379 5670 27.
