3888 6136
211 356 236 412 1
245 355 350 412 457

1735 351 2085 407 ΜΟΝΙἸὍΜ.

3472 352 3612 408 1458

210 481 559 554 apocrypha:
590 479 838 548 scilicet,
867 494 935 534 ac
973 482 1288 550 propterea
1338 474 1563 533 nullius
1593 476 1852 532 auctori-
1881 478 1934 544 Α
1966 477 2129 532 hisce
2159 474 2309 531 nihil
2342 481 2432 532 est
2459 479 2837 551 opus.Neque
2868 479 3028 536 enim
3048 479 3109 535 in
3127 496 3196 535 ea
3213 479 3610 536 Jacobihisto-

210 573 368 638 tatis,
400 569 596 625 inniti.

278 661 376 716 IX.
400 660 622 726 Quibus
646 663 714 714 ut
743 657 1000 713 breviter
1029 661 1393 726 occurratur,
1427 656 1854 713 advertendum

212 752 273 805 in
307 749 516 821 primis
549 753 639 802 est
668 763 788 802 non
821 763 1059 818 semper
1084 763 1153 802 ex
1186 745 1564 802 sermonibus
1595 745 1715 800 sive
1746 744 1854 798 ho-

211 838 392 894 miliis
417 835 488 891 de
517 835 654 890 festi
685 835 916 890 ratione
935 835 1223 906 judicium
1254 834 1393 889 ferri
1424 850 1617 905 posse.
1651 835 1855 888 Nonne

214 930 272 982 et
299 925 455 997 apud
486 941 596 979 nos
627 924 689 979 in
704 923 1016 995 proverbio
1031 922 1856 994 est,sermonespanegyricos

214 1032 370 1088 swpe
401 1014 660 1082 recitari,
695 1014 795 1084 qui
854 1013 1140 1085 mysteria
1179 1012 1504 1084 singularia
1541 1016 1858 1082 praetervo-

218 1105 365 1171 lant,
421 1109 480 1159 et
537 1103 794 1158 dictitari
854 1102 1050 1157 solent
1086 1117 1355 1158 sermones
1403 1101 1468 1155 de
1523 1099 1859 1154 communi?

215 1193 399 1264 Hujus
430 1197 626 1247 autem
664 1190 850 1245 moris
881 1189 1153 1259 exempla
1183 1193 1241 1242 et
1273 1186 1429 1258 apud
1459 1191 1683 1240 veteres
1735 1199 1855 1238 non

213 1281 442 1347 deesse,
477 1281 618 1334 satis
651 1279 752 1334 ille
792 1279 956 1332 novit
985 1278 1085 1347 qui
1121 1276 1208 1330 vel
1273 1275 1474 1343 unius,
1507 1292 1558 1329 v.
1598 1290 1707 1346 gr.,
1739 1275 1855 1326 Au-

213 1369 432 1442 gustini
466 1383 770 1423 sermones
798 1364 1169 1438 pervolverit.

286 1458 509 1516 Deinde
548 1474 682 1512 vero
713 1456 876 1512 aliud
907 1461 996 1511 est
1027 1454 1360 1510 orationem
1415 1453 1594 1507 latius
1636 1450 1854 1523 vagari,

213 1550 378 1608 aliud
405 1553 494 1604 est
524 1547 676 1602 nihil
707 1562 835 1601 eam
870 1563 989 1617 pra)
1023 1560 1085 1599 se
1123 1545 1278 1599 ferre
1325 1542 1483 1613 quod
1522 1541 1664 1597 satis
1719 1540 1852 1595 festi

213 1641 508 1696 rationem
531 1634 1105 1705 declaret.Equidem
1120 1633 1168 1688 si
1183 1648 1300 1704 qua
1314 1631 1580 1699 alia,ha3c
1598 1629 1856 1684 maxime

211 1728 452 1785 Joannis
484 1724 733 1780 homilia
760 1724 874 1777 huc
923 1723 1066 1776 illuc
1106 1735 1418 1777 excurrere
1463 1718 1713 1774 dicenda
1743 1721 1852 1772 est.

213 1816 389 1887 Atqui
419 1820 616 1869 tamen
648 1812 930 1884 praeclare
962 1811 1108 1865 adeo
1141 1809 1277 1918 festi
1298 1807 1725 1918 1Conceptionis
1757 1822 1853 1905 ra:
1887 1852 1932 1918 Β

212 1907 440 1961 tionem
495 1901 768 1975 proponi,
810 1906 874 1954 ut
938 1899 1088 1954 nihil
1153 1896 1518 1952 luculentius
1592 1895 1854 1966 excptari

212 1993 420 2065 possit.
455 1990 518 2046 Si
543 1989 946 2044 dedicationem
991 1986 1340 2056 templorum,
1370 1983 1567 2054 inquit
1623 1982 1747 2054 ipse
1780 1981 1855 2036 ad

213 2081 401 2136 finem
443 2077 758 2144 sermonis,
792 2077 1022 2131 solemni
1045 2077 1162 2129 ritu
1187 2074 1517 2131 celebramus
1537 2089 1557 2134 ;
1578 2076 1785 2140 quanto
1798 2071 1857 2125 id

214 2185 341 2225 vero
370 2168 543 2236 magis
566 2165 946 2236 praestandum
977 2169 1074 2231 est,
1120 2162 1342 2232 quando
1391 2177 1501 2215 non
1557 2177 1626 2214 ea:
1658 2158 1858 2230 lapidi-

218 2261 313 2313 bus
341 2273 499 2312 sacra
529 2256 669 2311 ardes
700 2253 1099 2322 exaediﬁcatur,
1141 2252 1239 2306 sed
1291 2251 1631 2320 beneplaeito
1674 2247 1775 2303 Dei
1804 2254 1855 2302 et

216 2344 596 2417 cooperatione
623 2342 952 2398 sanctissimi
981 2349 1032 2395 et
1057 2341 1383 2409 vivi/icantis
1412 2340 1654 2409 Spiritus
1674 2340 1855 2391 vivum

214 2438 313 2491 Dei
349 2435 515 2490 Verbi
545 2433 806 2502 templum
836 2434 894 2486 in
922 2433 1124 2485 Ventre
1146 2432 1321 2484 Annae
1339 2427 1856 2490 construitur?Qua

216 2540 356 2580 sane
383 2522 544 2578 brevi
576 2521 872 2576 sententia
902 2525 961 2573 et
989 2518 1318 2573 clarissime
1349 2514 1855 2588 proponiturfesti

211 2613 386 2680 ratio,
418 2611 548 2682 ipsa
578 2625 792 2679 nempe
853 2607 1048 2661 Marias
1106 2605 1462 2675 Conceptio:
1498 2608 1556 2658 et
1586 2601 1854 2675 ejusdem

210 2698 623 2770 Conceptionis
639 2696 918 2751 sanctitas
946 2711 1012 2750 ac
1025 2694 1252 2765 puritas
1274 2693 1424 2747 mira
1434 2690 1854 2764 perspicuitate

216 2788 583 2860 exprimitur.
614 2783 1124 2850 Quemadmodum
1179 2782 1335 2837 enim
1395 2779 1729 2836 Bernardus
1791 2779 1854 2833 in

218 2877 436 2934 celebri
468 2876 540 2930 de
570 2875 680 2930 hoc
709 2877 1056 2944 argumento
1089 2871 1340 2943 epistola
1367 2870 1564 2942 (epist.
1627 2871 1748 2938 174,
1781 2869 1861 2923 ad

212 2965 478 3024 Danonic.
512 2963 900 3034 Lugdun.),ex
930 2960 1155 3034 peccati
1185 2961 1506 3032 praesentia
1526 2961 1852 3032 arguitSpi-

215 3058 362 3112 ritus
397 3054 584 3109 sancti
616 3053 964 3107 viviﬁcantis
995 3051 1347 3115 absentiam,
1381 3065 1549 3120 aequo
1589 3049 1850 3120 profecto

214 3147 344 3219 jure
376 3144 518 3198 dum
542 3143 728 3197 sancti
760 3159 828 3197 ac
856 3140 1208 3195 viviﬁcantis
1239 3139 1491 3211 Spiritus
1533 3139 1850 3210 prtesentia

1961 565 2051 620 ria
2080 565 2387 637 quidpiam
2420 568 2682 638 reperies
2731 586 2846 639 quo
2893 570 3263 640 praeformata
3313 570 3384 624 de
3415 569 3607 623 Maria)

1963 655 2344 709 immunitate
2375 662 2663 726 apeccato
2687 659 2932 729 originis
2954 659 3248 713 sententia
3270 658 3602 728 dicipossit.

1963 744 2044 796 Ac
2084 741 2332 813 proinde
2356 743 2644 814 quidquid
2677 743 2915 799 demum
2949 746 3020 799 de
3063 746 3311 800 historia
3349 745 3478 816 ipsa
3506 745 3602 811 sit,

1964 847 2139 885 nemo
2164 831 2450 886 doctrinm
2483 832 2553 887 de
2595 833 2974 889 immaculato
3008 834 3262 906 Virginis
3315 839 3605 905 conceptu

1963 920 2314 975 calumniari
2359 926 2672 992 prepterea
2730 928 2942 994 potest,
2977 923 3133 993 quod
3165 923 3236 978 ab
3269 923 3604 994 apocrypho

1965 1007 2118 1062 libro
2148 1008 2416 1078 profecta
2443 1008 2628 1063 videri
2659 1014 2856 1080 queat.

2037 1098 2130 1150 XI.
2163 1096 2366 1161 Quoad
2394 1113 2463 1150 ea
2491 1113 2626 1151 vero
2696 1115 2825 1168 quin
2885 1099 2956 1154 de
3003 1099 3290 1154 Joachimi
3331 1105 3389 1154 et
3417 1101 3605 1154 Anna:

1964 1187 2144 1258 gestis
2175 1185 2246 1240 ab
2279 1184 2386 1240 illa
2415 1185 2665 1240 historia
2695 1185 2948 1241 deducta
2976 1187 3270 1256 videntur,
3304 1188 3606 1260 disputare

1964 1276 2026 1330 in
2049 1291 2310 1346 praesens
2341 1275 2493 1329 nihil
2514 1274 2782 1330 interest.
2814 1275 2968 1331 Illud
3002 1282 3198 1332 tamen
3256 1294 3376 1331 non
3433 1279 3606 1332 omit-

1965 1371 2232 1431 tam,non
2264 1365 2468 1419 omnia
2489 1364 2718 1419 scilicet
2745 1365 2817 1420 ab
2846 1366 3123 1420 omnibus
3185 1367 3310 1420 sine
3351 1365 3606 1437 quodam

1965 1454 2198 1509 delectu
2219 1459 2457 1525 recepta
2485 1453 2668 1508 fuisse
2701 1455 2776 1524 (8)
2809 1471 2822 1507 :
2857 1472 2987 1525 qua;
3045 1471 3181 1509 vero
3212 1456 3608 1510 communiter

1964 1543 2038 1598 de
2069 1543 2324 1615 Virginis
2365 1541 2752 1614 conceptione
2784 1549 3022 1614 recepta
3054 1548 3211 1608 sunt,
3255 1545 3302 1598 si
3349 1545 3434 1599 rei
3467 1543 3606 1598 sub-

1965 1631 2246 1686 stantiam
2304 1630 2664 1698 consideres,
2719 1631 2872 1686 nihil
2929 1631 3221 1686 absonum
3261 1638 3360 1687 aut
3423 1633 3603 1687 averi

1964 1721 2159 1792 specie
2189 1720 2516 1776 abhorrens
2548 1722 2874 1777 continere.

2035 1810 2301 1865 Profecto
2343 1809 2391 1865 si
2431 1826 2565 1864 cum
2625 1808 2697 1864 de
2753 1809 3038 1865 Samsone
3097 1815 3371 1882 ageretur
3400 1810 3599 1881 (Judic.

1961 1916 2081 1964 xm,
2113 1898 2187 1970 3),
2219 1903 2321 1954 aut
2351 1897 2424 1952 de
2455 1899 2690 1953 Domini
2707 1898 3240 1970 praecursore(Luc.
3262 1915 3300 1965 ι,
3322 1903 3380 1952 11
3405 1901 3604 1970 seqq.),

1961 1987 2214 2055 coalitus,
2248 1987 2334 2041 uti
2367 2003 2549 2042 sacras
2576 1991 2871 2042 testantur
2913 1988 3166 2056 Litterae,
3227 1988 3301 2042 ad
3331 1995 3606 2059 parentes

1960 2076 2180 2132 missus
2240 2080 2330 2130 est
2385 2075 2650 2148 angelus,
2703 2076 2804 2146 qui
2862 2076 3190 2130 sterilitatis
3224 2076 3604 2145 solutionem,

1960 2164 2310 2236 prolemque
2339 2163 2724 2235 polliceretur
2757 2183 2770 2231 ;
2817 2165 3090 2235 nunquid
3118 2165 3374 2220 absurde
3406 2167 3605 2220 existi-

1961 2254 2222 2310 mabitur
2249 2253 2530 2325 idipsum,
2558 2271 2692 2308 cum
2735 2253 2807 2309 de
2839 2254 3130 2309 Genitrice
3183 2255 3284 2308 Dei
3314 2262 3604 2327 ageretur,

1960 2344 2181 2398 factum
2209 2343 2391 2397 fuisse
2416 2343 2443 2398 ‘I
2469 2343 2525 2396 Si
2548 2344 2794 2414 antiqua
2823 2343 2928 2398 illa
2957 2345 3128 2398 Anna
3155 2343 3302 2399 fusis
3324 2345 3396 2399 ad
3421 2346 3605 2400 Deum

1961 2431 2236 2503 precibus
2268 2433 2315 2502 (l
2341 2433 2470 2500 Reg.
2506 2448 2545 2499 ι,
2583 2435 2648 2485 14
2675 2432 2850 2502 seqq.)
2873 2438 3134 2504 optatam
3178 2433 3603 2488 fecunditatem

1961 2521 2391 2588 consecutafest
2423 2536 2438 2585 ;
2470 2536 2577 2574 cur
2605 2519 2664 2574 id
2695 2520 3021 2576 absurdum
3053 2521 3123 2576 de
3144 2524 3317 2576 Anna
3337 2523 3601 2593 Deiparaa

1961 2613 2148 2664 matre
2182 2606 2554 2679 reputabitur
2581 2607 2608 2662 ?
2636 2608 2925 2678 Denique,
2959 2609 3008 2662 si
3058 2626 3128 2664 ex
3157 2614 3275 2664 tota
3300 2627 3601 2665 sacrarum

1962 2698 2312 2752 Litterarum
2355 2696 2505 2751 serie
2545 2696 2927 2752 manifestum
2959 2702 3067 2764 est,
3093 2714 3212 2752 non
3229 2698 3405 2754 modo
3420 2700 3600 2753 steri-

1959 2786 2182 2840 litatem
2217 2783 2567 2855 conjugibus
2597 2783 2782 2839 fuisse
2814 2784 3151 2855 opprobrio,
3190 2802 3390 2840 verum
3423 2787 3601 2842 etiam

1959 2879 2242 2944 tanquam
2276 2889 2309 2926 a
2338 2873 2455 2926 Deo
2489 2872 2720 2927 vindice
2743 2873 3071 2943 perculsos,
3105 2891 3171 2929 ac
3209 2874 3388 2929 veluti
3414 2875 3602 2931 male-

1959 2959 2168 3026 dictos,
2202 2958 2300 3030 qui
2335 2964 2605 3013 carerent
2634 2959 2859 3027 liberis,
2913 2959 3145 3016 habitos
3192 2960 3406 3029 fuisse;
3435 2963 3600 3034 quid,

1960 3065 2182 3120 quasso,
2217 3065 2250 3102 a
2271 3047 2391 3102 veri
2425 3048 2620 3118 specie
2642 3047 2892 3118 abludit,
2911 3051 3210 3105 loachimo
3233 3056 3409 3122 atque
3425 3055 3602 3106 Annm

1963 3136 2387 3192 contumeliam
2429 3153 2498 3192 ea
2527 3136 2598 3190 de
2630 3153 2806 3192 causa
2849 3138 3165 3212 irrogatam
3193 3140 3399 3207 fuisse,
3445 3141 3601 3196 unde

216 3197 299 3219 ,τε-
324 3197 338 3200 τ
388 3197 391 3198 ν
1278 3197 1296 3211 .
1533 3197 1553 3210 .
2970 3197 3002 3212 υ
3385 3197 3398 3207 ,

216 3236 279 3288 in
310 3235 436 3304 ipsa
465 3232 860 3302 Conceptione
890 3231 1264 3301 praedicatur,
1297 3229 1631 3285 necessario
1665 3229 1849 3284 infer-
1881 3197 1924 3263 δ
1963 3226 2182 3281 factum
2215 3225 2292 3281 sit
2321 3230 2384 3279 ut
2415 3225 2488 3280 ad
2545 3227 2730 3281 Deum
2791 3227 2968 3282 totius
3018 3229 3443 3284 consolationis
3480 3231 3600 3285 fer-

216 3329 312 3378 tur
337 3321 657 3392 cujuslibet
683 3320 952 3374 absentia
980 3320 1230 3389 peccati.
1673 3373 1684 3386 ,

287 3413 354 3468 Χ.
388 3409 551 3475 Quod
581 3408 654 3463 ad
685 3408 937 3463 alterum
969 3425 1106 3463 vero
1139 3412 1383 3479 spectat,
1421 3408 1513 3464 fac
1571 3408 1769 3476 etia‘m,
1802 3408 1850 3462 si

213 3501 297 3556 ita
324 3500 429 3566 vis,
463 3497 613 3552 nihil
644 3497 715 3551 de
748 3497 856 3551 hac
904 3512 967 3550 re
1015 3497 1216 3551 Patres
1273 3495 1510 3564 dixisse,
1545 3495 1702 3566 quod
1731 3513 1850 3550 non

215 3590 530 3644 deductum
586 3585 657 3641 ab
716 3585 820 3641 illa
866 3584 1064 3640 Jacobi
1121 3585 1369 3640 historia
1402 3584 1586 3639 videri
1643 3585 1847 3656 possit.

213 3677 363 3743 Quid
429 3675 567 3731 inde
626 3674 864 3728 demum
907 3672 1277 3728 concludes?
1329 3672 1594 3728 Profecto
1620 3673 1718 3727 ubi
1779 3673 1850 3728 de

211 3765 484 3822 doctrina
513 3763 849 3819 Christiana
884 3767 1088 3834 agatur
1116 3763 1298 3831 (certe
1336 3767 1536 3818 autem
1567 3763 1760 3833 agitur
1779 3760 1850 3817 de

207 3854 552 3927 gravissimo
593 3851 876 3907 doctrinm
908 3851 1257 3906 Christianas
1292 3851 1502 3921 capite,
1540 3867 1672 3906 cum
1690 3866 1848 3920 qum-

207 3944 358 3998 ritur
389 3958 464 3997 an
497 3956 704 3996 omnes
734 3939 808 3996 ad
838 3955 1024 3993 unum
1057 3939 1164 3993 ﬁlii
1203 3938 1366 4007 Adae,
1405 3939 1589 4010 patris
1609 3943 1850 4009 peccato

207 4030 507 4101 inquinati
538 4028 805 4095 fuerint),
838 4027 1004 4082 valde
1035 4027 1264 4098 abjecte
1295 4027 1368 4082 de
1399 4027 1673 4082 Patribus
1704 4043 1850 4098 opus

207 4119 414 4174 estille
446 4117 682 4184 sentiat,
720 4116 820 4187 qui
862 4115 1161 4170 existimet
1189 4131 1290 4170 eos
1311 4131 1430 4170 non
1451 4115 1626 4170 modo
1646 4115 1851 4170 faciles

205 4208 268 4261 in
299 4204 658 4277 recipiendis
689 4203 974 4271 historiis,
1011 4203 1114 4258 sed
1145 4220 1330 4259 caecos
1362 4203 1422 4258 in
1462 4204 1536 4258 iis
1559 4220 1688 4274 quas
1713 4204 1850 4258 fidei

206 4294 539 4366 depositum
570 4293 888 4365 attingunt,
918 4292 1303 4347 admittendis
1335 4309 1463 4347 sese
1486 4291 1845 4346 exhibuisse.

204 4385 532 4438 Tantumne
548 4399 667 4454 pra:
682 4382 802 4435 illis
824 4382 1241 4452 praasumimus
1256 4380 1327 4435 de
1344 4381 1847 4446 nobis,tantumne

207 4470 346 4526 ﬁdei
374 4487 659 4535 amorem,
694 4470 1143 4541 divinarumque
1165 4486 1364 4524 rerum
1388 4469 1661 4524 notitiam
1673 4469 1846 4523 nobis

1959 3315 2189 3370 ventius
2264 3314 2668 3388 confugerent,
2757 3323 3180 3390 compotesque
3213 3319 3453 3374 demum
3483 3320 3598 3375 voti

1961 3405 2174 3459 flerent
2200 3404 2228 3460 ?

2031 3495 2176 3548 Cum
2207 3494 2406 3564 itaque
2437 3493 2592 3550 facta
2622 3494 2682 3549 in
2714 3511 2775 3549 se
2807 3500 3070 3566 spectata
3110 3496 3263 3551 nihil
3309 3497 3596 3568 indecori,

1959 3583 2110 3639 nihil
2132 3600 2166 3638 a
2207 3582 2506 3636 verisimili
2538 3582 2803 3638 alienum
2825 3586 3171 3640 contineant
3202 3606 3217 3651 ;
3245 3586 3394 3640 illud
3410 3604 3597 3642 unum

1960 3671 2214 3742 denique
2245 3670 2602 3742 reprehendi
2633 3671 2782 3726 forte
2808 3673 3027 3744 poterit
3049 3674 3235 3743 ;quod
3252 3675 3596 3746 nimiaqua-

1959 3759 2095 3816 dam
2126 3759 2430 3827 facilitate,
2464 3764 2522 3813 et
2554 3763 2872 3831 antequam
2903 3761 2975 3815 de
3010 3767 3170 3818 certa
3208 3763 3472 3834 ipsorum
3502 3751 3596 3819 ve-

1957 3849 2132 3903 ritate
2164 3865 2233 3903 ex
2263 3847 2495 3903 idoneis
2520 3849 2878 3903 testimoniis
2909 3855 3224 3918 constaret,
3241 3852 3502 3909 admissa
3531 3870 3601 3908 ea

1958 3937 2218 4004 fuerint;
2261 3936 2534 4008 quodque
2569 3935 2771 3992 habita
2800 3954 2908 3993 ceu
2940 3956 3076 3995 vera
3122 3939 3370 3996 historia
3399 3941 3597 4013 fuerit,

1960 4042 2090 4096 quas
2123 4025 2317 4096 reipsa
2339 4025 2536 4096 potius
2575 4024 2796 4092 fabula,
2817 4027 3242 4083 verisimilibus
3273 4028 3482 4099 utique
3496 4045 3598 4084 co-

1957 4113 2186 4169 loribus
2212 4114 2487 4176 conﬁcta,
2520 4114 2722 4170 fabula
2748 4120 2944 4170 tamen
2976 4120 3151 4172 esset.

2034 4206 2244 4259 Verum
2277 4222 2350 4259 ne
2384 4205 2670 4276 praecipiti
2694 4205 2922 4275 judicio
2944 4205 3034 4260 vel
3071 4206 3199 4262 haec
3231 4206 3359 4278 ipsa
3395 4209 3598 4264 crimi-

1958 4295 2118 4348 natio
2148 4299 2276 4348 rata
2305 4293 3051 4361 habeatur,advertendum
3074 4297 3393 4368 est,utique
3410 4298 3594 4354 histo-

1957 4381 2106 4440 riam
2137 4381 2302 4437 illam
2335 4381 2491 4436 inter
2519 4382 2855 4453 apocrypha
2884 4399 2918 4437 a
2957 4385 3220 4455 Nysseno
3241 4387 3594 4443 recensitam

1918 4509 1922 4512 η
1959 4470 2164 4528 fuisse.
2202 4473 2412 4526 Verum
2451 4472 2788 4544 apocrypha
2819 4473 2975 4528 dicta
3015 4480 3248 4542 est,uon
3270 4477 3438 4547 quasi
3467 4478 3596 4550 ejus

206 4576 329 4632 prae
359 4558 481 4612 illis
514 4557 854 4624 tribuimus,
892 4562 957 4610 ut
987 4575 1117 4627 quas
1156 4559 1348 4629 primo
1401 4558 1578 4612 veluti
1628 4557 1846 4612 intuitu
1878 4548 1920 4611 D
1953 4560 2520 4631 auctoritaspenitus
2551 4561 2718 4616 nulla
2749 4563 3034 4629 esset,sed
3065 4565 3206 4635 quia
3230 4548 3595 4622 intersacros

206 4653 309 4703 aut
337 4643 782 4700 ﬂoccifacienda
820 4649 922 4698 aut
959 4644 1137 4699 etiam
1177 4663 1419 4715 prorsus
1477 4645 1848 4717 reprobanda

197 4735 560 4808 judicamus,
587 4731 922 4786 inconsulto
949 4731 1086 4786 illos
1117 4733 1420 4802 amplexos
1433 4749 1561 4787 esse
1585 4734 1845 4805 suspice-

206 4840 342 4880 mur
377 4822 404 4877 ?
435 4820 676 4875 Etiamsi
708 4820 907 4888 itaque
948 4819 1232 4873 doctrinas
1260 4820 1442 4887 illius,
1477 4837 1605 4890 quae
1636 4823 1845 4894 Deipa-

200 4929 330 4967 ram
363 4928 398 4966 a
420 4908 721 4965 communi
755 4907 1015 4962 ﬁliorum
1048 4905 1186 4961 AdtB
1218 4907 1350 4962 labe
1373 4909 1848 4981 eximit,vestigia

199 5005 262 5058 in
293 5018 363 5057 ea
390 5000 641 5056 historia
696 4995 1304 5068 deprehenderentur,
1363 5015 1674 5069 perperam
1706 5000 1844 5056 inde

199 5109 330 5148 eam
362 5086 785 5146 contemnendi
799 5101 1005 5142 ansam
1022 5085 1318 5157 quispiam
1343 5091 1844 5146 sumeret.Verum

1955 4649 2188 4705 codices
2219 4665 2339 4703 non
2370 4649 2743 4706 censebatur.
2777 4652 2851 4704 At
2907 4653 3287 4708 manifestum
3325 4660 3433 4720 est,
3474 4672 3595 4709 non

1955 4737 2087 4792 ideo
2129 4738 2285 4792 inter
2311 4738 2541 4792 fabulas
2565 4738 2868 4808 quidpiam
2900 4741 3412 4797 adnumerandum
3442 4760 3593 4812 esse,

1955 4826 2111 4898 quod
2143 4826 2338 4880 locum
2353 4843 2471 4879 non
2495 4825 2710 4880 habeat
2728 4827 2884 4882 inter
2906 4829 3092 4883 libros
3110 4830 3593 4902 divinitusinspi-

1953 4921 2136 4971 ratos.
2169 4914 2345 4968 Secus
2380 4914 2538 4968 enim
2578 4920 2794 4986 praeter
2837 4933 3035 4972 sacras
3065 4918 3332 4987 Litteras,
3365 4919 3592 4976 nullam

1953 5003 2310 5057 haberemus
2339 5001 2668 5072 historiam,
2704 5003 2809 5057 sed
2838 5021 3032 5058 meras
3061 5004 3312 5062 fabulas.

2023 5093 2136 5146 Res
2167 5090 2364 5160 itaque
2396 5106 2463 5145 eo
2494 5091 2820 5147 adducetur
2858 5096 2924 5146 ut
2973 5091 3106 5148 ideo
3155 5093 3309 5149 inter
3355 5096 3585 5153 fabulas

1792 5216 2014 5272 ΝΟΤΑΞ.

271 5314 344 5385 (8)
374 5315 440 5368 In
473 5307 1606 5385 exordio_0rat_ionishistoricaainedita:
1624 5310 1696 5385 de
1712 5313 1836 5367 Dei-

191 5379 350 5458 parae
378 5384 706 5458 dormitione
723 5381 849 5458 hinc
863 5379 1041 5458 habet
1066 5381 1840 5458 JoannesnThessalpnicen-

202 5447 284 5511 sis
317 5472 331 5511 :
374 5453 527 5512 Τινὲς
543 5448 620 5525 ’δὴ
635 5455 742 5525 raw
777 5450 853 5509 εἰς
899 5449 1116 5525 {inspexi
1171 5447 1489 5525 ηεξούργων
1521 5451 1836 5525 *αἱρετικῶν

199 5526 269 5597 τᾷ
296 5526 498 5580 ἑαυτῶν
535 5519 792 5597 βᾳλόντ-ες
824 5515 1426 5597 ζιζάνιάέστρὲϐλφὸοίν
1477 5521 1544 5597 τᾲ
1596 5515 1838 5597 ἀργγρα..

204 5595 435 5674 etv-ca...
492 5590 590 5648 Κὰὶ
677 5590 1300 5679 μήνθαυμάσητίπερί
1355 5612 1451 5646 του
1510 5590 1834 5670 διαφθέίρειν

201 5667 300 5729 τὰς
360 5665 570 5743 Γραφᾶς
653 5664 938 5724 ἀκουοντες
991 5661 1118 5725 τοὺς
1190 5661 1520 5736 αἴρετικούς.
1605 5665 1838 5731 Quidam

1949 5329 2075 5369 vero
2104 5314 2497 5384 improborum,
2528 5315 2625 5384 qui
2651 5313 2776 5368 dein
2805 5322 3183 5384 surrexerunt,
3216 5318 3589 5378 hereticorum

1947 5400 2048 5439 sua
2068 5387 2570 5462 ipsorum_;izania
2612 5391 2870 5462 serentes,
2906 5389 3072 5462 prius
3119 5394 3426 5462 conscripta
3467 5411 3590 5448 cor—

1946 5463 2284 5524 ruperunt...
2317 5457 2500 5526 Neque
2543 5457 2844 5523 miremini,
2894 5459 3023 5512 dum
3071 5463 3275 5516 auditis
3307 5457 3586 5519 haereticos

1947 5529 2154 5604 scripta
2185 5543 2598 5604 corrumpere...
2632 5527 2811 5582 Addit
2839 5527 3053 5583 deinde
3081 5532 3586 5604 Joannes,depra—

1947 5603 2078 5652 vata
2104 5614 2164 5652 se
2189 5598 2660 5654 emendaturum.
