3888 6136
301 332 441 390 1459
1639 335 1942 389 JOANNIS

2108 329 2202 386 ιΟΕ
2210 332 2414 385 ΒΝΒΙΒ
3572 335 3728 392 1460

300 458 426 514 haec
462 458 710 514 historia
758 463 1156 530 computetur,
1204 459 1343 530 quia
1393 457 1728 531 cujusmodi
1775 456 1955 514 fuerit
1981 456 2038 525 Α
2069 455 2287 509 mentis
2328 453 2624 525 judicium
2673 455 2854 528 gratis
2901 456 3193 530 denegare
3231 459 3562 526 debemus;
3586 462 3728 533 jam

301 546 554 605 Iacobus
581 548 843 603 histories
872 553 1097 617 auctor,
1123 548 1446 622 ignoratur.
2050 560 2190 599 vero
2224 544 2337 614 ipsi
2370 544 2513 599 artis
2561 545 2780 601 criticaa
2830 562 3089 602 canones
3120 547 3381 618 edicunt,
3414 567 3540 606 non
3572 567 3730 622 pru-

372 636 550 706 Atqui
582 636 724 691 artis
756 637 975 691 criticaa
1026 642 1321 709 praecepta
1352 637 1585 705 docent,
1620 636 1681 691 in
1720 636 1813 692 his
1844 636 1947 691 ad-
2054 634 2251 690 dentis
2285 651 2415 689 esse
2449 636 2767 706 aequitatis,
2824 636 2925 693 sed
2977 638 3313 708 iniquitatis
3356 642 3726 710 temerarias,

296 727 523 797 junctis
576 743 696 781 non
753 727 827 781 ad
873 726 1103 782 fabulas
1156 727 1316 782 illico
1376 727 1748 783 narrationes
1818 743 1948 782 esse
2052 723 2461 793 peremptoria
2492 724 2747 794 quadam
2779 726 3436 799 sententiahujusmodi
3459 730 3625 785 facta
3648 731 3725 787 ad

305 816 732 883 amandandas,
790 816 894 871 sed
950 815 1190 872 interim
1236 833 1271 872 ει
1317 815 1626 872 definitiva
1655 816 1952 873 sententia
2052 810 2284 867 fabulas
2316 813 2565 883 rejicere
2592 829 2605 867 :
2638 813 2896 870 maxime
2928 831 3063 870 cum
3094 816 3157 871 in
3190 817 3513 889 seligendis
3545 818 3725 875 factis

304 906 501 976 potius
536 904 1010 976 temperandum.
2056 900 2219 956 aliud
2244 901 2681 972 antiquioribus
2708 903 2827 958 illis
2850 908 3066 974 praesto
3090 921 3217 960 esse
3240 908 3505 976 potuerit
3524 907 3723 963 admi-

374 998 669 1051 Praaterea
699 996 746 1050 si
779 996 973 1064 nobis,
1001 996 1101 1066 qui
1126 999 1182 1051 et
1212 1012 1247 1051 a
1274 996 1445 1051 factis
1470 996 1759 1051 enarratis
1792 1001 1849 1050 et
1876 995 1949 1051 ab
2055 989 2342 1058 niculum,
2394 990 2630 1047 traditio
2689 991 2933 1062 scilicet,
2978 992 3053 1049 ad
3106 1011 3285 1064 quam
3333 998 3722 1054 narrationes

304 1088 544 1141 auctore
567 1085 926 1140 narrationis
950 1089 1113 1139 tanto
1136 1084 1426 1140 distamus
1452 1085 1782 1153 intervallo,
1806 1085 1949 1140 artis

304 1172 521 1229 criticzn
566 1174 724 1245 leges
771 1190 891 1229 non
937 1174 1337 1237 consentiunt,
1371 1179 1437 1228 ut
1483 1175 1631 1229 citra
1660 1174 1776 1229 alia
1802 1192 1950 1245 prte-

304 1262 456 1318 sidia
485 1272 710 1317 certum
744 1263 817 1318 de
862 1279 925 1318 re
964 1263 1258 1334 judicium
1306 1263 1605 1329 feramus;
1638 1268 1699 1319 at
1728 1263 1952 1318 easdem

303 1352 463 1423 leges
496 1351 673 1407 simul
702 1352 985 1417 indicant,
1015 1351 1314 1407 undenam
1344 1352 1688 1423 prmsidium
1711 1350 1953 1423 aliquod

308 1441 381 1496 ad
411 1441 471 1495 id
502 1442 620 1511 peti
652 1442 876 1512 possit;
910 1446 969 1496 et
1015 1458 1137 1497 non
1181 1442 1564 1497 consentiunt
1610 1442 1806 1509 modo,
1850 1440 1953 1496 sed

309 1530 484 1601 plane
519 1530 780 1601 exigunt,
815 1536 879 1585 ut
910 1530 1121 1586 saltem
1153 1547 1254 1586 eos
1309 1532 1408 1601 qui
1441 1532 1638 1586 minus
1669 1547 1704 1586 a
1732 1548 1794 1586 re
1826 1531 1956 1602 ipsa

311 1619 632 1685 distabant,
679 1621 1133 1692 interrogemus,
1196 1620 1407 1691 quidve
1466 1621 1577 1692 ipsi
1638 1620 1953 1687 senserint,

2059 1079 2378 1150 exigerent.
2418 1082 2617 1150 Neque
2651 1081 2811 1136 enim
2835 1082 3298 1139 existimandum
3329 1090 3437 1153 est,
3472 1087 3721 1157 primm-

2059 1184 2156 1221 vos
2191 1168 2326 1223 illos
2358 1168 2565 1225 ﬁdeles
2596 1170 2797 1239 aliqua
2827 1171 2983 1226 circa
3004 1172 3220 1227 Christi
3254 1175 3498 1229 Matrem
3530 1177 3721 1231 tradi-

2059 1256 2219 1311 tione
2250 1257 2488 1327 penitus
2518 1257 2831 1313 destitutos
2856 1258 3063 1324 fuisse,
3090 1277 3226 1316 cum
3257 1261 3393 1317 illos
3422 1280 3626 1334 neque
3661 1266 3724 1319 in

2059 1344 2417 1415 inquirendo
2472 1345 2728 1414 desides,
2783 1363 2979 1418 neque
3036 1349 3099 1403 in
3158 1351 3463 1407 servandis
3495 1352 3725 1409 auditis

2058 1451 2302 1506 prorsus
2333 1435 2700 1507 negligentes
2734 1452 2863 1492 esse
2894 1437 3095 1509 reipsa
3123 1441 3519 1509 permitteret.

2132 1525 2265 1580 Hmc
2304 1540 2479 1595 porro
2530 1524 2722 1580 obiter
2772 1524 2928 1581 dicta
2973 1527 3172 1594 velim,
3244 1546 3365 1585 non
3414 1532 3593 1601 quasi
3648 1533 3725 1588 ad

2061 1628 2325 1684 prazsens
2370 1612 2706 1669 institutum
2756 1618 3094 1672 necessaria
3138 1617 3276 1685 sint,
3310 1619 3399 1674 vel
3430 1622 3613 1690 quasi
3645 1621 3724 1676 ad

310 1709 713 1779 dispiciamus.
746 1712 923 1763 Perro
979 1713 1034 1763 1ο
1068 1726 1201 1765 cum
1246 1710 1760 1781 deprehendamus
1803 1710 1957 1765 facta
2063 1703 2493 1759 controversias
2542 1703 2835 1773 ejusmodi
2887 1705 3198 1761 solvendas
3230 1708 3575 1763 sufﬁciant:
3615 1711 3725 1766 sed

311 1798 582 1867 quaedam
615 1798 1011 1854 communiter
1059 1805 1297 1870 recepta
1328 1799 1398 1854 ab
1431 1798 1503 1854 iis
1536 1816 1684 1871 quos
1716 1799 1804 1853 illi
1836 1815 1955 1853 ωνο
2063 1797 2129 1846 ut
2156 1796 2355 1862 pateat
2401 1791 2559 1847 haud
2603 1791 2807 1847 faciles
2847 1810 3023 1849 aures
3066 1795 3140 1850 iis
3189 1797 3583 1867 porrigendas
3620 1801 3726 1871 qui

307 1887 619 1943 viciniores
652 1889 953 1954 novimus;
978 1892 1036 1942 2°
1063 1905 1197 1944 cum
1221 1888 1524 1944 videamus
1546 1905 1647 1943 eos
1678 1905 1799 1943 non
1827 1889 1955 1944 sine
1988 1874 2034 1939 Β
2065 1883 2250 1939 semel
2277 1899 2345 1938 ac
2376 1882 2437 1938 in
2482 1883 2609 1938 hinc
2663 1884 2955 1949 incidunt.
3016 1890 3239 1941 temere
3271 1892 3471 1957 atque,
3503 1896 3570 1944 ut
3606 1890 3727 1945 dici

309 1976 565 2047 quodam
619 1977 852 2032 delectu
906 1976 1063 2033 facta
1119 1978 1245 2049 ipsa
1297 1977 1647 2044 admisisse;
1709 1979 1767 2033 3ο
1823 1994 1959 2032 cum
2068 1973 2237 2040 solet,
2271 1978 2494 2028 stantes
2515 1972 2665 2045 pede
2685 1973 2749 2029 in
2773 1991 2887 2031 uno
2909 1974 3139 2031 fabulas
3158 1976 3455 2048 judicant,
3490 1984 3727 2037 temere

308 2072 539 2123 constet
584 2066 856 2121 cordatos
906 2066 1061 2122 viros
1112 2083 1211 2123 eos
1256 2067 1574 2133 exstitisse,
1626 2066 1842 2136 quibus
1873 2066 1961 2120 id-
2066 2062 2439 2134 proclamant
2462 2062 2716 2121 fabulas.

308 2156 463 2211 circo
487 2173 596 2211 nec
614 2155 875 2212 veritatis
902 2156 1251 2228 indaganda:
1277 2155 1962 2226 sollicitudinem,neque

314 2314 3724 2344 __________________________________________________

458 2474 1034 2574 ΙΩΑΝΝΟΥ
1097 2472 1708 2571 ΜΟΝΑΧΟΥ
1766 2473 1983 2569 ΚΑΙ
2047 2475 2955 2574 ΙΙΡΕΣΒΥΤΕΡΟΥ
3028 2479 3576 2576 ΕΥΒΟΙΑΣ

1094 2677 1323 2733 ΛΟΓΟΣ
1364 2674 1478 2731 ΕΙΣ
1532 2672 1676 2732 ΤΗΝ
1719 2673 2044 2729 ΣΥΛΗΨΙΝ
2115 2673 2255 2731 ΤΗΣ
2305 2675 2514 2731 ΑΓΙΑΣ
2555 2674 2927 2734 ΘΕΟΤΟΚΟΥ.

519 2986 1051 3084 JOANNIS
1114 2984 1705 3085 MONACHI
1768 2986 1934 3081 ET
1999 2985 2813 3085 PRESBYTERI
2877 2976 3510 3101 EUBCE/E‘”

1065 3196 1332 3259 SERMO
1394 3196 1475 3257 IN
1536 3194 2133 3259 CONCEPTIONEM
2178 3194 2516 3257 SANCT/E
2561 3196 2946 3261 DEIPARJE.

1495 3352 1653 3423 (Ant.
1688 3352 2005 3422 BALLERINI,
2036 3355 2151 3409 loco
2180 3356 2296 3425 cit,
2329 3371 2386 3428 p.
2420 3354 2531 3427 47.)

895 3604 1148 3670 Benedic,
1183 3605 1367 3658 Pater.

369 3698 414 3752 Ι.
448 3696 687 3765 Paulus,
747 3712 996 3768 magnus
1054 3695 1155 3750 ille
1211 3693 1551 3767 Apostolus,
1600 3710 1952 3768 magnorum

300 3786 405 3842 ille
464 3802 816 3841 arcanorum
875 3785 1209 3840 divinorum
1258 3784 1572 3855 interpres,
1633 3784 1951 3840 sollicitam

301 3875 513 3931 salutis
559 3880 777 3930 nostra:
808 3891 1009 3929 curam
1042 3891 1276 3947 gerens,
1307 3891 1416 3929 nos
1452 3879 1509 3928 et
1540 3873 1863 3941 edocendo,
1896 3880 1954 3930 et

301 3964 622 4037 arguendo,
673 3968 731 4018 et
779 3963 1162 4033 increpando,
1216 3967 1275 4017 et
1327 3962 1690 4018 obsecrando
1738 3963 1953 4017 excitat

300 4059 365 4109 ut
392 4055 465 4125 (α)
494 4053 554 4108 in
578 4052 856 4107 omnibus
882 4052 1101 4124 gratias
1124 4068 1389 4125 agamus,
1413 4056 1471 4105 et
1497 4052 1622 4106 sine
1649 4051 1951 4106 intermis-

301 4144 468 4198 sione
501 4144 750 4197 orationi
777 4143 1086 4196 instemus.
1111 4143 1181 4196 Et
1202 4141 1313 4197 hoc
1336 4140 1577 4212 quidem
1600 4141 1659 4195 in
1684 4141 1949 4196 omnium

376 4294 451 4366 (α)
483 4295 506 4347 Ι
536 4292 735 4348 Thess.
769 4308 822 4361 ν,
857 4294 942 4360 17,
978 4295 1063 4347 18.

2598 3601 2934 3679 Εὖλόγησον,
2977 3602 3173 3679 Πάτερ.

2136 3693 2213 3749 Α’.
2246 3692 2307 3749 Ὀ
2370 3692 2540 3768 μὲγας
2596 3690 2906 3754 ἀπόστολος
2951 3689 3168 3754 Παῦλος
3224 3692 3254 3747 ὁ
3310 3698 3419 3748 τῶν
3461 3694 3720 3771 μεγάλων

2064 3781 2378 3853 μυστηρίων
2465 3780 2764 3856 ἐξηγητὴς,
2836 3781 2903 3835 τὰ
2973 3783 3075 3845 τῆς
3140 3779 3413 3856 σωτηρίας
3473 3783 3494 3817 ¹
3555 3784 3725 3857 ἡμῶν

2059 3869 2575 3947 πραγματευόμενος
2652 3867 2977 3939 ἐκδιδάσκει,
3066 3865 3281 3944 ἐλέγχει
3348 3873 3391 3939 ³,
3464 3870 3717 3947 ἐπιτιμᾷ,

2058 3960 2367 4035 παρακαλεῖ
2413 3959 2464 4015 ἐν
2515 3960 2676 4014 παντὶ
2725 3958 3088 4034 εὐχαριστεῖν,
3137 3955 3506 4022 ἀδιαλείπτως
3540 3981 3718 4036 προσ-

2060 4048 2333 4125 εὖχὲσθαι.
2394 4049 2498 4104 Καὶ
2547 4052 2708 4103 τοῦτο
2757 4052 2916 4102 πᾶσιν
2964 4048 3269 4122 ἀνθρώποις
3328 4042 3555 4119 ἔξεστιν.
3613 4050 3715 4105 Οὖ-

2059 4134 2170 4199 δεὶς
2228 4134 2285 4191 δὲ
2342 4138 2510 4210 ἄξιος,
2573 4138 2648 4210 μή
2707 4135 3112 4212 κεκαθαρμένην
3174 4130 3315 4212 ἔχων
3366 4138 3467 4206 τὴν
3500 4135 3709 4195 ’ἔννοιαν

1669 4382 1906 4436 VARle
1947 4379 2347 4436 LECTIONES.

371 4500 390 4535 ί
422 4500 481 4555 C.
518 4498 688 4553 Barb.
722 4495 922 4553 mend.
956 4495 1116 4568 ἡμῖν,
1151 4495 1295 4551 Οωε.
1328 4498 1393 4551 Α.
1426 4497 1585 4567 ἡμῶν
1619 4496 1641 4530 ²
1671 4497 1731 4550 C.
1766 4496 1935 4553 Barb.
1970 4491 2248 4570 ἐλλὲγχει,
2281 4495 2423 4552 Cws.
2460 4499 2525 4549 A.
2556 4489 2795 4570 ἐλέγχει.

1896 4640 2116 4695 NOTAE.

374 4742 451 4811 (1)
482 4740 694 4811 Οωίεειν.
730 4736 914 4811 codex
945 4737 1008 4791 A.
1044 4736 1128 4811 sic
1172 4736 1355 4811 alium
1405 4734 1643 4811 praefert
1670 4735 1909 4811 titulum
1940 4752 1951 4789 :

312 4802 489 4881 Λόγος
544 4810 622 4874 εἰς
689 4810 782 4881 τὸν
859 4804 1245 4881 εὐαγγελισμὼρ
1298 4802 1455 4881 μτῶὖλ
1504 4804 1692 4881 ἁγίων-
1728 4802 1951 4861 δικαίων

379 4836 388 4867 δ
544 4833 622 4874 εις
689 4833 782 4867 τον
859 4833 1245 4879 ευαγγεΛισμυν
1322 4833 1429 4861 των
1504 4833 1666 4881 αγιων
1728 4833 1951 4861 υικαιων

379 4833 671 4954 ’ἶωακκεὶμ
696 4880 794 4954 καὶ.
843 4878 1207 4954 ξ’ᾼννηςχέκαὶ
1267 4876 1349 4954 εἷς
1407 4877 1468 4933 τὸ
1523 4874 1796 4954 γενέθλιον
1853 4883 1953 4945 τῆς

383 4947 677 5079 ἓπερὲγίας
780 4947 995 5022 ἐνδόξου
1072 4948 1454 5020 Ἀειπαρθὲνου
1537 4947 1755 5026 ’Μαρίας
1853 4954 1952 5018 τῆς

434 5047 519 5079 εοτ
557 5046 676 5079 κου.

388 5034 676 5081 Θεοτόκου.

813 5110 1154 5185 Εὖλόγησον,
1201 5103 1461 5164 Δέσποτα.

311 5208 501 5261 Sermo
557 5204 616 5256 in
704 5203 887 5256 laetum
971 5204 1227 5256 nuntium
1310 5206 1621 5254 sanctorum
1679 5200 1958 5267 justorum

383 5274 636 5333 Joachim
685 5280 737 5331 et
767 5276 922 5339 Ana},
983 5280 1032 5327 et
1088 5276 1145 5327 in
1204 5274 1545 5327 nativitatem
1576 5276 1956 5335 sacrosancta,

388 5346 638 5419 gloriosa:
682 5351 731 5399 et
780 5360 988 5413 semper
1035 5344 1266 5413 virginis
1312 5344 1502 5397 Mariae
1531 5342 1626 5395 Dei
1654 5339 1956 5409 genitricis.

870 5435 1123 5501 Benedic,
1164 5436 1409 5491 Domine.

393 5525 553 5582 Nihil
583 5540 815 5579 movere
844 5523 969 5576 haac
1000 5523 1304 5578 diversitas
1353 5522 1545 5579 debet.
1579 5518 1959 5575 Consuevisse

326 5599 485 5653 enim
519 5596 743 5662 titulos,
776 5594 1105 5666 prmsertim
1137 5594 1183 5647 si
1217 5594 1288 5647 de
1328 5593 1702 5666 sermonibus
1733 5597 1959 5666 agatur,

326 5670 396 5725 ab
429 5670 500 5724 iis
522 5685 625 5740 pro
654 5684 759 5722 sua
780 5663 1040 5737 ipsorum
1063 5666 1459 5720 sentententia
1486 5664 1701 5735 apponi
1730 5663 1818 5717 vel
1849 5663 1961 5716 im-

2065 4736 2304 4800 mutari,
2339 4736 2511 4806 plura
2542 4735 2759 4791 docent
2788 4732 3073 4804 exempla.
3111 4736 3233 4788 Imo
3266 4732 3408 4806 quid
3442 4734 3517 4789 ab
3544 4751 3704 4790 ama—

2065 4808 2384 4862 nuensium
2418 4823 2651 4877 quoque
2683 4806 2923 4861 arbitrio
2955 4806 3417 4877 exspectandum
3443 4807 3540 4871 sit,
3567 4807 3708 4861 insi-

2065 4895 2175 4951 gne
2207 4878 2378 4951 nobis
2425 4876 2837 4951 argumentum
2886 4876 3007 4951 vel_
3036 4876 3468 4951 hic-orationis
3508 4877 3709 4951 titulus

2066 4947 2207 5003 satis
2240 4949 2480 5003 indicat.
2500 4947 2645 5003 Cum
2670 4948 2827 5002 enim
2849 4947 3047 5019 nescio
3066 4948 3242 5019 cujus
3275 4949 3503 5001 incuria
3534 4948 3708 5019 hujus

2064 5020 2322 5074 homilias
2380 5022 2594 5090 primo,
2653 5019 2809 5088 quod
2876 5018 3220 5090 Vindobona
3290 5018 3706 5073 transmissum

2066 5092 2275 5153 fuerat,
2330 5088 2663 5162 exemplari;
2701 5090 2938 5157 amisso,
2986 5088 3238 5162 alterum
3291 5094 3567 5162 expetere
3596 5106 3709 5162 _ne-

2068 5178 2231 5233 ce_sse
2260 5162 2453 5227 fuerit,
2481 5159 2606 5233 j'am
2652 5160 2773 5233 hoc
2806 5160 3129 5233 secundum
3164 5160 3405 5233 legitsiq
3434 5159 3503 5233 τᾲ
3532 5159 3711 5232 Εὐαγ-

2066 5230 2242 5305 γέλια,
2294 5233 2394 5287 ubi
2454 5228 2710 5303 primum
2761 5230 2990 5305 legebat
3038 5228 3113 5291 εἷς
3144 5228 3249 5305 τὸν*
3272 5228 3705 5305 εὐαγγελισμὸγῖι·

2069 5299 2128 5359 ἐι
2156 5320 2289 5359 cum
2321 5299 2483 5374 prius
2515 5304 2758 5374 haberet
2802 5299 2899 5367 τ’ῆς
2951 5300 3239 5374 ὑπεραγίας
3286 5299 3525 5374 ἐνδόξου,
3555 5309 3623 5374 _et
3652 5304 3708 5355 in

2070 5376 2207 5447 ﬁne,
2241 5371 2580 5447 Εὐλόγησον,
2608 5373 2867 5447 Munerat,
2893 5371 3184 5447 posterius
3216 5373 3393 5427 habet
3411 5377 3511 5447 τῆς
3547 5371 3711 5444 ὑπερ-

2070 5443 2300 5513 ενδὸξονο
2362 5442 2536 5503 θᾘίῐι
2598 5447 2713 5500 ﬁne.
2772 5442 3117 5516 E’blOYlp‘pOi'
3180 5462 3310 5513 quas
3343 5444 3586 5516 quidem
3619 5442 3710 5498 va-

2068 5518 2349 5573 riantium
2380 5519 2700 5572 lectionum
2736 5514 2927 5569 series
2966 5515 3119 5570 inter
3146 5532 3334 5569 unum
3367 5522 3422 5570 et
3454 5514 3707 5569 alterum

2070 5590 2370 5659 exemplar
2398 5590 2458 5644 in
2490 5590 2741 5643 decursu
2772 5602 3005 5656 quoque
3053 5585 3338 5643 orationis
3369 5592 3710 5643 constanter

2069 5661 2312 5718 oocurit.
