3888 6136
181 375 317 433 1461

1227 379 1473 436 BERMO
1507 379 1583 434 IN
1620 371 2178 432 CONCEPTIONEM
2215 373 2573 428 DEIPARB.

3445 380 3469 434 1
3482 378 3584 437 462

182 503 281 556 τοῦ
308 493 414 554 ἔσω
471 497 783 573 ἀνθρώπου,
840 501 1090 564 τοιοῦτος
1149 497 1246 571 ὢν,
1278 499 1351 565 ὦς
1390 501 1419 556 6
1474 501 1643 564 τάλας
1701 496 1752 573 ἐγ

1998 512 2188 553 rorsus
2220 500 2311 554 est
2344 499 2656 568 potestate.
2691 496 2766 551 At
2794 511 2931 554 vero
2970 501 3253 570 mysteria
3304 502 3408 560 illa
3450 503 3584 564 ideo

193 592 399 666 σειραῖς
468 586 491 622 ³
553 592 659 643 τῶν
757 587 902 663 ἐμῶν
986 588 1366 664 πλημμελιῶν
1451 581 1835 668 σφιγγόμενος,

191 676 456 734 τοιούτων
496 677 628 752 ὑπὶρ
686 675 810 734 λίαν
872 680 1204 756 πραγμάτων
1249 678 1647 756 προσάψασθαι·
1705 671 1831 732 ἀλλ’

188 767 226 838 ἢ
289 765 450 841 μόνον
503 767 622 831 καθ’
682 767 912 838 ἑκάστην
964 767 1176 845 ἡμέραν
1251 770 1352 839 τήν
1443 765 1666 841 ἀνομίαν
1729 783 1832 838 μου

188 854 494 934 άναγγελῶ,
581 857 670 912 καὶ
755 859 1080 934 μεριμνήσω
1168 858 1298 934 ὑπὶρ
1382 863 1482 928 τῆς
1565 849 1832 931 ἁμαρτίας

191 966 320 1020 μου.
352 943 512 1004 Ἀλλ’
544 943 732 1016 ἒπειδή
765 947 792 1002 6
824 947 995 1012 πόθος
1052 944 1229 1020 ἓλκειξ
1255 969 1342 1022 με,
1376 947 1404 1004 6
1435 941 1604 1025 φόϐος
1653 941 1836 1001 ἀνθέλ-

189 1056 274 1090 κει
309 1056 395 1108 με,
453 1035 543 1090 καὶ
575 1035 610 1104 ἡ
643 1035 930 1108 ἀναξιότης
990 1041 1146 1111 σιγᾷν
1197 1035 1426 1110 ἐπιτιμᾷ
1479 1051 1594 1108 μοι·
1637 1031 1728 1088 καὶ
1775 1030 1828 1088 αὶ

186 1124 447 1200 ἁμαρτίαι
521 1143 624 1196 μου
711 1124 839 1179 ὡσεὶ
933 1124 1154 1203 φορτίον
1242 1123 1378 1201 βαρὺ
1463 1117 1829 1194 ἐϐαρύνθησαν

186 1213 271 1268 ἐπ’
301 1212 419 1286 ἐμὲ,
451 1213 541 1268 καὶ
571 1211 624 1267 τί
654 1215 871 1283 ποιήσω
903 1213 1004 1269 οὐκ
1032 1212 1172 1270 οἴδα.
1203 1215 1348 1286 ’Δρα
1374 1213 1645 1286 τολμήσω
1701 1209 1829 1264 ἀνά-

182 1301 297 1372 ξιος
331 1299 406 1358 ὢν
435 1305 532 1356 τοῦ
562 1299 973 1377 ἐγχειρήματος
999 1321 1013 1372 ;
1044 1303 1104 1357 Τί
1158 1301 1466 1376 ἐρήσομαις
1518 1298 1830 1371 ἒπιτιμήσω

179 1389 456 1463 ἐμαυτὸν;
545 1390 818 1446 ταλανίσω
901 1391 999 1459 τὴν
1087 1390 1322 1465 ἐμαυτοῦ
1405 1386 1827 1463 ταλαιπωρίανς

185 1479 402 1554 ἐπίσχω
430 1485 538 1536 τῶν
571 1473 939 1536 ἀναϐαινότων
979 1479 1030 1535 ἐν
1077 1484 1146 1554 τῇ
1190 1476 1384 1554 καρδίᾳ
1439 1499 1543 1553 μου
1595 1497 1830 1553 μακαρι-

180 1573 338 1643 σμῶν
366 1570 490 1643 περὶ
519 1575 620 1639 τῆς
662 1571 1018 1642 πανυμνήτου
1071 1567 1347 1644 Θεοδόχου
1393 1589 1451 1626 τε
1491 1564 1581 1624 καί
1633 1564 1829 1623 Θεοτό-

177 1677 282 1713 κου
313 1657 400 1712 καὶ
436 1657 588 1733 ἁγίας
615 1657 892 1732 Παρθένου
926 1657 1138 1730 Μαρίας
1169 1677 1183 1727 ;

1949 602 2129 658 supra
2159 585 2404 643 modum
2435 585 2715 642 sublimia
2739 587 2809 657 (2)
2835 603 3010 643 nemo
3032 589 3359 665 velalonge
3382 594 3586 652 attriu-

1941 691 2077 745 gere
2105 674 2320 744 dignus
2341 675 2570 730 censeri
2601 679 2814 746 potest,
2849 677 2950 748 qui
2979 677 3282 736 interioris
3321 681 3581 740 hominis

1942 763 2229 822 intuitum
2258 763 2637 838 purificatum
2668 780 2787 820 non
2819 763 3052 834 habeat,
3087 767 3189 826 sed
3237 769 3580 841 hujusmodi

1942 852 2210 921 exsistat,
2241 853 2436 927 qualis
2468 857 2522 910 et
2555 869 2658 925 ego
2690 853 2870 909 miser
2898 853 3350 931 (deprehendor)
3381 875 3584 931 pecca-

1941 947 2137 1000 torum
2156 958 2425 999 meorum
2446 941 2689 998 funibus
2711 942 3136 1000 constrinctus:
3160 947 3253 1003 cui
3267 954 3582 1020 propterea

1941 1031 2092 1088 illud
2120 1047 2309 1089 unum
2338 1030 2638 1102 reliquum
2693 1032 2788 1097 sit,
2819 1036 2886 1087 ut
2913 1033 3174 1104 quotidie
3230 1038 3582 1108 iniquitatem

1938 1136 2113 1176 meam
2143 1118 2488 1187 annuntiem,
2521 1125 2574 1175 et
2612 1118 2678 1174 de
2694 1127 2922 1188 peccato
2952 1138 3070 1177 meo
3101 1126 3330 1194 cogitem
3358 1127 3450 1196 (b).
3481 1128 3584 1185 Ve-

1938 1225 2072 1264 rum
2103 1225 2238 1264 cum
2269 1225 2364 1263 me
2393 1207 2534 1262 hinc
2565 1207 2806 1278 quidem
2838 1209 3200 1268 desiderium
3233 1220 3292 1270 et
3336 1217 3581 1272 allectus

1939 1297 2228 1372 impellat,
2265 1297 2403 1355 inde
2435 1313 2570 1354 vero
2601 1297 2866 1356 retrahat
2906 1299 3104 1366 timor,
3153 1305 3329 1373 atque
3378 1304 3453 1362 ad
3500 1305 3583 1361 si-

1937 1386 2191 1444 lentium
2221 1401 2354 1443 mea
2383 1401 2476 1442 me
2509 1385 2830 1459 indignitas
2855 1389 3194 1460 compellat,
3227 1407 3294 1447 ac
3337 1399 3582 1464 peccata

1937 1491 2072 1532 mea
2100 1477 2238 1533 sicut
2272 1491 2407 1531 onus
2447 1492 2614 1548 grave
2662 1483 2897 1545 gravata
2950 1481 3059 1534 sint
3115 1495 3278 1551 super
3331 1497 3415 1538 me
3471 1483 3576 1554 (c):

1930 1565 2061 1638 jam
2093 1570 2151 1622 et
2171 1564 2344 1636 plane
2368 1563 2568 1621 nescio
2594 1565 2733 1638 quid
2757 1565 2990 1622 faciam.
3013 1569 3235 1625 Remne
3277 1572 3574 1642 suscipere

1935 1655 1998 1712 in
2031 1654 2296 1711 animum
2326 1653 2627 1722 inducam,
2660 1653 2939 1727 indignus
2970 1673 3104 1711 cum
3137 1656 3247 1714 sim
3268 1659 3295 1714 ?
3315 1657 3464 1724 Quid
3487 1659 3579 1715 di-

178 1764 313 1804 cam
333 1748 361 1804 ?
388 1749 804 1820 memetipsum
835 1748 1206 1820 redarguam,
1235 1747 1556 1820 deplorabo
1585 1746 1890 1805 miseriam
1929 1759 2146 1810 meam,
2177 1749 2352 1814 atque
2384 1743 2544 1800 omni
2577 1743 2752 1800 laude
2783 1743 3165 1817 dignissimae,
3199 1753 3416 1805 sanctas
3450 1749 3576 1805 Vir-

177 1837 335 1908 ginis
365 1838 578 1905 Μανίαν,
612 1855 742 1909 qua:
775 1839 959 1893 Deum
991 1837 1239 1908 excepit,
1269 1837 1574 1908 Deumque
1606 1835 1854 1908 peperit,
1886 1832 2094 1891 laudes
2123 1849 2152 1887 e
2182 1832 2358 1888 corde
2390 1838 2770 1904 erumpentes
2801 1833 3088 1890 cohibebo
3113 1835 3140 1891 ?

255 1925 328 1981 Β’.
363 1923 518 1982 Ἀλλ’
568 1924 730 1994 αὐτὴ,
781 1924 1028 1993 Θεοτόκε,
1083 1923 1413 1999 συνὲργησόν
1467 1944 1584 1997 μοι,
1629 1920 1718 1978 ’ίνα

2004 1922 2075 1980 II.
2110 1923 2326 1978 Verum
2359 1926 2420 1978 tu
2450 1921 2581 1993 ipsa
2610 1921 2758 1977 mihi
2819 1923 3132 1994 opitulare,
3165 1941 3197 1980 ο
3220 1925 3323 1980 Dei
3373 1927 3573 1999 Mater,

178 2011 401 2085 θέλημα
430 2017 526 2067 τοῦ
556 2011 614 2069 ἐκ
671 2016 770 2067 σοῦ
826 2011 1176 2088 γεννηθέντος
1234 2016 1475 2088 Χριστοῦ
1530 2016 1626 2068 τοῦ
1685 2013 1824 2067 Θεοῦ

176 2103 344 2174 ⁹ἡμῶν
377 2101 618 2177 γένηται·
672 2098 764 2156 ⁴ίνα
825 2103 901 2174 μὴ
957 2101 1032 2164 (τις
1090 2099 1307 2175 ἀναξίου
1351 2103 1608 2175 σκοτισθῇ
1639 2101 1675 2169 ἡ
1706 2096 1826 2154 διά-

178 2191 308 2245 νοιά
341 2209 470 2264 μου·
507 2188 632 2245 ἀλλ’
664 2190 798 2245 αὐτὰ
827 2190 962 2265 ἅπερ
1011 2190 1087 2264 μὴ
1146 2188 1410 2266 γράφοντι
1462 2209 1556 2264 μοι
1609 2188 1660 2246 ἐν
1703 2192 1821 2250 τοῖς

183 2275 578 2355 διαλδγισμοῖς
636 2273 908 2334 ἀναϐαίνει
965 2279 1089 2354 περὶ
1144 2283 1250 2337 τῶν
1311 2282 1417 2336 σῶν
1505 2276 1823 2352 ἐγκωμίων,

176 2374 350 2426 ταῦτα
378 2368 467 2426 καὶ
502 2370 763 2447 γράφοντί
821 2391 911 2444 μτι
971 2371 1324 2446 συνὲργησον.
1381 2373 1660 2431 Πολλάκις
1716 2370 1821 2444 γάρ

179 2457 586 2531 ἰνθυμούμενος
615 2459 706 2514 καὶ
753 2457 1078 2535 περίδακρυς
1125 2461 1324 2534 γὲγονα
1382 2456 1471 2513 διὰ
1523 2459 1620 2526 τὴν
1680 2455 1819 2530 ἰμήν

181 2547 511 2617 ἀναξιότητα
542 2547 594 2602 ἐν
640 2552 716 2618 νῷ
777 2542 1075 2620 Ααμϐάνων
1131 2551 1238 2602 τῶν
1293 2551 1392 2602 τοῦ
1438 2545 1821 2622 πυριγλώττου

177 2636 274 2691 καὶ
313 2634 707 2712 μεγαλοφώνου
736 2633 962 2692 Ἠσαίου
1011 2634 1293 2711 ῥημάτων.
1351 2635 1416 2692 Εἰ
1473 2635 1574 2712 γὰρ
1620 2633 1823 2700 ἐκεῖνος

179 2727 208 2783 6
246 2727 386 2787 θεῖος
435 2725 573 2797 ἀνὴρ
632 2723 891 2787 ὀπτασίας
948 2725 1220 2796 τοσαύτης
1276 2725 1523 2800 ἀξιωθεὶς
1566 2729 1822 2783 τοσοῦτον

179 2815 371 2869 ἑαυτὸν
432 2811 767 2882 ἐταλάκισεν,
824 2811 878 2867 τί
935 2811 1039 2888 ἐγὼ
1095 2813 1512 2884 ποιήσω,ὁκαί
1570 2818 1666 2868 τοῦ
1724 2817 1817 2888 ζῇν

179 2901 395 2972 ἀνάξιος
429 2922 442 2972 ;
477 2901 650 2972 Φησὶν
709 2900 833 2976 γάρ·
888 2902 1138 2975 Ἐγένετο
1193 2906 1291 2956 τοῦ
1335 2900 1486 2964 ἔτους
1531 2904 1553 2938 ³
1599 2902 1660 2957 οῦ
1720 2903 1821 2956 ἀπ-

178 2993 359 3047 έθανεν
419 2991 600 3062 Ὀζίας
656 2991 684 3045 6
747 2988 1022 3064 βασιλεὺς,
1087 2986 1199 3046 ἱ¹δον
1257 2991 1347 3046 τὸν
1429 2990 1622 3066 Κύριον
1698 2993 1824 3048 καθ.

178 3083 382 3152 ήμενον
439 3080 527 3136 ἐπὶ
594 3080 787 3156 θρόνου
866 3079 1083 3154 ὑψηλοῦ
1158 3079 1249 3137 καὶ
1323 3079 1655 3155 ἐπηρμένου·
1731 3079 1820 3136 καὶ

176 3166 404 3243 πλήρης
460 3170 489 3223 6
546 3170 697 3233 οἶκος
749 3176 852 3240 τῆς
908 3165 1070 3240 δόξης
1128 3167 1312 3224 αὐτοῦ’
1371 3168 1459 3224 καὶ
1547 3168 1824 3250 Σεραφεὶμ

179 3257 515 3326 εἳστήκεισαν
575 3255 762 3330 κύκλῳ
845 3257 1030 3314 αὐτοῦ.
1093 3257 1190 3312 Καὶ
1245 3255 1448 3327 ἤκουσε
1503 3265 1602 3328 τῆς
1661 3263 1822 3333 Τρισ-

181 3345 344 3422 αγίου
388 3349 411 3382 δ
463 3354 668 3424 φωνῆς,
725 3346 789 3401 τὸ
843 3349 1060 3422 ⁶Ἀγιος,
1119 3347 1330 3423 Ἄγιος,
1388 3350 1578 3423 ’Ἄγιος
1635 3347 1831 3424 Κύριος

186 3429 449 3494 Σαϐαώθ.
519 3435 622 3492 Καὶ
680 3434 824 3490 εἶπεν
903 3432 1147 3496 Ἠσαίαςο
1205 3436 1272 3491 Ὤ
1339 3434 1511 3498 τάλας
1587 3435 1692 3512 ἰγὼ
1745 3436 1828 3491 ὅτι

187 3522 609 3598 κατανένυγμαι,
673 3522 784 3594 ,ὅτι
865 3520 1150 3598 ἄνθρωπος
1229 3522 1304 3579 ὤν
1383 3525 1474 3580 καὶ
1557 3525 1829 3599 ἀκάθαρτα

181 3609 351 3689 χείλη
385 3605 552 3686 ἔγων,
606 3610 658 3666 ἐν
716 3611 865 3686 μέσῳ
918 3609 1053 3667 λαοῦ
1112 3612 1383 3684 ἀκάθαρτα
1438 3611 1603 3690 χείλη
1666 3607 1830 3690 ἔχον-

180 3721 279 3762 τος
311 3701 419 3775 ἐγὼ
451 3701 606 3757 οἷκῶο
639 3702 728 3758 καὶ
776 3701 872 3757 τὸν
935 3699 1162 3778 βασιλέα
1223 3696 1453 3760 Σαϐαὼθ
1484 3704 1508 3739 ⁵
1537 3700 1654 3760 ἴδον
1709 3709 1826 3771 τοῖς

183 3788 496 3862 ὀφθαλμοῖς
542 3811 670 3864 μου.
730 3789 833 3846 Καὶ
883 3787 1156 3860 ἀπεστάλη
1216 3793 1239 3829 ⁸
1294 3790 1430 3866 πρός
1491 3812 1558 3865 με
1611 3786 1665 3848 ἕν
1717 3796 1823 3847 τῶν

179 3879 482 3956 Σεραφεὶμ,
536 3877 628 3933 καὶ
679 3879 825 3952 εἶχεν
883 3876 938 3932 ἐν
992 3878 1061 3952 τῇ
1120 3878 1268 3954 χειρὶ
1320 3880 1488 3934 αὐτοῦ
1564 3881 1824 3957 ἄνθρακα,

185 3965 246 4022 δν
274 3970 344 4042 τῇ
377 3962 561 4022 λαϐίδι
619 3967 643 4001 ⁷
699 3961 890 4022 ἔλαϐεν
953 3967 1057 4022 ἀπὸ
1111 3972 1210 4022 τοῦ
1267 3968 1671 4045 θυσιαστηρίουο
1733 3970 1824 4024 καὶ

178 4058 360 4129 ἥψατο
416 4059 512 4110 τοῦ
572 4053 840 4128 στόματός
904 4076 1030 4129 μου,
1086 4055 1174 4112 καὶ
1235 4058 1399 4114 εἶπεν·
1466 4055 1606 4118 Ἰδοὺ
1664 4063 1824 4118 τοῦτο

178 4145 358 4218 ἥψατο
388 4151 496 4200 τῶν
529 4145 767 4221 χειλέων
800 4167 917 4216 σου,
949 4145 1038 4201 καὶ
1073 4147 1265 4222 ἀφελεῖ
1312 4148 1408 4212 τὰς
1442 4147 1672 4224 ἀνομίας
1703 4170 1821 4219 σου,

178 4235 268 4290 καὶ
300 4236 400 4298 τὰς
425 4235 690 4312 ἀμαρτίάς
721 4256 816 4292 σου
847 4242 1242 4314 περικαθαριεῖ.

253 4497 320 4554 Ei
351 4497 407 4557 δὶ
437 4499 596 4561 οὗτος
627 4501 655 4554 ὁ
691 4501 853 4574 μέγας
881 4505 978 4557 τοῦ
999 4501 1132 4558 Θεοῦ
1153 4504 1440 4580 προφήτης
1468 4502 1639 4567 οὕτως
1655 4505 1825 4562 ταλα-

1936 2017 2003 2069 ut
2030 2010 2247 2068 Christi
2278 2008 2382 2065 Dei
2413 2011 2600 2067 nostri
2630 2010 2734 2066 abs
2765 2016 2822 2067 te
2848 2012 3030 2084 geniti
3060 2011 3317 2088 benigna
3370 2015 3579 2072 volun-

1935 2106 2026 2157 tas
2055 2100 2197 2168 fiat;
2230 2104 2296 2157 ut
2324 2115 2399 2155 ne
2431 2115 2601 2156 mens
2631 2117 2788 2168 mea,
2818 2105 3104 2174 tanquam
3136 2103 3396 2162 hominis
3422 2105 3574 2162 indi~

1935 2189 2057 2263 gni,
2092 2189 2216 2246 suis
2247 2193 2486 2244 maneat
2542 2187 2806 2245 involuta
2856 2189 3162 2259 tenebris;
3219 2192 3321 2250 sed
3377 2194 3577 2266 potius

1934 2280 2076 2334 dum
2101 2277 2414 2333 scribendo
2434 2293 2678 2332 manum
2715 2278 3019 2348 admoveo,
3043 2279 3190 2337 mihi
3221 2281 3445 2352 adesto,
3479 2300 3575 2342 ea-

1935 2368 2072 2426 dem
2103 2366 2210 2424 illa
2241 2382 2562 2438 suggerens
2593 2382 2791 2434 sensa,
2827 2385 2959 2441 quas
2983 2367 3124 2426 dum
3145 2369 3458 2429 scribendo
3481 2372 3575 2431 in-

1934 2461 2264 2512 tentusnon
2280 2471 2430 2522 sum,
2460 2454 3005 2527 intercogilandum
3019 2457 3090 2515 de
3114 2460 3404 2516 encomiis
3435 2460 3572 2530 tuis,

1933 2544 2120 2600 menti
2144 2560 2290 2598 mea:
2319 2559 2448 2600 sese
2471 2543 2747 2600 offerunt.
2772 2544 3066 2602 Multoties
3080 2546 3241 2602 enim
3263 2547 3404 2604 dum
3423 2549 3572 2621 igni-

1931 2632 2097 2707 loqui
2125 2632 2289 2688 illius
2312 2647 2378 2686 ac
2419 2631 2921 2704 magniloquentis
2954 2634 3116 2689 Isaia)
3147 2635 3324 2690 verba
3350 2637 3568 2706 recolo,

1932 2727 2175 2795 propter
2205 2720 2618 2792 indignitatem
2641 2737 2834 2778 meam
2862 2739 2952 2776 me
2976 2727 3165 2782 totum
3187 2727 3386 2782 animo
3409 2745 3572 2786 com-

1934 2813 2155 2870 moveri
2186 2811 2260 2868 ad
2291 2811 2582 2883 lacrymas
2613 2827 2802 2883 usque
2835 2814 3046 2870 sentio.
3086 2816 3142 2869 Si
3175 2817 3334 2873 enim
3365 2818 3451 2873 vir
3471 2818 3572 2880 ille

1935 2903 2166 2960 divinus
2190 2901 2534 2973 hujusmodi
2558 2901 2779 2956 visione
2795 2902 3089 2974 dignatus,
3107 2921 3294 2977 usque
3308 2907 3453 2963 adeo
3479 2925 3576 2964 se-

1934 2991 2254 3066 metipsum
2281 2990 2634 3060 humiliavit,
2695 2991 2838 3062 quid
2886 2992 3125 3051 tandem
3177 3011 3282 3067 ego
3337 2996 3574 3064 faciam,

1934 3081 2036 3154 qui
2070 3080 2248 3137 etiam
2280 3080 2396 3135 vita
2427 3080 2556 3150 ipsa
2585 3096 2716 3136 sum
2774 3080 2950 3151 plane
3002 3081 3282 3156 indignus
3302 3086 3330 3142 ‘l
3375 3087 3578 3156 Inquit

1939 3172 2136 3227 enim:
2170 3174 2396 3226 Factum
2427 3177 2503 3225 est
2532 3173 2592 3226 in
2634 3187 2780 3226 anno
2831 3189 2941 3243 quo
2993 3181 3240 3230 mortuus
3296 3183 3374 3231 est
3420 3179 3575 3234 Ozias

1935 3277 2058 3329 rex,
2090 3260 2207 3315 vidi
2234 3261 2526 3315 Dominum
2555 3261 2822 3316 sedentem
2849 3277 3014 3333 super
3060 3265 3257 3319 solium
3305 3268 3574 3324 excelsum

1932 3357 1982 3408 et
2011 3351 2320 3412 eleuatum;
2351 3357 2404 3406 et
2422 3349 2594 3422 plena
2622 3356 2741 3406 erat
2771 3349 2960 3408 domus
2988 3353 3172 3423 gloria
3196 3354 3315 3425 ejus
3346 3356 3448 3426 (ἀ),
3466 3357 3566 3414 se.

1928 3441 2149 3510 raphim
2177 3440 2397 3498 stabant
2425 3441 2485 3495 in
2515 3441 2751 3495 circuitu
2781 3442 2898 3510 ejus
2929 3443 3014 3513 (e).
3037 3445 3107 3497 Et
3126 3443 3569 3505 audivitvocem

1930 3534 2020 3585 ter
2052 3529 2202 3584 illud
2233 3529 2662 3585 acclamantem
2689 3547 2702 3584 :
2733 3532 2990 3600 Sanctus,
3029 3534 3278 3601 Sanctus,
3310 3536 3566 3604 Sanctus,

1927 3620 2189 3675 Dominus
2228 3618 2587 3676 exercituum.
2622 3621 2692 3674 Et
2748 3618 2895 3676 dixit
2940 3621 3123 3678 Isaias
3173 3623 3276 3694 (f):
3320 3626 3440 3681 Heu
3483 3642 3568 3680 me

1927 3711 2182 3764 miserum
2215 3708 2312 3778 (g),
2345 3713 2722 3764 consternatus
2749 3711 2893 3764 enim
2921 3725 3060 3778 sum,
3086 3713 3349 3780 quoniam
3405 3713 3566 3770 homo

1927 3814 2048 3854 cum
2077 3797 2200 3864 sim,
2229 3803 2282 3854 et
2335 3796 2484 3852 labia
2532 3813 2652 3853 cum
2711 3797 2940 3854 habeam
2981 3800 3221 3870 polluta,
3280 3801 3342 3856 in
3392 3803 3568 3859 medio

1921 3887 2120 3958 populi
2139 3886 2360 3958 polluta
2391 3887 2541 3941 labia
2573 3887 2826 3943 habentis
2855 3905 2952 3958 ego
3008 3889 3200 3945 habito
3227 3908 3249 3956 ;
3295 3898 3346 3947 et
3388 3909 3570 3963 regem

1928 3979 2267 4032 exercituum
2316 3976 2434 4030 vidi
2465 3975 2656 4043 {oculis
2703 3978 2852 4034 meis.
2904 3980 2973 4035 Et
3017 3981 3210 4036 missus
3253 3987 3329 4038 est
3375 3983 3449 4037 ad
3491 4000 3571 4038 me

1927 4082 2068 4120 unus
2090 4066 2155 4119 de
2173 4066 2487 4135 Seraphim,
2519 4072 2569 4120 et
2603 4066 2833 4121 habebat
2863 4069 2920 4121 in
2952 4085 3120 4122 manu
3158 4085 3258 4123 sua
3286 4071 3572 4125 carbonem

1927 4170 2231 4222 accensum,
2261 4171 2421 4224 quem
2448 4156 2658 4224 forcipe
2681 4162 2984 4224 sumpserat
3008 4173 3077 4210 ea:
3105 4158 3292 4224 altari,
3348 4165 3401 4213 et
3431 4161 3568 4214 teti-

1927 4246 2011 4313 git
2044 4260 2101 4298 os
2121 4261 2298 4298 meum
2327 4249 2378 4298 et
2407 4244 2555 4296 dixit
2588 4259 2601 4298 :
2633 4245 2771 4298 Ecce
2800 4243 2899 4299 hoc
2932 4247 3113 4318 tetigit
3146 4245 3294 4302 labia
3352 4255 3467 4316 tua,
3516 4255 3569 4304 et

1927 4337 2142 4403 auferet
2172 4335 2502 4404 iniquitates
2529 4337 2669 4402 tuas,
2702 4339 2752 4387 et
2775 4341 3005 4405 peccata
3036 4341 3132 4394 tua
3152 4339 3377 4409 penitus
3425 4355 3569 4410 pur-

1926 4421 2100 4490 gabit.

1998 4509 2284 4580 Jam,vero
2311 4508 2356 4563 si
2382 4525 2631 4580 magnus
2655 4510 2749 4565 hic
2782 4511 2882 4564 Dei
2910 4512 3199 4584 propheta
3230 4513 3392 4569 dolet
3420 4514 3567 4572 adeo

177 4586 308 4654 νίζει
341 4586 551 4657 ἑαυτὸν,
577 4586 682 4662 ἐγὼ
711 4587 764 4641 τί
803 4590 1046 4658 ποιήσω,
1079 4589 1106 4644 6
1138 4591 1314 4664 στόμα
1360 4593 1449 4646 καί
1495 4593 1684 4672 χείλη,
1733 4615 1752 4648 ν

1998 4598 2238 4654 iseriam
2272 4615 2474 4666 suam;
2503 4599 2643 4670 quid
2676 4600 2819 4654 mihi
2849 4599 3186 4657 iaciendum
3217 4609 3439 4674 putem,
3469 4607 3569 4677 qui

177 4672 423 4750 καρδίαν,
447 4676 535 4729 καὶ
565 4675 731 4729 πάντα
754 4676 820 4729 τὰ
839 4675 1167 4750 αἰσθητήρια
1201 4679 1387 4751 ἀνάξια
1412 4681 1736 4756 κεκτημένοι

1998 4706 2003 4738 ι
2035 4691 2093 4742 et
2122 4687 2280 4743 labia
2312 4693 2371 4743 et
2394 4704 2495 4743 cor
2527 4693 2583 4743 et
2612 4705 2820 4745 omnes
2853 4707 3061 4746 sensus
3091 4691 3277 4747 habeo
3309 4693 3570 4749 immun-

249 4803 324 4873 (b)
357 4804 510 4858 Psal.
542 4821 751 4868 xxxvii,
786 4806 870 4857 19.
951 4803 1019 4874 (c)
1051 4804 1206 4859 Psal.
1246 4823 1456 4874 xxxvu,
1491 4811 1542 4862 5.

179 4883 337 4930 erant
368 4875 655 4946 replebant
686 4875 968 4944 templum.

182 4963 300 5002 sec.
335 4945 492 5000 LXX.
569 4945 648 5016 (g)
684 4945 849 5016 Vulg.
877 4960 890 5000 :
932 4947 1022 5000 Vw
1049 4947 1189 5002 mihi
1220 4951 1481 5020 quoniam
1512 4955 1679 5007 tacui.

1623 4788 1846 4886 (ἀμίδα.
1879 4829 1951 4886 vi.
1984 4816 2011 4886 li
2043 4829 2207 4885 seqq.
2246 4813 2487 4884 Vulgata
2515 4814 2611 4868 hic
2639 4814 2817 4870 habet
2843 4832 2855 4870 :
2887 4819 2954 4870 Et
2986 4835 3068 4886 ea,

1045 4877 1285 4961 (θηρία.
1317 4907 1392 4961 ——_
1416 4877 1668 4961 Rursum
1688 4877 1867 4955 'Vulg.
1901 4883 2081 4957 legit:
2114 4877 2186 4939 Et
2213 4877 2489 4956 seraphim
2517 4887 2734 4941 stabant
2758 4903 2921 4961 super
2952 4877 3112 4942 illud.
3135 4877 3154 4886 ’
3189 4888 3259 4957 (f)
3288 4890 3399 4958 Isa,
3431 4877 3504 4959 vi,
3538 4895 3568 4948 5

3128 4833 3252 4889 quae
3307 4818 3403 4872 sub
3449 4820 3568 4889 ipso

1531 5076 1764 5131 VARUE
1804 5077 2204 5134 LECTIONES.

246 5164 467 5243 {Barb.
503 5168 719 5243 σηραῖς,
753 5167 896 5243 Quas.
931 5168 1255 5243 A._ceipa'ic.
1289 5240 1303 5243 _
1334 5169 1382 5243 ’ἶ
1405 5169 1513 5226 Ubi
1564 5172 1748 5227 codex
1797 5175 1967 5230 Barb.
2019 5176 2197 5231 habet
2242 5178 2338 5230 τοῦ
2387 5169 2559 5243 ἔτους,
2622 5177 2822 5232 Versio
2879 5177 3015 5233 LXX
3064 5178 3244 5234 habet
3301 5179 3564 5240 ἒνιαυτοῦ.

172 5234 620 5320 ‘Acodices‘tprn
653 5238 819 5320 garb.
852 5243 976 5320 tum
1006 5234 1150 5320 Cass.
1191 5240 1851 5320 Αηξπιὺεηζητρισαγίας,
1945 5245 1970 5280 ⁵
2007 5249 2220 5320 ῼωεειτ.
2266 5247 2471 5320 Αντὸν
2526 5234 2752 5320 βασιλέα
2795 5245 2992 5320 Κύριον
3040 5245 3277 5313 σαϐαώθ.

3372 5255 3392 5288 ³
3423 5256 3566 5310 Cass.

175 5309 242 5394 ελ..
277 5305 624 5394 summa},
660 5309 828 5362 Barb.
858 5315 1055 5363 autem
1075 5307 1394 5394 ᾆπεστάλει,
1425 5305 1654 5369 scilicet
1684 5305 1797 5394 pro
1819 5305 2120 5394 ἀπεστάλη·
2154 5305 2724 5394 ηοιῇεδίῐηιξῐζίῆθηὶω
2752 5305 2954 5394 est,'in
2983 5305 3570 5394 antiquiscodicibus

176 5378 302 5458 hinc
335 5379 648 5458 elementa.
684 5398 720 5447 ι,
755 5399 811 5458 η,
845 5399 910 5445 ει,
937 5382 1162 5458 saepips
1195 5378 1821 5458 invipeppermuiari.

1925 5391 1944 5424 Ἰ
1975 5384 2300 5466 (ςεεεὲΛ--δν
2330 5397 2396 5458 τῆ
2457 5384 2598 5466 λάϐη
2653 5393 2777 5462 (pro
2825 5393 2892 5462 τῇ
2943 5384 3412 5466 λαϐῇ)’διέλαϐον
3467 5402 3567 5466 (sc.

178 5443 468 5521 διέλαϐεν).
504 5450 672 5504 Barb.
707 5443 906 5506 autem
937 5443 1139 5522 λαϐήδι
1173 5471 1276 5524 pro
1309 5443 1519 5511 λαϐίδῖ.
1596 5458 1616 5492 ⁸
1650 5459 1926 5515 Mendose
1954 5443 2304 5532 tuth'arbq
2335 5443 2721 5534 κάικτημένόξ,
2753 5443 2892 5518 tum"
2936 5443 3108 5520 Ceus...”

1757 5593 1977 5648 ΝΟΤΕ.

249 5680 323 5751 (2)
355 5677 559 5734 Divina
589 5679 815 5736 scilicet
843 5683 1148 5754 mysteria,
1183 5700 1436 5755 quorum
1467 5686 1852 5760 interpretem
1883 5690 2223 5748 laudaverat
2250 5693 2497 5749 Paulum
2528 5693 2898 5765 Apostolum.
