3888 6136
205 322 346 378 1465

1224 323 1471 380 SERMO
1504 324 1581 378 IN
1616 321 2168 378 CONCEPTIONEM
2203 326 2560 381 DEIPARJE.

3449 329 3588 386 1466

201 450 305 514 τῆς
363 442 452 498 ἐπὶ
508 447 606 498 τοῦ
662 446 804 510 Νῶε,
863 444 950 498 καὶ
1005 442 1093 498 ἐπὶ
1170 445 1436 506 Μωσέως·
1513 441 1689 513 ἐκείνη
1739 441 1841 517 γὰρ

2026 445 2136 501 iam
2166 445 2476 501 Mosaicam
2508 448 2812 502 antecellit
2845 465 2858 502 :
2909 449 3011 504 illa
3066 449 3360 520 siquidem
3391 453 3588 506 conti-

206 529 547 605 νομοδόχος,
602 529 736 600 αὕτη
797 528 854 585 δὲ
911 527 1208 606 Θεοδόχος.
1242 528 1383 587 Ἰδοὺ
1413 534 1539 593 ναῦς
1572 551 1847 585 ποντοπο-

206 624 393 697 ροῦσα,
425 619 515 674 καὶ
550 619 783 688 ξητοῦσα
813 619 1014 697 φόρτου
1073 620 1118 654 ¹³
1169 621 1371 696 καρπὸν
1434 617 1843 690 δαπανώμενον.

206 709 466 780 Ἰωακεῖμ
495 708 584 761 καὶ
643 709 814 764 Ἀννα
849 712 1134 777 ζητοῦντες
1191 709 1397 784 καρπὸν
1448 706 1843 782 ἀνθρωπόμορ-

204 816 305 875 φον
342 796 430 850 καί
467 793 588 850 ἰδοὺ
615 792 809 851 ἔλαϐον
855 797 953 865 τὴν
1016 798 1250 872 ἄσπορον
1309 793 1542 870 κόχλον,
1598 796 1697 864 τήν
1751 795 1843 849 τὸν

205 885 455 962 οὐράνιον
485 885 574 939 καὶ
619 883 925 957 πολύτιμον
985 884 1322 961 μαργαρίτην
1370 883 1652 938 τίκτουσαν
1712 884 1847 956 Χρι-

208 974 331 1028 στὸν
354 974 448 1028 τὸν
502 973 628 1028 Θεὸν
689 975 874 1046 ἡμῶν.
935 970 1074 1027 Ἰδοὺ
1125 972 1380 1046 Ἰωακεῖμ
1434 972 1523 1026 καὶ
1577 978 1766 1042 Ἀννα,
1819 970 1848 1024 6

215 1063 308 1136 μὲν
332 1061 600 1132 νηστεύων
634 1060 686 1115 ἰν
717 1066 798 1134 τῷ
854 1057 989 1137 ὄρει,
1043 1064 1078 1129 ἡ
1139 1059 1196 1116 δὲ
1252 1059 1304 1115 ἐν
1367 1056 1700 1134 παραδείσῳ,
1757 1059 1850 1113 τὸν

209 1151 340 1207 Θεὸν
370 1147 775 1219 έκδυσωποῐὶσα,
808 1147 1026 1205 δοχεῖον
1060 1144 1257 1204 ἔλαϐον
1295 1152 1392 1203 τοῦ
1445 1148 1740 1217 στήσαντος
1785 1146 1853 1201 τὰ

211 1236 314 1313 ὅρη
346 1236 438 1293 καί
473 1239 563 1292 τὸν
597 1235 921 1312 παράδεισον
954 1237 1332 1315 φυτεύσαντος·
1386 1234 1506 1290 ἱδοὸ
1566 1235 1618 1290 ἐν
1675 1255 1850 1309 παρα-

213 1325 378 1399 δείσῳ
411 1324 744 1401 εὐφροσύνης
797 1323 1104 1400 εὐαγγέλια,
1160 1325 1250 1378 ἳνα
1296 1325 1325 1379 6
1392 1324 1623 1399 ἀρχαῖος
1675 1320 1853 1398 παρά-

215 1412 392 1474 δεισος
422 1417 538 1475 τοῖς
562 1412 870 1485 ἀνθρώποις
890 1409 1174 1487 παραδοθῇ
1233 1411 1298 1470 1‘.
1355 1409 1498 1468 Ἰδοὺ
1539 1411 1601 1465 τὸ
1657 1409 1852 1474 πένθος

217 1505 294 1566 εἷς
327 1503 498 1578 χαρὰν
539 1499 828 1575 μετῆλθεν,
864 1501 955 1556 καὶ
996 1503 1023 1556 6
1058 1499 1296 1576 ὀδυρμὸς
1327 1499 1404 1562 είς
1436 1499 1760 1576 ἀγαλλίασιν
1785 1501 1850 1556 ¹⁵.

215 1591 338 1648 ἷδοὺ
370 1593 670 1666 στεναγμὸς
725 1591 816 1645 καὶ
863 1590 1168 1667 πρόσκαιρα
1217 1587 1439 1664 δάκρυα,
1499 1589 1590 1643 καὶ
1641 1589 1717 1652 εἷς
1762 1589 1852 1644 τὸν

216 1681 388 1736 αἰῶνα
444 1681 590 1755 χαρά
628 1677 1023 1748 ἆνεκλάλητος·
1070 1676 1187 1733 ἰδοὺ
1241 1676 1551 1751 ὀνειδισμὸς
1603 1675 1856 1754 περιελό·

223 1790 402 1844 μενος,
457 1768 546 1824 καὶ
605 1766 778 1844 δῶρον
840 1767 1192 1844 ἀναφαίρετον
1235 1768 1280 1802 ¹⁸
1329 1772 1444 1838 Θεῷ
1489 1767 1860 1845 προσφερόμε-

214 1879 332 1926 νον,
386 1859 476 1912 καὶ
537 1858 664 1912 Θεὸν
716 1857 808 1911 τὸν
865 1857 1158 1931 ἀχώρητον
1217 1855 1267 1910 έν
1324 1855 1516 1932 γαστρὶ
1574 1863 1856 1930 χωρῆσαν.

217 1944 360 2005 Ἰδοὺ
424 1946 646 2007 Ἠσαῗας
698 1943 922 2000 λέλυται
957 1947 998 1982 ιτ
1055 1948 1152 2000 τοῦ
1205 1943 1418 2014 ξυλίνου
1475 1947 1716 2019 πρίονος·
1767 1945 1858 1999 καὶ

215 2035 481 2111 Ἱερεμίας
517 2039 599 2107 τῷ
651 2031 840 2106 λάκκῳ
875 2028 1155 2109 βορϐὁρων
1214 2033 1279 2102 ¹⁸,
1336 2035 1423 2088 καὶ
1501 2033 1704 2102 Δανιὴλ
1750 2037 1856 2087 τῶν

226 2127 485 2182 λεόντωνο
517 2124 740 2179 καὶτῶν
779 2123 1026 2199 μεγάλων
1085 2124 1320 2198 θλίψεων
1377 2123 1591 2178 ἐκείνων
1649 2144 1862 2196 μνημο-

219 2212 525 2286 νευόμενοι,
555 2217 652 2268 τοῦ
688 2208 951 2286 ἀψε·)δοῦς
981 2211 1157 2266 αὐτῶν
1212 2213 1564 2286 κηρύγματος
1611 2209 1860 2285 πληρου-

228 2303 412 2376 μένου⁶
463 2301 586 2375 περὶ
644 2305 743 2376 γὰρ
798 2306 898 2368 τῆς
973 2298 1237 2375 μακαρίας
1292 2301 1483 2368 Ἀννης
1554 2297 1642 2353 καὶ
1699 2297 1859 2360 αὐτὸς

223 2392 253 2446 6
351 2387 570 2452 Ἡσαΐας
679 2383 799 2461 ϐοᾷ
881 2388 1225 2467 Εὐφράνθητι
1312 2392 1494 2462 στεῖρα
1576 2389 1620 2424 ¹⁹
1700 2388 1736 2458 ἡ
1797 2385 1860 2440 οὐ

221 2499 251 2532 τ
261 2477 487 2535 ίκτονσα.

1951 532 2164 586 nendis
2195 532 2340 605 legis
2362 533 2581 588 tabulis
2613 536 2932 604 (exstructa
2955 536 3105 606 fuit),
3135 536 3260 591 haac
3289 555 3423 592 vero
3468 541 3585 594 Deo

1952 620 2297 690 excipiendo
2328 622 2715 695 (aediﬁcatur).
2770 625 2914 678 Ecce
2970 625 3152 692 navis,
3214 643 3344 695 quas
3401 629 3588 683 maria

1953 709 2338 779 percurrit,ac
2367 719 2713 781 pereuntem
2745 713 2959 767 mercis
3001 713 3256 768 fructum
3315 716 3584 785 requirit.

1952 796 2215 852 Joachim
2244 814 2376 852 vero
2411 803 2469 852 et
2496 802 2666 854 Anna
2693 799 2951 854 fructum
3005 806 3281 871 quaerunt
3309 803 3581 858 humanm

1952 884 2178 952 forma),
2211 891 2269 939 et
2319 902 2451 940 ecce
2515 888 2844 957 suscipiunt
2871 889 3158 944 concham
3187 890 3264 961 (7)
3296 907 3426 960 quae
3458 891 3586 946 sine

1957 973 2182 1028 semine
2214 973 2510 1028 cmlestem
2541 975 2704 1029 illam
2732 992 2798 1030 ac
2836 977 3330 1047 pretiosrssimam
3360 995 3589 1051 marga-

1957 1062 2152 1130 ritam,
2185 1062 2482 1116 Christum
2513 1080 2725 1134 nempe
2781 1069 2964 1119 Deum
3021 1071 3312 1135 nostrum,
3355 1071 3443 1120 est
3463 1066 3586 1120 edi-

1957 1156 2108 1206 tura.
2141 1151 2285 1205 Ecce
2306 1149 2570 1204 Joachim
2604 1156 2661 1204 et
2685 1153 2873 1216 Anna,
2895 1151 2996 1206 ille
3023 1151 3264 1222 quidem
3294 1154 3355 1208 in
3389 1159 3590 1208 monte

1951 1237 2257 1310 jejunans,
2289 1238 2414 1294 hac
2448 1254 2582 1292 vero
2637 1239 2698 1293 in
2745 1239 2914 1294 horto
2973 1240 3163 1295 multa
3207 1258 3379 1312 prece
3407 1243 3591 1297 Deum

1961 1344 2230 1395 exorans,
2263 1327 2534 1381 obtinent
2556 1328 2997 1399 receptaculum
3035 1328 3198 1384 illius
3229 1329 3330 1400 qui
3361 1335 3590 1384 montes

1961 1415 2286 1481 constituit,
2319 1420 2377 1468 et
2421 1415 2642 1486 plantis
2693 1417 2929 1470 hortum
2964 1418 3282 1474 exornavit.
3328 1419 3474 1472 Ecce
3531 1418 3593 1472 in

1962 1505 2132 1560 horto
2165 1504 2235 1558 de
2265 1504 2434 1557 horto
2483 1503 2585 1557 illo
2639 1504 2882 1575 antiquo
2924 1504 3264 1558 hominibus
3292 1504 3592 1560 reddendo

1964 1592 2164 1646 laetum
2191 1591 2700 1660 nuntium(exaudi
2713 1593 2999 1662 tur).Ecce
3027 1591 3218 1646 luctus
3242 1592 3302 1646 in
3315 1593 3594 1664 gaudium

1964 1697 2284 1736 conversus
2315 1686 2419 1742 est,
2438 1686 2497 1734 et
2524 1680 2942 1735 lamentatioin
2963 1680 3594 1736 exsultationem.Ecce

1964 1771 2214 1842 gemitus
2229 1777 2286 1824 et
2299 1769 2570 1841 lacrymae
2588 1770 3262 1842 temporarize,gaudium
3276 1771 3595 1841 vero,quod

1915 1829 2159 1912 8verbis
2181 1857 2444 1912 enarrari
2476 1873 2594 1911 non
2626 1858 2831 1928 possit,
2866 1858 2928 1912 in
2977 1858 3194 1913 saecula
3240 1874 3595 1930 permansu-

1967 1963 2097 2002 rum
2124 1948 2212 2016 (8).
2247 1948 2393 2000 Ecce
2422 1945 2803 2016 opprobrium
2837 1946 3205 2015 (sterilitatis)
3251 1947 3548 2001 sublatum
3580 1965 3595 2016 ;

1969 2051 2103 2090 ecce
2129 2034 2349 2089 donum
2381 2035 2538 2105 quod
2564 2034 2781 2089 auferri
2812 2051 2933 2088 non
2987 2039 3202 2106 potest,
3251 2036 3368 2089 Deo
3435 2034 3599 2089 obla-

1967 2129 2115 2187 tum,
2149 2127 2206 2175 et
2234 2122 2295 2176 in
2328 2127 2492 2176 utero
2524 2123 2834 2177 continens
2864 2123 3176 2193 Deum,qui
3197 2122 3599 2177 circumscribi

1968 2227 2087 2265 non
2115 2214 2327 2282 potest.
2368 2211 2514 2265 Ecce
2563 2214 2620 2265 et
2648 2211 2828 2265 Isaias
2857 2210 3114 2282 ligneam
3145 2227 3390 2277 serram,
3423 2217 3482 2266 et
3506 2212 3601 2265 Je-

1968 2299 2185 2353 remias
2215 2299 2534 2352 cisternam
2563 2314 2880 2365 caanosam,
2913 2304 2970 2352 et
3001 2298 3205 2353 Daniel
3235 2299 3604 2366 leones,ma—

1968 2402 2230 2460 gnasque
2252 2385 2385 2440 illas
2439 2386 2851 2441 tribulationes
2895 2386 3176 2441 oblivioni
3232 2387 3608 2442 tradiderunt

1969 2491 2036 2530 ac
2066 2490 2170 2545 pro
2199 2474 2385 2528 nihilo
2419 2473 2658 2541 habent,
2692 2475 2889 2529 animo
2937 2475 3266 2530 recolentes
3310 2492 3416 2530 sua
3443 2476 3602 2545 ipso-

221 2585 356 2626 rum
386 2567 685 2639 praeconia
714 2565 1092 2621 veracissima
1123 2571 1334 2620 eventu
1363 2565 1546 2620 fuisse
1577 2565 1956 2637 comprobata
1986 2565 2077 2634 (9).
2118 2563 2196 2616 De
2253 2561 2424 2617 beata
2474 2563 2693 2616 etenim
2744 2565 2916 2619 Anna
2954 2563 3080 2635 ipse
3139 2579 3374 2635 quoque
3423 2563 3603 2618 Isaias

226 2658 445 2712 clamat
478 2673 498 2712 .'
529 2659 756 2722 Laeta-re,
788 2655 988 2709 sterilis
1012 2669 1134 2724 quae
1164 2671 1271 2709 non
1293 2657 1451 2724 paris
1483 2654 1568 2725 (l).

302 2741 442 2801 Ἰδοὺ
472 2742 623 2811 καὶὴ
657 2735 853 2818 ῥάϐδος
900 2741 1113 2814 Ἀαρὼν
1171 2743 1206 2809 ἡ
1268 2739 1616 2815 βλαστήσασα
1668 2739 1720 2795 ἒν
1797 2743 1866 2813 τῇ

234 2826 458 2902 κιϐωτῷ
549 2833 619 2902 τῇ
714 2831 971 2892 πάντοθεν
1067 2827 1582 2902 περικεκαλυμμένῃ
1656 2828 1867 2903 χρυσίῳ

229 2922 542 2998 κρύπτεται.
577 2919 678 2976 Καὶ
729 2917 848 2973 ἰδοὺ
914 2917 1060 2989 ἄλλη
1114 2913 1313 2996 ῥάϐδος
1374 2917 1658 2993 βλαστάνει
1689 2918 1869 2992 ἄτμη-

231 3032 322 3073 τος
353 3011 439 3064 καὶ
465 3009 879 3085 ἀνερμήνευτος.
909 3007 1005 3061 Καὶ
1081 3010 1127 3044 ²⁰
1208 3005 1386 3071 οὐδεὶς
1431 3007 1728 3082 ἀνθρώπων
1787 3008 1864 3070 εἷς

237 3097 360 3153 ὁδὸν
401 3097 656 3171 βαστάσαι
709 3094 948 3150 δύναται·
1005 3094 1141 3163 αύτή
1209 3092 1265 3149 δὲ
1323 3091 1604 3149 ἐϐάστασεν
1655 3096 1744 3149 τὸν
1801 3096 1868 3150 τά

2045 2745 2192 2798 Ecce
2222 2747 2281 2798 et
2310 2741 2557 2795 Aaronis
2586 2740 2764 2811 virga,
2813 2756 2942 2810 qua)
2995 2739 3216 2805 ﬂoruit,
3247 2740 3310 2794 in
3341 2756 3476 2795 arca
3495 2757 3608 2794 un-

1976 2832 2284 2903 dequaque
2316 2845 2458 2884 auro
2491 2829 2870 2882 circumtecta
2890 2827 3214 2898 reponitur.
3250 2829 3463 2883 Etecce
3490 2829 3607 2884 alia

1975 2921 2133 2992 virga
2155 2920 2345 2984 ﬂoret,
2367 2934 2486 2971 non
2511 2917 2701 2972 incisa
2729 2933 2923 2986 neque
2949 2917 3207 2970 humano
3231 2933 3502 2971 sermone
3522 2916 3605 2970 ef-

1974 3009 2192 3063 fabilis.
2227 3009 2296 3060 Et
2325 3022 2497 3060 nemo
2531 3005 2839 3060 hominum
2870 3019 2999 3058 eam
3055 3010 3282 3076 gestare
3339 3004 3401 3058 in
3455 3005 3606 3060 viam

1975 3101 2169 3168 potest
2197 3112 2210 3160 ;
2243 3095 2373 3165 ipsa
2402 3110 2534 3148 vero
2561 3110 2695 3148 eum
2725 3093 2989 3164 gestavit,
3022 3092 3122 3162 qui
3163 3098 3358 3163 portat
3385 3093 3606 3160 omnia,

229 3187 401 3242 πάντα
435 3185 783 3259 βαστάσαντα,
828 3184 920 3239 τὸν
969 3183 1268 3238 ἐκτείναντα
1321 3184 1411 3238 τὸν
1463 3182 1684 3259 οὐρανὸν
1736 3181 1863 3239 ὡσεὶ

2026 3185 2077 3238 ui
2109 3183 2348 3238 extendit
2375 3183 2563 3237 caelum
2582 3184 2721 3237 sicut
2735 3181 2938 3251 pellem
2965 3181 3068 3252 (h),
3091 3181 3260 3252 cujus
3283 3197 3474 3236 manus
3492 3183 3610 3236 ari-

235 3272 412 3349 δέρῥιν
447 3274 512 3340 ²¹,
545 3273 606 3326 οὗ
638 3273 692 3326 αἱ
725 3276 906 3346 χεῖρες
941 3274 987 3308 ³³
1014 3272 1112 3340 τήν
1134 3272 1289 3346 ξηρὰν
1324 3269 1581 3328 ἔπλασαν.

304 3362 380 3418 Ε’.
413 3361 477 3414 Ὠ
497 3363 593 3414 τοῦ
625 3359 898 3432 θαύματος
933 3360 945 3414 l
979 3360 1007 3413 6
1036 3358 1204 3414 πάλαι
1260 3360 1353 3414 τὸν
1409 3361 1610 3438 Ἰωσὴφ
1642 3359 1869 3424 θανάτου

237 3446 536 3526 ῥυσάμενος
569 3447 656 3502 καὶ
712 3451 909 3519 πικροῦ
962 3445 1131 3519 λιμοῦ
1186 3448 1277 3502 τὸν
1331 3450 1554 3522 πατέρα,
1608 3450 1694 3503 καί
1741 3449 1883 3516 τοὺς,

235 3535 505 3614 ἀδελφοὺς
552 3533 937 3608 ἐλευθερώσας,
997 3537 1026 3590 ὁ
1085 3533 1289 3590 Ἰούδας
1349 3535 1662 3605 ὀνειδίζεται
1742 3539 1754 3593 l
1806 3538 1869 3593 Ἡ

241 3623 547 3695 ζηλοτυπία
563 3627 670 3678 τῶν
687 3620 939 3700 ἀδελφῶν
958 3621 1181 3696 βασιλέα
1208 3623 1297 3677 τὸν
1331 3625 1593 3698 ²³³Ιωσήφ
1614 3625 1866 3694 ἤνθησεν·

237 3713 300 3767 τὸ
333 3709 392 3766 δὲ
430 3711 644 3786 σπέρμα
687 3714 785 3765 τοῦ
846 3707 1023 3765 Ἰούδα
1061 3710 1423 3787 φθονούμενον
1481 3710 1572 3766 καί
1604 3709 1878 3780 ὀνειδιζό-

242 3821 398 3874 μενον
434 3800 536 3854 ὑπὸ
565 3803 664 3854 τοῦ
691 3797 997 3872 σπέρματος
1039 3803 1134 3852 τοῦ
1163 3795 1394 3871 Ῥουϐὶμ
1425 3797 1742 3874 βασίλισσαν
1770 3821 1874 3854 πα-

239 3891 442 3969 ρθένον,
472 3890 563 3944 καὶ
599 3886 826 3965 βασιλέα
854 3889 1076 3943 αἰώνιον
1107 3885 1462 3960 ἐϐλάστησεν.

308 3990 468 4061 (j)Is.
491 4005 598 4056 Liv,
632 3992 682 4045 1.
715 3987 792 4060 (k)
823 3988 978 4043 Psal.
1013 4005 1130 4057 cm,
1161 3991 1213 4047 3.
1246 3989 1309 4059 (Ι)
1340 3989 1494 4045 Psal.
1526 4005 1673 4058 χειν,
1696 3993 1749 4044 5.

1977 3271 2102 3327 dam
2129 3274 2504 3340 formaverunt
2535 3271 2617 3340 (ι).

2049 3362 2112 3415 ν.
2147 3361 2189 3415 Ο
2221 3376 2344 3414 rem
2375 3358 2550 3429 plane
2608 3357 3018 3413 admirandam
3052 3357 3065 3412 Ι
3113 3356 3290 3413 Judas
3336 3356 3458 3422 ille,
3509 3357 3610 3426 qui

1981 3449 2123 3503 olim
2152 3448 2468 3519 Josephum
2503 3462 2532 3500 e
2564 3451 2753 3502 morte
2781 3448 3018 3518 eripuit,
3053 3451 3110 3502 et
3129 3453 3356 3518 patrem
3372 3445 3615 3500 fratres—

1981 3554 2094 3609 que
2120 3554 2149 3591 e
2171 3536 2314 3591 diris
2342 3537 2516 3591 famis
2548 3537 2832 3608 angustiis
2862 3536 3150 3602 liberavit,
3182 3536 3278 3588 hic
3307 3541 3616 3589 contume-

1980 3625 2078 3679 liis
2099 3623 2389 3679 afﬁcitur!
2423 3626 2497 3677 At
2523 3624 2770 3678 fratrum
2797 3624 3016 3677 invidia
3039 3623 3355 3693 Josephum
3413 3623 3472 3675 in
3521 3639 3612 3675 re-

1982 3730 2113 3785 gem
2142 3712 2432 3784 promovit
2463 3729 2476 3777 ;
2509 3717 2682 3784 atque
2715 3729 2916 3767 semen
2955 3710 3117 3766 Judaa
3147 3727 3182 3764 a
3232 3709 3490 3765 Rubenis
3523 3727 3616 3764 se-

1983 3803 2143 3856 mine
2173 3801 2457 3855 invidiose
2479 3817 2749 3872 pressum
2781 3817 2847 3855 ac
2869 3799 3099 3872 probris
3116 3798 3616 3871 afﬂictum,Virgi-

1985 3908 2123 3946 nem
2152 3891 2415 3963 reginam
2446 3893 2742 3963 achegem
2774 3895 3062 3946 aeternum
3096 3888 3342 3962 protulit
3371 3888 3506 3960 (10).

1594 4089 1828 4142 νΑΒΙίΕ
1873 4088 2264 4143 LECTIONES.

312 4172 358 4209 ‘3
383 4175 528 4228 C335.
558 4174 624 4228 Α.
657 4169 901 4297 φορτίον,
933 4172 1046 4227 vid.
1087 4172 1330 4247 φορτίου·
1365 4174 1436 4229 ab
1470 4174 1594 4246 ipso
1616 4175 1784 4229 abest
1812 4170 2215 4246 δαπανώμενον.
2244 4175 2286 4210 ¹⁴
2316 4177 2455 4231 Caes.
2489 4179 2554 4232 Α.
2606 4171 2870 4244 ἀποδοθῇ.
2908 4175 2952 4211 1⁵

315 4246 458 4297 Caes.
488 4247 554 4297 A.
589 4243 726 4297 ἀναφ
761 4262 907 4297 οτιον
939 4245 1020 4297 (ll.
1055 4245 1261 4297 Caeteri
1294 4263 1398 4297 nro
1429 4244 1773 4297 ἀναφέρετον.
1802 4245 1846 4278 ¹⁷
1876 4247 2018 4297 Cms.
2053 4255 2121 4297 A.
2156 4244 2400 4297 λέΑυθεν.
2459 4251 2545 4297 An
2598 4248 2747 4297 forte
2806 4244 2952 4297 λέλγι

240 4244 286 4278 ⁸⁸
315 4246 469 4318 Caes,
488 4247 554 4298 A.
579 4243 726 4318 eis?

3020 4175 3185 4248 Barb.
3212 4247 3221 4248 ί
3252 4171 3624 4248 ἀγαλλείασιν.

761 4262 907 4312 ρτιον
939 4245 1023 4318 (1)ἶ
1055 4244 1261 4318 caeteri
1294 4263 1398 4316 pro
1429 4244 1846 4318 civ—aQEPEtoya”
1876 4244 2121 4318 Cmsz.
2156 4244 2400 4318 λέΛυΘεν.
2459 4251 2545 4299 An
2598 4248 2747 4318 forte
2806 4244 3004 4312 λέληοε
3034 4249 3059 4300 ?
3108 4247 3151 4282 ³⁸
3195 4244 3624 4318 Congruentius

243 4316 474 4389 syntaxi
505 4317 602 4366 τοῦ
635 4309 839 4389 λάκκου
870 4309 1316 4389 τοῦβορϐόρουξ
1334 4318 1479 4389 ραις.
1515 4309 1698 4389 Ᾰᾲξιοῦ
1731 4313 1966 4389 λάκκουί
1991 4317 2037 4349 ¹⁹
2067 4317 2307 4389 Codices
2331 4323 2387 4370 et
2415 4318 2509 4370 hic
2535 4322 2594 4370 et
2614 4317 2752 4389 alibi
2785 4309 3126 4389 constanter
3156 4309 3355 4389 στεῖροῖ.
3396 4317 3444 4351 ²⁰
3474 4318 3619 4371 Loco

241 4383 355 4453 καὶ,
386 4387 534 4439 Caes.
567 4389 633 4440 A.
666 4386 844 4441 habet
879 4383 971 4453 ἤν.
1002 4383 1049 4422 ²¹
1074 4383 1251 4442 Barb.
1295 4383 1520 4461 δέῤῥειν.
1555 4387 1603 4421 ²²
1634 4387 1800 4442 Barb.
1831 4387 1891 4440 οὗ
1917 4387 1972 4439 αἱ
2003 4391 2234 4460 χεῖραις.
2268 4388 2313 4421 ²⁸
2343 4390 2486 4443 Caes.
2523 4397 2589 4441 Α.
2645 4386 2923 4460 βασιλείαν
2958 4393 3035 4459 τῷ
3083 4383 3301 4462 Ἰωσήφ.

1836 4485 2055 4540 NOTAE.

249 4568 443 4644 Maria;
471 4568 647 4644 igitur
678 4568 1131 4644 aedificationem
1159 4588 1262 4626 seu
1292 4572 1886 4644 conceptionemideo
1920 4576 1962 4639 Ι)

252 4639 506 4694 solemni
541 4638 702 4713 cultu
732 4639 914 4694 fuisse
934 4642 1312 4709 celebratam,
1346 4638 1582 4713 quia'ex
1612 4644 1887 4697 Ecclesia)

254 4725 435 4765 sensu
469 4708 778 4764 sanctitate
837 4717 895 4764 et
949 4713 1203 4776 puritate
1260 4708 1554 4786 refulgens
1605 4714 1886 4769 credeba-

249 4786 364 4835 tur.

318 4854 410 4926 (7)_
443 4851 742 4926 Frequens
814 4851 904 4926 S_S.
959 4852 1232 4907 Patribus
1289 4852 1418 4916 fuit,
1473 4855 1531 4908 B.
1590 4856 1885 4926 Virginem

246 4922 486 4996 conchae
518 4937 589 4996 ea
612 4921 787 4975 etiam
821 4921 891 4996 de
923 4939 1100 4978 causa
1125 4927 1650 4995 comparare,quod
1683 4921 1884 4996 opinio

246 4999 386 5047 tunc
419 4993 691 5052 ferretur,
726 4993 1083 5066 concharum
1117 4993 1422 5066 proprium
1477 4993 1604 5050 esse
1654 4993 1738 5050 ut
1765 5013 1883 5050 non

246 5079 278 5117 e
304 5070 576 5132 suscepto
610 5063 857 5118 semine.
897 5066 997 5118 sed
1027 5063 1158 5119 rore.
1193 5063 1397 5120 e'cmlo
1431 5067 1490 5120 in
1515 5066 1751 5121 easdem
1783 5067 1885 5121 de-

243 5134 820 5206 lapso,_im_argaritas
851 5151 956 5189 ceu
990 5136 1215 5206 prolem
1247 5136 1600 5206 proferrent.

315 5203 541 5278 (8)Nis_i
575 5203 723 5278 forte
754 5205 905 5260 hanc
935 5203 1505 5278 periodum—sublato
1527 5207 1884 5278 praecedenti

246 5279 465 5400 guncto
523 5275 605 5329 ita
648 5275 806 5346 legas
867 5293 879 5330 :
937 5274 1026 5330 καὶ
1087 5275 1380 5360 στεναγμὸς
1425 5274 1545 5329 καὶ”
1583 5274 1885 5350 πρόσκαιρα

286 5344 454 5400 ἀκρυα
486 5343 560 5400 είς
589 5345 687 5400 τήν
737 5345 955 5398 αἰώνιον
1013 5349 1185 5400 γαοὰν
1239 5345 1630 5400 ανεκλάλπτον.
1688 5356 1737 5400 et
1793 5367 1885 5400 ae-

286 5344 454 5420 ἀκρυα
486 5343 560 5404 είς
589 5345 687 5410 τήν
714 5343 955 5420 ἀἰώνιον
1013 5349 1185 5420 χαρὰν
1239 5343 1630 5415 ἀνεκλάλητον,
1688 5356 1737 5403 et
1792 5343 1886 5418 ge-

251 5419 414 5472 mitus
443 5431 506 5469 ac
537 5419 877 5486 temporariae
910 5419 1160 5487 Iacr-ymae
1191 5435 1456 5473 conversa:
1483 5426 1608 5474 sunt
1653 5422 1708 5473 in
1739 5437 1884 5474 sem-

249 5489 531 5560 piternum
559 5489 858 5560 gaudium,
876 5491 1023 5560 quod
1051 5491 1224 5543 verbis
1253 5493 1506 5543 enarrari
1550 5507 1659 5544 non
1683 5497 1882 5560 potest.

256 5559 330 5612 At
359 5557 530 5611 lectio
554 5575 728 5627 quam
757 5559 1130 5626 retinuimus,
1189 5560 1522 5615 communis
1584 5557 1884 5616 est—codd.

257 5634 384 5683 tum
416 5627 584 5682 Barb.
615 5634 738 5682 tum
773 5629 941 5684 Vind.
966 5631 1108 5686 Cass.

2063 4572 2140 4642 (9)
2169 4573 2312 4627 Cms.
2344 4575 2409 4628 A.
2443 4574 2504 4646 in
2536 4574 2720 4646 altera
2750 4573 3024 4646 pericope
3054 4575 3219 4630 addit
3265 4575 3624 4646 particulam

1996 4641 2332 4736 negantem;
2367 4650 2428 4736 et
2453 4645 2536 4699 sic
2566 4645 2708 4736 legit
2732 4641 2769 4698 ;“
2796 4641 2915 4732 ἰδού
2954 4641 3194 4736 ῗξίσαῒας
3250 4641 3485 4736 Α’ἑλξλθεν⁹
3507 4642 3624 4710 (λὲ-

2001 4713 2525 4787 λγ,θε)τορ.ξυΑίνου
2554 4713 2791 4787 πρίονοι,
2818 4714 2911 4787 καὶ
2963 4715 3226 4787 Ἱερεμίας
3279 4719 3376 4770 τοῦ
3422 4715 3626 4787 λάκκου

1997 4780 2441 4856 τῶννβορϐόρων,
2492 4780 2608 4838 καὶ’
2639 4780 2841 4852 Δανιήϐ
2872 4788 2994 4856 τῶν
3036 4780 3307 4840 ’λεόντωνο
3368 4785 3459 4840 καὶ
3515 4789 3623 4839 τῶν

1997 4853 2273 4927 μεγάλω-ρ
2309 4853 2562 4926 θλῆψεων
2643 4857 2776 4927 (vid.
2838 4854 3104 4927 θλίψεων)
3152 4856 3361 4909 ἐκείνων
3404 4856 3624 4927 Ᾱούκέτι

1998 4924 2454 5001 μνήμονεύουσιν)
2535 4929 2631 5001 τοῦ
2712 4924 2977 5001 ὀιψευδοῦς
3048 4924 3224 5001 αὐτῶν
3275 4925 3627 5001 κηρύγματος

1993 4995 2382 5071 πλῃρουμένου
2439 4997 2563 5063 περὶ
2612 5004 2713 5062 τῆς
2761 4995 3028 5071 μακαρίας
3054 4995 3630 5071 ”ᾼννης.Εὸοϐ’18αἰαε

1993 5069 2194 5122 oblitus
2223 5074 2299 5122 est
2331 5070 2530 5137 ligneae
2565 5068 2768 5137 serrae,
2809 5076 2859 5123 et
2909 5068 3173 5124 Jeremias
3220 5073 3467 5124 cisterna
3524 5087 3625 5124 cae-

1991 5155 2155 5205 nosas,
2183 5145 2234 5192 et
2256 5139 2449 5212 Daniel
2479 5139 2693 5212 leonum
2722 5156 2962 5212 {neque
3009 5143 3366 5195 meminerunt
3395 5143 3629 5212 amplius

1991 5225 2318 5278 magnarum
2348 5211 2569 5264 illarum
2602 5211 3037 5276 tribulationum,
3089 5219 3383 5281 postquam
3441 5211 3628 5267 certis-

1991 5283 2130 5334 sima
2159 5282 2298 5350 ipso:
2312 5297 2402 5334 um
2427 5280 2710 5349 praeconia
2739 5280 2805 5333 de
2837 5282 2994 5336 beata
3023 5280 3188 5337 Anna
3243 5289 3435 5337 eventu
3493 5299 3631 5337 com-

1987 5350 2141 5425 pleta
2168 5357 2313 5425 sunt.
2350 5353 2632 5425 Praeterea
2662 5351 2844 5405 codex
2874 5353 3042 5406 Barb.
3074 5352 3136 5425 τὸ
3193 5353 3317 5425 περὶ
3365 5359 3463 5420 τῆς
3525 5371 3629 5424 μα-

1993 5421 2183 5490 καρίας
2214 5421 2411 5488 Ἀννης
2433 5422 2633 5492 jungit
2661 5438 2790 5475 cum
2823 5423 3223 5493 sequentibus.

2064 5493 2170 5564 (Ψ)
2193 5494 2324 5547 Haec
2355 5490 2451 5564 ita
2466 5490 2640 5562 paulo
2662 5490 3210 5564 alitei‘in—Caas.A.T6
3233 5490 3289 5546 δὲ
3303 5493 3515 5564 σπέρμα
3532 5496 3628 5564 τοῦ

1995 5559 2173 5615 Ἰούδα
2203 5559 2683 5637 φθονούμηεξιονκαὶ
2717 5560 3114 5637 ὀνειδιζόμενοι(
3151 5564 3282 5637 ὑπὲρ
3332 5559 3452 5637 τού
3473 5562 3625 5637 σπέρδ

1999 5652 2166 5704 ματος
2194 5627 2292 5687 τοῦ
2315 5627 2548 5705 Ῥωϐίμ.
2582 5632 2670 5703 Ἐξ
2721 5627 2914 5690 ’[ούδά
2945 5627 3210 5708 παρθένος
3251 5627 3347 5688 ’καὶ
3375 5627 3632 5709 βασιλεὸς
