3888 6136
337 304 477 363 1467

1653 305 1958 362 JOANNIS
1992 305 2415 362 EUBCEBNSIB

3581 304 3707 359 1458'

364 452 367 457 ·
406 431 557 497 Quid
590 434 701 498 est,
731 431 888 502 quod
911 431 1261 505 indignaris,
1289 449 1322 487 ο
1348 431 1555 488 Ruben
1574 431 1827 487 ?contra
1876 429 1976 485 sti-

2159 428 2225 482 Τί
2264 426 2631 503 χαλεπαίνεις,
2688 423 2926 503 Ῥουϐὶμ
2978 446 2992 498 ;
3052 425 3128 490 είς
3176 424 3374 503 κέντρα
3432 425 3695 501 λακτίζεις·

337 520 531 577 mulos
561 521 1007 577 calcitras.Num
1039 521 1144 576 tibi
1177 538 1282 594 per
1311 522 1659 593 prophetam
1674 521 1827 575 Deus
1842 535 1980 590 pro-

338 610 474 665 tulit
498 610 767 665 vaticinii
797 610 1085 665 verbum?
1136 611 1339 665 Nonne
1398 610 1507 665 soli
1563 609 1724 665 Judae
1782 608 1975 662 dixit:

339 698 583 766 Celebra,
643 715 675 752 ο
730 698 891 766 Juda,
948 700 1273 767 festivitates
1326 705 1447 753 tuas
1500 698 1658 769 (ii):
1717 696 1980 753 Ascendit

339 790 502 854 enim,
536 787 633 857 qui
669 788 728 840 in
757 788 955 854 faciem
988 792 1138 841 tuam
1158 789 1319 855 afﬂat
1345 787 1433 857 (m)
1461 787 1488 841 ‘I
1517 785 1657 851 Quis
1678 789 1767 839 est
1794 784 1910 851 hic,
1944 799 1976 838 ο

341 875 633 947 propheta
658 873 686 929 ‘l
716 873 1007 941 Omnium,
1042 874 1256 945 inquit,
1274 890 1474 930 rerum
1504 872 1729 946 Opifex,
1762 872 1862 943 qui
1885 872 1977 926 in-

346 963 588 1034 spiravit
617 961 842 1018 Adamo
872 963 1146 1034 spiritum
1172 963 1424 1035 vitam);
1454 962 1631 1033 quiin
1654 959 1976 1031 discipulos

339 1057 516 1123 atque
547 1050 846 1123 apostolos
877 1069 1015 1108 suos
1042 1053 1371 1123 insufﬂauit,
1423 1058 1475 1106 et
1519 1052 1664 1106 dixit
1684 1066 1703 1105 :
1726 1050 1977 1120 Accipite

335 1143 606 1213 Spiritum
634 1148 883 1197 sanctum
923 1143 1018 1214 (ο).

408 1232 500 1286 VI.
535 1230 646 1286 Sed
676 1230 750 1287 ad
782 1231 1154 1303 prapositum
1196 1233 1582 1287 revertamur.
1612 1230 1678 1285 In
1711 1228 1974 1285 historiis

338 1320 654 1375 duodecim
686 1321 948 1376 tribuum
978 1321 1214 1376 Israelis
1245 1322 1356 1394 (12)
1406 1321 1532 1376 haec
1588 1320 1926 1376 referuntur
1956 1333 1973 1374 :

335 1412 475 1465 Erat
501 1409 819 1464 Joachimus
846 1409 1006 1464 valde
1036 1410 1206 1480 dives,
1238 1425 1301 1464 ac
1322 1412 1468 1464 dona
1522 1425 1623 1464 sua
1661 1408 1831 1479 dupla
1886 1411 1973 1478 of-

334 1498 566 1567 ferebat,
617 1513 794 1552 secum
841 1498 956 1568 ipse
1002 1497 1305 1569 inquiens:
1357 1498 1512 1563 Quod
1534 1498 1592 1552 in
1639 1497 1817 1552 oblato
1846 1497 1974 1551 sub-

2093 516 2166 589 μή
2198 516 2297 591 γὰρ
2329 517 2413 572 σοὶ
2457 518 2596 573 εἶπεν
2658 519 2686 572 ὁ
2739 518 2870 580 Θεὸς
2928 512 3018 571 διὰ
3090 518 3186 572 τοῦ
3236 517 3529 595 προφήτου
3574 516 3699 592 ῥῆμα

2086 608 2422 684 προφητείας
2476 625 2490 676 ;
2555 605 2699 683 Οὐχὶ
2790 605 2941 679 μόνῳ
2995 609 3076 680 τῷ
3157 602 3359 676 Ἰούδᾳ,
3446 606 3694 681 Ἐόρταζε,

2088 693 2272 771 φησὶν,
2357 692 2551 764 Ἰούδα,
2629 694 2724 757 τὰς
2805 693 2992 771 ἑορτάς
3078 713 3193 748 σου·
3276 690 3447 764 ἆνὲὄη
3512 695 3606 770 γὰρ
3674 696 3697 749 ὁ

2087 782 2340 861 ἐμφυσῶν
2372 782 2449 845 εἷς
2485 782 2547 838 τὸ
2578 781 2867 858 πρόσωπόν
2928 804 3028 837 σου
3057 804 3071 853 ;
3104 781 3194 845 Τίς
3250 783 3439 852 οὗτος,
3488 783 3534 837 ὦ
3584 804 3695 861 προ-

2085 877 2230 949 φῆτα
2260 892 2276 942 ;
2304 872 2365 929 Ὁ
2395 878 2468 943 Δη
2481 872 2739 948 μιουργὸς
2767 876 2875 927 τῶν
2934 871 3208 943 ἁπάντων,
3238 871 3265 927 ὁ
3302 869 3615 948 ἐμφυσήσας
3660 874 3697 911 ²⁴

2081 963 2160 1033 τῷ
2186 956 2367 1036 Ἀδὰμ
2395 965 2608 1035 πνεῦμα
2665 966 2831 1034 ζωῆς,
2888 961 2917 1018 ὁ
2972 965 3090 1024 τοῖς
3136 959 3313 1036 ἁγίοις
3342 959 3512 1016 αὐτοῦ
3538 964 3694 1035 μαθη-

2082 1053 2202 1111 ταῖς
2223 1048 2314 1104 καὶ
2342 1048 2670 1114 ἀποστόλοις
2702 1047 3015 1131 ἐμφυσήσας
3046 1050 3136 1109 καὶ
3169 1049 3215 1093 ⁸⁵
3245 1046 3444 1106 εἰπών·
3470 1046 3698 1106 Αιὶὅετε²ὃ

2083 1138 2301 1211 Πνεῦμα
2326 1140 2502 1214 ἅγιον.

2156 1231 2215 1294 ζ.
2283 1224 2438 1283 Ἀλλ’
2494 1225 2581 1283 ἐπὶ
2636 1225 2700 1283 τὸ
2756 1224 3113 1302 προκείμενον
3182 1224 3593 1302 ἐπανέλθωμεν.
3624 1231 3693 1287 Ἐν

2078 1319 2199 1380 ταῖς
2223 1313 2485 1387 ἱστορίαις
2514 1314 2644 1391 φησὶ
2672 1319 2781 1373 τῶν
2841 1313 3049 1372 δώδεκα
3104 1315 3290 1394 φυλῶν
3353 1319 3456 1371 τοῦ
3487 1315 3692 1391 Ἰσραὴλ,

2078 1407 2179 1461 Ἤν
2257 1403 2511 1477 Ἰωακεὶμ
2590 1403 2858 1468 πλούσιος
2946 1401 3173 1482 σφόδρα,
3242 1404 3335 1459 καὶ
3398 1404 3693 1481 προσέφερεν

2078 1493 2147 1549 τὰ
2199 1488 2349 1564 δῶρα
2412 1493 2576 1547 αὐτοῦ
2624 1489 2815 1563 διπλᾶ,
2896 1490 3072 1570 λέγων
3157 1491 3213 1548 ἐν
3279 1492 3482 1567 ἑαυτῷ·
3538 1496 3690 1551 Ἔσται

336 1588 547 1642 stantia
574 1603 693 1641 mea
772 1587 1207 1658 superabundat,
1266 1589 1372 1641 erit
1429 1588 1575 1641 omni
1619 1587 1852 1657 populo,
1923 1589 1973 1640 et

2090 1580 2145 1637 τὰ
2171 1588 2271 1650 τῆς
2301 1581 2614 1657 περιουσίας
2665 1602 2768 1656 μου
2826 1583 2982 1638 παντὶ
3039 1587 3121 1655 τῷ
3178 1580 3323 1656 λαῷ,
3352 1581 3448 1637 καὶ
3502 1583 3566 1637 τὰ
3611 1589 3687 1651 τῆς

338 1676 487 1747 quod
515 1681 592 1731 est
614 1691 720 1745 pro
751 1676 924 1730 debiti
950 1678 1058 1731 mei
1102 1677 1392 1742 solutione,
1423 1678 1530 1730 erit
1577 1676 1806 1729 Domino
1864 1676 1970 1729 Deo

2090 1668 2313 1749 ἕφέσεώς
2401 1692 2506 1744 μου
2589 1670 2771 1746 Κυρίῳ
2841 1675 2921 1744 τῷ
2978 1675 3095 1744 Θεῷ
3180 1691 3287 1745 μου
3357 1670 3437 1734 εἷς
3487 1670 3684 1744 ἱλασμὸν

336 1766 397 1819 in
417 1781 591 1819 meam
620 1764 1008 1835 expiationem.
1043 1763 1306 1820 Instabat
1348 1768 1543 1819 autem
1577 1762 1701 1818 dies
1755 1762 1972 1818 solem-

2090 1756 2226 1831 ἐμοί.
2284 1759 2534 1833 Ἤγγικεν
2593 1755 2650 1813 δὲ
2705 1758 2888 1856 ἡμέρα
2972 1756 3171 1856 [(υρίου
3228 1761 3265 1828 ἡ
3358 1758 3687 1856 μεγάλῃ-,καὶ

337 1854 432 1910 nis
465 1871 480 1922 ;
512 1856 570 1907 et
598 1852 707 1907 ﬂlii
739 1852 976 1909 Israelis
1007 1852 1163 1908 dona
1192 1869 1301 1908 sua
1321 1852 1664 1908 efferebant.
1700 1854 1773 1908 At
1841 1867 1975 1906 vero

2090 1847 2412 1924 προσέφερον
2444 1844 2797 1921 υἱοὶἸσραὴλ
2853 1847 2920 1901 τὰ
2969 1843 3118 1923 δῶρα
3173 1845 3379 1903 αὐτῶν·
3441 1850 3527 1903 καὶ
3589 1844 3687 1917 ἔστη

343 1940 548 1997 Ruben
579 1941 714 2013 (13),
748 1940 979 1997 obviam
1009 1941 1123 2013 ipsi
1153 1957 1215 1997 se
1264 1941 1500 2007 sistens,
1560 1940 1755 2010 inquit
1787 1956 1799 1993 :
1858 1940 1976 1994 Non

2090 1937 2198 1991 κατ’
2221 1934 2450 1990 ἐνώπιον
2482 1933 2645 1989 αὐτοῦ
2682 1928 2914 2009 Ῥουόὶμ
2965 1934 3056 1991 καὶ
3115 1935 3275 1990 εἶπεν·
3339 1934 3458 1993 Οὔκ
3532 1931 3691 2006 ἔξεστιν

343 2030 471 2085 licet
501 2030 603 2083 tibi
632 2045 828 2083 munus
859 2036 1011 2083 tuum
1034 2030 1233 2101 offerre
1264 2034 1388 2084 ante
1444 2029 1599 2098 alios,
1653 2043 1771 2083 cum
1800 2042 1979 2081 semen

345 2121 407 2172 in
434 2118 605 2173 Israel
634 2133 744 2171 non
764 2115 1129 2171 suscitaveris.

412 2206 534 2269 Quo
565 2204 781 2274 probro
815 2204 1150 2259 Joachimus
1179 2203 1432 2275 graviter
1459 2202 1840 2258 contristatus
1870 2206 1978 2256 est.

346 2289 523 2345 Vides
553 2289 856 2344 tristitiam
888 2289 1214 2345 secundum
1245 2291 1451 2358 Deum,
1484 2295 1817 2363 quae,prout
1843 2289 1981 2345 bea-

344 2383 439 2433 tus
470 2378 689 2433 Paulus
716 2377 915 2433 docuit
944 2377 1047 2449 (p),
1080 2377 1323 2433 adducit
1368 2380 1545 2435 vitam
1601 2384 1899 2435 (sternam.
1938 2381 1981 2436 Ο

342 2465 869 2536 incomparabilem
901 2464 1258 2536 Davidis(Ui-)
1288 2465 1395 2521 filii
1426 2465 1977 2522 mansuetudinem!

348 2554 391 2609 Ο
420 2553 528 2608 viri
568 2552 936 2609 admirabilis
964 2570 1086 2608 non
1128 2553 1387 2610 fucatam
1462 2555 1866 2610 innocentiam
1901 2554 1981 2611 lO

331 2644 510 2716 justas
539 2643 756 2698 radicis
789 2648 1048 2698 mentem
1078 2644 1274 2699 divino
1297 2645 1517 2717 Spiritu
1540 2644 1760 2700 actam!
1796 2645 1984 2710 Quan-

338 2748 517 2804 quam
548 2731 766 2787 divitiis
794 2737 852 2786 et
880 2731 1188 2788 nobilitate
1220 2732 1471 2805 insignis
1501 2738 1559 2788 et
1587 2734 1746 2806 regio
1766 2749 1980 2806 genere

341 2825 517 2890 esset,
541 2836 661 2875 non
688 2825 889 2875 tamen
917 2821 1191 2893 cogitavit
1245 2821 1317 2875 dc
1348 2821 1594 2887 ultione,
1627 2838 1746 2876 non
1780 2822 1983 2876 intulit

343 2908 773 2965 contumelias:
804 2924 926 2963 non
957 2909 1213 2964 accurrit
1242 2909 1313 2963 ad
1336 2908 1529 2963 forum
1544 2910 1981 2981 judiciale,non

348 2997 710 3067 imprecatus
741 3000 830 3050 est
862 3011 876 3050 :
909 3012 1030 3050 non
1061 2997 1322 3051 minatus
1353 3001 1441 3051 est
1472 2997 1672 3069 plagas
1703 3000 1833 3069 (15).
1855 3000 1981 3053 Non

347 3083 750 3156 objecitillud,
781 3086 897 3156 Ego
930 3100 998 3139 ex
1032 3084 1189 3139 tribu
1214 3085 1527 3141 benedicta
1557 3091 1751 3141 ortum
1801 3086 1973 3156 duco,

2087 2023 2171 2079 σοὶ
2200 2028 2416 2099 πρῶτον
2451 2028 2821 2100 προσενεγκεῖν
2848 2024 2911 2082 τὸ
2943 2021 3118 2103 δῶρόν
3138 2044 3256 2099 σου,
3288 2023 3484 2079 καθότι
3515 2025 3691 2099 σπέρμα

2085 2112 2137 2168 ἐν
2170 2117 2250 2185 τῷ
2280 2111 2501 2186 Ἰσραὴλ
2533 2111 2630 2167 οὐκ
2661 2111 2942 2183 ἐποίησας.

2155 2202 2256 2257 Καὶ
2332 2200 2582 2273 ἐλυπήθη
2667 2202 2927 2275 Ἰωακεὶμ
3004 2198 3231 2279 σφόδρα·
3315 2200 3471 2267 Εἶδες
3546 2201 3687 2271 λύπην

2082 2289 2217 2346 κατᾶ
2271 2290 2423 2363 Θεὸν,
2481 2290 2557 2353 ὡς
2615 2283 2810 2364 ἔφησεν
2870 2291 2899 2345 ὁ
2961 2291 3225 2366 μακάριος
3265 2288 3508 2361 Παῦλος,
3534 2290 3684 2368 «pois-

2081 2383 2273 2435 νοῦσαν
2309 2381 2450 2448 ζωὴν
2475 2378 2698 2433 αἰώνιον
2728 2379 2794 2436 ³⁷.
2824 2380 2891 2433 Ὢ
2952 2378 3215 2454 μεγίστης
3273 2379 3580 2452 πραότητος
3614 2382 3685 2433 τοῦ

2084 2464 2295 2524 Δαυΐδί
2350 2469 2417 2521 Ὦ
2478 2470 2789 2540 θαυμαστοῦ
2846 2464 3045 2541 ἀνδρὸς
3099 2467 3543 2544 ἀπανούργευτος
3582 2466 3682 2521 duo

2082 2555 2173 2611 κία
2202 2558 2247 2593 ³⁷
2277 2556 2289 2612 l
2320 2557 2384 2611 Ὦ
2415 2552 2624 2618 δικαίας
2656 2554 2811 2633 ῥίζης
2864 2549 3041 2619 ἔνθεος
3090 2555 3287 2632 γνώμη
3331 2557 3397 2614 ³⁸.
3421 2557 3531 2615 Οὔκ
3572 2555 3683 2628 ἢμό-

2082 2664 2228 2715 νατο,
2262 2643 2371 2721 οὐχ
2399 2645 2447 2681 ³⁸
2485 2639 2723 2721 ὕϐρισεν,
2774 2642 2875 2698 οὐκ
2928 2639 3156 2720 ἔδραμεν
3218 2641 3295 2706 εἷς
3356 2640 3681 2717 δικαστήριον,

2085 2732 2147 2788 οὗ
2189 2732 2550 2809 κατηράσατο,
2609 2733 2717 2788 οὐκ
2770 2730 3069 2802 ἠπείλησεν
3124 2731 3172 2769 ³ο
3216 2731 3466 2803 τύπτειν,
3530 2732 3682 2803 καίπερ

2082 2820 2310 2895 πλούτῳ
2340 2822 2428 2877 καὶ
2458 2821 2695 2896 εὐγενείᾳ
2721 2824 2909 2893 κομῶν
2943 2823 3011 2892 ³¹,
3041 2820 3132 2876 καὶ
3186 2820 3387 2899 γένους
3445 2821 3684 2898 βασιλικοῦ

2080 2910 2363 2987 τυγχάνων
2395 2910 2463 2967 ³⁸.
2498 2910 2613 2969 Οὐκ
2638 2911 2778 2965 εἶπεν
2813 2908 2895 2965 ὅτι
2951 2912 3097 2986 Ἐγὼ
3156 2909 3216 2966 ἐκ
3268 2917 3505 2987 πατριᾶς
3556 2908 3680 2965 εὐλο-

2083 3001 2332 3075 γημένης
2388 2997 2525 3072 εΐμῖ,
2585 2997 2647 3052 σὺ
2709 2994 2766 3055 δὲ
2823 2997 2882 3054 ἐκ
2940 2993 3340 3075 βεϐήλου,τήν
3380 2997 3560 3071 κοίτην
3606 3000 3677 3051 τοῦ

2084 3086 2287 3162 πατρὸς
2330 3088 2490 3160 ἡμῶν
2561 3084 2781 3161 Ἰσραὴλ
2838 3086 3126 3160 μιάναντος
3193 3086 3263 3143 ³³.
3327 3090 3500 3144 Ταῦτα
3549 3084 3681 3139 πάντα

336 3178 399 3228 tu
424 3189 559 3227 vero
594 3189 662 3228 ex
694 3173 926 3244 impuro
950 3177 1135 3244 patre,
1170 3173 1271 3244 qui
1300 3174 1536 3230 Israelis
1566 3176 1747 3247 patris
1785 3175 1975 3230 nostri

2090 3139 2320 3245 iss...
2355 3139 2673 3250 ’άντιλὲγείν
2728 3139 2869 3248 ipsi;
2922 3139 3021 3228 τά
3074 3139 3523 3248 ratein-"nr
3563 3169 3678 3227 οὐδὲν

332 3261 551 3316 lectum
592 3261 1030 3316 contaminavit.
1070 3262 1307 3316 Poterat
1329 3278 1468 3318 sane
1495 3263 1620 3318 haec
1637 3263 1839 3318 omnia
1858 3265 1973 3320 Ru-

336 3349 477 3404 beni
509 3364 808 3419 opponere
843 3364 858 3414 ;
892 3348 995 3403 sed
1024 3349 1483 3420 haudquaquam
1510 3366 1642 3406 cum
1685 3368 1752 3406 eo
1785 3351 1976 3407 verbis

341 3436 715 3492 conﬂictatus
741 3436 944 3507 justus
993 3435 1096 3491 ille
1140 3437 1414 3509 expedito
1465 3456 1714 3512 propere
1770 3457 1977 3515 gressu

2088 3262 2234 3336 αὗτῷ
2284 3260 2809 3337 προσμαχεσάμενος
2889 3262 2976 3316 ἐπὶ
3031 3263 3094 3317 τὸ
3179 3259 3553 3340 δωδεκάφυλον
3607 3264 3679 3316 τοῦ

2085 3351 2306 3426 Ἰσραὴλ
2338 3349 2634 3412 ὠκυτάτοις
2664 3349 2822 3404 ποσὶν
2858 3347 3091 3428 βαδίζων
3145 3351 3174 3406 ὁ
3224 3348 3436 3412 δίκαιος
3487 3346 3676 3426 παραγί-

2084 3460 2250 3497 νεται.
2276 3437 2372 3494 Καὶ
2405 3439 2482 3513 μὴ
2514 3438 2686 3514 εὑρὼν
2717 3436 2849 3515 ὅπερ
2890 3437 3069 3511 ἐζήτει
3125 3438 3264 3519 πρὸς
3322 3439 3607 3517 ἀναψυχὴν,
3628 3435 3675 3492 τὸ

411 3551 503 3623 (m)
531 3552 779 3612 Nahum.
820 3569 858 3625 ι,
894 3555 980 3626 15,
1011 3553 1086 3627 (n)
1118 3554 1260 3613 Gen.
1292 3569 1357 3627 ιι,
1388 3556 1441 3609 ’7.
1475 3553 1549 3631 (ο)
1579 3556 1744 3613 Joan.
1767 3572 1862 3625 xx,
1889 3556 1976 3613 22.

2090 3572 2094 3613 ι
2132 3556 2184 3611 ΙΙ
2216 3556 2348 3612 Cor.
2378 3571 2474 3625 vn,
2509 3557 2596 3611 10.

1680 3656 1915 3713 VARIE
1972 3655 2373 3713 LECTIONES.

407 3739 638 3816 ’_‘B_arb.
674 3738 990 3816 ἕμφυσίσας.
1041 3741 1097 3816 ηεξ
1151 3742 1321 3816 Bar_b.
1380 3735 1627 3816 λάᾷεται.
1680 3742 1726 3816 ³9
1796 3743 1942 3801 Hinc
2022 3743 2259 3816 initium
2285 3742 2507 3816 codicis
2546 3741 2743 3800 mutili
2791 3743 2939 3816 Gaia.
2990 3742 3078 3813 B.,
3138 3745 3317 3816 cujus
3373 3740 3681 3816 lectionibus

338 3811 553 3867 deinde
583 3811 839 3878 utemur,
874 3813 923 3867 si
938 3812 1099 3918 2quid
1128 3813 1407 3886 prodesse
1432 3814 1754 3885 aliquando
1781 3815 2033 3887 possint.
2060 3815 2105 3850 ³⁷
2134 3812 2359 3869 Ἀκακία
2385 3831 2521 3869 cum
2550 3820 2802 3887 utroque
2834 3811 3101 3871 Caesareo
3136 3832 3149 3881 ;
3186 3811 3329 3872 nam
3360 3814 3520 3871 Barb.
3545 3827 3679 3868 men-

340 3880 482 3918 Αηαο
522 3882 695 3918 hnhof
724 3881 884 3918 νηνίη
1017 3885 1291 3918 Μοηι-ιηοο
1322 3883 1505 3918 ηΛΑειν
1564 3885 1710 3918 Ωονσιι
1784 3884 2002 3918 "mnf"...
2088 3884 2200 3918 ηὲοἶ
2258 3885 2575 3918 amnnAnnn
2629 3886 2710 3918 m'n
2773 3884 2914 3918 υοΙῖο
2975 3880 3019 3918 2.“
3078 3882 3293 3918 ἓηιηι..-
3354 3883 3497 3918 λιν...
3524 3881 3679 3918 Iuni...»

340 3880 482 3936 dose
522 3882 698 3936 habet
724 3881 905 3937 κακία.

1017 3880 1292 3961 Mendose
1322 3880 1731 3961 codef'Barb.
1782 3880 2028 3957 γενώμη,
2088 3884 2203 3961 nisi
2258 3885 2575 3961 emendare
2629 3880 2724 3940 sic'
2773 3880 3019 3961 velisAib
3078 3880 3293 3961 δικαίας
3351 3883 3497 3961 ῥίζης
3524 3881 3681 3961 Evoti»:

340 3949 684 4037 γεννωμένης
718 3969 731 4007 :
764 3959 824 4009 at
851 3952 1218 4025 praeferenda
1248 3955 1422 4036 lectio
1453 3956 1596 4009 Cass.
1633 3958 1701 4037 Α,
1735 3949 1938 4037 utpote
1961 3949 2279 4037 contextui
2330 3957 2519 4037 magis
2540 4029 2558 4037 _
2570 3971 2856 4037 consona.
2911 3956 3056 4037 σφε.
3217 3949 3557 4037 ιρι-ολένθεος
3603 3953 3677 4037 Βῆ·

339 4022 442 4077 bet
469 4022 1128 4150 ἀπανούργευτός,3ιιειω
1157 4042 1359 4081 vocem
1385 4026 1447 4079 in
1469 4022 1825 4097 praacedenti
1856 4028 2045 4083 inciso
2075 4027 2376 4083 emiserat.
2434 4022 2483 4061 ’9
2538 4027 2812 4082 Mendose
2870 4026 3054 4082 codex
3101 4022 3271 4082 Barb.
3336 4025 3448 4082 οὐκ.
3480 4027 3602 4081 (ἓως.
3639 4026 3672 4075 Α

346 4099 406 4148 et
435 4097 494 4150 Β.
529 4093 660 4150 οὖν.
743 4097 765 4132 ⁰
819 4098 947 4150 Men
994 4113 1092 4150 ose
1150 4097 1279 4150 cod.
1341 4096 1510 4150 Barb.
1567 4093 1874 4150 εἴπείλησεν
1936 4115 1950 4150 :
2012 4098 2181 4150 neius
2237 4098 2380 4150 Cass.
2443 4100 2509 4150 A.
2558 4099 2619 4150 Β.
2678 4093 2956 4150 ἐπίλησεν.
3015 4096 3061 4132 ³1
3107 4099 3385 4150 Mendose
3442 4097 3601 4150 codex
3645 4093 3672 4144 Β

346 4097 494 4168 et_B.
529 4067 765 4168 οὐχ.Γέ⁰
819 4067 1092 4152 Mendose
1150 4097 1279 4152 cod.
1341 4067 1510 4151 Bari:
1567 4093 1874 4168 εἴπείλησεν
1936 4115 1950 4165 ;

2010 4098 2181 4169 pejus
2237 4098 2380 4169 Caes.
2443 4100 2509 4153 A.
2558 4099 2619 4153 Β.
2678 4093 2956 4169 ἐπίλησεχ.
3015 4096 3061 4132 ³1
3107 4099 3385 4169 Mendose
3442 4097 3601 4153 codex
3645 4093 3673 4144 Β

344 4166 469 4242 arb.
500 4166 705 4236 κωμῶν
738 4169 990 4236 ;Ca33ar.
1024 4170 1093 4224 A.
1128 4173 1186 4225 et
1216 4169 1276 4223 Β.
1323 4169 1536 4239 κομῶν.
1568 4167 1615 4202 ³³
1662 4168 1845 4227 Abest
1888 4166 2174 4242 τυγχάνων
2259 4168 2333 4227 ab
2391 4172 2643 4240 utroque
2697 4169 2841 4226 Cas.
2899 4166 2947 4203 ³³
3011 4167 3323 4233 Μιάναντος
3397 4169 3556 4225 Attio.
3590 4177 3669 4237 pro

1969 4311 2192 4367 ΝΟΤλΕ.

349 4236 664 4307 μιήναντος,

344 4404 571 4465 αἰώνιος
654 4399 1009 4476 ἐϐμᾶστησεν.
1087 4408 1279 4462 Semen
1336 4415 1519 4462 autem
1572 4411 1728 4464 Judm
1756 4408 1987 4469 invidia:

342 4479 658 4547 obnoxium,
691 4484 743 4531 et
788 4478 1007 4547 probris
1046 4480 1284 4547 petitum
1341 4495 1510 4547 supra
1560 4496 1741 4535 semen
1799 4482 1984 4534 Ruben

341 4537 745 4619 (subintellige
776 4537 1078 4602 emaltatum
1107 4551 1231 4619 est.)
1263 4550 1348 4603 Em
1392 4537 1536 4603 Iuda
1586 4552 1754 4619 Virgo
1786 4556 1838 4604 et
1871 4551 1987 4605 Rex
2014 4537 2060 4602 D

1656 4620 1982 4676 raaferenda

343 4687 617 4764 videtur;
647 4705 759 4744 nec
793 4688 1109 4764 obscurum
1148 4695 1257 4764 est,
1309 4689 1525 4764 mendo
1574 4687 1690 4764 illo
1724 4687 1818 4742 τοῖ’)
1852 4689 1982 4764 ὑπὲρ

343 4777 449 4843 pro
481 4758 583 4843 ὑπὸ
617 4759 955 4843 quempiam
987 4758 1211 4830 impelli
1229 4761 1492 4835 potuisse
1523 4766 1588 4817 ut
1617 4761 1733 4819 alia
1749 4758 1983 4833 quoque

343 4836 706 4886 immutaret.

416 4902 525 4975 (114)
558 4902 785 4975 Nahum
816 4918 874 4975 ιι,
905 4904 956 4957 1.
989 4902 1045 4975 ᾼλ
1065 4901 1335 4975 versione
1368 4903 1531 4971 LXX,
1574 4919 1751 4975 quam
1781 4907 1986 4959 auctor

345 4972 631 5043 sequitur,
692 4973 939 5028 dissidet
990 4973 1087 5029 hic
1133 4972 1411 5044 Vulgatus
1463 4972 1685 5042 noster,
1737 4975 1843 5045 qui
1892 4991 1981 5030 se-

344 5058 602 5115 cundum
633 5060 937 5116 veritatem
970 5059 1313 5116 Hebraicam
1343 5046 1586 5147 TIS-'71?
1635 5071 1796 5152 νέξ)
1834 5047 1983 5128 τήν

341 5148 485 5220 legit
510 5164 522 5201 :
554 5149 816 5204 Ascendit
844 5153 941 5218 qui
970 5151 1251 5220 dispergat
1273 5167 1459 5205 coram
1481 5157 1552 5204 te.

454 5224 561 5273 unt
586 5220 685 5290 qui
728 5225 936 5290 putent
963 5221 1111 5289 (Vid.
1146 5221 1500 5277 Schleusner
1536 5223 1602 5277 N.
1625 5222 1794 5277 Thes.
1820 5223 1885 5276 V.
1917 5224 1976 5276 T.

343 5308 394 5345 v.
429 5289 707 5380 ἐμφυσάω)
734 5289 880 5344 LXX
930 5290 1141 5380 legisse
1185 5310 1305 5347 non
1354 5293 1593 5363 quidem
1645 5301 1980 5380 V’DDaVD

343 5378 502 5450 quod
535 5382 624 5433 est
655 5378 929 5448 dispergo,
964 5378 1068 5433 sed
1097 5389 1255 5442 nisi:
1285 5398 1320 5436 a
1359 5391 1466 5444 n75
1499 5378 1776 5452 quodest
1794 5384 1976 5449 sufﬂa.

410 5467 522 5537 (12)
554 5468 662 5531 En,
711 5466 942 5540 inquiet
989 5482 1257 5540 morosus
1306 5470 1623 5540 quispiam,
1678 5468 1979 5524 undenam

341 5536 619 5611 petantur
640 5554 770 5611 quas
802 5536 884 5611 de
905 5538 963 5591 Β.
1000 5539 1064 5591 ν.
1093 5544 1224 5611 ortu
1253 5536 1546 5599 feruntur.
1579 5541 1777 5609 Atqui,
1808 5556 1976 5611 repo-

345 5607 422 5665 no
453 5609 610 5680 quod
659 5607 921 5681 Virginis
951 5609 1257 5680 conceptio
1289 5611 1447 5666 idem
1501 5607 1688 5666 fuerit
1730 5627 1796 5667 ac
1824 5607 1979 5667 vovm

344 4618 577 4674 Externus
605 4620 951 4688 germinavit.
996 4620 1068 4672 At
1150 4618 1325 4673 lectio
1366 4623 1569 4675 nostra

2094 4425 2244 4480 arcaa
2275 4408 2345 4464 ad
2380 4407 2792 4479 excipiendum
2826 4410 3010 4480 Deum
3042 4407 3356 4464 aedificatio
3378 4408 3574 4480 divina,
3590 4403 3670 4480 hoc

2093 4479 2353 4550 profecto
2406 4496 2476 4535 ex
2509 4472 2778 4535 ‘historia
2820 4479 3129 4535 duodecim
3184 4480 3443 4539 tribuum
3485 4472 3670 4537 Israelis

2093 4556 2426 4606 mutuatum
2457 4566 2577 4606 non
2607 4555 2714 4605 est.

2163 4622 2277 4692 (13)
2305 4621 2467 4687 Quod
2501 4621 2772 4692 superius
2795 4621 2921 4692 jam
2952 4620 3316 4687 monuimus,
3359 4625 3568 4692 auctor
3590 4629 3665 4687 po-

2096 4692 2209 4746 tius
2235 4688 2409 4762 quam
2441 4688 2742 4747 hominem
2771 4688 2975 4747 Ruben
2997 4693 3235 4747 nomine
3249 4688 3668 4762 dictum,vid_e_tur

2092 4758 2956 4845 hicintellexisse‘quempi‘am
2984 4779 3014 4817 e
3033 4762 3340 4845 'Rub‘enis‘
3353 4762 3523 4845 tribu.
3558 4758 3662 4845 Hillo

2094 4833 2289 4905 aditus
2321 4834 2443 4905 ipsi,
2465 4834 2539 4888 ad
2570 4829 2774 4889 Ruben
2798 4829 2975 4889 illum
3025 4833 3223 4889 Jacobi
3283 4834 3463 4891 tilium
3502 4847 3560 4889 ac
3583 4829 3665 4883 liu-

2091 4904 2322 4976 benitas
2344 4903 2805 4976 redarguendos.

2159 4975 2268 5099 (14)
2299 4976 2512 5057 vocem
2524 4968 2660 5027 νυίοῦ
2686 4974 2855 5056 (filii).
2873 4990 3003 5046 qua)
3025 4989 3060 5057 a_
3080 4973 3283 5030 codice
3334 4973 3501 5055 Bar_b._
3521 4968 3631 5025 abes

2165 5062 2239 5099 nn
2270 5062 2356 5099 ev1
2389 5062 2459 5099 ex
2484 5046 2627 5099 Caes.
2656 5048 2723 5099 Α.
2756 5047 2969 5099 Reinsa
2997 5045 3093 5099 hic
3140 5062 3259 5099 non
3316 5042 3547 5099 DaVldlS.
3588 5052 3631 5094 se

2092 5042 2367 5117 supplevi
2389 5062 2459 5100 ex
2484 5046 2627 5103 Caes.
2656 5042 2723 5100 Α.
2756 5042 2969 5117 Βέὶιῐεει
2997 5045 3093 5101 hic
3140 5062 3259 5101 non
3316 5042 3547 5117 Davidis,
3588 5052 3635 5094 se

2089 5114 2396 5241 Joacgimi,
2430 5133 2460 5171 e
2492 5117 2721 5172 Davidis
2758 5114 3057 5190 progenie,
3118 5114 3497 5173 mansuetudo
3539 5122 3658 5165 com-

2089 5204 2226 5241 men
2273 5203 2300 5241 a
2334 5204 2423 5241 ur.

2089 5193 2423 5242 mendatur.

2159 5260 2273 5329 (15)
2302 5261 2383 5313 Ex
2414 5259 2521 5313 hac
2547 5257 2788 5313 Joannis
2840 5257 3182 5313 Eubceensis
3227 5259 3480 5314 oratione
3507 5246 3657 5329 colligi

2089 5323 2303 5400 potest,
2335 5331 2537 5383 Patres
2569 5330 2824 5384 libenter
2859 5329 3169 5384 historiam
3215 5329 3375 5385 illam
3405 5323 3658 5400 duodecim

2090 5400 2349 5474 tribuum
2374 5400 2971 5474 Israelispersecutos
3000 5400 3131 5474 ideo
3165 5400 3336 5456 etiam
3359 5399 3538 5474 fuisse,
3556 5400 3662 5474 qui?

2092 5471 2461 5543 occasionem
2485 5469 2922 5543 praebebatnon
2955 5471 3137 5543 modo
3160 5477 3427 5543 parentes
3453 5469 3659 5543 Deipgfw

2089 5541 2365 5596 laudibus
2397 5529 2669 5609 ornandi,
2703 5542 2807 5596 sed
2838 5543 3016 5598 etiam
3066 5529 3329 5601 fidelium
3379 5529 3659 5596 moresiuo-

2090 5628 2222 5668 rum
2255 5612 2523 5684 exemplo
2555 5612 2935 5669 informandi.
