3888 6136
207 359 346 418 1469

204 487 333 560 ὅρος
381 480 786 558 καταλαμϐάνει
819 528 833 542 .
885 484 982 540 Καὶ
1038 483 1091 540 τί
1148 483 1352 547 δίκαιος
1400 503 1414 553 ;

203 578 302 630 τοῦ
362 572 526 629 Δαυίδ
589 571 866 646 μελῳδίαν
929 569 1298 644 ἀναλαμϐάνει
1355 573 1445 628 καὶ
1500 572 1667 647 λέγει’
1720 571 1789 629 El.
1822 573 1850 627 6

205 662 406 738 ἐχθρὸς
464 660 710 716 ὠνείδισέ
761 663 809 699 ³⁸
866 683 980 734 με,
1054 663 1331 736 ὑπήνεγκα
1381 659 1440 716 ἂν
1475 679 1489 694 ⁸
1567 659 1655 715 καὶ
1716 658 1765 714 ei
1821 660 1848 714 6

212 755 386 824 μισῶν
452 771 518 823 με
584 747 671 805 ἐπ’
754 749 850 822 ἐμὲ
925 746 1489 826 ἐμεγαλοῤῥημονήθη
1526 791 1541 819 ,
1615 743 1846 822 ἐκρύϐην

207 840 266 896 ἃν
329 840 422 895 ἀπ’
481 838 666 898 αὐτοῦ.
738 834 979 894 Δέσποτα
1035 838 1221 912 Κύριε,
1281 842 1385 893 τῶν
1447 835 1690 912 δακρύων
1745 857 1849 910 μου

211 930 286 1002 μὴ
345 928 773 1004 παρασιωπήσῃς
804 968 817 987 .
879 927 977 984 Καὶ
1033 928 1249 989 πάντως
1301 947 1407 982 που
1461 930 1683 982 τοιαῦτα
1733 923 1849 980 δια-

207 1015 594 1092 λογιζόμενος.
628 1015 832 1091 Εἷ¹ἐγὼ
886 1015 938 1070 ἐν
995 1017 1156 1071 παντὶ
1213 1013 1435 1090 Ἰσραὴλ
1494 1013 1849 1081 ἅτεκνος,καὶ

210 1101 440 1176 ὄνειδος,
498 1104 666 1160 καλόν
721 1125 814 1178 μοι
866 1103 1082 1178 μᾶλλον
1129 1105 1192 1159 τὸ
1248 1103 1533 1158 ἀποθανεῖν
1566 1100 1720 1174 λιμῷ
1758 1101 1848 1156 καὶ

209 1191 342 1268 δίψῃ
373 1193 677 1266 τηκόμενον
735 1194 801 1249 ³⁵.
850 1194 940 1249 καὶ
994 1194 1070 1267 μὴ
1101 1189 1282 1266 ἕτερον
1329 1197 1508 1264 Σεμεὴ
1571 1187 1847 1265 ὀδυνηρῶς

207 1284 302 1338 τόν
335 1280 497 1337 Δαυίδ
526 1279 899 1341 ἐπονειδίυειν,

1210 361 1458 417 SERMO
1491 362 1568 416 IN
1602 359 2153 417 OONCBPTIONEM
2188 362 2544 416 DEIPABE.

3452 348 3592 416 1470

1483 481 1691 546 Πάντος
1744 485 1844 552 τὴν
1877 484 1927 551 Α
1959 500 2088 539 sese
2120 485 2430 541 duodecim
2461 485 2729 541 tribubus
2757 485 2993 540 Israelis
3019 485 3305 556 adjunxit.
3338 487 3409 541 Et
3452 502 3587 542 cum

1959 589 2080 627 non
2111 574 2430 629 invenisset
2457 573 2538 637 id,
2576 573 2731 644 quod
2767 574 3067 643 quaerebat
3091 574 3164 628 ad
3194 574 3589 629 levamentum

1959 664 2225 717 mceroris
2257 662 2388 734 (16),
2435 662 2496 716 in
2527 668 2789 717 montem
2814 679 2874 717 se
2921 663 3149 733 recipit.
3196 662 3345 728 Quid
3392 669 3588 717 autem

1949 751 2148 822 justus
2160 750 2452 815 ?,Omnino
2473 751 2702 805 Davidis
2720 767 2957 806 carmen
2978 751 3243 818 resumit,
3271 756 3329 805 et
3355 751 3589 820 inquit:

1956 839 2017 894 Si
2046 841 2296 894 inimicus
2325 840 2693 895 maledixisset
2721 841 2878 907 mihi,
2901 841 3271 895 sustinuissem
3292 842 3482 909 utique
3502 856 3520 892 :
3541 844 3592 894 et

1956 926 2006 982 si
2033 928 2262 996 superbe
2316 928 2455 982 mihi
2481 931 2528 983 is
2575 929 2906 996 insultasset,
2961 931 3057 997 qui
3102 945 3184 983 me
3231 929 3358 982 odio
3398 943 3591 997 prose-

1959 1018 2167 1086 quitur,
2199 1017 2266 1070 ab
2305 1017 2423 1084 ejus
2471 1023 2754 1086 conspectu
2801 1033 2885 1070 me
2925 1017 3314 1072 subdumissem.
3369 1017 3592 1070 Domine

1959 1103 2116 1171 Deus,
2148 1121 2215 1157 ne
2244 1109 2458 1158 avertas
2494 1106 2690 1172 faciem
2743 1111 2891 1158 tuam
2939 1121 2971 1157 a
3016 1105 3270 1173 lacr-ymis
3323 1107 3452 1159 meis
3481 1103 3582 1174 (ει).

1957 1193 2044 1246 Ita
2074 1192 2232 1246 enim
2263 1191 2385 1246 fere
2417 1207 2619 1246 secum
2651 1191 3112 1247 ratiocinabatur
3145 1208 3158 1247 :
3205 1193 3253 1247 si
3286 1209 3388 1264 ego
3429 1192 3589 1247 solus

1959 1280 2020 1335 in
2049 1281 2322 1335 universo
2345 1280 2560 1336 Israele
2589 1280 2910 1335 liberorum
2934 1297 3140 1352 expers
3170 1297 3321 1348 sum,
3354 1287 3413 1336 et
3438 1284 3591 1350 (om-

207 1375 394 1445 nium)
425 1373 808 1446 opprobrium
837 1373 1101 1438 effectus,
1129 1373 1312 1428 satius
1342 1373 1487 1427 mihi
1511 1376 1600 1427 est
1628 1370 1778 1425 mori
1809 1370 1962 1425 fame
2011 1386 2074 1426 ac
2100 1370 2194 1426 siti
2253 1369 2606 1440 confectum,
2639 1387 2816 1441 quam
2846 1376 2912 1426 ut
2941 1370 3090 1426 alius
3122 1371 3311 1426 Semei
3340 1388 3436 1426 me
3483 1388 3589 1427 ceu

208 1464 461 1519 alterum
491 1462 767 1518 Davidem
797 1461 1210 1518 contumeliosi
1238 1461 1428 1516 verbis
1459 1461 1753 1533 opprimat
1772 1459 1903 1532 (17).

282 1551 354 1606 Ζ“.
397 1548 457 1602 Τί
514 1547 866 1624 χαλεπαίνεις
901 1593 914 1618 ,
977 1549 1022 1602 ὧ
1075 1550 1395 1623 πρωτότοκε
1461 1543 1692 1620 Ῥουϐὶμ
1753 1547 1845 1602 καὶ

211 1637 500 1714 ἆχάριστες
535 1657 548 1704 ;
589 1637 656 1694 Τί
708 1637 1058 1712 προσκρούεις
1091 1638 1118 1691 6
1149 1636 1538 1713 ἀνευλόγητος,
1576 1640 1658 1709 τῷ
1687 1635 1849 1690 εὐλο-

207 1727 435 1802 γημένῳ
466 1745 480 1796 ;
515 1724 584 1782 Τί
617 1724 700 1793 σὺ,
735 1723 778 1779 ὦ
809 1724 998 1795 πένης,
1030 1725 1230 1801 κρίνεις
1260 1725 1350 1779 τὸν
1387 1723 1611 1802 βασιλέα
1642 1742 1656 1794 ;
1699 1721 1846 1798 Ούχί

207 1813 473 1870 τελευτῶν
503 1814 532 1869 6
579 1809 774 1869 Ἰακὼϐ
806 1814 834 1868 6
864 1815 1042 1887 πατὴρ
1093 1815 1417 1890 ἀμφοτέρων
1475 1811 1695 1888 ἤλεγξεν
1750 1812 1842 1884 μὶν

2028 1548 2142 1604 VII.
2177 1547 2325 1613 Quid
2346 1552 2466 1602 tam
2498 1547 2743 1603 immani
2777 1549 2864 1603 ira
2893 1549 3300 1616 commoveris,
3326 1566 3358 1603 ο
3381 1549 3586 1604 Ruben

1954 1637 2344 1708 primogenite
2376 1641 2431 1690 et
2464 1636 2671 1691 acerbe
2697 1637 2724 1692 ‘t
2753 1637 2899 1701 Quid
2934 1642 2996 1692 tu
3027 1637 3456 1692 benedictionis
3488 1655 3584 1694 ex-

1955 1741 2082 1780 sors
2113 1725 2392 1780 adversus
2439 1741 2574 1780 eum
2632 1725 2910 1797 insurgis,
2955 1726 3055 1795 qui
3112 1725 3586 1781 benedictionem

1956 1818 2307 1869 consecutus
2338 1815 2472 1868 est?
2501 1815 2650 1879 Quid
2691 1819 2773 1882 tu,
2826 1830 3068 1886 pauper,
3113 1831 3310 1884 regem
3351 1807 3594 1886 judicas'

206 1904 305 1972 τὴν
356 1904 452 1969 σὴν
514 1903 718 1974 ἄνοιαν,
777 1903 868 1957 τὸν
928 1899 984 1956 δέ
1041 1900 1248 1958 Ἰούδαν
1304 1901 1644 1977 εύλόγησεν;
1705 1899 1844 1957 Ἰδοὺ

2042 1903 2400 1958 condemnas
2429 1904 2535 1973 (18)
2554 1903 2582 1958 ‘I
2611 1905 2813 1958 Nonne
2855 1903 3117 1958 moriens
3147 1903 3320 1958 Jacob
3367 1905 3588 1958 utrius-

205 1991 307 2066 γὰρ
364 1991 412 2026 ³⁸
469 1991 826 2060 ἀποθνήσκων
907 1992 1050 2044 εἶπεν
1087 2009 1101 2024 ⁸
1160 1988 1382 2060 Ἰούδα,
1472 1991 1528 2044 σὲ
1611 1990 1846 2044 αἶνέσοο-

209 2101 290 2136 σιν
349 2081 396 2118 ³⁷
456 2081 507 2136 οἱ
563 2079 790 2154 ἀδελφοί
858 2098 975 2134 σουο
1035 2080 1090 2135 αἱ
1147 2080 1330 2154 χεῖρὲς
1388 2100 1483 2134 σου
1530 2079 1614 2134 ἐπὶ
1672 2079 1849 2135 τώτου

205 2174 313 2225 τῶν
403 2169 614 2244 ἐχθρῶν
691 2188 809 2224 σου·
883 2167 973 2223 καὶ
1057 2169 1516 2244 προσκυνήσουσίν
1601 2189 1659 2223 σε
1739 2168 1848 2223 υἱοὶ

207 2263 306 2314 τοῦ
364 2256 572 2330 Πατρός
629 2278 772 2314 σου.
860 2256 1109 2330 Σκύμνος
1193 2254 1415 2320 λέοντος
1497 2255 1725 2330 Ἰούδα,
1792 2256 1851 2312 ἐκ

211 2346 452 2423 βλαστοῦ
485 2390 500 2415 ,
560 2345 642 2401 υἷέ
701 2366 836 2419 μου,
886 2341 1082 2416 ἀνέϐης
1138 2346 1205 2402 ³⁸.
1246 2345 1550 2403 Ἀναπεσὼν
1609 2345 1848 2418 ἐκοιμή-

209 2438 309 2505 θης
338 2435 413 2496 ὡς
471 2433 632 2501 λέων,
681 2433 773 2488 καὶ
830 2433 908 2496 ὡς
957 2434 1194 2507 σκύμνος
1241 2433 1482 2496 λέονττςο
1539 2433 1620 2497 τίς
1676 2433 1851 2510 ἐγερεῖ

211 2522 371 2579 αὐτόν
406 2541 419 2592 ;
453 2521 567 2580 Ούκ
623 2520 863 2596 ἐκλείψει
922 2520 1108 2597 ἄρχων
1165 2521 1216 2592 ἐξ
1266 2519 1441 2578 Ἰούδα
1470 2566 1488 2589 ,
1536 2521 1625 2576 καὶ
1681 2521 1848 2597 ἡγού-

209 2633 370 2686 μενος
427 2610 487 2666 ἐκ
536 2614 644 2665 τῶν
709 2613 900 2686 μηρῶν
955 2608 1142 2682 αὐτοῦ,
1195 2608 1301 2672 ἕως
1357 2609 1416 2665 ἂν
1473 2608 1682 2685 ἕλθῃῷ
1714 2610 1850 2665 ἀπύ-

208 2721 430 2770 κειται,
489 2700 581 2754 καὶ
657 2697 820 2762 αὐτὸς
895 2697 1200 2775 προσδοκία
1273 2699 1437 2763 ἐθνῶν
1474 2741 1488 2757 .
1565 2700 1850 2773 Δεσμεύων

209 2790 346 2866 πρὸς
404 2788 650 2861 ἄμπελον
701 2789 802 2857 τὴν
853 2784 974 2842 ὄνον
1005 2789 1054 2824 ⁸9
1112 2787 1295 2856 αὐτοῦ,
1353 2787 1440 2842 καὶ
1489 2791 1559 2862 τῇ
1586 2785 1731 2843 ἕλικι
1758 2789 1850 2843 τὸν

213 2875 401 2932 πῶλον
462 2883 562 2946 τῆς
618 2871 744 2931 ὄνου
801 2875 965 2930 αὐτοῦ
1020 2877 1112 2932 ⁸ο.
1167 2876 1372 2932 ΙΙλυνεῖ
1427 2875 1479 2930 ἐν
1550 2875 1681 2949 ο’ίνῳ
1749 2878 1846 2945 τήν

213 2965 414 3034 στολὴν
451 3009 465 3036 ,
523 2965 610 3019 καὶ
673 2962 723 3018 ἐν
783 2962 971 3037 αἶ’ματι
1031 2971 1130 3034 τῆς
1187 2963 1466 3042 σταφυλῆς
1530 2965 1630 3034 τήν
1694 2984 1849 3040 περι-

217 3049 390 3122 ϐολὴν
449 3054 614 3109 αὐτοῦ
647 3095 661 3111 .
715 3055 1013 3128 Χαροποιοὶ
1077 3055 1127 3108 οἱ
1176 3053 1453 3133 ὀφθαλμοὶ
1527 3055 1694 3110 αὐτοῦ
1745 3054 1850 3109 ἀπὸ

218 3140 369 3196 οἷ’νου
403 3161 417 3175 ⁸
475 3141 566 3196 καὶ
623 3141 808 3197 λευκοὶ
863 3143 914 3195 οἳ
975 3139 1188 3204 ὀδόντες
1251 3142 1417 3196 αὐτοῦ
1483 3141 1610 3196 ὡσεὶ
1655 3141 1798 3217 γάλα
1831 3183 1846 3199 .

284 3229 503 3302 Πρῶτον
567 3229 661 3301 μὲν
719 3227 1025 3302 ὀνειδισμὸν
1076 3228 1156 3302 τῷ
1231 3225 1461 3304 Ῥουϐἶμ
1515 3229 1847 3309 ἐπήνεγκεν·

212 3316 376 3392 φησὶν
432 3316 556 3392 γὰρ.
633 3312 862 3390 Ῥουϐἱμ
937 3317 1286 3394 πρωτότοκός
1364 3340 1469 3392 μοι)
1522 3318 1615 3374 καὶ
1699 3321 1847 3396 ἀρχὴ

208 3403 409 3460 τέκνων
463 3407 508 3444 “
569 3425 674 3476 μου
707 3419 724 3440 ⁹
802 3405 1040 3481 σκληρὃς
1093 3408 1142 3444 ⁸³
1197 3405 1486 3488 φέρεσθαι,
1560 3407 1850 3484 σκληρός,

213 3489 479 3565 αὐθάδηςο
533 3488 810 3569 ἐξύϐρισας
848 3537 863 3564 ,
921 3495 996 3558 ὼς
1048 3492 1194 3570 ὕδωρ
1225 3538 1241 3568 ,
1304 3497 1380 3569 μὴ
1431 3495 1652 3572 ἐκζέσῃς
1685 3515 1701 3530 ο
1759 3496 1850 3552 ἆν-

283 3627 362 3702 (q)
393 3627 548 3685 Psal.
578 3645 688 3698 LIV,
723 3629 810 3702 13,
844 3628 916 3703 (r)
951 3630 1090 3687 Gen.
1122 3644 1272 3701 nix,
1312 3630 1345 3686 8
1384 3646 1547 3703 seqq.
1560 3669 1574 3698 ,
1609 3647 1726 3687 sec.
1759 3631 1925 3688 LXX.

1956 2008 2068 2061 que
2099 1995 2267 2061 pater
2283 1996 2442 2045 tuam
2470 1991 2707 2060 quidem
2729 1992 3048 2047 amentiam
3078 1991 3394 2063 redarguit,
3427 1992 3588 2047 ludas

1956 2083 2152 2134 autem
2183 2079 2334 2134 bene
2363 2083 2635 2150 precatus
2668 2084 2757 2134 est
2783 2081 2809 2134 ?
2831 2082 2976 2135 Ecce
3005 2081 3162 2134 enim
3192 2081 3367 2134 morti
3390 2081 3586 2151 proxi-

1954 2183 2086 2223 mus
2117 2169 2200 2223 ita
2227 2167 2456 2222 locutus
2488 2173 2578 2223 est
2597 2169 2704 2240 (r):
2743 2169 2908 2236 Iuda,
2943 2175 2994 2222 te
3034 2169 3336 2223 laudabunt
3382 2171 3586 2238 fratres

1955 2259 2080 2312 tui:
2130 2271 2320 2312 manus
2360 2261 2464 2311 tuae
2519 2258 2579 2311 in
2617 2257 2776 2312 dorso
2823 2259 3172 2312 inimicorum
3220 2264 3486 2313 tuorum:
3533 2263 3587 2312 et

1955 2347 2267 2400 adorabunt
2297 2352 2348 2400 te
2375 2345 2482 2416 filii
2502 2347 2683 2415 patris
2714 2348 2794 2400 tui
2835 2345 2966 2417 (19).
3019 2345 3242 2403 Catulus
3287 2347 3456 2400 leonis
3483 2347 3583 2399 Ju-

1956 2435 2028 2488 da
2055 2452 2076 2497 ;
2105 2451 2173 2488 ea:
2202 2437 2462 2503 germine,
2497 2435 2578 2504 ﬁli
2625 2436 2722 2502 mi,
2770 2436 3076 2490 ascendisti.
3123 2435 3357 2490 Reclinis
3411 2450 3580 2490 accu-

1959 2524 2122 2577 buisti
2151 2529 2212 2576 ut
2246 2522 2347 2588 leo,
2397 2527 2448 2577 et
2485 2528 2546 2576 ut
2592 2523 2804 2578 catulus
2862 2523 3045 2577 leaenas
3074 2539 3096 2586 ;
3125 2525 3247 2593 quis
3301 2523 3586 2578 suscitabit

1955 2628 2075 2667 eum
2095 2611 2122 2666 ?
2141 2613 2257 2666 Non
2287 2610 2498 2680 deﬁciet
2518 2613 2777 2680 princeps
2797 2611 2862 2665 de
2889 2613 2927 2664 J
2928 2612 3056 2677 uda,
3075 2618 3125 2665 et
3143 2611 3258 2665 dua:
3279 2613 3344 2666 de
3361 2613 3588 2680 femori-

1959 2702 2051 2756 bus
2083 2703 2219 2771 ejus,
2251 2701 2422 2755 donec
2449 2702 2658 2756 venerit
2687 2703 2776 2754 cui
2804 2702 3100 2769 repositum
3131 2707 3230 2764 est,
3261 2707 3312 2754 et
3339 2702 3453 2770 ipse
3484 2703 3590 2755 erit

1957 2792 2293 2859 emspectatio
2321 2791 2585 2858 gentium.
2617 2789 2864 2857 Alligans
2889 2788 2963 2844 ad
2974 2791 3139 2843 vitem
3168 2791 3394 2844 asimam
3409 2806 3586 2857 suam,

1955 2886 2007 2935 et
2038 2880 2110 2934 ad
2140 2880 2362 2934 helicem
2385 2879 2604 2950 pullum
2629 2882 2800 2936 asinae
2817 2894 2954 2936 suae.
2986 2881 3215 2934 Lavabit
3246 2881 3302 2935 in
3329 2882 3456 2934 vino
3485 2886 3588 2936 sto-

1958 2970 2064 3023 lam
2093 2985 2245 3023 suam
2276 2974 2329 3023 et
2357 2971 2416 3022 in
2445 2970 2728 3037 sanguines
2757 2985 2873 3024 uva
2910 2969 3150 3037 pallium
3177 2985 3334 3023 suum
3379 2971 3586 3037 Latiti-

1956 3061 2137 3111 cantes
2178 3061 2306 3110 sunt
2335 3056 2481 3110 oculi
2528 3057 2644 3126 ejus
2679 3072 2801 3126 prae
2850 3059 3002 3126 vino,
3045 3061 3095 3111 et
3141 3057 3364 3110 candidi
3407 3057 3588 3111 dentes

1956 3147 2072 3215 ejus
2111 3147 2271 3214 quasi
2300 3145 2403 3201 lae.

2027 3235 2215 3287 Antea
2239 3249 2413 3304 porro
2441 3232 2890 3304 exprobationes
2912 3232 2973 3287 in
3005 3232 3208 3287 Ruben
3237 3231 3584 3303 protulerat.

1957 3321 2157 3392 Inquit
2185 3322 2378 3376 enim:
2412 3323 2597 3377 Ruben
2635 3323 3037 3391 primogenitus
3071 3337 3244 3388 meus,
3279 3327 3330 3376 et
3368 3322 3588 3390 princi-

1951 3413 2110 3482 pium
2139 3411 2382 3481 ﬁliorum
2404 3427 2670 3478 meorum,
2686 3412 2953 3481 pmicam
2977 3411 3138 3465 nimis
3169 3427 3333 3481 qnam
3360 3416 3424 3464 ut
3451 3408 3590 3479 ferri

1950 3501 2171 3572 possit,
2218 3503 2488 3570 pervicax
2538 3505 2590 3556 et
2635 3516 2893 3572 procax.
2955 3501 3149 3555 Fecisti
3213 3499 3591 3555 contumeliam

1567 3773 1800 3830 VABIzE
1857 3773 2254 3828 LECTIONES.

283 3885 330 3921 ⁸⁸
359 3885 636 3942 Mendose
660 3885 845 3942 codex
877 3887 1044 3943 Barb.
1079 3883 1258 3956 ὀνειδή
1341 3933 1355 3957 ,
1392 3894 1451 3944 et
1478 3890 1621 3944 Caes.
1681 3894 1928 3961 uterque
1986 3884 2240 3942 ὁνείδισεν
2273 3905 2286 3942 :
2341 3905 2478 3944 nam
2517 3889 2605 3944 vel
2663 3885 2903 3943 ὠνείδισε
2947 3906 3079 3946 cum
3110 3891 3255 3946 LXX
3284 3889 3600 3962 legendum

289 3963 324 4013 t.
358 3958 448 4012 vel
481 3954 734 4013 ὀνειδίσῃ.
770 3958 852 4013 uti
886 3958 1204 4013 aliauando
1236 3907 1429 4013 sment
1481 3959 1657 4013 Attici
1687 3967 1821 4013 post
1875 3959 2226 4013 particulam
2258 3957 2323 4013 εἶ.
2373 3959 2419 3994 3°
2448 3960 2722 4013 Mendose
2752 3961 2919 4013 Barb.
2949 3961 3253 4013 tmo’uevov.
3289 3961 3600 4013 absurdius

219 3963 324 4025 est,
358 3958 448 4012 vel
481 3954 734 4028 ὀνειδίσῃ,
770 3958 852 4014 uti
886 3958 1204 4029 aliquando
1236 3954 1261 4014 s

1365 3965 1429 4032 nt
1463 3959 1657 4032 Attici
1687 3957 1852 4032 post_
1875 3959 2226 4032 particulam
2258 3957 2323 4015 εἶ.
2373 3959 2419 3994 3°
2448 3960 2722 4016 Mendose
2752 3961 2919 4017 Barb.
2949 3961 3254 4032 τικὸμενον,
3289 3957 3600 4016 absurdius

216 4031 413 4103 autem
441 4031 591 4103 (ἓως.
618 4029 1206 4103 υιοτᾳιιοᾷτικύαενος.
1240 4030 1287 4065 ³⁸
1317 4029 1388 4084 Τό
1417 4030 1542 4103 γὰρ,
1574 4029 1730 4102 quod
1761 4049 1795 4086 a
1829 4029 1992 4103 Barb.
2029 4031 2342 4103 exciderat,
2378 4032 2714 4103 suppletum
2746 4049 2816 4088 ex
2845 4034 2988 4087 Caes.
3023 4029 3268 4103 utroque
3289 4032 3334 4066 ³⁷
3356 4033 3495 4087 Cass.
3531 4036 3598 4088 A.

215 4097 423 4153 αἷ¹νεσαν
460 4095 810 4164 laudarunt}
868 4101 1011 4156 LXX
1066 4098 1389 4165 αἶνὲσαισαν,
1431 4095 1883 4169 Ὀὸωῇιυῐθῐιδὶδ
1934 4101 2224 4156 αἶνέσουσι.
2273 4095 2710 4169 387T61’1vé6nc,

1635 4120 1883 4157 iutensm
1934 4120 2224 4156 αινεσουσι.
2273 4120 2323 4136 σο
2375 4120 2436 4155 [ο
2493 4120 2710 4169 ανεοης,

1592 4120 1688 4229 Eia
1741 4179 1800 4228 et
1855 4173 2030 4243 paulo
2085 4174 2239 4230 infra
2283 4172 2422 4246 ὥνον
2472 4192 2576 4246 pro
2617 4168 2757 4246 ὄνον.

906 4243 1126 4313 pullum
1156 4246 1323 4298 asina:
1377 4260 1506 4299 suae.
1566 4247 1640 4298 Et
1670 4247 1728 4298 in
1757 4246 2022 4313 sanguine
2076 4259 2198 4300 ιιυῶ
2232 4243 2491 4314 pallium‘
2509 4261 2684 4299 suum.
2718 4245 2861 4299 Caes.
2912 4261 3048 4300 vero
3096 4247 3157 4299 Β.
3192 4247 3277 4302 sic
3306 4245 3480 4300 verba
3509 4246 3600 4300 in-

215 4173 440 4243 pletum
473 4189 542 4226 ex
570 4177 768 4243 utroq.
806 4172 946 4226 Caes.
1009 4171 1054 4204 ’9
1079 4172 1353 4227 Mendose
1385 4173 1552 4228 Barb.

216 4242 381 4314 Seqq.
421 4259 434 4297 :
466 4248 515 4296 et
545 4243 617 4296 ad
647 4242 872 4314 helicem

2765 4105 2919 4209 quod
2952 4103 3116 4158 abest
3139 4120 3172 4158 a
3202 4103 3395 4162 Barb..
3462 4121 3603 4174 sup-

2813 4174 2836 4208 o
2866 4176 2926 4209 In
2952 4175 3071 4209 nm
3139 4181 3162 4209 Α
3226 4174 3602 4209 Ascuam“...

2864 4176 2930 4228 In
2952 4175 3094 4230 Caes.
3131 4181 3191 4228 A.
3226 4174 3602 4229 desiderntur

213 4313 433 4384 vertit;
465 4319 519 4368 et
546 4316 603 4367 in
632 4313 903 4384 sanguine
933 4328 1056 4370 uvae
1078 4315 1318 4384 pallium
1347 4331 1502 4384 suum
1535 4315 1760 4384 levabit,
1783 4317 1841 4369 in
1871 4317 1996 4370 vino
2025 4315 2217 4370 stolam
2243 4331 2420 4370 suam.
2450 4315 2494 4352 ⁴¹
2528 4315 2717 4371 Mend.
2739 4320 2864 4371 tum
2894 4315 3062 4372 Barb.
3099 4323 3222 4372 tum
3247 4317 3368 4372 Cass
3397 4314 3599 4371 τέκνον.

213 4385 260 4418 ⁴²
293 4383 460 4439 Barb.
492 4383 693 4438 mend.
727 4381 1004 4458 σκληρῶς,
1029 4381 1189 4441 recte
1215 4387 1338 4440 Caes
1361 4381 1624 4458 σκληρός.

1798 4485 2019 4539 ΝΟΤίΕ.

289 4593 397 4665 (16)
454 4596 535 4648 Ea
592 4595 818 4650 scilicet
878 4597 1126 4652 historia
1195 4598 1376 4652 refert
1454 4598 1653 4653 nullos
1710 4598 1858 4652 alios

219 4681 356 4721 eum
389 4665 681 4736 reperisse
711 4668 1014 4739 conjuges,
1047 4669 1146 4738 qui
1174 4686 1414 4739 prorsus
1444 4670 1610 4740 prole
1637 4669 1860 4724 caruis-

220 4742 372 4792 sent.

291 4807 401 4878 (17)
433 4806 730 4880 Nonnulla.
749 4807 844 4862 hic
878 4809 1208 4880 supplenda
1231 4810 1395 4865 fuere
1425 4811 1860 4880 perspicuitatis

220 4876 725 4953 ergojsiquidem
771 4876 967 4953 oratio
988 4876 1070 4953 ad
1109 4882 1308 4937 minus
1355 4876 1859 4953 typica_prorsus,

219 4948 320 5022 aut
349 4949 515 5004 valde
542 4948 803 5022 elliptica
842 4949 1113 5022 habenda
1161 4957 1306 5020 erat,
1340 4948 1622 5022 et'itapoE
1670 4953 1858 5007 Semei

217 5015 397 5093 ἕτερον
444 5015 805 5094 Ροεῐιιῇὠειι⁸
836 5015 1394 5094 υαγίάοωηρυὶιηι
1443 5015 1860 5094 pessumdatus

218 5090 415 5146 autem
443 5090 607 5145 locus
639 5091 750 5146 iste
779 5090 978 5154 fuerit,
1005 5110 1034 5146 e
1065 5093 1222 5149 binis
1249 5090 1530 5149 Cmsareis
1557 5094 1859 5148 codicibus

219 5161 609 5237 discaslicet,
637 5163 1068 5237 quprumalter
1095 5165 1184 5233 (Α)
1215 5164 1549 5237 habet,_mi_
1568 5164 1643 5234 μὴ
1675 5160 1856 5237 ἕτερον

216 5233 336 5305 τινὰ
393 5232 470 5305 εἰς
527 5228 1125 5305 ἐμὲ-ὀδυνηρὸςῗβὶό)
1164 5228 1268 5305 ⁷τὸν
1341 5235 1470 5288 Θεὸν
1534 5228 1856 5305 ἐπονιδίζειν

218 5252 336 5284 τινα
393 5252 467 5292 εις
527 5251 623 5303 εμε
679 5251 844 5300 οουνη
890 5253 947 5293 ος
1001 5251 1125 5326 (διο)
1177 5255 1268 5287 τον
1341 5251 1470 5288 θεον
1534 5251 1856 5302 επονιοιςειν

218 5303 348 5428 (δίο)
375 5320 388 5357 :
413 5304 572 5428 8aliter
620 5321 755 5359 vero
787 5251 880 5374 (Βς
902 5304 989 5357 καὶ
1052 5325 1128 5377 μη
1178 5301 1359 5380 ἕτερον
1405 5305 1542 5376 πρὸς
1568 5305 1661 5359 τὸν
1695 5304 1857 5358 Aqui?)

250 5393 402 5427 πονει
448 5396 461 5426 ι
503 5393 598 5428 ειν.

250 5375 598 5441 πονειδίζειν.

289 5448 402 5516 (18)
437 5446 602 5520 Rarb:
633 5450 690 5499 et
719 5447 860 5520 Gyas.
907 5449 974 5520 ᾼ.
1008 5448 1294 5502 mendose
1341 5447 1532 5518 κρίνης
1580 5466 1684 5520 pro
1734 5447 1856 5518 κρί-

211 5515 341 5584 νεις,
372 5519 544 5605 peius
574 5517 716 5605 pass;
756 5518 824 5605 Β.¹
849 5515 1068 5588 κρίνειν.
1103 5515 1390 5605 Caeterum
1413 5515 1856 5605 “cum—gms}.

213 5605 318 5665 pro
354 5585 416 5640 ob
445 5589 600 5665 legat
620 5585 736 5665 σοί,
766 5585 1190 5665 uterquevero.
1223 5593 1290 5645 A.
1327 5595 1384 5646 et
1413 5592 1473 5645 B.
1499 5608 1603 5662 pro
1635 5587 1860 5665 βασιλέα

214 5655 422 5731 legunt
445 5655 543 5726 τήν
577 5655 723 5734 ῥίζαν
755 5658 854 5727 τὴν
887 5655 1199 5733 βασιλικὴν,
1232 5679 1444 5718 sensus
1477 5655 1817 5732 exsurgeret
1844 5677 1858 5714 :

1969 4599 2114 4664 Quid
2134 4600 2252 4670 tibi,
2280 4615 2307 4652 0
2320 4615 2557 4670 pauper,
2589 4603 2813 4670 stirpem
2837 4604 3045 4670 regiam
3063 4599 3322 4656 attribuis
3342 4603 3370 4654 ?
3391 4602 3606 4654 Verum

1970 4671 2016 4742 si
2050 4669 2276 4742 recolas
2307 4669 2636 4742 sterilitatis
2666 4669 3048 4742 opprobrium
3079 4673 3214 4726 inde
3260 4673 3436 4724 etiam
3480 4687 3607 4742 mog

1968 4740 2174 4814 l_est_il_ls
2225 4740 2442 4795 Judwis
2487 4740 2899 4814 fuissefquod
2948 4749 3259 4814 propterea
3290 4757 3392 4810 Spe
3445 4741 3606 4814 omni

1968 4810 2316 4866 deciderunt
2348 4827 2377 4864 e
2408 4812 2647 4882 proprio
2680 4810 2904 4868 semine
2937 4810 3206 4869 Messiam
3239 4827 3365 4865 esse
3397 4811 3606 4882 prodie

1967 4886 2164 4936 turum
2193 4899 2206 4946 ;
2240 4897 2444 4961 rursus
2459 4881 2537 4961 ,εἴ
2569 4884 3110 4961 rationembabeas
3143 4886 3472 4961 contestu‘s,
3506 4881 3606 4961 qui

1966 4968 2092 5006 rem
2140 4969 2206 5006 eo
2257 4951 2501 5006 adduxit
2529 4959 2595 5009 ut
2643 4954 2974 5019 concludat,
3023 4971 3142 5007 non
3199 4970 3267 5007 ex
3321 4951 3605 5020 Rubenis,

1969 5023 2072 5077 sed
2109 5038 2186 5094 ex
2229 5022 2391 5094 ludas
2453 5023 2635 5094 stirpe
2693 5026 2960 5079 Messiam
3009 5024 3393 5094 nasciturum
3436 5038 3602 5090 esse;

1967 5093 2193 5164 patebit
2219 5092 2392 5166 facile
2434 5091 2811 5166 retinendum
2845 5111 2971 5148 esse
3026 5091 3251 5166 βασιλέα
3284 5110 3296 5147 :
3330 5093 3605 5166 adoptato

1968 5162 2165 5219 autem
2211 5180 2282 5237 ex
2313 5165 2454 5218 Coos.
2504 5167 2564 5220 B.
2599 5163 2660 5218 τὸ
2691 5162 2796 5230 σοί,
2848 5162 3106 5237 exsurgit
3163 5181 3372 5221 sensus
3418 5162 3607 5235 magis

1967 5235 2268 5290 contextui
2302 5252 2595 5307 congruas
2630 5253 2642 5289 :
2675 5237 2816 5307 Quid
2845 5237 2968 5307 sibi,
3002 5235 3240 5307 0—in0ps,
3274 5252 3453 5307 regem
3483 5239 3608 5290 oin-

1967 5308 2170 5361 dicas?
2198 5309 2317 5360 Rex
2349 5306 2545 5377 tamen
2604 5306 2887 5376 appellari
2939 5309 3130 5377 potuit
3154 5306 3245 5361 Wet
3289 5306 3455 5370 Juda,
3502 5323 3607 5360 seu

1968 5378 2145 5448 stirps
2173 5377 2355 5444 ludas,
2408 5376 2500 5430 cui
2551 5382 2848 5448 sceptrum
2879 5394 2913 5433 a
2941 5376 3114 5434 Jacob
3145 5379 3435 5433 moriente
3471 5394 3605 5448 pro-

1965 5449 2215 5503 missum
2245 5448 2456 5503 fuerat.

2037 5521 2147 5590 (19)
2180 5519 2346 5574 Barb.
2391 5518 2650 5590 C.‘legit
2704 5520 2810 5571 τῶν
2860 5518 3102 5590 πατέρων
3165 5540 3281 5589 σου,
3342 5524 3403 5574 at
3458 5518 3603 5590 Caes.

1967 5583 2159 5661 uterq.
2193 5592 2286 5663 τοῦ
2318 5583 2519 5661 πατρός
2568 5583 2706 5663 σούς
2766 5607 2941 5661 quam
2997 5583 3315 5648 lectionem
3345 5587 3609 5663 praetuli-

1966 5660 2132 5729 mus,
2154 5660 2238 5715 uti
2275 5660 2440 5716 sacro
2473 5660 2657 5716 textui
2689 5660 3169 5720 corisentaneam.
