3888 6136
366 325 501 382 1471

1675 325 1982 381 JOANNIS
2018 323 2444 380 BUBCEENSIS

3596 322 3703 377 1472

361 450 502 505 sicut
528 467 675 521 aqua
704 467 773 506 ex
800 451 953 505 alveo
982 466 1079 505 suo
1128 451 1406 519 difﬂuens,
1456 466 1565 504 non
1615 448 1843 504 ebullias
1864 465 1884 510 ;
1914 464 2003 503 as-

2117 440 2247 515 ἑϐης
2275 443 2375 520 γὰρ
2425 442 2513 499 ἐπὶ
2567 444 2758 512 κοίτην
2803 441 3010 516 πατρός
3061 460 3175 497 σου’
3216 442 3345 498 τότε
3398 442 3704 515 ἐμὶαςωτὴν

368 542 597 595 cendisti
627 543 769 595 enim
813 540 987 594 cubile
1019 543 1197 610 patris
1230 543 1332 607 tui,
1377 548 1505 595 tunc
1544 541 1835 595 maculasti
1861 545 2007 593 stra-

369 636 481 683 tum
512 633 569 683 in
600 630 749 698 quod
776 629 1069 683 ascendisti
1090 630 1183 699 (s).

439 721 583 772 Ecce
617 718 794 789 igitur
823 718 948 788 ipse
991 718 1168 771 Jacob
1211 718 1271 772 in
1304 718 1715 771 benedictione
1749 716 2006 770 ﬁliorum

369 823 610 865 suorum
663 806 1036 871 vaticinatur,
1085 805 1417 860 immortale
1467 822 1712 875 regnum
1745 821 1815 858 ex
1860 804 2009 858 Juda

370 895 660 949 oriturum
687 894 812 962 (20).
845 894 927 947 Tu
957 910 1094 947 vero
1119 894 1348 963 justum
1378 910 1407 947 e
1441 893 1659 963 templo
1688 892 1879 947 abibis
1906 892 1933 946 ‘I
1964 892 2006 946 Ο

368 999 501 1037 vere
532 982 878 1037 Rubenitica
909 982 1161 1037 stultitia
1192 988 1366 1052 atque
1400 982 1620 1036 invidia
1648 981 1891 1052 dignum
1922 980 2009 1034 fa-

371 1072 538 1131 cinus
564 1070 576 1125 ί

446 1160 584 1214 VIII.
619 1160 762 1213 Cum
793 1159 970 1230 igitur
1002 1158 1201 1229 justus
1244 1158 1505 1213 Joachim
1558 1156 1871 1213 duodecim
1902 1155 2004 1210 tri-

370 1248 481 1301 bus
510 1247 745 1302 lsraelis
775 1247 1212 1317 perlustrasset,
1240 1247 1415 1317 etqui
1443 1247 1767 1301 liberorum
1797 1261 2007 1316 expers

370 1341 545 1401 esset,
580 1335 763 1389 alium
795 1337 1116 1407 reperisset
1146 1336 1483 1400 neminem;
1528 1335 1730 1390 dolore
1760 1350 2007 1405 oppres-

369 1441 467 1479 sus
500 1425 561 1479 in
588 1429 848 1479 montem
871 1442 932 1479 se
955 1426 1268 1496 recipiens.
1303 1425 1565 1479 sinceras
1594 1424 1675 1477 ibi
1706 1440 1911 1495 preces
1933 1422 2007 1477 ad

369 1514 554 1567 Deum
585 1512 796 1569 fundit.
831 1516 1001 1568 Anna
1031 1513 1269 1567 interim
1302 1513 1460 1567 domi
1486 1529 1615 1567 sese
1646 1512 2005 1579 continebat,

370 1608 546 1672 atque
577 1602 771 1667 ambo,
806 1603 1054 1656 scorsim
1088 1603 1359 1672 quisque,
1391 1602 1663 1673 precibus
1702 1602 2005 1667 insistunt,

372 1708 662 1761 suumque
694 1692 957 1762 ipsorum
1003 1697 1231 1763 patrem
1273 1691 1548 1746 Davidem
1597 1692 1917 1756 imitantes,
1952 1695 2011 1743 et

2114 534 2402 607 στρωμνὴν
2437 533 2513 596 εἷς
2544 531 2610 601 ἢν
2644 528 2861 602 ἀνέϐης.

2185 707 2325 767 Ἰδοὺ
2356 709 2449 765 οὗν
2493 708 2649 772 αὐτὸς
2679 710 2706 764 6
2736 704 2929 765 Ἰακὼὸ
2978 706 3032 763 ἐν
3079 712 3146 781 τῇ
3190 705 3419 783 εὐλογίᾳ
3461 714 3560 763 τῶν
3604 712 3703 765 υἱῶν

2113 799 2285 853 αὐτοῦ
2327 797 2657 871 προφητεύει
2705 797 2828 872 περὶ
2893 803 2993 866 τῆς
3058 796 3323 867 ἆθανᾷτου
3379 798 3631 871 βασιλείας
3666 800 3702 873 ἐξ

2112 884 2290 944 Ἰούδα
2323 884 2638 959 μελλούσης
2689 883 3026 942 ἀνατέλλειν.
3060 884 3156 938 Καὶ
3204 885 3267 939 σὺ
3317 887 3410 939 τὸν
3461 884 3641 940 δίκαιον
3666 888 3706 942 ἐκ

2110 974 2207 1032 τοῦ
2233 979 2364 1030 ναοῦ
2394 974 2713 1037 ἀπελαύνεις
2746 994 2761 1044 ;
2797 975 2863 1028 Ὠ
2891 972 3044 1036 ὄντος
3081 981 3181 1043 τῆς
3212 974 3260 1009 ⁴⁴
3290 970 3520 1047 Ῥουῦὶμ
3564 975 3705 1037 ἀνοίας

2110 1066 2199 1119 καὶ
2232 1063 2433 1141 φθόνου
2460 1063 2522 1118 τὸ
2552 1065 2697 1139 παρά
2728 1066 2823 1117 σοῦ
2851 1063 3177 1134 τελούμενον
3203 1064 3214 1118 ί

2185 1154 2266 1211 ΙΙ’.
2346 1150 2787 1227 Παραγενόμενος
2869 1150 3044 1206 τοίνυν
3125 1153 3153 1205 6
3220 1149 3433 1215 δίκαιος
3500 1154 3705 1223 Ἰωακεῖμ

2112 1242 2249 1315 πρὸς
2292 1239 2356 1295 τὸ
2410 1237 2793 1317 δωδεκίφυλον
2842 1244 2939 1294 τοῦ
2988 1239 3236 1312 Ἰσραὴλ,
3298 1240 3389 1294 καὶ
3450 1242 3520 1313 μή
3574 1241 3701 1316 εύρὼι

2111 1325 2293 1402 ἕτερον
2352 1329 2608 1399 ἄτεκνον,
2667 1328 3015 1403 παραγίνεται
3078 1329 3213 1401 μετὰ
3272 1326 3510 1401 θλίψεως
3552 1328 3615 1390 εἷς
3656 1331 3699 1384 τὸ

2112 1413 2237 1490 ὅρος
2270 1414 2521 1471 ἱκετεύων
2564 1413 2656 1470 τὸν
2701 1416 2828 1470 Θεὸν
2876 1416 3210 1491 εἰλικρινῶς.
3262 1417 3325 1470 Ἦ
3374 1414 3430 1471 δὶ
3478 1423 3625 1471 Ἀννα
3661 1416 3695 1470 ἐν

2109 1510 2190 1578 τῷ
2247 1502 2384 1577 οἷ’κῳ
2424 1505 2493 1573 ἦν
2524 1504 2819 1581 ἀμφοτεροι
2879 1502 2937 1558 δὲ
2990 1506 3107 1559 καθ’
3163 1504 3391 1567 ἑαυτοὺς
3444 1506 3699 1580 προσευχό-

2116 1614 2291 1667 μενοι,
2318 1594 2410 1648 τὸν
2450 1592 2651 1667 πατέρα
2700 1592 2875 1647 αὐτῶν
2909 1590 3069 1647 Δαυΐό
3123 1593 3482 1665 μιμούμενοι,
3508 1594 3697 1666 166M-

2117 1680 2273 1755 μικὸν
2305 1680 2474 1736 ἐκεῖνο
2518 1679 2709 1755 λόγιον
2754 1681 2843 1736 καὶ
2892 1681 3045 1736 αὐτοὶ
3104 1677 3404 1744 ἐκϐοῶντες
3433 1683 3493 1736 τὸ
3522 1684 3697 1759 φὰσκον·

370 1781 483 1850 ipsi
516 1780 904 1836 inclamantes
945 1781 1093 1835 illud
1141 1781 1508 1852 psalmorum
1552 1785 1843 1851 usurpant
1871 1796 2005 1834 ora-

2117 1771 2203 1827 Ἐν
2231 1769 2409 1845 θλίψει
2441 1767 2738 1833 ἱπλάτυνὰς
2776 1790 2861 1843 με,
2896 1770 3215 1846 οἷκτείρισόν
3257 1791 3349 1844 με,
3383 1770 3471 1826 καὶ
3500 1771 3697 1827 sichae-

371 1866 592 1935 culum,
626 1868 782 1937 quod
839 1868 1036 1938 inquit
1064 1884 1077 1921 :
1108 1870 1173 1923 In
1220 1868 1579 1922 tribulatione
1627 1868 1877 1922 dilastati
1904 1883 2005 1935 me,

372 1957 564 2010 misere
593 1958 718 2022 mei,
742 1962 790 2009 et
820 1956 1024 2010 exaudi
1053 1958 1355 2010 orationem
1375 1973 1547 2011 meam
1581 1958 1619 2010 ¹.

443 2046 614 2098 Anna
642 2044 854 2098 deinde
906 2061 1039 2099 cum
1092 2043 1588 2099 animadverteret
1624 2044 1821 2099 mariti
1866 2060 2010 2099 cun-

371 2132 713 2197 ctationem,
746 2132 922 2202 ccepit
952 2137 1165 2200 questu
1208 2132 1529 2201 tranquillo
1581 2131 1917 2197 lamentari,
1952 2136 2012 2186 et

372 2237 572 2276 secum
602 2220 730 2289 ipsa
754 2220 864 2273 fari
889 2219 1093 2273 dicens
1119 2236 1131 2271 :
1164 2221 1427 2282 Quonam
1457 2220 1702 2274 secessit
1726 2220 1812 2273 vir
1842 2235 2009 2275 meus

368 2308 751 2363 charissimus
773 2307 799 2361 ?
820 2313 921 2361 aut
950 2323 1080 2376 quas
1112 2306 1453 2377 hujusmodi
1479 2324 1645 2363 mora
1663 2309 1690 2363 ‘l
1720 2314 2009 2379 quantum

366 2396 554 2461 video,
589 2396 1048 2466 haudquaquam
1071 2396 1212 2450 boni
1234 2396 1473 2451 ominis.
1510 2399 1659 2453 Num
1689 2398 1881 2454 adhuc
1908 2399 2008 2454 ille

367 2484 689 2556 perlustrat
736 2484 891 2538 ﬁlios
938 2484 1139 2551 Israel,
1164 2502 1436 2556 quaerens
1490 2492 1691 2541 utrum
1740 2504 1847 2542 nos
1897 2487 2007 2542 soli

363 2573 558 2628 fructu
588 2572 996 2629 caruerimus?
1017 2573 1302 2643 Equidem
1321 2590 1454 2628 cum
1488 2574 1614 2629 haec
1650 2582 2005 2643 versaretur,

370 2661 721 2731 mquanimis
748 2661 871 2731 ipse
907 2666 1031 2717 erat
1060 2678 1127 2716 ac
1156 2660 1421 2734 festivus,
1452 2678 1643 2733 neque
1675 2663 2007 2718 immodica;

370 2765 431 2804 se
459 2750 725 2804 tradebat
742 2750 1013 2805 tristitiaa.
1039 2751 1183 2805 Nam
1214 2755 1493 2805 caaterum
1510 2756 1721 2822 potens
1745 2758 1834 2807 est
1855 2754 2008 2807 Deus

370 2838 470 2909 qui
503 2839 657 2892 Sara:
687 2844 960 2907 provecta
981 2839 1106 2909 jam
1149 2838 1306 2893 ultra
1355 2844 1585 2909 tempus
1629 2844 1798 2894 (etate
1847 2840 2010 2894 dedit

368 2927 658 2989 Isaacum,
691 2930 749 2978 et
776 2925 1051 2979 Rebeccaa
1098 2926 1400 2989 Iacobum,
1446 2931 1505 2980 et
1549 2927 1787 2981 Racheli
1835 2929 2006 2983 Jose-

371 3014 577 3085 phum,
608 3015 862 3067 etAnnaa
888 3014 1125 3084 conjugi
1150 3014 1380 3069 Elcanaa
1403 3015 1750 3085 prophetam
1774 3015 2009 3070 Samue-

370 3102 510 3167 lem,
556 3106 615 3155 et
660 3101 897 3172 conjugi
956 3103 1161 3155 Manue
1222 3102 1548 3155 Sansonem
1606 3102 1774 3156 illum
1831 3105 2005 3158 Naza-

369 3206 575 3255 rzeum,
612 3191 783 3256 Deus,
816 3190 1078 3259 inquam,
1116 3190 1217 3260 qui
1250 3190 1356 3244 hos
1398 3190 1658 3261 respexit
1687 3191 2005 3245 exaudivit-

367 3293 503 3347 que,
537 3282 746 3347 potens
780 3282 869 3331 est
915 3282 1117 3331 nostra
1162 3294 1396 3347 quoque
1443 3278 1739 3348 postulata
1767 3278 1958 3334 facere
1989 3296 2003 3334 :

365 3381 566 3418 verum
600 3380 777 3433 quam
808 3365 1053 3418 acerbus
1081 3381 1175 3417 me
1206 3370 1409 3419 manet
1437 3364 1627 3431 dolor,
1647 3367 1695 3420 si
1726 3372 2004 3422 caaterum

368 3469 490 3506 non
521 3451 693 3505 modo
725 3452 889 3521 prole
918 3468 1174 3517 caream,
1208 3452 1310 3506 sed
1341 3458 1399 3506 et
1427 3453 1614 3507 virum
1646 3455 1948 3510 amiserim
1980 3455 2007 3510 Ἰ

368 3541 424 3594 Si
457 3555 694 3611 germen
724 3540 867 3593 mihi
900 3539 1139 3609 aliquod
1168 3541 1393 3607 afforet,
1427 3557 1546 3595 non
1579 3542 1724 3596 adeo
1754 3542 1901 3597 forte
1932 3543 2004 3598 de

370 3629 551 3699 stirpe
582 3627 901 3682 dolendum
934 3628 1077 3682 mihi
1111 3634 1299 3694 esset;
1342 3645 1541 3683 verum
1575 3632 1622 3684 si
1652 3638 2003 3701 praesentem

367 3734 525 3771 nunc
558 3734 690 3770 eum
740 3716 1043 3783 haberem,
1077 3718 1176 3786 qui
1209 3716 1353 3771 mihi
1410 3717 1480 3772 ab
1529 3718 1659 3789 ipsa
1696 3719 2004 3790 juventute

367 3806 617 3860 dilectus
648 3804 775 3870 fuit,
802 3805 928 3875 jam
953 3821 1144 3875 neque
1179 3803 1249 3859 de
1282 3805 1482 3860 sobole
1508 3824 1673 3877 spem
1703 3808 1877 3877 plane
1908 3807 2005 3862 ab-

356 3894 628 3964 jicerem.
664 3891 818 3946 Heu!
849 3892 992 3962 quid
1022 3892 1257 3958 faciam,
1292 3892 1529 3949 domine
1575 3895 1679 3961 mi,
1727 3913 1901 3965 quem
1933 3912 2003 3950 ex

364 3981 580 4036 affectu
608 3979 669 4033 in
700 3980 1012 4049 conjugem
1072 3980 1218 4033 mihi
1273 3980 1606 4051 delegeram
1633 3982 1661 4036 ?
1690 3982 1796 4036 Ubi
1844 3984 2002 4038 enim

363 4085 522 4125 nunc
549 4086 611 4123 es
639 4072 667 4124 ?
698 4084 772 4123 an
804 4068 954 4123 forte
986 4074 1042 4122 te
1074 4066 1285 4139 lugebo
1317 4074 1383 4122 ut
1412 4074 1713 4124 mortuum
1742 4070 1770 4126 ?
1792 4072 2001 4125 Verum

365 4174 484 4211 non
511 4156 625 4208 vidi
669 4157 1004 4228 sepulcrum
1053 4160 1237 4209 tuum.
1299 4156 1514 4211 Saltem
1558 4163 1614 4212 te
1646 4164 2002 4229 exspectem,

364 4250 646 4314 tanquam
676 4261 917 4316 peregre
948 4245 1009 4299 in
1041 4244 1424 4316 longinquam
1475 4246 1775 4318 regionem
1807 4248 2000 4318 profe-

434 4440 496 4509 (s)
528 4439 669 4495 Gen.
700 4454 853 4507 xLIx,
877 4439 930 4504 3,
964 4453 1079 4491 sec.
1115 4438 1285 4493 LXX.
1317 4438 1383 4509 (t)
1414 4441 1566 4495 Psal.
1599 4458 1671 4509 ιν,
1700 4445 1750 4511 1,
1782 4446 1836 4496 2.

2114 1880 2205 1914 σον
2236 1866 2335 1928 τῆς
2362 1864 2676 1933 προσευχῆς
2709 1879 2838 1931 μου.

2184 2036 2318 2093 Εἶτα
2395 2036 2771 2105 κατανοήσασα
2848 2038 3015 2093 Ἄννα
3087 2037 3186 2105 τὴν
3266 2034 3565 2112 βραδύτητα
3629 2040 3698 2090 τοῦ

2113 2123 2367 2179 συνεύνου
2396 2124 2463 2195 ⁴⁵,
2517 2120 2719 2196 ἤρξατο
2777 2125 2891 2177 καθ’
2951 2124 3141 2193 ἑαυτὴν
3196 2124 3435 2200 γαληνῷ
3471 2126 3515 2161 ⁴⁶
3559 2127 3697 2196 Θρήνῳ

2109 2213 2420 2284 κόπτεσθαι,
2450 2213 2540 2267 καὶ
2571 2211 2745 2286 λέγειν
2771 2231 2785 2246 ο
2818 2214 2918 2276 Τίς
2950 2216 2984 2282 ὴ
3018 2215 3378 2290 ἀναχώρησις
3404 2220 3480 2287 τῷ
3506 2214 3696 2291 φιλτάτῳ

2115 2322 2220 2375 μου
2266 2298 2415 2374 ἀνδρί
2448 2320 2462 2370 ;
2517 2301 2551 2370 ἢ
2604 2300 2690 2363 τίς
2718 2303 2754 2370 ἡ
2791 2299 3063 2377 βραδύτης
3112 2302 3249 2373 αὕτη
3290 2323 3305 2371 ς
3354 2304 3430 2365 ὡς
3470 2305 3586 2378 ὁρῶ,
3626 2302 3695 2356 οὐκ

2110 2390 2306 2464 ἀγαθή.
2347 2390 2492 2451 Ἕως
2525 2387 2642 2463 ἄρτι
2690 2388 2819 2452 τοὺς
2875 2390 3218 2464 Ἰσραηλίτας
3275 2394 3513 2465 περιάγει
3556 2395 3685 2460 ζητῶν

2112 2477 2158 2533 εἰ
2188 2480 2353 2550 ἡμεῖς
2388 2478 2547 2549 μόνοι
2578 2477 2676 2532 οὐκ
2722 2473 3129 2552 ὲϐλαστήσαμεν
3165 2499 3179 2549 ;
3231 2478 3376 2550 ἡδὺς
3422 2482 3464 2517 ⁴⁷
3493 2480 3624 2540 αὐτὸς
3647 2480 3691 2546 ἦν

2110 2567 2319 2640 παρὼν,
2376 2566 2466 2619 καὶ
2528 2566 2604 2638 μὴ
2659 2569 2727 2639 τῇ
2788 2565 2936 2640 λύπῃ
2996 2568 3180 2623 ἑαυτὸν
3243 2564 3694 2633 καταϐαπτίσας⁵³,

2113 2655 2210 2710 Καὶ
2264 2653 2488 2715 δυνατός
2548 2652 2687 2710 ἐστιν
2726 2655 2754 2709 6
2797 2656 2925 2718 Θεὸς
2958 2656 2985 2710 6
3018 2653 3193 2719 δώσας
3255 2662 3327 2731 τῇ
3388 2657 3555 2733 Σάρῥᾳ
3594 2656 3696 2728 παρὰ

2109 2743 2296 2816 καιρὸν
2352 2740 2575 2811 ἡλικίας
2628 2743 2719 2797 τὸν
2777 2743 2958 2800 Ἰσαὰκ
2991 2788 3006 2810 ,
3060 2744 3149 2799 καὶ
3216 2750 3291 2819 τῇ
3358 2742 3590 2815 Ῥεϐέκκα
3631 2746 3691 2798 τὸν

2111 2828 2325 2902 Ἰακὼϐ,
2375 2833 2466 2887 καὶ
2515 2834 2585 2904 τῇ
2630 2832 2981 2907 Ῥαχὴλντὸν
3007 2836 3233 2909 ’ῐωσὴφ,
3274 2838 3363 2892 καί
3399 2840 3464 2909 τῇ
3491 2838 3629 2908 Ἀννῃ
3650 2838 3693 2904 τῇ

2107 2921 2317 2995 γυναικὶ
2374 2919 2605 2975 Ἐλκανᾶ
2659 2920 2752 2976 τὸν
2809 2925 3096 3000 προφήτην
3162 2926 3471 2998 Σαμουὴλ,
3524 2925 3602 2978 καὶ
3647 2926 3693 2993 τῇ

2106 3008 2317 3086 γυναικὶ
2373 3010 2568 3066 Μανωὶ
2621 3012 2845 3083 Σαμψὸν
2899 3013 2991 3066 τὸν
3051 3018 3380 3088 Ναζηραῖον’
3439 3015 3465 3068 6
3520 3014 3682 3067 ἐπισκε-

2112 3097 2351 3171 ψάμενος
2390 3118 2628 3162 τουεοις,
2676 3099 2763 3152 καὶ
2820 3099 3133 3162 εἰσακούσας
3183 3102 3367 3157 αὐτῶν
3411 3101 3548 3169 Θεός,
3577 3098 3688 3154 δυνα-

2110 3186 2201 3246 τός
2234 3184 2372 3240 ἐστιν
2422 3184 2511 3239 καὶ
2558 3188 2692 3258 ἡμῖν
2742 3184 2927 3241 δοῦναι
2965 3189 3062 3256 τήν
3112 3188 3328 3260 αἴτησιν
3373 3194 3540 3261 ἡμῶν·
3586 3185 3689 3241 ἀλλὰ

2108 3271 2160 3329 τί
2190 3272 2452 3346 κόψομαι,
2495 3272 2539 3327 εί
2589 3270 2646 3327 δὲ
2678 3274 2725 3310 ⁴⁹
2751 3274 2839 3328 καὶ
2889 3277 3060 3351 χήρα,
3114 3278 3204 3332 καὶ
3254 3276 3514 3344 ἅτεκνοςς
3555 3274 3609 3332 Ei
3644 3273 3687 3339 ἧν

2117 3381 2209 3433 μοι
2254 3358 2477 3429 κλάδος,
2536 3361 2637 3416 οὐκ
2690 3359 2751 3416 ἄν
2812 3384 2906 3435 μοι
2962 3364 3194 3435 τοσαύτη
3255 3364 3421 3434 ὀδύνη
3476 3363 3688 3434 περὶτῆς

2116 3447 2292 3524 ῥίζης⁶
2341 3449 2387 3503 εἱ
2419 3446 2477 3503 δὲ
2505 3449 2569 3518 ἦν
2598 3470 2693 3522 μοι
2750 3450 2778 3504 6
2834 3451 3175 3525 ποθούμενος
3230 3453 3295 3509 ἐκ
3347 3454 3578 3522 νεότητος
3622 3453 3684 3502 νῦν

2113 3538 2322 3612 παρὼν,
2380 3535 2676 3611 προσδοκία
2731 3535 2789 3593 ἄν
2822 3538 2888 3607 ἦν
2948 3540 3036 3594 καὶ
3084 3542 3207 3615 περὶ
3253 3541 3473 3597 κλάδου.
3504 3536 3688 3609 Ονμοιτί

2110 3627 2329 3694 ποιήσω
2363 3644 2376 3693 ;
2437 3626 2588 3700 κύριε
2616 3627 2673 3680 ’ὸν
2707 3625 2816 3701 ἐγὼ
2872 3629 3111 3683 πεθοῦσα
3162 3630 3492 3704 ᾑρετισάμην
3524 3629 3580 3681 ⁵⁰.
3605 3628 3686 3680 Ποῦ

2110 3714 2211 3788 γὰρ
2240 3714 2502 3788 ὑπάρχεις
2531 3715 2575 3749 ⁵¹
2607 3718 2699 3768 νῦν
2726 3733 2740 3784 ;
2792 3716 2827 3785 ἢ
2858 3720 2974 3779 πῶς
3006 3738 3063 3772 σε
3110 3721 3369 3792 θρηνήσω
3415 3719 3483 3779 ὡς
3509 3716 3686 3785 νεκρόνς

2111 3798 2269 3856 Ἀλλ’
2300 3799 2397 3855 οὐκ
2427 3799 2567 3855 εἶδόν
2608 3823 2702 3856 σου
2759 3802 2851 3859 τὸν
2906 3804 3095 3881 τάφον.
3153 3804 3319 3862 Ἀλλ’
3375 3804 3609 3878 ἀναμείνω
3634 3801 3687 3858 ὡς

2113 3887 2545 3962 ἀποδημήσαντα
2600 3892 2674 3953 εἰς
2733 3892 2920 3966 χώραν
2987 3896 3243 3969 μακράνς
3305 3894 3430 3950 ἀλλ’
3481 3888 3685 3951 οὐδεῖςὸ

2111 3978 2432 4053 ἆπαγγελών
2495 4001 2610 4052 μοι,
2670 3981 2961 4055 ἑωρακέναι
3014 3983 3105 4037 τὸν
3165 3984 3363 4058 Κύριόν
3396 4005 3514 4057 μου.
3559 3976 3685 4050 Οῗμοι

2109 4088 2193 4129 τις
2223 4068 2250 4122 6
2281 4066 2575 4143 ἀπαγγελεῖ
2619 4090 2735 4141 μοι,
2785 4074 2890 4124 ποῦ
2921 4071 2948 4125 6
2981 4070 3203 4145 σύζυγος
3254 4073 3347 4127 καὶ
3379 4068 3631 4141 συνόμιλός
3651 4064 3684 4097 ⁵³

2116 4176 2240 4228 μου,
2298 4154 2403 4209 ποῦ
2435 4156 2462 4209 6
2505 4160 2601 4210 τοῦ
2660 4152 2914 4231 Ἀϐραὰμ
2970 4158 3254 4234 ἀπόγονος,
3305 4162 3393 4214 καὶ
3441 4155 3683 4229 ζηλωτήςς

2110 4248 2215 4299 ποῦ
2259 4244 2286 4298 6
2327 4243 2423 4298 τοῦ
2474 4245 2652 4300 ’ὶσαάκ
2708 4245 3066 4317 ὁμόσκηνοςς
3125 4252 3229 4303 ποῦ
3292 4250 3319 4303 6
3372 4252 3462 4303 τοῦ
3514 4238 3681 4316 Ἰσραήλ

1702 4624 1935 4678 νΑΒΙΑε
1994 4625 2370 4680 LECTIONES
2384 4666 2399 4681 .

434 4736 481 4771 ⁴³
520 4735 709 4806 Mend.
745 4737 915 4791 Barb.
948 4733 1216 4805 ἔμείανας,
1249 4737 1392 4792 Caes.
1421 4734 1661 4806 ἑμίανας.
1694 4736 1739 4770 ⁵⁸
1767 4738 2272 4801 Quemadmodum
2306 4757 2339 4794 a
2366 4739 2534 4795 Barb.
2570 4745 2628 4794 et
2656 4742 2799 4795 Cass.
2824 4742 2885 4798 Β.
2918 4738 3148 4797 εώρειῶ

3175 4740 3298 4809 τῆς,
3325 4742 3406 4796 sic
3434 4757 3465 4795 a
3492 4740 3609 4793 Caes.
3631 4736 3676 4809 ᾼ.

361 4808 528 4883 abest
556 4804 727 4883 ὄντος.
778 4802 1098 4883 Utrumque
1140 4813 1205 4883 ut
1233 4802 1558 4883 retineatur
1615 4814 1921 4883 contextus
1972 4827 2097 4883 non
2157 4812 2373 4883 patitur
2433 4810 2628 4875 modo,
2690 4813 2791 4866 sed
2849 4813 3146 4883 postulare
3200 4802 3439 4867 videtur.
3470 4813 3509 4845 "
3536 4802 3673 4883 Βίθηῷ

361 4879 529 4954 codd.
558 4882 638 4954 τῷ
664 4878 915 4954 συνεύνῳ.
949 4875 1224 4954 “:Men‘d;
1274 4879 1442 4954 Barb.
1504 4885 1563 4954 et
1614 4881 1754 4934 Caes.
1801 4883 1867 4934 Α.
1898 4879 2122 4954 γαλινῷ.
2157 4875 2303 4954 Cms.
2360 4882 2419 4954 β,
2455 4884 2676 4936 omittit
2704 4875 2878 4939 verba
2905 4882 3103 4954 ἤρξατο
3131 4884 3246 4936 καθ’
3270 4883 3451 4948 ἑαυτήν
3504 4875 3675 4954 γαληνῷ

362 4951 545 5025 θρήνῳ
576 4946 888 5025 κόπτεσθαι,
920 4948 1031 5025 καὶ.
1064 4946 1270 5025 ⁸⁷ιῂδὺς
1313 4950 1625 5025 legendum
1656 4958 1796 5020 puto
1828 4946 1931 5021 pro
1963 4951 2013 5025 ἢ
2031 4946 2169 5019 θοῖς,
2220 4952 2310 5005 vel
2356 4949 2489 5025 ἦθος
2521 4995 2533 5019 ,
2568 4971 2818 5025 quorum
2868 4946 3125 5025 primum
3174 4955 3237 5025 in
3269 4946 3450 5019 Barb.,
3480 4946 3671 5025 alter!!!"

355 5014 417 5073 in
448 5014 591 5092 Caes.
726 5014 883 5092 eth.‘
926 5022 1076 5092 lego.
1108 5014 1167 5053 ⁴⁸⁷
1201 5014 1622 5092 καταϐαπτίσαςῗ
1656 5014 1846 5075 sumo.
1862 5038 1931 5075 ex
1977 5014 2119 5077 Calas.
2155 5014 2199 5076 Α
2234 5039 2247 5087 ς
2299 5014 2601 5078 ῐῐὶιέῐὶάῡὲὶιδ⁸
2641 5026 2799 5078 enim
2854 5014 3019 5080 Barb.
3051 5014 3505 5091 καταϐαπτῖσηί⁴⁹
3545 5014 3668 5092 Βᾷΐδι

356 5090 539 5167 codex
563 5091 737 5167 habet
759 5088 961 5167 _’z’8:,_et
990 5088 1229 5167 sensum
1262 5091 1460 5167 aliquo
1492 5091 2072 5167 modo_probabilem
2104 5093 2397 5167 redderet,
2435 5096 2480 5149 si
2514 5112 2778 5167 sumeres
2833 5092 2921 5163 ἷδή
2982 5114 3085 5167 pro
3140 5094 3273 5166 ἤδη.
3305 5088 3670 5167 Ρεεὲΐθτοηάαω

356 5166 555 5214 tamen
587 5161 725 5214 duxi
759 5162 1070 5217 lectionem
1126 5164 1265 5217 Caes.
1304 5161 1388 5225 B.,

1441 5162 1560 5242 qui
1582 5159 1779 5242 _hab_et
1807 5162 1855 5214 εἷ’
1892 5159 2003 5242 δέ.⁵
2028 5165 2072 5242 ξο
2116 5164 2283 5219 Barb.
2315 5163 2691 5238 ῄρετησάμης,
2723 5168 2865 5224 Οωε.
2897 5159 2959 5225 Β.
2982 5159 3326 5242 ᾖρετισάμιν.
3355 5166 3398 5200 5‘
3423 5167 3541 5220 Tres
3566 5171 3666 5213 con-

355 5230 610 5285 corditer
634 5232 865 5287 codices
890 5234 1168 5289 mendose
1202 5230 1479 5307 ὐπαρχηςζ
1512 5232 1560 5267 ⁵¹
1582 5233 1753 5289 Barb.
1785 5230 2105 5305 συνομιλός.

1934 5404 2155 5459 NOTAE.

415 5540 526 5615 (20)
559 5540 701 5615 Caes.
736 5543 801 5615 A_.
856 5541 971 5615 ista
1025 5540 1121 5615 hic
1153 5541 1501 5615 interserit:
1549 5537 1693 5615 11606
1722 5541 1822 5615 γὰρ
1843 5539 1991 5615 ,διπο-

353 5608 551 5665 θνίσκω
582 5612 718 5681 (vid.
753 5612 1123 5684 ἀποθνήσκω)·
1181 5608 1379 5680 Ἰούδα,
1426 5612 1483 5665 σὶ
1512 5608 1804 5667 αἴνεσανόί
1833 5610 1991 5667 ἁδελ-

2101 5541 2338 5618 φοίσου.
2391 5549 2529 5602 Ecce
2584 5550 2727 5603 enim
2778 5549 3018 5607 morior;
3067 5548 3231 5617 Juda,
3282 5543 3595 5603 laudauerunt
3629 5540 3664 5585 te

2099 5621 2304 5685 fratres
2325 5620 2426 5674 tui.
