3888 6136
274 196 413 251 1475

1585 192 1889 251 JOANNIB
1924 191 2348 245 RUBGENSIS

3522 190 3548 244 1
3559 190 3682 244 476

272 323 367 378 nis
392 322 567 394 plane
598 322 1061 378 immaculataeet
1090 320 1391 394 genitricis
1420 321 1524 376 Dei
1547 320 1739 375 Marias
1758 334 1847 373 nu:

2094 314 2318 383 θνήσεως
2357 320 2458 383 τῆς
2521 315 2902 391 παναχράντου
2956 315 3045 372 καὶ
3109 315 3377 373 Θεοτόκου
3428 315 3684 390 Μαρίας.

271 412 419 465 tium
437 416 811 482 acceperunt.
832 413 975 465 Tum
994 410 1414 482 augustissima
1429 409 1695 481 ejusdem
1713 407 1904 461 Maria:

270 500 583 564 nativitas;
617 499 741 553 illic
783 500 1110 570 conceptio,
1158 500 1252 553 hic
1302 499 1577 554 nativitas
1608 499 1742 568 (24).
1777 496 1908 550 Alia

265 587 478 641 deinde
495 588 838 642 solemnitas
852 589 1228 642 veneratione
1242 588 1520 657 cultuque
1536 585 1904 657 dignissima,

265 677 327 730 in
351 693 466 746 qua
486 676 719 732 Gabriel
751 677 999 747 pedibus
1031 677 1293 731 materiae
1326 676 1665 747 expertibus
1686 680 1904 729 terram

265 765 527 831 calcans,
556 765 702 819 illud
732 768 847 819 Ave
866 766 1087 837 Virgini
1119 765 1539 835 pronuntiavit.
1569 766 1781 818 Postea
1811 778 1907 817 sa-

264 853 476 908 lutaris
508 854 611 908 illa
639 853 861 909 mundo
894 855 1165 909 universo
1195 855 1365 926 Regis
1386 853 1658 908 omnium
1690 850 1905 906 Christi

264 942 367 996 Dei
398 944 586 996 nostri
623 959 691 997 ex
720 943 955 1014 Virgine
978 942 1269 998 nativitas.
1296 942 1517 996 Deinde
1551 947 1607 995 et
1636 941 1904 995 ascensio

266 1031 328 1085 in
354 1031 658 1101 templum,
695 1037 753 1085 et
774 1033 834 1085 in
860 1031 1033 1085 ulnas
1059 1031 1348 1086 Simeonis
1372 1030 1656 1100 exceptio.
1681 1033 1761 1083 Ac
1782 1045 1906 1083 rur-

268 1135 367 1173 sus
399 1119 645 1173 lucifera
683 1119 993 1190 apparitio,
1037 1124 1095 1174 et
1123 1136 1327 1174 rursus
1353 1119 1417 1174 in
1446 1123 1647 1173 monte
1678 1118 1907 1173 Thabor

267 1208 708 1277 transﬁguratio
735 1226 747 1275 ;
774 1214 830 1261 et
848 1209 1073 1263 viviﬁca
1104 1209 1324 1279 passio,
1357 1208 1583 1263 Pascha
1608 1207 1904 1262 immorta-

269 1297 343 1351 lis
372 1298 847 1353 resurrectionis.
877 1300 944 1352 Et
973 1315 1179 1353 rursus
1210 1299 1272 1353 in
1316 1298 1494 1353 ccelos
1523 1297 1815 1364 ascensio,
1847 1300 1906 1351 et

268 1385 343 1441 ad
373 1385 673 1441 dexteram
704 1387 893 1442 Patris
925 1387 986 1440 in
1037 1404 1211 1441 carne
1259 1388 1462 1442 sessio.
1514 1387 1773 1441 Tandem
1806 1403 1903 1440 ex-

270 1479 515 1543 tremus,
550 1491 915 1547 magnusque
942 1476 1068 1530 dies
1107 1476 1314 1543 festus,
1367 1475 1428 1529 in
1456 1492 1570 1546 quo
1605 1475 1908 1529 sanctissi-

267 1580 400 1619 mus
427 1564 679 1634 Spiritus
705 1564 765 1618 in
785 1570 1019 1619 sanctos
1042 1564 1363 1635 discipulos
1388 1570 1444 1619 et
1464 1564 1763 1635 apostolos
1796 1565 1909 1618 Do—

2016 400 2117 456 Καὶ
2175 401 2306 474 μετά
2374 406 2541 457 ταῦτα
2614 404 2678 458 τὸ
2756 407 3061 459 πάνσεπτον
3119 406 3292 469 αὐτῆς
3361 400 3686 479 γενὲυλιονσ

2014 488 2126 543 ἐκεῖ
2172 488 2467 564 σύλΛηψις,
2530 489 2638 546 ὧδε
2693 492 3003 567 γενέθλιον.
3063 494 3212 549 Μιτά
3267 492 3472 563 ταύτην
3515 492 3689 565 ἕτερα

2014 574 2437 652 πανσεϐἀσμιος,
2520 581 2610 635 καὶ
2685 584 3059 656 προσκυνητὴ,
3116 582 3169 637 ἐν
3337 583 3366 636 ὁ
3419 575 3687 655 Γαϐριήλ

2016 666 2202 730 ὀῢλοις
2232 669 2357 721 ποσὶ
2383 670 2480 737 τήν
2511 676 2611 743 γῆν
2669 673 2937 741 πατήσας,
2996 671 3058 725 τὸ
3114 675 3278 745 χαῖρε
3303 673 3375 743 τῇ
3408 668 3687 743 Παρθένῳ

2012 756 2456 834 προσεφώνησεν.
2516 759 2647 813 Εἶτα
2700 761 2736 830 ἡ
2798 759 3167 833 σωσικόσμιος
3194 760 3242 795 ⁶⁰
3273 758 3334 813 ἐκ
3394 757 3688 833 Παρθένου

2011 845 2216 918 γένεσις
2273 850 2367 901 τοῦ
2418 842 2814 920 παμϐασιλὲως
2868 852 3111 921 Χριστοῦ
3159 852 3254 903 τοῦ
3305 851 3443 902 Θεοῦ
3484 849 3687 919 ἡμῶν.

2012 935 2131 997 Εἴθ’
2163 932 2335 997 οὕτως
2366 935 2504 1008 πρὸς
2557 935 2649 992 τὸν
2710 938 2832 992 ναὸν
2893 936 3109 1009 ἄνοδος,
3148 937 3239 991 καὶ
3270 935 3322 991 ἂν
3349 941 3475 997 ταῖς
3506 934 3688 1010 ἀγκά-

2014 1020 2136 1085 λαις
2163 1026 2260 1077 τοῦ
2294 1025 2507 1097 Σιμεὼν
2541 1022 2709 1100 δοχή.
2760 1025 2865 1082 Καὶ
2915 1025 3083 1081 πάλιν
3114 1028 3147 1095 ἡ
3183 1024 3512 1103 φωτοφόρος
3546 1023 3683 1078 ἐπι-

2014 1111 2223 1187 φάνεια·
2270 1112 2359 1166 καὶ
2408 1111 2573 1167 πάλιν
2627 1117 2662 1183 ἡ
2722 1114 2774 1169 ἐν
2822 1119 2909 1189 φῷ
2950 1110 3199 1191 Θαϐορίῳ
3239 1111 3355 1187 ὄρει
3390 1116 3687 1189 μπαμὸρ-

2015 1218 2205 1274 φωτις,
2263 1198 2354 1254 καὶ
2408 1201 2471 1254 τὸ
2533 1202 2817 1278 ζωηφόρον
2875 1203 3074 1271 πάθος,
3120 1204 3184 1257 τὸ
3227 1204 3273 1240 ⁶¹
3326 1203 3527 1277 Πάσχα
3579 1208 3686 1272 τῆς

2015 1287 2246 1355 ἀειζώου
2303 1289 2663 1352 ἀναστάσεως.
2724 1290 2822 1347 Καὶ
2881 1290 3045 1346 πάλιν
3094 1298 3197 1361 τῆς
3257 1290 3333 1354 εἷς
3401 1290 3688 1365 οὐρανοὺς

2014 1374 2231 1449 ἀνόδου,
2280 1378 2370 1432 καὶ
2427 1379 2486 1434 ἐκ
2543 1377 2729 1453 δεξιῶν
2788 1379 2883 1436 τοῦ
2943 1383 3155 1457 Πατρὸς
3204 1381 3257 1436 ὲν
3306 1382 3469 1456 σαρκὶ
3512 1380 3687 1445 καοέ-

2016 1463 2168 1540 δρας.
2203 1468 2306 1523 Καὶ
2338 1470 2372 1538 ἡ
2403 1466 2605 1543 ἐσχάτη
2640 1472 2824 1543 ἡμέρα
2854 1470 2944 1525 καὶ
2983 1472 3031 1508 ⁸³
3078 1473 3113 1540 ἡ
3165 1471 3381 1546 μεγάλη
3412 1478 3519 1540 τῆς
3554 1472 3685 1547 ἑορ-

2012 1561 2133 1624 τῆς,
2164 1554 2216 1610 ἐν
2311 1556 2373 1610 τὸ
2424 1556 2683 1633 πανάγιον
2744 1564 2963 1634 Πνεῦμα
3019 1563 3065 1597 ⁸³
3118 1559 3387 1629 κατῆλθεν
3423 1560 3517 1615 ἐπὶ
3549 1560 3687 1622 τοὺς

266 1653 416 1707 mini
465 1653 651 1708 nostri
697 1652 837 1708 Jesu
885 1654 1102 1708 Christi
1153 1654 1478 1709 descendit.
1532 1657 1648 1723 Age
1679 1670 1708 1706 ο
1736 1654 1847 1707 Jud

2094 1646 2199 1711 ίους
2250 1648 2491 1720 μαθητὰς
2544 1650 2634 1704 καὶ
2692 1650 3033 1713 ἀποστόλους
3090 1655 3187 1706 τοῦ
3244 1651 3449 1723 Κυρίου
3506 1652 3683 1725 ἡμῶν

2109 1740 2192 1758 -κ-
2254 1739 2295 1758 ν
2459 1742 2485 1752 ’⁸
2562 1738 2647 1758 ’ΠΙ
2761 1744 2787 1758 υ
2900 1740 2938 1758 ’ν
2989 1737 3041 1758 ’ᾗ
3194 1741 3207 1758 \
3309 1739 3323 1758 9
3448 1740 3461 1754 ‘

267 1743 633 1796 solemnitates
664 1748 805 1797 tuas.
857 1742 987 1796 Istae
1040 1742 1218 1813 igitur
1270 1742 1695 1808 solemnitates,
1748 1746 1904 1809 sunt,

272 1846 418 1900 quas
448 1830 833 1885 celebrandas
864 1847 897 1885 a
922 1830 1070 1885 Juda
1100 1832 1390 1902 propheta
1420 1831 1626 1885 indicit
1647 1831 1779 1901 (25).

339 2007 429 2062 ΧΙ.
482 2008 832 2063 Prasstitutis
883 2013 1079 2063 autem
1128 2008 1490 2079 temporibus
1541 2006 1911 2063 adventanti-

271 2096 402 2163 bus,
428 2096 725 2167 justitiam
758 2098 1137 2168 omnemjam
1160 2095 1912 2167 oportebatimpleri.Unde

271 2198 406 2239 cum
436 2185 777 2239 Joachimus
809 2184 870 2237 in
906 2190 1107 2238 monte
1156 2201 1362 2255 preces
1412 2184 1707 2251 funderet,
1740 2186 1915 2239 Anna

274 2288 407 2333 vero
440 2272 596 2325 intra
626 2272 984 2326 domesticos
1015 2273 1273 2344 parietes
1305 2273 1551 2344 lugeret,
1584 2274 1710 2326 haec
1741 2272 1913 2327 domo

277 2376 513 2430 egressa
541 2360 605 2413 in
636 2360 874 2413 hortum
907 2378 1080 2415 suum
1114 2378 1174 2415 se
1205 2363 1476 2426 contulit,
1506 2379 1622 2432 quo
1654 2366 1773 2416 tam
1794 2379 1917 2433 gra-

283 2448 367 2503 vis
413 2447 681 2502 mwroris
728 2448 994 2504 levamen
1046 2450 1284 2521 aliquod
1332 2450 1616 2506 hauriret-
1666 2453 1734 2505 Et
1782 2467 1915 2505 ecce

284 2538 530 2610 angelus
561 2538 794 2593 Domini
837 2539 1039 2607 astitit,
1090 2540 1202 2611 ipsi
1242 2540 1481 2595 dicens:
1514 2544 1699 2605 Anna,
1729 2542 1915 2608 Anna,

286 2626 573 2682 exaudivit
603 2626 862 2682 Dominus
894 2629 1328 2698 deprecationem
1352 2637 1521 2698 tuam,
1546 2637 1597 2684 et
1627 2629 1916 2700 concipies,

285 2722 337 2771 et
378 2719 584 2785 paries,
636 2722 689 2770 et
736 2717 1102 2772 celebrabitur
1149 2734 1325 2773 semen
1373 2726 1524 2774 tuum
1564 2722 1623 2773 in
1666 2723 1920 2773 universa

286 2813 453 2862 terra.
486 2808 567 2862 Ne
600 2806 869 2872 tristeris,
900 2824 932 2862 o
964 2810 1170 2874 Anna;
1207 2809 1428 2864 fructus
1452 2814 1588 2864 tuus
1614 2810 1791 2864 ﬁnem
1815 2810 1921 2864 im-

282 2898 465 2967 ponet
491 2910 693 2949 earum
724 2894 934 2962 dolori,
969 2912 1099 2965 qua)
1126 2896 1186 2951 in
1213 2898 1500 2969 angustiis
1523 2898 1763 2969 pariunt
1782 2899 1916 2969 (26).

282 2985 415 3055 Ipsa
444 2984 605 3039 enim
637 2988 743 3051 est,
769 3002 945 3056 quam
975 2987 1276 3057 proqhetaa
1309 3005 1514 3043 omnes
1545 2987 1796 3043 salutem
1813 3004 1921 3057 per

2032 1738 2196 1804 Ιησοῦ
2253 1739 2510 1811 Χριστοῦ·
2562 1738 2834 1814 Ἐόρταζε,
2900 1737 3098 1812 Ἰούδα,
3152 1741 3247 1802 τὰς
3306 1739 3505 1814 ἑορτὰς
3556 1759 3682 1795 σου.

2018 1824 2184 1880 Αὗται
2217 1823 2310 1879 οὖν
2362 1826 2495 1881 εἶσιν
2525 1827 2583 1881 αἲ
2610 1828 2656 1864 ⁶⁴
2686 1828 2890 1902 ἑορταὶ,
2952 1827 3012 1891 ἃς
3067 1830 3094 1883 ὁ
3150 1830 3449 1907 προφήτης
3484 1828 3685 1902 ἑορτά-

2021 1918 2126 1981 ζειν
2154 1914 2242 1968 τὸν
2276 1913 2483 1972 Ἰούδαν
2516 1917 2639 1991 βοᾷ.

2092 2004 2196 2060 ΙΑ’.
2230 2006 2351 2060 Τῶν
2399 2002 2455 2059 δὲ
2500 2009 2703 2080 καιρῶν
2756 2003 2865 2075 ἤδη
2918 2005 3267 2082 ἐγγιζόντων,
3296 2007 3674 2083 πληρωθῆναι

2022 2089 2103 2145 δεῖ
2149 2098 2320 2146 πᾶσαν
2375 2091 2740 2162 δικαιοσύνην,
2798 2097 2956 2159 ’Ὀθεν
3016 2100 3110 2149 τοῦ
3174 2097 3266 2169 μὲν
3331 2098 3598 2170 Ἰωικεὶμ
3626 2097 3679 2151 ἐν

2020 2184 2099 2251 τῷ
2154 2182 2266 2255 ’ὁρει
2317 2182 2618 2257 εὐχομένου
2675 2184 2742 2256 6⁸,
2793 2191 2893 2253 τῆς
2950 2181 3008 2238 δὲ
3061 2186 3261 2256 ’Δννης
3308 2185 3360 2240 ἐν
3405 2190 3493 2258 τῷ
3537 2185 3678 2259 οἷ’κῴ

2022 2269 2349 2342 θρηνούσης,
2384 2270 2605 2341 ἐξῆλθεν
2657 2272 2716 2326 ἐκ
2762 2276 2858 2327 τοῦ
2910 2270 3063 2328 οἷ’κου
3111 2272 3302 2345 αὐτῆς,
3348 2275 3441 2329 καὶ
3475 2275 3675 2345 εἰσῆλ-

2026 2368 2111 2420 θεν
2172 2358 2246 2423 εἷς
2299 2360 2389 2413 τὸν
2450 2360 2642 2430 ἑαυτῆς
2701 2358 3046 2436 παράδεισον,
3105 2361 3187 2435 ἐφ’
3243 2363 3289 2435 ᾧ
3349 2362 3672 2418 ἀνάπαυλαν

2024 2450 2124 2512 τῆς
2155 2444 2282 2523 ἅγαν
2333 2447 2572 2523 θλίψεως
2628 2449 2898 2524 ἆρύσεται.
2961 2450 3055 2505 Καὶ
3118 2450 3235 2506 ἰδοὺ
3296 2449 3533 2527 ἅγγελος
3569 2455 3676 2509 Κυ-

2028 2535 2147 2611 ρίου
2204 2535 2397 2608 ὲπέστη
2455 2537 2593 2609 αὐτῆ
2650 2535 2846 2613 λέγων·
2909 2540 3099 2609 Ἀννα,
3160 2545 3353 2612 “¹Αννα,
3386 2540 3679 2612 eia-ﬁxam

2028 2626 2221 2698 Κύριος
2295 2632 2394 2695 τῆς
2470 2624 2705 2698 δεήσεώς
2807 2648 2922 2701 σου,
2998 2628 3089 2683 καὶ
3190 2629 3481 2705 συλλήψῃ,
3591 2631 3677 2685 καί

2025 2715 2276 2789 γεννήσῃ,
2334 2714 2425 2769 καὶ
2484 2715 2860 2787 λαληθήσεται
2916 2718 2978 2772 τὸ
3038 2719 3253 2792 σπξρμα
3310 2740 3409 2773 σου
3468 2718 3522 2774 ἐν
3571 2717 3674 2794 ὅλῃ

2026 2807 2097 2877 κῇ
2129 2802 2448 2879 οἰκουμένῃ.
2485 2806 2574 2874 Μὴ
2625 2804 2822 2877 λυποῦ,
2853 2809 3036 2864 ’Ἅννα-
3086 2807 3113 2861 ὁ
3158 2808 3368 2883 καρπός
3400 2829 3506 2862 σου
3537 2809 3677 2864 παύ-

2028 2911 2105 2944 σει
2136 2892 2180 2927 ⁶⁶
2202 2892 2301 2959 τὴν
2362 2891 2541 2961 λύπην
2597 2898 2714 2955 ταῖς
2764 2893 2815 2947 ἐν
2878 2892 3073 2956 λύπαις
3125 2894 3463 2957 τικτούσαις·
3534 2896 3674 2964 αὐτὴ

2028 2978 2127 3053 γὰρ
2169 2979 2328 3051 ἐστιν,
2388 2980 2511 3055 περὶ
2568 2984 2635 3049 ἧς
2691 2983 3169 3058 προκατήγγειλαν
3227 2984 3422 3045 πάντες
3448 2984 3677 3059 οἱπρο-

282 3073 472 3143 ipsam
502 3078 906 3144 exspectantes
928 3076 1407 3145 praanuntiarunt
1427 3078 1558 3147 (27).
1589 3078 1631 3131 Ο
1662 3092 1761 3130 vos
1783 3076 1847 3131 be

2094 3071 2188 3132 (ται
2230 3068 2327 3136 τὴν
2394 3068 2664 3138 σωτηρίαν
2721 3066 2791 3122 δι’
2840 3068 3007 3138 αὐτῆς
3066 3068 3524 3145 ἀπεκδεχόμενοι.
3559 3075 3676 3129 Μα-

282 3165 393 3231 tos,
426 3161 688 3215 Joachim
734 3167 792 3216 et
837 3163 1044 3217 Annal
1098 3166 1310 3219 Verum
1356 3165 1584 3219 beatior
1636 3181 1776 3220 sane
1826 3168 1915 3219 est

283 3266 413 3320 qua)
442 3265 476 3304 a
508 3250 668 3305 vobis
698 3252 1104 3323 progigniturl
1142 3253 1232 3307 Sic
1263 3254 1335 3307 ad
1369 3270 1468 3308 eos
1498 3254 1780 3325 angelus:

351 3425 488 3493 Age,
522 3440 552 3479 ο
599 3425 765 3491 Juda,
814 3427 1182 3483 solemnitates
1214 3435 1334 3484 tuas
1361 3430 1459 3500 (b),
1490 3446 1611 3485 non
1644 3430 1706 3484 in
1736 3426 1919 3484 veteri

281 3509 658 3580 testamento,
692 3514 793 3569 sed
834 3515 894 3569 in
940 3532 1110 3572 novo.
1164 3518 1281 3572 Hoc
1326 3518 1503 3590 igitur
1556 3518 1919 3591 principium

284 3608 373 3657 est
400 3604 531 3657 novi
554 3605 891 3659 testamenti
915 3605 1024 3676 (28)
1048 3626 1061 3673 ;
1085 3607 1443 3680 principium
1468 3616 1558 3664 est
1583 3626 1748 3664 novae
1770 3623 1920 3663 arcte

353 3730 428 3801 (δ)
460 3731 707 3786 Nahum.
741 3748 779 3799 ι,
814 3736 899 3790 ιε.

2021 3156 2203 3231 κάριοι
2284 3156 2461 3230 ὑμεῖς,
2538 3156 2798 3231 Ἰωακεὶμ
2854 3159 2943 3213 καὶ
2998 3160 3185 3219 Ἅννα.
3244 3163 3458 3224 "Ov-rw;
3518 3159 3578 3216 δὲ
3632 3161 3679 3231 ἐξ

2028 3246 2180 3318 ὑμῶν
2264 3247 2561 3319 τικτομένη
2653 3249 3035 3323 μακαριωτέρα
3120 3249 3255 3321 ἐστὶ,
3334 3250 3362 3304 ὁ
3440 3248 3680 3326 ἅγγελος

2026 3336 2163 3411 πρὸς
2195 3335 2409 3397 αὐτούς.

2097 3423 2371 3497 Έόρταζε,
2432 3422 2630 3496 Ἰούδα,
2708 3424 2802 3488 τὰς
2886 3425 3075 3502 ἒορτάς
3159 3448 3274 3483 σουο
3334 3426 3441 3483 οὐκ
3492 3427 3545 3482 ἐν
3605 3433 3674 3502 τῇ

2026 3510 2235 3584 παλαιᾷ
2266 3511 2521 3588 διαθήκῃ,
2557 3511 2683 3568 ἀλλ’
2709 3513 2760 3569 ἐν
2812 3519 2879 3590 τῇ
2936 3519 3116 3590 καινῇ.
3149 3515 3293 3587 Αὕτη
3329 3515 3419 3571 οὖν
3449 3520 3487 3587 ἡ
3521 3518 3676 3592 ἀρχὴ

2026 3610 2127 3673 τῆς
2155 3600 2346 3673 κάινῆς
2395 3600 2682 3676 διαθήκης,
2737 3611 2835 3674 τῆς
2881 3603 3000 3666 νέας
3048 3604 3138 3659 καὶ
3190 3603 3459 3681 οεοδὸχου
3500 3628 3679 3661 κιοω-

1639 3825 1869 3879 ΥΑΒΙᾸΞ
1912 3820 2201 3877 LECTION
2211 3822 2310 3876 ES.

350 3920 398 3957 ⁸ο
428 3921 1000 4004 Barb._go_s_:x6cngq.
1028 3928 1071 4004 ξι
1104 3925 1178 3985 Τὸ
1211 3928 1403 4004 Πάσχο.
1452 3947 1585 3986 cum
1633 3930 1777 3986 Caes.
1838 3931 1924 4000 Β.,
1984 3946 2122 4004 nam
2174 3927 2344 4004 B_ar_b.
2404 3930 2461 3983 et
2515 3925 2657 4004 Caes.
2702 3930 2769 3984 A.
2791 3927 3023 4004 habent
3051 3931 3146 4004 τοᾷ
3177 3929 3389 4004 Πάσχα.
3420 3931 3469 4004 5}
3501 3930 3678 3987 Barb.

282 3993 586 4073 abestgcai.
614 3996 729 4073 “_E
761 3993 888 4051 cod.
923 3998 1089 4054 Barb.
1150 3993 1370 4073 cncidit
1417 4004 1809 4073 νοΧῨΗνεῦμα,
1870 3993 1927 4056 et

1982 4000 2158 4072 paulo
2208 4000 2363 4072 infra
2422 3998 2667 4069 μαθητὰς
2715 3998 2831 4057 καὶ.
2871 3999 2918 4035 ⁸⁸
2952 4004 2999 4057 Α
3029 4000 3159 4057 cod.
3196 3998 3361 4058 Harl).
3397 4002 3677 4072 abest‘al.

275 4066 517 4147 πύξ-(ιώ.
547 4073 612 4147 et
641 4068 783 4147 Cres.
818 4074 1007 4141 uterq.
1043 4071 1243 4127 mend.
1275 4075 1467 4145 τῷ.....
1502 4066 1806 4147 saxosae;
1840 4073 1883 4109 ⁸⁸
1914 4066 2083 4128 Barb.
2116 4068 2275 4124 παύει
2305 4074 2363 4126 et
2391 4066 2526 4127 cum
2561 4089 2627 4126 eo
2678 4072 2821 4127 Caes.
2855 4075 2946 4142 A.,
2974 4072 3115 4129 licet
3142 4074 3450 4141 mendose,
3488 4067 3674 4128 πάϐει·

280 4141 339 4193 at
367 4138 510 4192 Caes.
547 4140 606 4192 B.
640 4137 849 4195 παύσει.

1866 4235 2084 4290 ΝΟΤᾹΞ.

355 4324 680 4398 (24))ἐτὺει
710 4326 824 4381 illic
862 4331 1160 4398 conceptio,
1212 4331 1299 4384 hie
1327 4335 1592 4388 nativitas
1642 4333 1857 4387 absunt
1885 4350 1919 4387 a

285 4397 428 4449 Ctes.
474 4396 557 4459 Β.,
610 4402 669 4450 at
712 4398 970 4452 retinent
1014 4396 1320 4458 tum’Cees.
1354 4405 1420 4456 Α.
1476 4409 1599 4459 tum
1643 4405 1812 4459 Barb.
1861 4410 1919 4458 et

284 4467 401 4543 Leo
454 4452 705 4543 all'atius
771 4452 1136 4542 (Prolegomf
1192 4452 1993 4543 ita—'O'ppI“Ba&13's"céni,D

283 4540 310 4605 §
341 4538 596 4618 612L031).
630 4540 874 4593 Damasc.
898 4538 1126 4618 _pér_[_.e
1167 4542 1339 4618 Quin,
1386 4538 1527 4618 tom.
1561 4548 1603 4611 Ι,
1635 4563 1763 4618 pag.
1803 4538 1915 4618 63).

355 4610 467 4678 (25)
512 4611 589 4663 Ex
644 4626 759 4681 quo
810 4610 976 4667 nulla
1028 4612 1123 4666 hic
1172 4615 1275 4669 fiat
1322 4616 1543 4669 mentio
1588 4610 1920 4672 festivitatis

280 4680 637 4759 Dorrnitionis
688 4681 988 4759 Deiparre,
1026 4686 1312 4759 suspicari
1366 4687 1661 4759 quispiam
1696 4694 1916 4759 posset,

281 4751 546 4805 nondum
578 4753 727 4807 forte
762 4751 916 4808 idem
963 4751 1179 4811 festum
1227 4755 1286 4811 in
1318 4751 1627 4814 Eubieensi
1660 4751 1923 4816 Ecclesia

282 4828 589 4899 receptum
620 4825 824 4899 fuisse.
860 4829 930 4881 At
978 4844 1097 4881 non
1146 4829 1229 4883 ita
1274 4846 1367 4885 res
1417 4831 1630 4899 habet;
1678 4849 1815 4887 nam
1849 4832 1921 4887 ad

284 4894 465 4975 ﬁnem
496 4897 779 4952 orationis
812 4899 921 4953 hoc
953 4915 1185 4970 quoque
1219 4900 1433 4955 festum
1461 4894 1746 4959 celebrari
1780 4921 1923 4959 con-

286 4974 546 5021 suevisse
585 4974 789 5023 auctor
835 4977 1280 5026 commemorat.
1330 4974 1510 5029 Porro
1562 4976 1701 5031 hinc
1750 4977 1919 5031 nobis

284 5036 701 5115 Conceptionis
730 5040 1013 5115 festivitas
1042 5044 1229 5115 magis
1276 5047 1743 5102 commendatur.
1777 5049 1922 5101 Cum

285 5108 443 5160 enim
460 5110 740 5179 mysteria
761 5112 1101 5168 solemniori
1117 5108 1277 5170 cultu
1297 5116 1651 5174 celebranda
1676 5119 1919 5173 denario

282 5193 529 5253 numero
546 5183 985 5253 comprehensa
1006 5186 1298 5253 dicantur,
1321 5187 1380 5240 in
1414 5188 1573 5243 hunc
1605 5204 1921 5244 numerum

281 5249 741 5331 conceptionem
775 5254 1035 5331 Deipara:
1062 5259 1259 5331 potius
1286 5249 1469 5329 quam
1495 5260 1762 5331 ejusdem
1795 5277 1924 5316 san-

282 5322 605 5376 ctissimam
640 5322 1333 5383 dormitionem-relatarﬁ
1366 5322 1684 5386 cernimus.

354 5392 461 5462 (26)
500 5394 911 5465 Vulgatissima
943 5404 1031 5451 est
1060 5414 1241 5467 penes
1274 5407 1499 5457 veteres
1530 5405 1657 5458 haec
1698 5400 1917 5457 doctri-

281 5477 376 5545 na,
412 5470 586 5545 atque
619 5483 686 5545 eo
721 5467 896 5522 etiam
921 5476 1169 5545 spectat,
1204 5473 1514 5545 sententia)
1556 5473 1823 5545 pariendi
1859 5473 1919 5529 in

281 5531 587 5591 doloribus
617 5537 894 5595 adversus
921 5531 1097 5595 E‘vam
1119 5531 1361 5612 prolata:
1395 5531 1702 5617 Deiparam
1732 5546 1921 5602 nulla-

2030 4337 2201 4404 tenus
2220 4330 2402 4404 fuisse
2428 4330 2769 4404 obnoxium.
2788 4331 2853 4386 Id
2876 4336 3071 4404 autem
3095 4332 3207 4403 ipsi
3230 4350 3472 4404 quoque
3493 4335 3677 4390 Anna:

2030 4401 2306 4456 tribuitur
2337 4403 2397 4455 in
2430 4402 2611 4456 sacris
2643 4401 3223 4472 Grascorumofﬁciis,
3247 4401 3394 4459 illia}
3425 4406 3680 4472 scilicet,

2027 4489 2205 4594 quam
2240 4480 2406 4527 utero
2436 4473 2719 4545 gestabat,
2779 4476 2966 4543 gratia
3016 4477 3190 4544 (Men.
3224 4475 3317 4530 die
3352 4493 3407 4531 ix
3444 4478 3585 4532 Dec.
3619 4478 3678 4533 in

2032 4545 2209 4594 .tich.
2271 4550 2406 4594 ante
2464 4544 2887 4594 Svnnxarium:
2951 4548 3111 4594 Haud
3162 4563 3462 4594 mmmmm-
3517 4550 3678 4594 simili

2032 4544 2209 4599 Stich.
2271 4550 2406 4598 ante
2448 4544 2887 4615 ’Synaxarium:
2948 4548 3113 4617 Haud
3162 4563 3464 4617 quaquam,
3516 4550 3678 4603 siculi

2032 4619 2254 4688 Eea,tu
2288 4630 2523 4686 quoque,
2552 4633 2582 4670 0
2631 4618 2814 4685 Anna,
2859 4620 3046 4688 paries
3090 4616 3149 4671 in
3172 4616 3522 4688 ueteribus;
3550 4637 3675 4674 nam

2030 4687 2291 4780 g‘auc‘li’um
2350 4688 2407 4740 in
2465 4694 2629 4771 ut_uro
2687 4686 2878 4775 gestas"
2904 4687 3303 4780 ‘(oex’fbanapﬂ
3329 4686 3461 4780 Ιέὕα,
3493 4688 3673 4780 2:13.55

2030 4754 2122 4870 σὶὲν
2150 4755 2347 4819 λύπαις
2390 4763 2584 4819 τεκεῖς·
2630 4754 2801 4832 χαρὰν
2857 4754 2985 4835 γὰρ,
3012 4754 3425 4830 ἼἈννα,’ίένδον
3450 4754 3671 4822 ’κοιλίας

2031 4851 2064 4870 th
2104 4846 2210 4870 '1"?

2031 4846 2230 4889 φερεις.

2357 4900 2628 4975 oratoriae
2674 4903 3106 4975 exaggerationi
3137 4902 3361 4959 tribuas
3394 4902 3553 4975 quod
3585 4904 3676 4960 hic

2032 4973 2267 5048 dicitur,
2304 4973 2612 5048 Deip_aram
2644 4973 2980 5048 a_p1_'6phetis
3030 4975 3278 5030 omnibus
3310 4973 3494 5031 fuisse
3527 4994 3677 5048 pras-

2030 5045 2387 5108 nuntiatam,
2432 5043 2624 5098 facere
2673 5043 2849 5100 debet
2898 5051 3163 5102 veterum
3216 5043 3544 5103 auctoritas
3570 5048 3673 5102 Pa-

2033 5122 2212 5183 trum,
2247 5112 2461 5184 quibus
2492 5114 2644 5168 nihil
2676 5117 3071 5186 communius,
3101 5135 3281 5188 quam
3314 5125 3381 5174 ut
3410 5118 3674 5174 disertis-

2035 5188 2532 5261 simeafﬁrment,
2566 5189 2807 5261 mariam
2857 5189 3177 5261 ‘Deipara‘m
3232 5191 3298 5244 in
3348 5190 3672 5261 ,Scripturis

2032 5259 2307 5315 omnibus
2335 5257 2666 5331 praedicari.
2723 5257 2886 5317 Conf.
2939 5257 3068 5331 quae
3100 5258 3171 5315 de
3205 5261 3296 5315 his
3328 5257 3585 5317 diximus
3613 5264 3671 5316 in

2033 5328 2479 5386 commentario.

2104 5404 2214 5472 (28)
2248 5402 2391 5472 Cum
2419 5401 2659 5472 propria
2692 5402 2829 5455 novi
2860 5402 3197 5458 testamenti
3224 5408 3369 5458 nota
3400 5420 3507 5459 seu
3536 5402 3671 5459 cha-

2035 5471 2227 5529 racter
2261 5471 2630 5546 sit_ope_ratio
2689 5472 2911 5545 gratim,
2972 5471 3332 5546 principium
3379 5491 3516 5546 vero
3548 5476 3675 5532 novi

2037 5543 2371 5600 testamenti
2394 5542 2717 5599 collocetur
2736 5546 2796 5599 in
2817 5547 2935 5616 ipso
2956 5542 3118 5601 initio
3140 5542 3512 5601 e'xstruendaa
3532 5563 3673 5603 arca
