3888 6136
213 277 354 332 1477

1243 279 1481 336 SERMO
1519 284 1596 337 IN
1633 283 2185 338 CONCEPTIONEM
2225 286 2576 340 DEIPARE.

3469 280 3605 334 1478

209 402 328 468 τοῦ,
363 399 414 452 ἓν
471 396 540 472 τῇ
585 398 772 470 κοιλίᾳ
825 403 924 465 τῆς
983 401 1180 472 Ἀννης
1234 403 1582 474 κτιζομένης,
1637 409 1739 471 τῆς
1799 401 1852 456 ἐκ

2034 404 2247 460 [Deum
2280 407 2690 477 excipiendum
2721 407 2783 460 in
2829 407 3013 460 Annae
3064 409 3230 460 utero
3289 407 3602 459 exstructas

210 492 310 555 τῆς
343 485 730 560 ρίζηςἸούδα,
790 488 1014 563 Ἰεσσαὶ,
1074 492 1162 544 καὶ
1223 489 1406 548 Δαυῖδ.
1468 490 1614 560 Φησὶ
1669 490 1772 565 γὰρ
1826 493 1853 546 ὁ

217 577 529 651 προφήτης·
585 577 682 630 Καὶ
741 576 1026 647 ἀναστήσω
1080 579 1182 648 τήν
1253 581 1457 648 σκηνὴν
1537 577 1698 634 Δαυΐδ
1753 581 1852 648 τὴν

213 669 582 733 πεπτωκυῖαν,
640 665 728 719 καὶ
813 664 1164 740 οἰκοδομήσω
1273 667 1339 722 τὰ
1443 668 1857 741 κατεσκαμμὲνα

214 751 402 823 αὐτῆς.
441 751 581 809 Ἰδοὺ
641 753 914 810 ἀνίσταται
967 758 1002 824 ἡ
1057 758 1225 826 σκηνή
1270 753 1434 811 Δαυῒδ
1489 756 1540 812 ἐν
1598 761 1666 831 τῇ
1723 755 1855 812 συλ-

216 841 384 914 λήψει
417 841 485 912 ⁸⁷,
517 843 604 897 καὶ
637 845 852 917 γενήσει
884 851 984 914 τῆς
1015 845 1181 899 αὐτοῦ
1213 845 1496 920 Θυγατρός.
1554 844 1704 914 Αὐτὴ
1751 846 1851 919 γάρ

207 929 319 986 ἐστι
380 932 504 1006 περί
557 934 623 1002 ής
679 936 895 1008 πρῶτος
954 934 1166 988 πάντων
1227 929 1420 990 Ἰακὼϐ
1477 935 1568 989 τὸν
1648 931 1851 990 Ἰούδαν

208 1021 567 1098 προφητεύων
629 1018 908 1095 ηύλὸγησε
964 1024 1013 1059 δε
1068 1022 1238 1097 λέγων
1298 1022 1491 1086 οὕτως·
1540 1021 1738 1092 Ἰούδα,
1798 1023 1856 1077 σὲ

201 1109 477 1185 ,ᾐνέσεσαν
511 1109 560 1166 οἱ
592 1109 818 1190 ἀδελφοί
849 1131 972 1171 σου.

282 1198 540 1270 Ἀληθῶς
632 1200 886 1276 μακάριοι
945 1202 1124 1274 ὑμεῖς,
1183 1201 1442 1275 Ἰωακεὶμ
1505 1201 1596 1256 καὶ
1665 1204 1851 1260 Ἀννα.

215 1289 398 1360 Ὑμεῖς
454 1290 554 1364 γὰρ
614 1289 664 1358 ἐξ
713 1288 912 1357 Ἰούδα,
973 1290 1063 1343 καὶ
1123 1291 1339 1360 Ἰεσσαὶ,
1389 1291 1478 1344 καὶ
1527 1287 1712 1358 Δαυΐδ,
1765 1292 1854 1345 καὶ

210 1375 346 1446 αύτή
375 1375 428 1448 ἐξ
461 1377 636 1450 ὑμῶν,
667 1377 756 1432 καὶ
789 1376 840 1448 ἐξ
871 1377 1047 1443 αὐτῆς
1077 1379 1104 1432 ὁ
1134 1383 1230 1434 τοῦ
1258 1379 1432 1452 νόμου
1464 1376 1648 1454 δωτήρ
1679 1377 1856 1448 “ﬁmi

213 1469 507 1542 προφητῶν
538 1465 757 1541 Κύριος,
787 1467 874 1520 καὶ
931 1464 1012 1520 ἐπ’
1063 1465 1308 1544 ἐσχάτων
1339 1468 1513 1542 νόμου
1551 1468 1856 1544 πληρωτὴς

221 1555 456 1629 Χριστὸς
478 1552 694 1630 Κύριος.

284 1643 390 1699 1Β“.
422 1648 598 1698 Ταῦτα
627 1648 763 1718 πρὸς
819 1645 916 1714 τήν
964 1645 1336 1722 εὐλογημένην
1397 1646 1642 1723 συζυγίαν
1695 1649 1853 1705 Ἰωα-

209 1732 340 1804 κεὶμ
382 1733 468 1786 καὶ
539 1733 734 1790 Ἀνναν
792 1730 1042 1810 ἅγγελος,
1097 1735 1186 1790 καὶ
1245 1734 1527 1790 ἐπιπλεῖον
1558 1737 1603 1772 ⁷ο
1650 1734 1856 1809 ἐπήγα-

206 1839 316 1894 γεν·
379 1826 652 1896 Θαρσεῖτε,
713 1823 953 1896 χαίρετε,
1011 1823 1102 1877 καὶ
1152 1826 1196 1861 τί
1256 1821 1606 1898 ἀγαλλιᾶσθε.
1663 1826 1852 1898 Ἧγγιο

208 1929 296 1963 κεν
328 1909 430 1985 γὰρ
463 1908 492 1963 ὅ
530 1910 716 1983 καιρὸς
773 1911 801 1964 ὁ
866 1911 968 1965 ὑπὸ
1023 1915 1118 1965 τοῦ
1173 1913 1458 1987 προφήτου
1509 1907 1851 1987 κηρυττόμε-

208 2021 319 2069 νος,
355 1999 412 2053 ἐκ
445 2000 703 2072 Βηθλεὲμ
756 2001 845 2054 καὶ
877 2008 982 2075 γῆς
1040 1999 1216 2057 Ἰούδα
1266 2003 1358 2057 τὸν
1407 2003 1570 2078 μέγαν
1620 2000 1850 2074 ποιμένα

211 2086 600 2158 ἐξελεύσεσθαι,
631 2087 720 2142 καὶ
753 2089 813 2143 ού
850 2089 1010 2162 μόνον
1059 2090 1149 2144 τὸν
1210 2089 1431 2165 Ἰσραὴλ
1463 2096 1748 2163 ποιμανεῖν
1778 2090 1849 2161 ⁷³,

210 2175 357 2232 ἀλλὰ
383 2177 473 2232 καὶ
505 2179 678 2232 πάντα
706 2177 771 2232 τὰ
805 2177 953 2250 ἔθνη.

276 2267 491 2330 ’Όντως
508 2266 767 2339 μακάριοι
797 2267 886 2322 καὶ
915 2268 1323 2342 τρισμακάριοι,
1348 2267 1602 2341 Ἰωακεὶμ
1622 2269 1712 2323 καὶ
1733 2273 1853 2326 Ἅν-

214 2372 299 2408 να*
336 2354 832 2430 μυριονταπλάσιον
867 2353 922 2410 δὲ
947 2357 1326 2432 μακαριωτέρα
1371 2359 1407 2426 ἡ
1467 2357 1730 2430 ἀπόγονος
1761 2357 1850 2413 καὶ

218 2444 455 2519 θυγάτηρ
489 2441 673 2515 Δαυΐδ,
705 2446 739 2514 ἡ
772 2445 822 2515 ἐξ
855 2444 1053 2522 ὀσφύος
1113 2445 1201 2499 καῖ
1241 2446 1469 2521 γαστρὸς
1503 2445 1655 2518 ὑμῶν
1716 2467 1852 2521 προ-

218 2538 519 2609 ερχομένη.
578 2535 761 2607 Ὑμεῖς
821 2536 924 2609 γὰρ
981 2541 1054 2609 γῆ
1113 2533 1251 2604 ἐστε,
1297 2535 1434 2603 αὐτὴ
1496 2533 1554 2589 δὶ
1605 2533 1848 2611 οὐρανός.

227 2628 390 2695 Υμεῖς
421 2621 634 2698 χοϊκοὶ,
659 2619 729 2676 δι’
762 2623 926 2692 αὐτῆς
959 2620 1015 2676 δὲ
1063 2624 1114 2676 οἱ
1172 2625 1364 2698 χοϊκοί
1413 2623 1725 2695 ἐπουράνιοι
1784 2626 1852 2684 7³.

217 2711 472 2787 μακάριοι
506 2711 732 2781 ἀληθῶς
785 2712 964 2782 ὑμεῖς,
1019 2712 1101 2765 ’ὁτι
1157 2712 1212 2766 ὅν
1275 2717 1510 2782 Μωϋσῆς
1559 2712 1692 2767 tam
1755 2715 1855 2768 ούκ

213 2798 474 2871 ἐδυνήθη,
507 2798 844 2872 ἐπεθύμησεν
881 2800 908 2853 ὁ
945 2798 1196 2875 βασιλεὺς
1235 2803 1333 2873 τῆς
1367 2799 1524 2873 δόξης
1581 2805 1677 2857 τοῦ
1708 2801 1851 2857 κάλ-

212 2888 343 2951 λους
375 2896 474 2958 τῆς
506 2891 657 2962 ὑμῶν
692 2887 977 2964 θυγατρός.

284 3007 353 3080 (c)
385 3010 564 3063 Amos
595 3025 672 3076 Ix,
706 3007 790 3062 ll.
824 3007 899 3078 (ά)
931 3007 1085 3064 Psal.
1120 3025 1264 3078 xmv,
1297 3011 1384 3079 11,
1420 3011 1506 3065 12.

1885 1779 1932 1844 Β

1965 511 2096 565 quas
2129 500 2218 550 est
2247 512 2316 550 ex
2337 496 2533 551 radice
2563 497 2746 562 Judre,
2777 498 2958 564 Iesse,
2988 500 3046 549 et
3076 494 3329 550 Davidis.
3379 494 3598 563 Inquit,

1967 582 2123 636 enim
2153 583 2442 654 propheta
2470 600 2482 637 :
2510 586 2575 637 Et
2604 585 2871 638 suscitabo
2916 583 3328 638 tabernaculum
3360 582 3598 648 Davidis,

1964 671 2109 740 quod
2138 672 2343 737 cecidit,
2368 678 2417 725 et
2440 671 2779 741 reaadiﬁcabo
2807 674 2997 726 ruinas
3027 671 3143 740 ejus
3176 671 3266 742 (ο).
3299 671 3443 724 Ecce
3486 668 3602 722 eri-

1963 760 2118 831 gitur
2151 757 2598 815 tabernaculum
2629 760 2811 816 David
2843 762 2902 814 in
2945 760 3334 829 conceptione
3378 763 3436 812 et
3463 774 3600 829 pro-

1964 849 2260 904 creatione
2294 850 2429 904 ﬁlia:
2461 850 2588 921 ejus
2616 853 2747 919 (29).
2782 851 2913 920 Ipsa
2943 854 3033 903 est
3058 848 3214 903 enim
3247 848 3319 902 de
3342 864 3458 918 qua
3487 846 3604 918 pri-

1961 953 2094 992 mus
2121 936 2387 992 omnium
2416 937 2589 992 Jacob
2620 938 2948 992 vaticinans
2969 937 3134 991 ludes
3164 935 3488 1002 benedixit,
3522 935 3604 989 ita

1964 1024 2242 1094 inquiens
2273 1028 2480 1094 :Juda,
2511 1026 2811 1080 laudabunt
2843 1032 2892 1080 te
2918 1029 3122 1094 fratres
3151 1027 3232 1079 tui
3261 1023 3370 1095 (30)
3407 1023 3420 1078 l

2036 1203 2181 1256 Vere
2211 1218 2311 1257 vos
2339 1201 2518 1269 beati,
2548 1202 2846 1258 Joachime
2879 1207 2939 1258 et
2967 1205 3156 1258 Anna.
3193 1204 3303 1256 Vos
3343 1200 3501 1256 enim
3532 1215 3602 1254 ex

1963 1291 2132 1358 Juda,
2154 1292 2334 1358 Jesse,
2369 1297 2427 1346 et
2454 1293 2689 1359 Davide,
2722 1292 2848 1346 haec
2878 1297 3077 1346 autem
3109 1309 3178 1346 ex
3208 1291 3392 1356 vobis,
3435 1295 3495 1344 et
3533 1305 3602 1343 ex

1963 1380 2095 1451 ipsa
2122 1380 2266 1452 legis
2288 1380 2475 1448 dator,
2509 1385 2564 1436 et
2594 1381 2878 1436 Dominus
2928 1380 3368 1452 prophetarum,
3425 1383 3600 1448 atque

1965 1469 2243 1524 extremis
2276 1470 2638 1541 temporibus
2659 1471 2954 1540 perfector
3001 1469 3146 1541 legis
3195 1469 3458 1525 Christus
3489 1469 3603 1522 Do-

1963 1557 2182 1613 minus.

2034 1647 2154 1701 XII.
2185 1647 2317 1702 Haec
2347 1647 2589 1718 angelus
2621 1646 2694 1702 ad
2724 1645 3068 1702 benedictos
3126 1645 3262 1701 illos
3315 1647 3600 1718 conjuges

1959 1736 2326 1791 Joachimum
2352 1740 2411 1790 et
2438 1739 2670 1790 Annam
2701 1736 2813 1805 (31)
2831 1753 2844 1801 ;
2864 1740 3040 1805 atque
3063 1735 3311 1790 ulterius
3341 1734 3559 1808 adjecit
3583 1751 3596 1790 :

1964 1827 2124 1880 Bono
2155 1826 2352 1880 animo
2384 1830 2589 1889 estote,
2612 1824 2884 1897 gaudete,
2935 1829 2990 1878 et
3044 1824 3354 1879 exsultate.
3415 1826 3603 1879 Instat

1957 1917 2116 1970 enim
2147 1921 2380 1986 tempus
2410 1931 2444 1970 a
2474 1916 2761 1985 propheta
2792 1908 3232 1983 adnuntiatum,
3267 1933 3383 1986 quo
3408 1933 3478 1971 ex
3501 1919 3602 1972 Be~

1958 2005 2178 2058 thleem
2204 2009 2260 2058 et
2298 2010 2452 2058 terra
2479 2004 2627 2058 Juda
2657 2021 2759 2058 rex
2789 2020 3038 2075 magnus
3093 2010 3182 2059 est
3225 2005 3505 2071 oriturus,
3540 2011 3598 2062 et

1957 2110 2078 2148 non
2098 2093 2272 2148 modo
2303 2093 2589 2164 populum
2628 2093 2882 2160 Israelis,
2933 2093 3038 2148 sed
3084 2097 3142 2146 et
3195 2098 3398 2165 gentes
3438 2099 3602 2166 reget

1957 2183 2284 2240 nniversas.

2032 2271 2176 2324 Vere
2205 2269 2362 2325 beati
2385 2285 2452 2325 ac
2485 2275 2573 2324 ter
2600 2269 2780 2336 beati,
2826 2270 3123 2325 Joachime
3158 2275 3215 2326 et
3265 2273 3437 2328 Anna
3467 2286 3482 2340 ;
3542 2277 3603 2328 at

1959 2359 2178 2414 millies
2206 2359 2436 2414 beatior
2465 2358 2699 2414 Davidis
2721 2360 3032 2430 progenies
3068 2376 3135 2416 ac
3184 2359 3331 2426 filia,
3378 2376 3509 2431 quea
3569 2377 3600 2414 e

1959 2449 2181 2504 femore
2213 2454 2388 2519 atque
2413 2453 2581 2503 utero
2625 2455 2814 2504 vestro
2846 2451 3236 2522 progreditur.
3268 2452 3380 2506 Vos
3438 2451 3598 2506 enim

1963 2542 2119 2593 terra
2148 2536 2290 2592 estis
2323 2555 2337 2603 ;
2373 2537 2504 2607 ipsa
2532 2553 2669 2592 vero
2700 2537 2954 2592 coelum:
3007 2555 3108 2594 vos
3161 2539 3383 2594 terreni
3418 2557 3434 2608 ;
3495 2554 3600 2610 per

1961 2627 2149 2697 ipsam
2179 2643 2312 2680 vero
2345 2626 2639 2697 (evadunt)
2673 2625 2939 2681 coelestes
2971 2629 3098 2696 (32).
3131 2630 3273 2681 Vere
3300 2645 3398 2682 vos
3417 2627 3594 2695 beati,

1963 2714 2242 2785 quoniam
2265 2731 2367 2769 rex
2391 2714 2492 2767 ille
2523 2714 2744 2786 gloriae,
2777 2731 2952 2784 quem
2982 2717 3206 2786 Moyses
3252 2713 3449 2770 videre
3479 2732 3599 2771 non

1961 2804 2171 2876 potuit,
2233 2804 2370 2858 filias
2471 2809 2678 2858 vestra)
2733 2803 3241 2876 pulchritudinem
3317 2806 3604 2877 concupi-

1961 2893 2042 2947 vit
2061 2892 2163 2963 (α).

1594 3097 1832 3152 VARIE
1865 3096 2272 3151 LECTIONES.

282 3181 327 3219 ⁸⁷
352 3185 518 3239 Barb.
555 3184 752 3240 mend.
787 3180 1070 3256 συλλήψη.
1099 3185 1144 3221 ⁸³
1172 3187 1260 3240 Ita
1287 3184 1491 3253 codex,
1528 3187 1627 3256 qui
1660 3192 1860 3241 tamen
1891 3186 1953 3240 in
1984 3183 2351 3240 admittendo
2385 3183 2472 3238 vel
2510 3200 2603 3239 res
2647 3183 2843 3240 uendo
2864 3185 2976 3240 hoc
3007 3190 3322 3254 augmento
3356 3186 3604 3242 sibinon

288 3261 463 3309 nstat.
497 3255 543 3288 δυ
577 3257 744 3309 Barb.
781 3251 970 3309 δοτήο.
1003 3255 1051 3289 ⁷ο
1084 3257 1254 3309 Barb.
1287 3254 1606 3309 ἐπιπλεῖων.
1639 3263 1699 3309 at
1735 3256 1825 3309 vel
1856 3253 2144 3309 ἐπιπλείω.
2176 3256 2267 3309 vel
2295 3251 2578 3308 ἐπιπλεῖον
2608 3202 2954 3309 Ilegendum.
2989 3257 3132 3309 Cass.
3159 3260 3224 3309 A.
3260 3255 3345 3309 ἐπὶ
3374 3255 3596 3309 πλοῖον.

214 3261 463 3310 constat.
497 3255 543 3288 δυ
577 3257 744 3312 Barb.
781 3251 1051 3323 δοτήοζ”²Ο
1084 3257 1254 3310 Barb.
1287 3251 1606 3324 ἐπιπλέίυῖν,
1639 3263 1699 3312 at
1735 3256 1825 3311 vel
1856 3253 2144 3324 ἐπιπλείω,
2176 3256 2267 3310 vel
2295 3251 2578 3324 ἐπιπλεῖον

209 3326 267 3400 '“_
291 3327 589 3400 CulnCaas
618 3329 694 3400 A._
715 3323 1046 3400 ἀγαλλιᾶσθε
1079 3351 1094 3393 ς
1123 3327 1322 3383 mend.
1358 3329 1526 3400 Barb.
1554 3323 2016 3400 ιίιγοιλλιέισθοιιηἯι
2047 3329 2190 3400 Οῳβ.
2223 3323 2652 3400 ποιμαίνειν·

2645 3257 2954 3313 eeendum.
2989 3257 3132 3313 Cass.
3159 3260 3224 3312 A.
3260 3255 3345 3310 ἐπὶ
3374 3255 3596 3311 πλοῖον.

2731 3327 2855 3382 arb.
2914 3331 3186 3398 ποιμενεῖ.
3221 3325 3267 3363 ⁷³
3325 3329 3495 3385 Barb.
3531 3324 3601 3382 δι’

211 3395 377 3464 αὐτῆς
410 3393 466 3450 δὲ
496 3396 700 3470 χωϊκοὶ
731 3393 783 3451 οἳ
812 3396 1126 3472 ἐπουράνιοι
1165 3425 1179 3467 ;
1209 3404 1270 3455 at
1291 3399 1503 3454 melius
1536 3393 1680 3455 Cass.
1716 3405 1772 3453 Β.
1808 3395 1878 3452 δι’
1909 3397 2074 3466 αὐτῆς
2108 3394 2166 3451 δὲ
2225 3397 2278 3451 οἱ
2307 3393 2496 3452 χοῖιιοὶ
2530 3395 2871 3472 ἐπουράνιοι.

1792 3516 2014 3572 ΝΟΤίΕ.

213 3616 332 3696 ρος)
363 3614 1066 3696 excipiendo__destinatzn
1115 3615 1344 3696 scilicet
1399 3616 1852 3696 in_conceptione
1881 3621 1925 3684 C
1966 3614 2159 3670 ficatio
2197 3613 2310 3696 ‘(uti
2357 3614 2538 3696 patet)
2587 3615 2668 3668 ita
2697 3613 2922 3696 “locum
2961 3614 3169 3696 habuit
3227 3615 3289 3668 in
3341 3615 3605 3696 l)_eiparze

213 3686 477 3759 Deiparaa
503 3703 668 3759 ;ergo
700 3688 892 3742 Mariis
923 3689 1229 3759 conceptio
1257 3705 1376 3742 non
1411 3687 1593 3743 solius
1624 3694 1850 3743 natura;

214 3758 318 3814 (sic
351 3757 509 3811 enim
540 3757 617 3813 ad
644 3758 835 3829 legem
888 3757 1125 3829 peccati
1173 3760 1541 3830 spectasset),
1591 3759 1694 3815 sed
1724 3777 1852 3829 gra-

217 3830 311 3883 tiae
345 3845 579 3899 quoque
610 3846 758 3900 opus
786 3830 918 3884 fuit.

288 3900 435 3954 Hinc
466 3901 728 3956 Ecclesia
749 3903 948 3956 Grmca
978 3900 1038 3954 in
1068 3902 1249 3957 sacris
1295 3900 1478 3971 hujus
1510 3900 1851 3956 solemnita-

216 3971 290 4045 tis
321 3971 532 4045 olﬁciis
572 3972 731 4045 canit
763 3980 993 4045 veteres
1051 3972 1198 4045 legis
1254 3973 1494 4045 umbras
1552 3973 1851 4028 exoriente

217 4043 450 4115 Virgine
511 4044 838 4111 transiisse,
892 4043 1033 4114 quia
1085 4043 1348 4115 splendor,
1396 4046 1614 4115 gratiae,
1667 4045 1724 4098 id
1779 4050 1854 4100 est

215 4113 430 4181 Maria),
466 4115 687 4170 elTulsit
715 4117 886 4182 (Men.
907 4113 1002 4170 die
1023 4132 1078 4169 1x
1108 4113 1244 4172 Dec.
1270 4113 1388 4170 Ode
1419 4114 1485 4174 c’\
1510 4131 1524 4169 :
1563 4116 1700 4170 Vere
1721 4117 1853 4184 legis

215 4186 426 4241 umbra?
451 4194 790 4255 praetereunt
818 4205 840 4251 ;
868 4203 986 4242 ecce
1033 4189 1176 4241 enim
1203 4189 1405 4243 divina
1435 4189 1635 4256 gratiae
1669 4187 1855 4256 splen-

213 4256 313 4311 dor
357 4259 518 4326 Virgo
549 4258 807 4328 refulget,
837 4259 1005 4313 nubes
1034 4259 1134 4313 illa
1184 4275 1212 4313 e
1267 4273 1380 4328 qua
1406 4273 1528 4312 vere
1566 4273 1853 4312 coruscans

213 4329 295 4401 sol
323 4329 546 4386 Deitatis
577 4326 1062 4401 exoriturméuou
1118 4328 1173 4381 at
1223 4326 1385 4401 cat-ai
1443 4329 1625 4401 σαφῶς
1678 4346 1851 4401 παρα·

209 4397 517 4473 τρέχουσιν·
553 4400 713 4473 αὐγήΔ
743 4397 1000 4473 vapido?)
1021 4405 1153 4473 J15):
1177 4397 1359 4473 Δθείοις
1411 4397 1851 4473 χάριτος-ἐμφα-

213 4460 413 4546 vicerat
464 4460 828 4546 ﬁ_na§6é~léc;
912 4460 1119 4546 vepélq
1279 4470 1346 4539 ἧς
1403 4460 1715 4546 ὅίῥαιδρὸξ

215 4539 472 4613 θεύτητος
503 4539 714 4613 ἀνίσχει
746 4538 916 4601 ὄντως
945 4538 1149 4612 ἣλιος).
1179 4538 1247 4595 Et
1283 4538 1494 4596 rursus
1522 4538 1728 4597 eadem
1759 4542 1854 4596 die

214 4611 480 4667 celebrat
501 4611 700 4667 Graeca.
728 4613 991 4668 Ecclesia
1020 4611 1304 4682 conceptas
1349 4615 1411 4667 in
1451 4616 1636 4668 Anna;
1685 4618 1852 4668 utero

206 4684 491 4753 primitias
564 4698 724 4739 novae
798 4685 1172 4752 aediﬁcationis
1245 4684 1435 4753 (ibid.)
1499 4701 1510 4738 :
1572 4685 1854 4739 Exsultent

212 4761 420 4811 montes
450 4760 500 4809 et
530 4755 708 4821 colles,
740 4757 918 4825 campi
951 4760 999 4808 et
1038 4756 1237 4825 maria,
1287 4755 1580 4810 multitudo
1631 4756 1854 4825 angelo-

209 4841 355 4893 rum,
425 4832 475 4881 et
529 4828 841 4881 universum
869 4824 1209 4880 mortalium
1264 4840 1482 4893 genus;
1513 4829 1667 4881 Anna
1709 4824 1853 4882 enim

210 4897 459 4952 divinum
507 4899 730 4952 Domini
787 4896 1069 4965 templum,
1124 4912 1276 4952 nova:
1312 4897 1695 4966 adiﬁcationis
1736 4901 1854 4966 pri-

209 4970 396 5054 mitias
426 4971 692 5054 concepit.
727 4967 867 5054 ’Ὀρη
890 4963 990 5054 ἠκριί
1028 4965 1237 5054 βουνοὶ,
1280 4963 1463 5054 πεδία.
1488 4967 1577 5021 καὶ
1597 4963 1851 5054 ’θάλᾱσσα
1880 4989 1928 5052 D

210 5037 464 5114 ἀγγέλων
494 5036 824 5114 πλῇθὺςῄκαὶ
884 5036 1235 5114 πᾷσαίᾼφύσις
1296 5038 1505 5114 βροτῶν
1561 5037 1846 5114 εύφραινέ-

211 5107 420 5185 σθωσαν
450 5114 547 5185 τοῦ
579 5107 860 5185 δεσπύτου·
884 5110 948 5164 τὸ
981 5107 1121 5172 θεῖον
1151 5110 1252 5183 γὰρ
1289 5107 1538 5182 τέμενος,
1589 5107 1846 5185 ἀπαρχὴν

211 5178 602 5252 ἀναδομήοεως
626 5179 837 5251 ἐδέξατο
864 5185 1074 5253 ’¹Αννα.)

283 5255 387 5326 (29)
419 5256 563 5310 Cum
593 5255 1052 5326 haudquaquam
1083 5253 1496 5326 materialiter,
1542 5253 1645 5309 sed
1677 5253 1852 5326 spiri-

209 5322 452 5399 tualiter
480 5322 824 5399 accipienda
842 5322 919 5381 sit
941 5325 1235 5399 restitutio
1253 5325 1359 5380 illa
1386 5325 1633 5399 collapsi
1657 5322 1848 5380 taber-

208 5397 430 5469 naculi.
463 5397 886 5469 minarumque
943 5397 1254 5452 mdiﬂcatio
1288 5413 1322 5451 a
1367 5397 1657 5469 propheta
1696 5414 1845 5468 prea-

208 5468 484 5525 nuntiata
509 5491 522 5537 ;
548 5471 618 5526 de
649 5468 1078 5526 restauratione
1108 5469 1287 5538 igitur
1315 5483 1421 5538 per
1451 5468 1742 5524 Christum
1762 5469 1848 5523 fa-

209 5540 439 5609 cienda,
474 5547 531 5596 et
558 5542 629 5596 de
661 5541 1054 5596 aedificatione
1083 5556 1192 5664 ger
1215 5539 1463 5611 gratiam
1484 5539 1851 5610 perﬁcienda

209 5627 404 5664 sermo
435 5619 540 5664 est-
572 5615 820 5664 Insuner
849 5613 1077 5664 eiusmo
1125 5611 1141 5664 i
1174 5611 1525 5664 restauratio
1550 5616 1608 5664 et
1637 5610 1845 5664 retudi-

209 5627 404 5666 sermo
435 5619 540 5671 est.
572 5615 820 5684 Insuper
849 5610 1141 5684 ejusmodi
1174 5610 1525 5666 restauratio
1550 5616 1608 5666 et
1637 5610 1845 5666 resedi-

1964 3686 2351 3755 conceptione
2383 3691 2440 3739 et
2472 3685 2873 3756 generatione,
2914 3690 2979 3738 ut
3026 3685 3394 3740 tabernaculi
3445 3685 3608 3742 illius

1965 3757 2183 3812 erectio
2215 3756 2442 3826 sitipsa
2496 3756 2760 3826 Deiparaa
2817 3757 3143 3826 conceptio.
3179 3756 3378 3826 Atqui,
3442 3757 3489 3810 si
3544 3757 3606 3812 in

1963 3827 2350 3898 conceptione
2383 3825 2636 3895 Virginis
2667 3843 2808 3881 suus
2839 3826 3104 3896 reliquus
3126 3825 3336 3880 fuisset
3365 3833 3605 3896 peccato

1961 3898 2306 3969 locus.jamg
2326 3898 2389 3952 in
2418 3899 2547 3968 ipsa
2591 3899 2977 3968 conceptione
3026 3898 3173 3969 jure,
3226 3898 3434 3952 merito
3486 3915 3606 3952 non

1963 3967 2203 4042 quidem
2234 3967 2992 4042 tabernaculierectionem
3015 3968 3474 4042 suspiceremus,
3502 3969 3607 4024 sed

1962 4039 2166 4097 ruinas
2189 4046 2247 4096 et
2302 4040 2535 4110 lapsum
2593 4039 3060 4110 deploraremus.
3127 4041 3398 4094 lteratam
3470 4055 3605 4111 ergo

1963 4113 2398 4169 confessionem
2479 4111 2760 4165 doctrina;
2815 4129 2850 4167 a
2903 4111 3166 4180 Deiparaa
3217 4111 3606 4180 conceptione

1962 4184 2186 4256 peccati
2219 4183 2411 4237 omnis
2444 4182 2846 4256 suspicionem
2879 4181 3249 4256 excludentis
3296 4181 3603 4256 habemus.

2035 4257 2144 4326 (30)
2167 4255 2297 4310 Gen.
2331 4269 2480 4319 χιιι,
2513 4255 2565 4306 8.
2600 4253 2737 4326 Su_p.
2769 4255 2797 4321 §
2835 4256 2865 4326 '_l
2923 4253 3052 4326 cod.
3123 4252 3291 4307 Barb.
3349 4253 3606 4307 habebat

1962 4320 2280 4390 αἱνὲσουσιν,
2316 4339 2475 4378 nunc
2506 4320 2787 4378 mendose
2845 4320 3137 4391 ἐννὲσεσαν,
3183 4329 3432 4394 uterque
3466 4340 3599 4378 vero

1962 4400 2104 4453 Cres.
2140 4395 2370 4449 αἶ’νεσαν.
2407 4397 2618 4449 Notum
2659 4400 2748 4449 est
2771 4400 2969 4450 autem
3002 4400 3060 4450 et
3113 4395 3347 4450 codices
3377 4395 3602 4449 versioo

1963 4470 2056 4524 nis
2089 4469 2227 4523 LXX
2259 4467 2352 4521 hic
2383 4466 2570 4521 varias
2601 4467 2886 4522 lectiones
2925 4467 3222 4537 praeferre.
3257 4467 3602 4521 Conf.Scho-

1963 4541 2041 4595 lia
2069 4538 2360 4594 Lamberti
2393 4539 2502 4591 Bos
2532 4538 2594 4591 in
2624 4538 2683 4591 h.
2732 4555 2784 4592 c.

2035 4614 2147 4682 (31)
2169 4611 2312 4682 Caes.
2348 4609 2406 4682 B_.
2442 4607 2680 4682 reliqua
2701 4608 2980 4682 omittens
3001 4623 3190 4682 pauca
3213 4608 3338 4663 htec
3355 4608 3600 4682 retinet:

1961 4675 2146 4738 Ταῦτά
2175 4680 2310 4752 πρὸς
2341 4677 2537 4738 αὐτοὺς
2569 4675 2596 4731 ὂ
2646 4675 2892 4752 ἅγγελος,
2954 4675 3032 4733 ita
3081 4681 3151 4734 ad
3200 4696 3286 4734 eos
3340 4679 3602 4748 Angelus.

1963 4756 2147 4819 Quam
2179 4751 2495 4807 lectionem
2531 4751 2959 4820 praeferendam
2995 4751 3352 4804 censuerim.

2033 4827 2145 4895 (32)
2197 4825 2315 4895 Hoc
2374 4821 2551 4895 etiam
2609 4821 2738 4876 loco
2789 4821 3047 4895 cujusvis
3096 4820 3245 4895 labis
3305 4825 3604 4895 expertem

1963 4891 2272 4966 Deiparam
2303 4891 2636 4966 luculenter
2692 4891 3021 4966 praedicari,
3068 4891 3268 4966 nullus
3328 4891 3604 4966 equidem

1961 4961 2188 5021 dub-ito.
2221 4962 2370 5028 Quid
2399 4963 2558 5017 enim
2589 4961 2728 5019 sunt
2758 4965 2854 5019 hic
2885 4963 3087 5017 terreni
3119 4979 3224 5017 seu
3258 4968 3425 5027 terra,
3483 4961 3602 5016 nisi

1962 5037 2237 5094 homines
2270 5034 2634 5106 incollapszs
2675 5041 2899 5106 natura;
2959 5037 3115 5086 statu
3171 5034 3439 5106 spectati,
3502 5033 3604 5104 qui

1961 5126 2069 5181 per
2096 5103 2532 5181 reparationem
2563 5103 2902 5181 deinde__ad
2960 5108 3178 5181 statum
3207 5105 3408 5174 gratiae
3445 5103 3606 5181 cum

1961 5175 2292 5247 transeunt,
2315 5177 2582 5232 caelestes
2615 5176 2746 5231 ﬁeri
2777 5175 3059 5230 dicuntur
3078 5175 3180 5230 ‘lld
3213 5192 3353 5231 sane
3367 5175 3610 5247 exigunt

1961 5260 2087 5309 tum
2120 5254 2449 5315 contextus,
2483 5255 2606 5302 tum
2629 5247 2713 5301 rei
2741 5247 2927 5317 ipsius
2980 5252 3214 5314 natura,
3269 5253 3394 5302 tum
3423 5248 3606 5302 tritis-

1963 5326 2150 5381 simus
2177 5322 2354 5392 hujus
2380 5319 2695 5392 locutionis
2723 5319 2784 5372 in
2816 5317 3023 5392 lingua,
3046 5319 3446 5373 ecclesiastica.
3464 5334 3607 5392 usus

1963 5414 2034 5452 ex
2064 5389 2378 5450 notissima
2405 5389 2666 5460 Apostoli
2701 5390 3054 5460 sententia(l
3080 5392 3202 5444 Cor.
3221 5393 3393 5455 xv,lr7
3419 5389 3610 5513 seqq.)

1963 5485 2127 5513 summ
2162 5465 2386 5513 ducens
2419 5461 2727 5513 oriainem.
2760 5462 3010 5513 Deinara
3051 5477 3226 5513 norro
3258 5477 3378 5513 non
3431 5476 3525 5513 mo
3574 5475 3606 5513 0

1963 5485 2131 5524 suam
2162 5465 2386 5520 ducens
2419 5461 2727 5532 originem.
2760 5462 3010 5531 Deipara
3051 5477 3226 5532 porro
3258 5477 3378 5515 non
3431 5461 3606 5532 modo

1960 5557 1994 5595 a
2026 5547 2176 5594 terra
2198 5537 2298 5591 illa
2329 5539 2505 5603 atque
2545 5549 2579 5587 a
2610 5535 2837 5587 terrenis
2853 5531 3098 5603 prorsus
3129 5532 3225 5585 hic
3254 5531 3606 5603 sejungitur,

1959 5617 2028 5666 ut
2055 5608 2235 5665 veluti
2267 5623 2298 5660 e
2327 5601 2567 5677 regione
2589 5603 2840 5660 istorum
2854 5601 3054 5659 altero
3079 5605 3142 5658 in
3167 5601 3377 5657 ordine
3417 5601 3610 5657 collo.
