3888 6136
320 251 458 305 1479

1626 247 1929 303 JOANNIS
1963 242 2385 298 EUBCEENSIS

3571 242 3727 295 1480

391 378 503 431 Vos
531 375 711 444 beati,
738 375 1042 431 Joachime
1074 379 1131 429 et
1170 376 1357 440 Anna,
1404 372 1543 443 quia
1598 368 1940 426 rationalem

2144 361 2414 432 Μακάριοι
2466 361 2640 433 ὑμεῖς.
2702 360 2958 433 Ἰωακείμ
3012 360 3102 416 καὶ
3151 363 3337 431 Ἀνν-ι,
3397 362 3483 416 δτι
3542 367 3732 439 παρά-

321 468 659 539 paradisum
690 467 996 539 genuistis.
1029 468 1161 536 Ipsa
1192 465 1349 519 enim
1382 480 1500 518 non
1518 462 1591 517 ab
1615 460 1956 516 hominibus

319 556 515 623 modo,
547 572 746 610 verum
778 557 953 611 etiam
991 554 1062 609 ab
1091 554 1351 624 Angelis,
1384 552 1456 606 ab
1489 549 1892 621 Archangelis,
1924 565 1958 602 a

320 644 637 698 Cherubim
670 650 845 714 atque
878 660 912 697 a
936 642 1243 713 Seraphim
1285 641 1628 694 beatissima
1675 638 1957 709 praedica-

322 738 437 799 tur,
463 733 681 803 quippe
720 749 849 803 quae
882 731 1210 802 impollutis
1268 729 1389 783 suis
1440 727 1761 782 visceribus
1792 741 1957 780 crea-

318 825 586 875 turarum
620 822 887 875 omnium
920 825 976 873 et
1006 818 1263 891 paradisi
1284 822 1587 872 auctorem
1620 814 1885 887 gestavit.

386 909 531 964 XIII.
566 910 635 962 Et
665 924 799 963 ecce
829 914 896 963 ut
926 913 1097 961 Anna
1125 907 1195 961 ab
1245 905 1467 977 Angelo
1516 902 1737 959 audivit
1789 919 1959 973 pror-

320 1014 420 1052 sus
452 997 892 1052 immaculatam
922 995 1182 1067 puellam
1214 994 1322 1065 (33)
1358 1010 1419 1048 se
1451 997 1869 1062 concepturam
1892 1005 1959 1043 ac

319 1086 643 1155 parituram
668 1101 813 1151 esse,
850 1084 1059 1156 gaudio
1088 1083 1299 1155 gestire
1324 1082 1519 1151 coepit.
1554 1079 1825 1134 Nondum
1864 1093 1961 1131 au-

319 1177 439 1227 tem
472 1173 521 1228 is
544 1174 767 1241 aderat,
802 1189 979 1244 quem
1011 1170 1431 1242 exspectabat“:
1462 1168 1715 1223 dilectus
1745 1182 1959 1237 nempe

322 1262 559 1333 conjux.

388 1351 535 1405 Cum
558 1350 756 1422 itaque
778 1350 978 1422 justus
1011 1366 1245 1421 quoque
1275 1347 1612 1403 Joachimus
1641 1346 1844 1400 laetum
1862 1360 1957 1399 ac-

317 1440 573 1510 cepisset
604 1440 880 1495 nuntium
909 1439 1094 1493 futuri
1126 1438 1197 1493 de
1231 1435 1449 1491 lumbis
1472 1435 1594 1489 suis
1615 1438 1958 1505 conceptus,

317 1527 538 1583 laetitias
570 1534 887 1601 apparatus
912 1529 973 1582 in
997 1527 1244 1598 duplum
1276 1542 1342 1580 ac
1396 1524 1643 1594 triplum
1703 1521 1961 1577 instituit

316 1616 626 1685 adornare,
648 1634 715 1672 ac
747 1617 995 1688 decuplo
1026 1615 1238 1687 gaudio
1268 1619 1326 1688 et
1387 1612 1784 1667 exsultatione
1817 1611 1959 1664 effe-

315 1704 574 1760 rebatur.
608 1704 981 1775 Cumque,uti
1009 1706 1412 1767 consueverat,
1437 1701 1565 1770 jam
1596 1700 1771 1770 plene
1804 1698 1961 1753 dona

316 1798 375 1847 et
394 1793 685 1847 sacrificia
713 1793 1042 1861 obtulisset,
1078 1790 1298 1845 sterilis
1328 1788 1636 1859 concepit;
1670 1792 1729 1842 et
1750 1804 1959 1857 exspe-

311 1880 554 1935 ctabant
583 1881 755 1935 ambo
788 1881 1043 1934 fructum
1076 1878 1496 1951 generationis,
1533 1876 1727 1947 qualis
1749 1892 1961 1947 nempe

311 1968 465 2022 foret
494 1968 693 2039 proles
722 1969 1057 2024 nascitura.

390 2058 571 2111 Porro
586 2058 843 2111 instante
860 2058 985 2127 jam
1009 2062 1275 2127 tempore
1301 2053 1733 2125 augustissima:
1752 2052 1962 2107 nativi-

319 2144 457 2199 tatis
488 2145 664 2215 plane
697 2144 1091 2199 immaculata)
1126 2143 1338 2213 puellas
1370 2159 1435 2197 ac
1494 2140 1804 2195 Genitricis
1836 2140 1962 2208 Dei,

318 2233 732 2303 propheticum
764 2232 1073 2301 impletum
1096 2236 1185 2285 est
1208 2228 1700 2300 oraculum,quod
1722 2229 1958 2284 locutus

321 2326 412 2373 est
441 2320 655 2374 Isaias:
687 2323 917 2385 Laetare,
943 2319 1144 2373 sterilis
1196 2335 1316 2388 quae
1366 2334 1478 2371 non
1518 2321 1676 2387 paris
1701 2318 1789 2388 (e).
1845 2318 1964 2372 ιω.

321 2415 443 2465 tata
462 2416 553 2467 est
580 2411 740 2466 enim
773 2415 831 2465 et
854 2409 1169 2465 exsultavit
1214 2409 1471 2463 maxime
1514 2408 1690 2463 beata
1746 2411 1917 2462 Anna
1949 2424 1965 2474 ;

322 2504 382 2553 et
410 2499 559 2554 dixit
582 2498 882 2555 obstetrici
918 2516 931 2553 :
963 2497 1112 2563 Quid
1144 2498 1347 2569 peperi
1379 2498 1407 2552 ‘I
1427 2502 1485 2551 et
1513 2496 1822 2568 respondit
1857 2496 1965 2551 ob-

394 2633 465 2707 (e)
499 2635 609 2689 Isa.
644 2650 786 2689 inv.
825 2635 875 2702 1,
899 2648 1015 2688 sec.
1053 2631 1212 2685 LXX.

2065 449 2239 506 δεισον
2275 450 2493 524 λογικὸν
2554 450 2831 521 ἐκυήσατε.
2892 450 3042 518 Αὐτὴ
3096 451 3199 525 γὰρ
3253 451 3317 505 οὐ
3380 453 3549 524 μόνον
3622 454 3731 508 ὑπὸ

2067 541 2368 615 ἀνθρώπων
2418 540 2791 612 μακαρίζεται,
2849 537 2997 594 ἀλλὰ
3075 540 3165 594 καὶ
3228 541 3332 594 ὑπὸ
3410 540 3731 616 Ἀγγέλων,

2072 628 2294 684 καὶτῶν
2350 624 2631 703 Χερουϐὶμ
2683 628 2775 683 καὶ
2820 632 2928 682 τῶν
2995 628 3263 705 Σεραφίμ·
3298 630 3435 696 αὐτή
3496 630 3601 704 γὰρ
3636 631 3728 685 τὸν

2066 718 2367 793 φυτουργὸν
2397 725 2497 787 τῆς
2516 718 2740 778 κτίσεως
2768 718 2857 772 καὶ
2888 720 2935 754 ’³⁸
2956 721 3052 771 τοῦ
3074 714 3404 791 παραδεῖσου
3436 718 3489 788 ἐξ
3514 719 3727 793 ἀχρείν-

2063 826 2171 860 των
2203 807 2372 876 αὐτῆς
2394 806 2637 881 λαγόνων
2668 806 3054 883 έκυοφόρησεν.

2136 896 2237 952 1Γ“.
2269 893 2373 950 Καὶ
2404 892 2523 949 ἷδοὶ)
2553 897 2727 951 ’Ἄννα
2758 893 3032 948 ἀκούσασα
3091 895 3238 968 παρᾶ
3293 898 3390 949 τοῦ
3445 894 3728 971 ’Δγγέλοο

2064 984 2163 1050 τὴν
2195 981 2469 1056 συλληψιν
2526 983 2614 1037 καῖ
2653 982 2899 1058 γέννησιν
2958 988 3057 1052 τῆς
3111 983 3458 1056 παναμώμου
3521 985 3732 1057 κόρης,

2066 1070 2265 1142 ἤρξατο
2295 1072 2389 1143 μὲν
2423 1070 2654 1145 χαίρειν·
2716 1069 2868 1125 οὕπω
2922 1067 2980 1125 δὲ
3033 1072 3219 1146 παρὼν
3270 1071 3335 1140 ἦν
3398 1077 3426 1125 ὁ
3478 1070 3728 1145 προσδο-

2064 1158 2335 1231 κώμενος,
2368 1157 2492 1229 ἤτοι
2529 1160 2557 1214 ὁ
2589 1159 2868 1235 ἀγαπητὸς
2901 1159 3176 1221 σύνευνος.

2140 1337 2433 1411 Δεξάμενος
2481 1342 2764 1414 τοιγαροῦν
2820 1338 2912 1393 καὶ
2984 1339 3013 1393 ὁ
3066 1336 3273 1401 δίκαιος
3335 1340 3608 1412 ’Ῑωακεῖμ
3664 1341 3731 1394 τὰ

2065 1429 2164 1490 τῆς
2195 1425 2521 1500 συλλήψεως
2551 1432 2650 1495 τῆς
2708 1427 2757 1498 ἐξ
2814 1425 3018 1503 ἀσφῦος
3048 1426 3212 1481 αὐτοῦ
3247 1424 3561 1502 εὐαγγέλια,
3622 1428 3726 1501 ἧρ-

2069 1517 2190 1586 ξατο
2217 1516 2516 1589 ἑτοιμάζειν
2534 1514 2599 1569 τᾶ.
2623 1521 2723 1583 τῆς
2776 1520 2953 1589 χαρᾶς
2984 1514 3154 1570 διπλᾶ
3211 1516 3298 1569 καὶ
3332 1518 3570 1589 τριπλᾶ,
3634 1516 3725 1569 καὶ

2069 1602 2514 1673 δεκαπλασιάζων
2565 1598 2754 1678 ἔχαιρε
2807 1604 2899 1658 καὶ
2948 1602 3278 1679 ῆγαλλιᾶτο·
3328 1604 3422 1658 καὶ
3468 1601 3538 1673 δὴ
3593 1604 3735 1674 πλη-

1988 1732 2036 1796 B
2067 1695 2240 1769 ρώσας
2272 1696 2443 1748 πάντα
2465 1694 2644 1756 καθὼς
2672 1692 2738 1761 ἧν
2792 1692 2943 1764 αὐτῷ
2997 1692 3306 1765 εἴθισμένον
3334 1693 3402 1761 ⁷⁵,
3465 1693 3537 1747 τὰ
3584 1690 3734 1767 δῶρα

2146 1783 2158 1796 ι
2235 1782 2246 1796 ι
2325 1794 2335 1796 μ
2422 1781 2433 1796 Ι
2711 1782 2722 1796 Ι
3034 1781 3074 1796 l\
3131 1777 3160 1796 ο
3288 1784 3302 1796 Ι
3470 1783 3482 1796 Ι
3721 1783 3731 1794 ι

2071 1782 2285 1843 καὶτὰς
2316 1781 2866 1859 θυσίαςπροσφέρειν,
2929 1777 3219 1836 συνέλαϐεν
3278 1784 3312 1851 ἡ
3367 1783 3584 1855 στείρα·
3645 1783 3734 1835 καὶ

2081 1872 2338 1944 ἀνέμενον
2367 1872 2662 1948 ἀμφότεροι
2693 1870 2783 1924 τὸν
2842 1870 3046 1943 καρπὸν
3100 1878 3201 1940 τῆς
3278 1872 3617 1945 γεννήσεως,
3678 1874 3732 1925 τὸ

2081 1959 2135 2015 τί
2167 1958 2225 2014 ἃν
2260 1959 2341 2030 εἴη
2372 1963 2419 1997 ⁷⁸
2446 1960 2509 2014 τὸ
2540 1954 2977 2032 ἀποϐησόμενον.

2156 2050 2254 2104 Καὶ
2306 2050 2626 2124 ἐγγίσαντος
2678 2053 2774 2103 τοῦ
2832 2052 3022 2122 καιροῦ
3079 2054 3177 2117 τῆς
3235 2049 3559 2104 πανσὲπτου
3620 2071 3733 2124 γεν-

2080 2141 2289 2211 νήσεως
2312 2146 2410 2207 τῆς
2438 2136 2783 2211 παναμώμου
2837 2138 3007 2210 κόρης
3060 2138 3151 2193 καὶ
3207 2140 3494 2209 θεοτόκου,
3556 2138 3732 2209 ἐπλη-

2083 2230 2233 2304 ρώθη
2268 2230 2295 2282 ὁ
2326 2229 2664 2305 προφητικὸς
2716 2225 2908 2302 λόγος,
2966 2226 3023 2281 ὅν
3082 2222 3276 2300 ἔφησεν
3336 2227 3593 2290 Ἡσαΐας·
3629 2229 3731 2285 Εὖ-

2080 2318 2369 2394 φράνθητι,
2452 2316 2630 2392 στείρα
2702 2318 2738 2384 ἡ
2798 2316 2862 2370 οὑ
2921 2315 3193 2372 τίκτουσα.
3249 2316 3346 2370 Καὶ
3409 2316 3727 2395 ηὐῳράνθη,

2076 2406 2167 2461 καὶ
2199 2406 2579 2480 ἠγαλλιάσατο
2630 2406 2666 2473 ἡ
2729 2404 2968 2479 μακαρία
3019 2409 3183 2460 Ἀννα
3238 2402 3476 2482 σφόδρα,
3507 2407 3601 2461 καὶ
3663 2406 3726 2459 εἶ-

2076 2516 2173 2550 πεν
2200 2499 2269 2569 τῇ
2306 2494 2458 2569 μαίᾳ·
2488 2494 2555 2552 Τί
2580 2492 2836 2568 ἐγέννησα
2875 2514 2891 2563 ;
2926 2493 3015 2548 καὶ
3071 2494 3213 2548 εἶπεν
3244 2496 3281 2563 ἡ
3344 2499 3507 2566 μαῖα·
3550 2493 3727 2563 Θῆλυ-

1679 2718 1912 2773 νΑΒΙᾸΞ
1954 2718 2245 2773 LECTION
2251 2718 2353 2772 ES.

388 2826 435 2865 7‘
468 2828 657 2884 Verba
682 2830 780 2891 τῆς
824 2825 1048 2887 κτίσεως
1079 2824 1212 2896 Ακαὶ,
1274 2842 1403 2896 quas
1470 2842 1505 2880 a
1552 2825 1721 2881 Barb.
1784 2824 2019 2893 absunt,
2047 2825 2365 2896 desumpta
2395 2830 2534 2896 sunt
2559 2840 2628 2879 ex
2658 2826 2803 2880 Caes.
2836 2826 2903 2879 A.
2936 2823 2983 2857 ⁷⁵
3017 2824 3184 2880 Barb.
3217 2823 3547 2896 ἠθισμὲνον,
3580 2827 3715 2881 Caes.

321 2902 383 2955 A.
415 2897 719 2971 ἠθισμένω.
752 2900 796 2934 ⁷⁸
826 2897 928 2968 Εῒη
958 2892 1373 2968 ἀποϐησόμενον
1404 2913 1539 2952 cum
1564 2897 1687 2951 Caas
1718 2898 1810 2962 Α.,
1845 2896 2012 2952 Barb.
2037 2895 2072 2963 ἦ
2105 2896 2166 2949 τὸ
2198 2892 2651 2968 ἀποκτισόμενον.

1920 3019 2140 3073 NOTAE.

320 3154 522 3225 cetur;
558 3147 659 3225 sed
691 3148 873 3218 (quod
903 3146 1083 3225 probe
1118 3146 1369 3225 notabis)
1402 3145 1542 3200 dum
1593 3145 1704 3225 boc
1729 3145 1957 3225 _ipsum
1993 3145 2036 3211 C
2076 3144 2556 3225 quijustissimos
2577 3144 2685 3225 :ibi
2718 3143 3063 3225 enimquod
3078 3142 3724 3225 conditioniscratmon

322 3219 600 3286 efficitur,
635 3216 763 3289 ipsa
794 3216 921 3272 non
956 3220 1179 3273 ca'lestis
1236 3218 1467 3283 dicitur,
1506 3216 1634 3289 ~sed
1692 3216 1959 3289 absolute

322 3292 516 3344 ccelum
547 3287 833 3343 vocatur:
875 3305 1087 3359 nempe
1135 3289 1181 3342 si
1230 3289 1457 3342 caelestis
1488 3287 1803 3359 diceretur,
1850 3287 1957 3359 ali:

319 3361 462 3430 quid
497 3360 713 3413 habere
747 3356 1062 3430 commune
1083 3375 1223 3430 cum
1260 3359 1329 3411 iis
1362 3358 1509 3411 forte
1539 3358 1837 3430 videretur
1859 3356 1959 3427 qui

318 3428 592 3484 caelestes
626 3430 755 3483 ﬁeri
784 3429 1003 3482 ibidem
1036 3429 1333 3493 dicuntur,
1367 3434 1542 3481 antea
1574 3428 1793 3482 terreni
1826 3443 1962 3482 cum

313 3500 535 3555 fuerint
559 3517 572 3554 :
607 3500 746 3554 dum
778 3516 911 3553 vero
935 3499 1201 3554 absolute
1225 3499 1558 3569 appellatur
1581 3498 1961 3561 ccelum,haud

319 3572 567 3627 obscure
601 3571 889 3636 innuitur,
924 3571 1075 3625 hanc
1105 3571 1415 3638 (donorum
1461 3586 1703 3623 suorum
1736 3570 1797 3623 in
1829 3585 1960 3623 eam

321 3643 626 3698 cumulum
651 3642 993 3696 conferente
1022 3644 1139 3697 Deo
1172 3658 1275 3712 pro
1328 3640 1633 3712 singulari,
1677 3641 1750 3694 ad
1782 3656 1960 3710 quam

322 3714 510 3769 electa
538 3714 749 3779 fuerat,
782 3713 1089 3784 dignitate)
1145 3729 1313 3767 suam
1344 3712 1523 3766 veluti
1575 3712 1804 3782 sibique
1833 3728 1964 3782 pro-

319 3786 510 3856 priam
536 3786 830 3856 exstitisse
858 3784 1279 3838 conditionem.

387 3855 452 3909 Id
482 3871 615 3909 vero
642 3855 1054 3908 luculenterex
1078 3870 1143 3908 eo
1176 3852 1747 3922 confirmatur,quod
1766 3853 1959 3907 Maria;

322 3932 607 4006 conceptae
635 3925 1038 4006 conditionem
1060 3942 1168 4005 ope
1183 3925 1369 4006 liust
1390 3924 1961 4006 imaginis-exhibere

318 3994 857 4051 familiarissimum
892 3996 952 4049 in
998 3994 1546 4050 Orientis’Ecclesia
1591 3994 1773 4049 fuisse
1804 3995 1963 4049 novi-

316 4084 470 4139 mus.
502 4069 589 4122 Ita
618 4068 895 4139 Georgius
926 4065 1393 4139 Nicomediensis
1451 4068 1536 4133 (ut
1589 4065 1699 4139 hoc
1750 4066 1961 4120 saltem

316 4138 413 4192 hic
435 4139 704 4208 innuam)
735 4136 1043 4193 celebrans
1067 4138 1318 4208 Virginis
1347 4136 1815 4208 conceptionem,
1850 4154 1962 4192 cm-

321 4208 447 4281 lum
471 4208 642 4263 nobis
666 4207 865 4263 datum
880 4208 1367 4281 gratiafulgidum
1388 4207 1961 4281 proclamat(orat..'_3,

323 4281 385 4333 in
415 4280 665 4348 Concept.
693 4286 745 4333 et
802 4277 932 4334 Nat.
968 4280 1121 4349 Deip.
1170 4277 1338 4334 Auct.
1371 4277 1681 4333 Combefis.
1715 4285 1860 4335 tom.
1913 4279 1958 4347 I,

321 4350 436 4405 col.
472 4351 670 4420 1043):
705 4350 912 4405 Caelum
961 4351 1251 4405 sublimius
1306 4351 1500 4419 (terra)
1550 4351 1756 4419 ewcipit
1803 4350 1961 4405 hodie

362 4423 588 4486 enitum,
620 4420 812 4475 caelum
843 4420 1074 4475 lucidius
1124 4436 1350 4490 prorsus
1406 4426 1457 4473 et
1511 4422 1823 4489 spatiosius,
1855 4437 1958 4475 cz-

322 4440 677 4545 ?um...auod
716 4507 824 4544 non
878 4490 1185 4545 visibilibus
1244 4493 1426 4545 astris.
1484 4490 1582 4543 sed
1638 4491 1958 4545 multiplicis

2075 3214 2233 3285 quod
2264 3217 2677 3287 reparationis,
2742 3215 3111 3287 exprimitur.
3147 3216 3372 3287 Rursus
3428 3222 3635 3287 autem
3678 3214 3729 3267 id

2072 3284 2473 3356 maximopere
2496 3288 2610 3341 vim
2650 3284 2833 3341 dictis
2874 3286 3037 3340 addit
3071 3302 3083 3339 :
3140 3284 3189 3337 si
3230 3285 3389 3338 enim
3458 3286 3546 3339 illi
3605 3292 3727 3339 utut

2063 3355 2384 3427 justissimi
2410 3365 2559 3412 terra
2588 3375 2655 3412 ac
2686 3361 2891 3412 terreni
2920 3355 3201 3427 appellati
3236 3362 3395 3421 sunt,
3450 3357 3565 3410 hoc
3610 3374 3725 3410 non

2071 3435 2321 3482 terrena}
2351 3445 2555 3483 eorum
2570 3428 3134 3485 conversationi.sed
3151 3428 3365 3480 vitiata)
3385 3428 3721 3481 conditioni

2071 3499 2452 3553 tribuendum
2483 3508 2588 3555 est.
2624 3502 2803 3571 Ergo,
2826 3500 2873 3553 si
2923 3506 2979 3552 et
3009 3499 3258 3568 Deipara
3288 3498 3477 3571 semel
3511 3499 3726 3571 eodem

2071 3571 2317 3642 originis
2340 3571 2477 3625 vitio
2512 3569 2731 3626 infecta
2786 3570 3014 3635 fuisset,
3049 3586 3216 3638 aequo
3277 3569 3413 3637 jure
3465 3576 3525 3623 et
3596 3570 3727 3640 ipsa

2071 3648 2217 3696 terra
2246 3648 2297 3695 et
2328 3648 2545 3696 terrena
2575 3643 2892 3708 audivisset,
2956 3657 3073 3694 non
3132 3646 3330 3694 autem
3374 3657 3483 3694 sua
3540 3642 3728 3694 veluti

2071 3712 2409 3767 conditione
2442 3714 2653 3776 caelum,
2688 3728 2794 3783 per
2820 3728 2995 3783 quam
3021 3716 3079 3765 et
3121 3717 3396 3783 parentes
3455 3712 3591 3780 ejus
3625 3729 3733 3767 ea-

2072 3730 2409 3767 conumone
2442 3730 2653 3776 caelum,
2688 3730 2794 3783 per
2815 3730 2995 3835 Euam
3021 3730 3079 3765 et
3121 3730 3396 3781 parentes
3455 3730 3591 3780 ελσε
3625 3730 3733 3767 ρας

2072 3785 2223 3839 testes
2254 3784 2571 3838 evaderent
2594 3800 2811 3854 querna
2858 3783 3097 3836 modum
3121 3789 3179 3854 et
3232 3782 3491 3854 Joannes
3522 3791 3737 3837 noster

2069 3855 2316 3916 indicat.
2340 3862 2397 3909 et
2422 3855 2506 3909 sic
2524 3853 2824 3926 eleganter
2852 3853 3234 3925 prosequitur
3260 3853 3435 3926 etiam
3456 3854 3731 3909 Isidorus

2068 3925 2830 3996 Thessalonicensis’epise.
2873 3926 3023 3981 Orat.
3060 3926 3127 3978 de
3154 3926 3339 3979 Natio.
3366 3925 3525 3993 Deip.
3563 3928 3682 3989 ",9
3714 3943 3727 3979 :

2069 3999 2235 4051 Anna
2290 4014 2415 4051 vero
2474 4014 2595 4052 cum
2646 4003 2952 4066 generaret,
3002 3996 3121 4063 ﬁlia
3188 4011 3286 4049 sua
3344 3996 3641 4063 indigebat
3673 4004 3733 4050 ut

2068 4075 2492 4137 generaretur...
2544 4070 2727 4138 Neque
2778 4071 2899 4138 ipsa
2951 4068 3145 4131 solum,
3212 4080 3342 4135 qua:
3392 4083 3502 4135 per
3536 4084 3731 4137 preces

2068 4145 2243 4193 mater
2272 4141 2321 4193 ei
2340 4138 2476 4207 fuit,
2524 4140 2618 4193 sed
2674 4139 2916 4208 ejusdem
2972 4138 3139 4191 etiam
3195 4140 3526 4205 progenitor
3590 4156 3727 4208 opus

2070 4209 2283 4279 (tabuit,
2313 4218 2376 4264 ut
2405 4213 2581 4279 ipsam
2605 4210 2778 4265 velut:
2798 4216 3031 4279 matrem
3048 4209 3533 4279 nanciscerentur.
3559 4214 3729 4263 ‘Am

2070 4276 2128 4354 δζ
2154 4274 2580 4354 ἀναγεννηδῆναι
2619 4286 2719 4354 τῇς
2774 4275 2967 4354 παιδὸς
3017 4274 3187 4354 ἐδεῖτο
3254 4280 3580 4354 γ-εγνῷσα...Α
3633 4280 3718 4354 tu}

2805 4351 2988 4423 μήτηρ
3026 4348 3213 4437 μόνον,
3267 4346 3417 4437 αλλὰ
3441 4419 3457 4437 ι
3487 4351 3586 4404 καὶ
3644 4349 3720 4437 ait

2069 4348 2176 4423 οὐχ
2265 4348 2577 4425 προσευχῆς
2609 4349 2706 4405 alit

3030 4420 3231 4494 ὅσαπερ
3291 4419 3458 4474 οἱονεὶ
3545 4419 3719 4496 μητρί

2066 4420 2373 4495 προπάτορι
2428 4420 2631 4492 ταῦτης
2706 4420 2787 4476 ἐδέ

2706 4442 2826 4492 εοεη
2835 4442 2918 4475 σεν
2930 4464 2943 4489 ,

344 4509 503 4572 um...
532 4491 677 4572 quod
716 4507 854 4572 ηρη⁸
878 4490 1185 4572 uisibilibus
1244 4493 1437 4572 astris,
1484 4490 1582 4572 sed
1619 4491 1963 4572 'multiplicjs
1991 4509 2038 4572 D
2071 4490 2406 4572 χρήσασθαι.

316 4558 629 4634 Spiritualis
657 4560 794 4634 lucis
822 4562 1050 4634 fulgore
1097 4561 1336 4634 nitescit.
1371 4559 1475 4634 Τρν
1512 4558 1827 4634 *ὑπέρτερον
1866 4559 1962 4614 οὐ-

320 4626 938 4706 ρανὸν-ἀποτικτῇόμενον
1002 4629 1390 4706 δέχεταιλτὸνη
1429 4626 1744 4706 ὑπέρφιιξτον
1794 4626 1961 4706 ὄντως

316 4698 408 4757 καὶ
467 4698 1130 4777 εὖρυχωρότέρον...ητ’ᾇν
1201 4700 1321 4777 οὐκ-
1356 4698 1588 4777 ἆξστροιίς
1634 4701 1958 4777 ὁρωμένοις,

319 4778 440 4836 ταῖς
466 4770 697 4842 νοηταῖς
740 4771 798 4828 δὶ
817 4770 1254 4846 ’ποικιλλόμενον
1299 4770 1638 4846 δᾳδουχίαις.
1667 4770 1965 4846 'ld‘ipsum

320 4851 443 4901 tota
472 4849 671 4903 Graeca
692 4847 955 4902 Ecclesia
1001 4845 1061 4900 in
1101 4845 1293 4918 sacris
1351 4845 1965 4918 Deiparaaconceptaa

324 4918 546 4989 Officiis
569 4919 653 4972 sic
675 4918 889 4989 repetit
916 4920 1090 4986 (Men.
1126 4917 1219 4972 die
1269 4935 1323 4971 ιχ
1384 4919 1518 4972 Dec.
1579 4916 1653 4971 ad
1684 4919 1813 4972 init.
1848 4916 1967 4974 Ma-

321 4988 524 5057 tutin.)
551 5004 564 5041 :
596 4991 704 5043 Deo
743 4988 987 5044 omnium
1043 4990 1324 5044 conditore
1372 4992 1620 5057 afﬂante,
1652 5007 1852 5044 novum
1906 4994 1966 5045 in

316 5062 443 5115 sinu
475 5061 651 5113 Anne
680 5061 868 5114 caelum
896 5062 1208 5129 fabricatur
1238 5077 1259 5123 ;
1288 5077 1315 5113 e
1372 5076 1478 5129 quo
1531 5059 1646 5125 ille,
1695 5064 1793 5129 qui
1822 5063 1967 5116 solus

319 5129 563 5185 sincerus
588 5136 662 5183 est
687 5130 965 5185 hominum
986 5141 1221 5198 amator,
1273 5137 1505 5200 propter
1554 5146 1665 5183 sum
1721 5132 1966 5187 charita-

324 5203 395 5255 tis
414 5216 685 5272 excessum
718 5207 986 5272 tanquam
1040 5204 1121 5258 sol
1154 5218 1398 5257 occasum
1446 5202 1686 5255 nesciens
1734 5203 1969 5272 effulge-

324 5272 423 5336 bit,
471 5277 535 5325 ut
585 5270 897 5326 divinitatis
954 5290 1063 5327 sua:
1118 5274 1293 5328 radiis
1349 5273 1662 5327 universum
1704 5270 1966 5329 mundum

321 5342 607 5415 illuminet
639 5358 652 5395 ε
685 5340 784 5411 (Ὀ)
816 5340 933 5401 νέος
991 5342 1232 5415 οὐρανὸς,
1265 5341 1315 5396 έν
1383 5344 1578 5415 κοιλία
1629 5347 1729 5415 τῆς
1758 5344 1964 5413 Ἀννης

318 5411 651 5487 τεκταίνεται
685 5411 1187 5487 Θεοῦ-παντουργοξύ
1216 5411 1589 5487 ἱπινεῦσειηέξ
1642 5413 1819 5471 οὗ.....

395 5486 593 5555 Neque
623 5501 757 5539 vero
782 5484 1071 5540 absonum
1086 5484 1373 5553 videatur,
1390 5485 1633 5557 praefato
1656 5503 1834 5542 sensu
1856 5495 1968 5543 ter-

321 5572 442 5612 ram
467 5563 812 5627 terrenosque
840 5557 1034 5612 vocari
1064 5557 1439 5612 Joachimum
1470 5562 1529 5612 et
1558 5558 1967 5629 Annam,alio-

2143 4566 2255 4636 (33)
2286 4568 2504 4621 Auctor
2532 4566 2630 4622 hic
2659 4571 2943 4636 tanquam
2986 4563 3358 4636 exploratum
3418 4566 3726 4636 supponit,

2074 4639 2306 4691 Annam
2338 4639 2403 4691 de
2427 4638 2597 4707 plane
2626 4635 2982 4692 immaculata
3005 4635 3196 4705 puella
3226 4635 3727 4707 concipiendajam

2074 4708 2152 4780 ab
2177 4708 2384 4780 angelo
2418 4709 2706 4764 monitum
2738 4708 2940 4764 fuisse.
2974 4707 3149 4780 Atqui
3184 4707 3243 4780 in
3267 4723 3389 4780 _eo,
3423 4707 3524 4776 qui
3571 4725 3733 4780 prae-

2076 4776 2350 4840 mittitur.
2385 4780 2579 4851 angeli
2640 4795 2916 4851 sermone
2974 4776 3733 4851 nihil__habes_quod'huc

2076 4856 2321 4921 spectet.
2354 4848 2660 4921 nisi—quod
2691 4851 2869 4905 Maria
2898 4851 3092 4921 cadum
3125 4848 3357 4903 dicatur
3386 4848 3450 4921 in
3492 4849 3737 4920 opposi-

2075 4919 2235 4976 tione
2269 4922 2341 4977 ad
2372 4919 2635 4992 reliquos
2658 4920 2999 4990 omnes.qui
3025 4922 3228 4973 terreni
3250 4919 3735 4990 proclamantur:

2075 4997 2134 5047 et
2164 4993 2321 5063 quod
2352 4993 2527 5063 paulo
2556 5000 2690 5064 post
2718 4992 3057 5064 Joachimus
3105 4996 3174 5064 et
3221 4994 3391 5045 Anna
3450 4992 3739 5046 dicantur

2076 5062 2328 5135 genituri
2353 5062 2677 5133 paradisum
2716 5063 3045 5135 rationalem
3095 5062 3145 5135 (ᾗ
3196 5063 3419 5135 prmo).
3463 5064 3534 5117 Ut
3597 5079 3735 5135 ergo

2073 5132 2265 5189 verbis
2297 5132 2553 5190 auctoris
2577 5152 2683 5190 sua
2695 5142 2810 5190 stet
2830 5132 3398 5206 veritas,dicendum
3422 5140 3513 5206 est
3529 5132 3738 5206 appel-

2076 5205 2329 5261 lationes
2359 5206 2492 5261 illas
2524 5212 2647 5261 tum
2663 5207 2781 5261 caeli
2813 5211 2939 5259 tum
2958 5205 3211 5276 paradisi
3232 5205 3554 5268 rationalis,
3592 5222 3742 5276 quas

2074 5277 2319 5359 angelus
2340 5278 2744 5359 concipienda:
2776 5276 2927 5349 proli
2948 5274 3143 5359 Otribpi
3173 5292 3234 5330 se
3266 5274 3655 5359 perhibetur,
3670 5293 3743 5359 ex

2077 5346 2273 5403 me'nte
2295 5346 2551 5403 auctoris
2582 5346 3205 5419 ipsius—omnimodam
3267 5346 3433 5401 illam
3495 5348 3745 5419 signiﬁ—

2075 5436 2209 5475 care
2238 5419 2578 5492 puritatem,
2606 5418 2784 5492 cujus
2813 5419 3004 5492 gratia
3032 5418 3233 5488 puella
3252 5434 3503 5489 prorsus
3524 5418 3746 5475 imma-

2075 5490 2272 5547 culata
2297 5490 2699 5564 (πανάμωμος)’
2712 5490 3139 5564 proelamatur.
