3888 6136
147 396 175 450 1
186 393 293 448 485

1177 390 1423 447 BERMO
1460 390 1536 445 IN
1571 380 2130 445 CONCBPTIONEM
2172 382 2522 441 DRIPARE.

3415 368 3556 438 1486

147 515 434 572 έπετέλουν
471 558 485 572 .
545 519 668 579 Πῶς
722 511 935 576 πάντως
992 512 1045 568 έν
1100 512 1399 591 εὐφροσύνῃ
1472 512 1565 566 καὶ
1620 508 1787 586 ἀγαλ-

1988 527 2018 565 e
2043 510 2295 583 agebant
2332 509 2677 581 tripudium.
2709 507 3013 574 Quomodo
3034 507 3062 562 ?
3090 523 3335 579 prorsus
3366 510 3424 562 in
3456 509 3552 563 lae—

156 603 339 661 λιάσει
372 601 749 679 ἀχθησὸμεναι
781 602 857 664 εἷς
887 601 1014 657 ναὸν
1047 601 1337 677 βασιλέως.
1372 603 1482 654 Ποῦ
1513 598 1603 653 καὶ
1635 595 1723 652 διὰ
1750 597 1802 651 τί

148 693 247 750 καὶ
277 694 416 767 πρὸς
444 692 561 746 τίνα
582 694 624 729 ⁸⁷
658 711 672 760 ;
704 690 970 759 Δηλονὸτι
1000 691 1136 766 πρὸς
1167 690 1265 757 τὴν
1298 687 1634 760 ἀμόλυντον,
1666 686 1801 759 πρὸς

152 783 255 851 τὴν
316 781 583 856 Παρθένον
643 778 872 854 Μαρίαν.
933 777 1081 846 Αὐτή
1137 777 1238 853 γὰρ
1292 776 1433 829 ἐστιν
1467 774 1651 835 ὁναὸς
1706 777 1803 827 τοῦ

161 866 409 944 μεγάλου
463 865 732 943 βασιλέως
785 863 973 935 ἐπειδὴ
1031 864 1280 939 ἤμελλεν
1323 867 1357 935 ἡ
1417 863 1705 941 βασίλισσα
1758 863 1804 898 9⁸

151 958 247 1020 τὰς
272 956 569 1030 παρθένους
629 956 704 1020 ὡς
751 956 1047 1027 άμιάντουν
1080 954 1155 1017 εἷς
1180 954 1305 1008 ναὸν
1344 951 1612 1028 βασιλέως
1669 950 1806 1024 πρὸς

150 1036 320 1120 τιμὴν
347 1044 439 1100 καὶ
483 1043 639 1116 δόξαν
692 1043 861 1113 αὐτῆς
906 1044 1150 1117 ἀγατεῖν,
1202 1040 1290 1097 διὰ
1329 1045 1492 1097 τοῦτο
1524 1040 1553 1094 6
1583 1041 1805 1116 προφήο

156 1154 258 1206 της
314 1130 446 1189 ἐϐόα
518 1131 693 1210 λέγων
726 1152 740 1164 ·
828 1133 1326 1206 Ἀπενεχθήσονται
1407 1130 1464 1184 αἱ
1546 1127 1807 1202 παρθένοι

160 1221 335 1277 ὀπίσω
383 1221 577 1283 αὐτῖς.
634 1221 766 1275 Τότε
815 1219 1232 1289 ἀπηνέχθησαν·
1292 1215 1439 1272 ἀλλὰ
1491 1216 1581 1270 καὶ
1639 1214 1804 1271 πάλιν

157 1309 324 1366 ἄλλαι
355 1306 611 1386 παρθένοι
657 1308 1144 1384 ἆπενεχθήσονται,
1177 1306 1267 1362 ὅτε
1308 1305 1360 1376 ἐξ
1390 1305 1556 1375 αὐτῆς
1591 1307 1618 1360 6
1649 1307 1803 1378 Νυμ-

161 1400 285 1479 φίος
320 1397 450 1474 ἔλθῃ
483 1398 534 1453 έν
565 1402 634 1472 τῇ
665 1395 793 1473 δόξῃ
825 1396 1011 1454 αὐτοῦ.

223 1485 413 1558 Ἴδετε,
448 1484 610 1557 ἴδετε,
643 1487 694 1541 οἱ
746 1485 1005 1560 ἀπόγονοι
1061 1478 1289 1556 Ῥουϐἰμ
1315 1481 1406 1537 καὶ
1438 1482 1548 1537 υἱοὶ
1606 1480 1790 1550 αὐτοῦ,

157 1576 239 1630 ὅτι
270 1576 300 1630 6
329 1575 424 1648 μὲν
453 1576 660 1651 Ἰωσὴφ
690 1572 748 1629 ὃν
812 1573 966 1647 ὑμεῖς
1026 1571 1370 1643 ζηλώσαντες
1422 1569 1477 1625 ἐν
1534 1568 1793 1645 Λῖγύπτῳ

155 1659 441 1731 ἇπέδοσθί,
497 1663 831 1738 πρόσκαιρον
893 1659 1169 1735 βασιλείαν
1224 1654 1408 1713 λαϐὼν
1467 1656 1567 1712 οὐκ
1623 1656 1792 1730 έμνη-

161 1751 451 1821 σικάκησεν
476 1751 575 1820 τὴν
632 1753 740 1805 τῶν
801 1750 1050 1822 πατέρῳν
1110 1749 1262 1820 ὑμῶν
1310 1745 1602 1818 πονηρίαν,
1661 1743 1808 1800 ἀλλὰ

1913 598 2041 651 tilia
2072 602 2121 651 et
2152 596 2517 651 exsultatione
2547 596 2607 650 in
2641 595 2928 667 templum
2960 594 3112 667 regis
3172 594 3555 650 adducendae.

1911 686 2057 750 Quo,
2092 690 2149 739 et
2178 701 2483 755 quorsum,
2518 689 2578 738 et
2625 684 2698 739 ad
2732 700 2908 755 quem
2937 683 2963 738 ‘2
3001 683 3289 737 Videlicet
3313 683 3389 738 ad
3445 684 3557 739 im-

1914 774 2271 829 maculatum
2304 774 2433 843 (38),
2466 773 2541 828 ad
2575 774 2866 845 Virginem
2920 773 3180 826 Mariam.
3214 774 3349 843 Ipsa
3402 771 3561 827 enim

1914 862 2113 934 magni
2145 863 2297 934 regis
2340 866 2430 917 est
2480 862 2790 932 templum.
2846 864 2916 915 Et
2943 861 3228 932 quoniam
3287 860 3558 933 virgines,

1912 954 2115 1021 utpote
2149 950 2512 1021 impollutas,
2549 949 2623 1004 ad
2677 950 2769 1004 sui
2822 949 3001 1004 decus
3033 954 3091 1003 et
3133 948 3381 1021 gloriam
3431 948 3562 1019 ipsa

1912 1038 2118 1110 regina
2146 1039 2209 1093 in
2250 1037 2537 1109 templum
2598 1039 2770 1110 Regis
2826 1043 2953 1093 erat
3007 1038 3375 1104 adductura;
3425 1052 3560 1107 pro-

1913 1131 2118 1197 pterea
2165 1125 2459 1181 clamabat
2485 1127 2775 1197 propheta
2820 1126 3096 1197 inquiens
3132 1142 3144 1180 :
3202 1126 3563 1181 Adducentur

1914 1217 2152 1284 virgines
2176 1221 2304 1285 post
2334 1231 2452 1269 eam
2480 1213 2579 1285 (η),
2610 1216 2770 1269 Tunc
2819 1214 3087 1269 adductas
3129 1218 3304 1281 sunt;
3353 1212 3457 1267 sed
3506 1216 3565 1266 et

1915 1304 2046 1359 alite
2084 1320 2291 1358 rursus
2348 1304 2602 1375 virgines
2659 1303 3022 1359 adducendas
3076 1308 3265 1373 erant,
3326 1319 3459 1358 cum
3494 1318 3563 1356 ex

1914 1392 2041 1464 ipsa
2072 1394 2311 1463 Sponsus
2333 1396 2679 1463 processisset
2712 1394 2774 1448 in
2805 1392 2992 1465 gloria
3028 1409 3133 1448 sua
3165 1395 3295 1460 (39).

1986 1481 2210 1549 Videte,
2260 1481 2471 1550 videte,
2506 1500 2538 1537 ο
2570 1482 2830 1538 Rubenis
2888 1482 3108 1553 posteri
3143 1486 3196 1535 et
3231 1481 3337 1534 ﬁlii
3379 1480 3509 1551 ejus
3546 1496 3559 1534 :

1914 1570 2203 1640 Iosephus
2262 1570 2533 1641 quidem,
2586 1587 2762 1640 quem
2837 1587 2938 1624 vos
2997 1587 3103 1641 per
3160 1567 3440 1623 invidiam
3499 1568 3561 1623 in

1914 1659 2154 1729 [Egypto
2185 1657 2534 1713 vendidistis
2564 1659 2699 1730 (40),
2734 1674 2982 1731 regnum
3033 1663 3365 1729 opportune
3420 1672 3559 1711 nac-

1916 1750 2033 1810 tus,
2069 1762 2188 1800 non
2223 1746 2398 1801 modo
2427 1751 2685 1817 acceptas
2715 1752 2950 1818 patrum
2982 1752 3309 1801 vestrorum
3340 1746 3558 1816 impro-

165 1836 377 1910 μᾶλλον
407 1839 742 1911 τηκομένους
774 1839 818 1875 ⁰⁰
846 1836 1001 1910 λιμῷ
1032 1834 1293 1911 διέθρεψε·
1328 1836 1356 1889 ὁ
1388 1832 1446 1889 δὲ
1473 1840 1572 1904 τῆς
1606 1832 1785 1888 δικαιο

1986 1839 2098 1889 tate
2155 1835 2392 1907 injurias
2435 1837 2783 1891 memoriam
2842 1836 3076 1904 delevit,
3118 1835 3221 1889 sed
3274 1839 3562 1906 praeterea

162 1924 327 1996 σύνης
372 1925 537 1995 ἥλιος
593 1924 646 1995 ἐξ
677 1922 857 1982 Ἰούδα
913 1921 1193 1985 ἀνατείλας
1254 1921 1509 1997 βασιλεὺς
1565 1920 1809 1988 αἰώνιος,

163 2012 292 2075 Θεὸς
352 2012 768 2087 ένδοξαζόμενος
828 2011 880 2069 έν
936 2010 1111 2088 βουλῇ
1192 2010 1379 2087 ἆγίων,
1471 2009 1633 2087 μέγας
1713 2008 1804 2064 καὶ

160 2096 393 2179 φοϐερὸς
447 2100 589 2157 ἐστιν
663 2100 751 2157 ἰπὶ
804 2102 1006 2163 πάντας
1062 2099 1190 2164 τοὺς
1243 2098 1560 2175 περικύκλῳ
1618 2097 1803 2153 αὐτοῦ·

159 2189 322 2254 αὐτὸς
420 2190 641 2266 Κύριος,
732 2191 990 2266 κραταιὸς
1086 2189 1173 2244 καὶ
1277 2187 1551 2257 δυναντὸς,
1610 2187 1806 2259 Κύριος

161 2275 413 2341 δυναντὸς
467 2279 519 2334 έν
580 2277 834 2352 πολέμῳ’
900 2278 1063 2340 αὐτὸς
1119 2278 1147 2332 6
1206 2277 1557 2352 Δημιουργὸς
1600 2274 1660 2330 ἐκ
1708 2281 1809 2344 τῆς

159 2363 566 2437 παλαιωθείσης
595 2373 699 2443 γῆς
731 2366 984 2437 ἐποίησεν
1018 2364 1247 2440 οὐρανὸν
1298 2366 1480 2419 καινὸν
1539 2363 1627 2418 καὶ
1676 2361 1807 2436 θρό-

157 2474 247 2509 νον
281 2455 704 2534 άκατάφλεκτον,
736 2455 824 2510 καὶ
882 2454 973 2509 τὸν
1032 2452 1414 2517 παλαιωθέντα
1470 2452 1665 2526 χοῖκὸν
1727 2450 1807 2513 εἰς

161 2542 480 2619 έπουράνιον
526 2541 772 2599 παστάδα
802 2546 820 2579 ¹
880 2538 1190 2617 μετέϐαλεν.
1244 2542 1443 2613 ’ᾼσατε
1486 2545 1567 2612 τῷ
1622 2539 1810 2614 Κυρίῳ

165 2634 313 2707 ᾇσμα
339 2634 547 2689 καινόν·
581 2629 740 2704 ἕσατε
790 2636 870 2704 τῷ
928 2631 1108 2707 Κυρίῳ
1137 2636 1280 2686 πᾶσα
1311 2632 1345 2700 ἡ
1528 2625 1688 2700 ᾅσατε
1731 2633 1811 2701 τῷ

163 2720 391 2797 Κυρίῳ,
478 2720 809 2796 εὖλογήσατε
879 2720 943 2774 τὸ
1012 2714 1187 2792 ὄνομα
1259 2717 1423 2773 αὐτοῦ
1504 2713 1587 2771 ὅτι
1669 2717 1806 2791 κόρη

166 2809 432 2885 παρθένος
462 2814 577 2882 ναῷ
625 2808 1011 2886 προσφέρεται,
1056 2807 1145 2861 ἳνα
1192 2808 1220 2862 6
1267 2807 1358 2862 τὸν
1403 2806 1527 2861 ναὸν
1577 2805 1812 2883 ἁγιάζων

165 2898 218 2954 έν
280 2897 414 2972 αὐτῇ
472 2899 821 2973 κατοικῆσῃ,
879 2896 969 2952 καὶ
1054 2897 1382 2965 κατοικήσας
1456 2895 1553 2964 τὴν
1612 2893 1812 2966 ταύτης

166 2985 398 3062 γαστέρα
431 2987 507 3060 μὴ
538 2987 867 3063 καταφλέξῃ*
910 2983 1039 3040 ἀλλ’
1082 2984 1262 3058 ὥσπερ
1316 2982 1403 3038 ἐπὶ
1456 2983 1699 3047 Μωσέως
1730 2987 1812 3056 τῷ

167 3075 299 3152 πυρὶ
327 3077 427 3145 τήν
464 3076 623 3151 βάτον
654 3072 937 3151 ἤρδευσεν,
960 3072 1132 3135 οὕτως
1160 3073 1253 3129 καὶ
1284 3074 1312 3127 6
1342 3073 1394 3127 έν
1423 3071 1591 3146 ταύτῃ
1614 3091 1809 3128 κατασ-

162 3165 417 3236 κηνώσας
449 3165 577 3227 Θεὸς
610 3165 770 3219 σώσει
797 3166 890 3220 τὸν
920 3164 1152 3237 κόσμον.

1919 1923 2073 1977 fame
2106 1930 2489 1995 consumptos
2520 1924 2669 1979 aluit
2699 1940 2713 1991 ;
2746 1929 2806 1979 at
2854 1923 2950 1978 Sol
2996 1923 3243 1995 justitim
3298 1927 3462 1976 ortus
3493 1938 3562 1975 ex

1917 2011 2085 2079 Juda,
2139 2014 2259 2068 Rex
2311 2018 2590 2080 mternus,
2650 2014 2789 2067 Deus
2840 2012 3176 2082 glori/tectus
3219 2014 3277 2066 in
3334 2010 3562 2067 consilio

1913 2107 2244 2168 sanctorum,
2305 2118 2533 2171 magnus
2589 2108 2639 2155 et
2681 2101 2940 2156 terribilis
2998 2101 3105 2171 (41)
3163 2117 3325 2170 super
3380 2115 3562 2155 omnes

1918 2189 2015 2257 qui
2046 2191 2102 2242 in
2132 2190 2369 2243 circuitu
2399 2190 2516 2258 ejus
2543 2195 2668 2244 sunt
2697 2188 2771 2259 (ο)
2802 2205 2823 2251 ;
2854 2190 2968 2259 ipse
2997 2191 3279 2255 Dominus,
3315 2190 3480 2257 fortis
3509 2193 3559 2242 et

1908 2282 2126 2345 potens,
2153 2277 2430 2345 :Dominus
2478 2284 2672 2347 potens
2718 2279 2777 2331 in
2821 2276 3023 2347 prazlio
3051 2279 3155 2348 (p),
3188 2277 3312 2347 ipse
3362 2291 3561 2330 rerum

1917 2364 2114 2435 cpifex
2143 2371 2352 2419 eterra
2378 2370 2667 2420 vetustate
2697 2370 2975 2437 corrupta
3004 2381 3217 2419 novum
3250 2365 3464 2420 coelum
3494 2379 3561 2418 ac

1919 2453 2199 2507 thronum
2228 2452 2771 2507 incombustibilem
2806 2452 3041 2521 creavit,
3074 2470 3141 2508 ac
3166 2452 3375 2507 limum
3404 2453 3562 2507 iuve-

1920 2546 2173 2597 teratum
2232 2541 2293 2596 in
2362 2541 2690 2596 thalamum
2773 2542 3070 2597 cmlestem
3157 2541 3557 2596 commutavit.

1920 2632 2151 2685 Cantate
2181 2632 2412 2685 Domino
2442 2632 2711 2685 canticum
2759 2647 2977 2700 novum,
3038 2637 3257 2685 cantate
3309 2632 3560 2694 Domino,

1920 2722 2092 2775 omnis
2125 2726 2293 2786 terra,
2317 2725 2535 2774 cantate
2562 2721 2795 2773 Domino
2842 2719 2977 2791 (42),
3024 2719 3322 2773 benedicite
3350 2720 3562 2773 nomini

1920 2808 2128 2880 ejus(q)
2163 2826 2176 2875 ;
2202 2808 2340 2879 quia
2359 2808 2518 2881 virgo
2549 2807 2749 2879 puella
2779 2807 2853 2863 ad
2884 2807 3172 2880 templum
3226 2807 3560 2875 adducitur,

1919 2904 1987 2953 ut
2014 2898 2076 2952 in
2107 2898 2235 2969 ipsa
2272 2898 2322 2954 is
2363 2897 2657 2953 inhabitet
2707 2898 2806 2969 qui
2868 2898 3155 2969 templum
3214 2899 3567 2964 sanctiﬁcat,

1920 3003 2116 3057 neque
2174 2988 2477 3042 tamenin
2509 3004 2578 3043 ea
2606 2988 2949 3043 inhabitans
3006 2993 3240 3044 uterum
3298 2987 3566 3059 ejusdem

1921 3076 2252 3132 comburat.
2314 3076 2425 3131 Sed
2480 3076 2985 3148 quemadmodum
3043 3083 3306 3149 tempore
3355 3076 3570 3149 Moysis

1920 3165 2135 3220 rubum
2167 3165 2302 3238 igne
2332 3165 2624 3233 irroravit,
2675 3167 2760 3222 sic
2814 3167 2993 3222 etiam
3024 3165 3475 3222 tabernaculum
3506 3165 3571 3220 in

1924 3255 2035 3310 hac
2066 3255 2221 3309 Deus
2252 3254 2537 3327 deﬁgens,
2573 3254 2826 3310 salutem
2857 3255 3078 3310 mundo
3109 3255 3336 3311 afferet.

236 3345 330 3400 IZ'.
364 3341 536 3405 Οὗτος
561 3344 589 3398 6
618 3344 769 3405 αἶνος
800 3340 891 3397 καὶ
927 3341 995 3397 τὰ
1048 3337 1263 3415 ᾅσματα
1326 3343 1434 3395 τῶν
1488 3338 1790 3416 ἀγαλλομέι

1991 3344 2159 3397 XVII.
2195 3343 2327 3398 Hmc
2359 3299 2496 3397 :unt
2523 3299 2775 3412 ,laudes,
2807 3344 2934 3398 huic
2966 3343 3391 3399 exsultantium
3421 3342 3575 3398 ﬁlia-

165 3450 275 3487 νων
330 3431 635 3507 θυγατέρων
688 3433 787 3500 τῆς
869 3427 1154 3491 Ἰουδαίαςο
1232 3430 1430 3499 ’ᾼσατε
1502 3430 1589 3484 καὶ
1643 3430 1813 3504 άγαλο

170 3517 383 3592 λιᾶσθε,
440 3520 529 3574 καὶ
586 3518 801 3594 ψήλατε
825 3520 866 3574 ².
928 3514 1070 3574 Ἰδοὺ
1134 3517 1238 3593 γὰρ
1296 3516 1572 3588 νενίκηται
1630 3519 1659 3573 6
1712 3520 1815 3589 τήν

167 3609 439 3684 ἡμετέραν
479 3606 637 3685 φύσιν
687 3608 1027 3679 τυραννήσας
1088 3600 1371 3668 διάϐολος.
1429 3603 1569 3661 Ἰδοὺ
1629 3608 1822 3683 θρὸνὸς

173 3695 609 3770 θαυμαστότερος
635 3700 732 3751 τοῦ
761 3691 1096 3772 Χερουϐικοῦ
1150 3693 1237 3749 ἐπὶ
1293 3701 1397 3769 γῆς
1455 3695 1819 3768 έτοιμάζεται,

174 3786 301 3863 περὶ
357 3785 425 3853 ἧς
479 3787 796 3863 γέγραπται·
853 3784 997 3847 ’Θεὸς
1055 3782 1109 3838 ἔν
1174 3785 1320 3857 μέσῳ
1376 3783 1563 3853 αὐτῆς,
1611 3787 1702 3839 καὶ
1761 3786 1822 3841 οὐ

177 3871 596 3946 σαλευθήσεται.
658 3872 809 3944 Αὕτη
871 3873 974 3949 γὰρ
1044 3870 1254 3947 θρόνος,
1309 3871 1397 3926 καὶ
1453 3873 1683 3949 χωρίον,
1732 3876 1821 3930 καὶ

248 3984 328 4055 (n)
359 3981 514 4040 Psal.
547 3999 693 4051 ων,
729 3984 815 4037 15.
894 3980 966 4053 (o)
992 3979 1147 4036 Psal.
1180 3996 1445 4047 Lxxxvm,
1478 3981 1531 4038 8.
1608 3981 1694 4054 (ρ)
1720 3983 1875 4040 Psal.
1907 4001 2069 4052 xxm,
2100 3984 2155 4039 8.

1925 3448 2058 3487 rum
2088 3432 2303 3487 Iudaeas
2349 3438 2487 3487 sunt
2534 3432 2782 3488 cantica.
2843 3435 3088 3503 Cantate,
3121 3440 3171 3489 et
3201 3433 3491 3501 exsultate,
3523 3438 3575 3487 et

1920 3523 2149 3593 psallite
2178 3521 2268 3593 (ν).
2303 3522 2450 3577 Ecce
2483 3521 2643 3577 enim
2674 3521 2941 3578 devictus
3003 3527 3092 3577 est
3147 3522 3441 3591 diabolus,
3474 3522 3572 3593 qui

1931 3617 2207 3667 naturam
2238 3616 2505 3666 nostram
2537 3611 2850 3682 tyrannide
2899 3628 3007 3666 sua
3051 3611 3377 3683 premebat.
3430 3612 3576 3665 Ecce

1934 3700 2152 3755 solium
2181 3699 2505 3754 Cherubico
2535 3698 2868 3754 mirabilius
2899 3701 3010 3770 (43)
3041 3700 3102 3754 in
3134 3705 3292 3754 terra
3337 3703 3581 3771 paratur

1932 3789 2134 3861 (virgo)
2170 3787 2240 3842 de
2273 3805 2390 3859 qua
2444 3788 2731 3859 scriptum
2789 3794 2915 3843 est:
2950 3790 3085 3844 Deus
3114 3790 3175 3843 in
3204 3789 3381 3843 medio
3438 3789 3579 3858 ejus,

1937 3885 1988 3933 et
2036 3894 2147 3932 non
2198 3879 2623 3933 commovebitur
2677 3880 2791 3951 (44)
2846 3880 2981 3951 Ipsa
3027 3879 3186 3934 enim
3243 3878 3481 3948 solium,
3522 3880 3583 3931 et

2232 3983 2308 4056 (q)
2340 3984 2494 4041 Psal.
2525 4001 2651 4052 xcv,
2687 3985 2737 4055 1,
2761 3988 2815 4040 2.
2891 3987 2962 4058 (r)
2992 3984 3148 4043 Psal.
3180 4001 3345 4053 xcvu,
3382 3988 3433 4039 5.

1529 4097 1765 4153 VARI/ﬁ
1835 4098 2233 4153 LECTIONES.

255 4185 298 4223 ³⁷
330 4187 499 4243 Barb.
577 4184 725 4259 παρά
746 4183 876 4241 τίνι.
952 4183 999 4219 9⁸
1026 4183 1196 4240 Barb.
1229 4182 1806 4259 φυλὰβασιλέίσσα.
1958 4185 2130 4259 Barb.
2162 4184 2364 4240 mend.
2395 4184 2740 4259 τικομένους.
2819 4190 2837 4223 ί
2864 4187 3047 4259 Abest
3088 4184 3333 4240 πάστάδα
3371 4205 3405 4244 a
3448 4186 3579 4245 cod.

178 4259 355 4328 Barb.
384 4278 398 4327 ;
429 4260 583 4315 hanc
634 4255 834 4314 tamen
885 4272 1085 4313 vocem
1142 4255 1383 4328 praefert

186 4326 453 4403 ψάλλατα

1480 4272 1579 4313 ωε.
1613 4258 1706 4327 Α.,
1749 4262 1808 4312 et
1856 4256 2125 4327 adoptari
2154 4272 2330 4327 posse
2360 4258 2722 4313 censuimus.
2801 4258 2822 4292 ³
2855 4258 3026 4314 Barb.
3069 4260 3298 4331 ψάΛατε,
3331 4259 3477 4315 Caes.
3509 4262 3578 4313 Α.

1767 4400 1989 4454 NOTAE.

1767 4401 1859 4454 ΝΟ
1906 4401 1989 4453 ΑΒ.

256 4488 376 4561 (38)
402 4487 541 4542 Vide
572 4503 684 4542 usu
712 4492 1042 4561 receptum,
1071 4490 1138 4542 ut
1167 4489 1285 4540 κατ’
1332 4482 1529 4560 ἐξοχὴν
1584 4487 1834 4559 Deipara
1863 4401 1904 4455 Τ
1942 4486 2192 4561 rationis
2209 4486 2357 4561 ratio
2380 4488 2694 4561 perspicua
2715 4493 2823 4558 est,
2847 4505 2981 4544 cum
3005 4488 3221 4561 saepius
3246 4489 3308 4544 in
3327 4489 3580 4561 prophe-

182 4559 587 4631 appellaretur
606 4559 976 4631 immaculata.

256 4626 368 4700 (39)
400 4629 554 4684 Psal.
586 4646 742 4695 xvm,
774 4632 827 4683 6.
869 4629 1014 4683 Caes.
1045 4628 1211 4684 addit
1266 4626 1583 4698 σαρκωθείς,
1638 4630 1828 4684 incar-

182 4699 356 4757 natus
380 4717 402 4763 ;
434 4700 537 4755 sed
567 4700 664 4754 hic
694 4715 906 4754 sensus
926 4715 1033 4769 per
1062 4716 1124 4755 se
1156 4699 1504 4753 manifestus
1536 4704 1642 4755 est.

260 4772 372 4842 (40)
404 4773 624 4827 Auctor
653 4770 857 4842 hocin
882 4769 1018 4842 loco
1048 4770 1252 4840 lapsus
1272 4770 1561 4825 memoria
1581 4771 1830 4827 videtur.

187 4840 356 4907 Nam,
388 4848 454 4897 ut
483 4842 735 4914 legimus
771 4840 832 4914 in
881 4840 1032 4914 libro
1073 4842 1389 4914 Geneseos‘
1413 4844 1831 4914 (cap._xxxvn,

185 4932 240 4969 ν.
271 4915 381 4985 29),
412 4911 618 4969 Ruben
643 4911 800 4967 haud
832 4911 1127 4985 particeps
1167 4912 1283 4966 fuit
1310 4911 1503 4982 iniqui
1533 4911 1696 4966 illius
1726 4913 1833 4968 ad-

183 4982 390 5040 versus
420 4984 741 5055 Josephum
760 4982 1016 5055 consilii:

259 5057 374 5127 (41)
430 5047 651 5110 Auctor
708 5054 851 5127 legit
905 5047 1135 5127 φοϐερός
1191 5050 1681 5127 intv,__terribilis
1736 5059 1834 5117 est,

185 5123 387 5199 prouti
409 5127 631 5182 habent
662 5123 840 5181 etiam
868 5124 998 5199 cod.
1020 5123 1185 5199 Alex.
1220 5130 1279 5179 et
1306 5123 1438 5178 Ald.
1466 5126 1678 5199 Verum
1700 5141 1836 5199 con;

187 5195 377 5252 textui
435 5213 781 5268 consonare
808 5196 992 5268 magis
1040 5196 1277 5268 videtur
1323 5195 1660 5250 communis
1698 5196 1836 5250 LXX

187 5269 390 5335 lectio,
424 5286 555 5335 qua:
587 5268 735 5322 illud
763 5263 1173 5322 tativ'omittit.

266 5338 380 5411 (42)
412 5335 556 5395 Cum
590 5339 730 5394 LXX
761 5337 952 5394 omitt.
977 5336 1040 5392 τὸ
1070 5344 1143 5407 et,
1176 5335 1335 5408 quod
1366 5336 1463 5391 hic
1491 5335 1671 5391 habet
1699 5336 1835 5392 Vul-

231 5415 385 5466 atus.

231 5427 385 5466 atus.

191 5427 228 5483 8
264 5482 374 5564 (43)
406 5481 508 5564 ῌὶο
560 5497 765 5564 rursus
805 5497 935 5564 per‘
963 5479 1142 5564 aliam
1201 5478 1521 5564 imaginem
1552 5478 1725 5564 nobis
1757 5478 1838 5534 si-

184 5548 505 5625 gnificatur
529 5551 677 5630 quid
708 5568 777 5606 ea
806 5548 977 5607 astate
1024 5550 1098 5630 de
1143 5548 1541 5630 conceptione
1573 5550 1836 5630 Qeiparaa

181 5620 381 5679 ratum
414 5620 904 5694 exploratumque
935 5626 1113 5677 esset.
1140 5621 1338 5694 Primo
1380 5620 1543 5694 enim
1586 5620 1840 5691 Deipara

185 5690 517 5751 Cherubico
540 5693 690 5751 solio
708 5690 1086 5766 comparatur
1105 5709 1120 5763 ;
1144 5692 1315 5765 cujus
1337 5690 1580 5763 quidem
1597 5690 1837 5763 compa-

1855 4559 2008 4625 Dtis
2054 4560 2225 4632 _Deus
2300 4558 2671 4614 describatur
2751 4561 2965 4615 sedens
3050 4558 3228 4632 super
3282 4558 3579 4632 Cherubin

1939 4630 2085 4685 Psal.
2122 4646 2310 4694 LXXIX,
2343 4633 2414 4697 2;
2459 4648 2650 4697 xcvm,
2680 4635 2702 4683 1
2735 4649 2748 4699 ;
2800 4634 2906 4687 Isa.
2958 4630 3171 4698 xxxvii,
3234 4635 3341 4699 i6;
3390 4631 3581 4686 Ezech.

1939 4718 1996 4773 x,
2026 4704 2066 4773 i_
2091 4717 2214 4773 seq.
2243 4704 2430 4773 ;7Dan.
2463 4718 2545 4767 in,
2587 4706 2698 4769 55).
2759 4703 2980 4757 Deinde
3032 4720 3164 4757 vero
3223 4702 3586 4773 comparatio

1941 4772 2025 4825 ita
2053 4771 2404 4835 instituitur,
2437 4778 2505 4826 ut
2530 4773 2700 4842 Virgo
2741 4773 2912 4829 beata
2941 4790 3061 4828 non
3094 4772 3333 4842 quidem
3357 4771 3586 4826 Cheru-

1941 4842 2063 4896 bim
2095 4843 2513 4912 mquiparetur,
2543 4842 2657 4897 sed
2675 4845 2907 4899 Throno
2939 4844 3263 4898 Cherubico
3305 4844 3478 4909 longe
3500 4842 3586 4897 di—

1942 4914 2112 4984 gnior
2140 4930 2207 4967 ac
2228 4915 2607 4985 praestantior
2636 4916 2884 4970 thronus
2907 4915 3271 4969 exbibeatur.
3297 4916 3443 4985 Ergo
3468 4914 3581 4967 nisi

1943 4984 2241 5056 afﬁrmare
2259 4984 2392 5056 quis
2408 4985 2567 5051 velit,
2593 4986 2869 5042 thronum
2889 4985 3111 5056 peccati
3135 4984 3587 5055 inquinamento

1944 5054 2248 5110 sordidum
2271 5055 2485 5110 throno
2508 5057 2832 5112 Cherubico
2865 5054 3338 5126 prwstantiorem
3370 5073 3498 5111 esse
3522 5072 3591 5111 ac

1945 5126 2276 5200 digniorem
2304 5126 2369 5200 in
2402 5144 2518 5197 quo
2551 5130 2703 5183 Deus
2734 5129 2956 5200 sedeat,
2981 5128 3237 5200 fateatur
3256 5134 3489 5200 oportet
3517 5127 3588 5182 ab

1945 5196 2074 5267 ipsa
2100 5196 2349 5270 Virginis
2375 5196 2760 5269 cdnceptione
2793 5197 3039 5268 quodvis
3071 5196 3593 5270 peccati—inquina-

1946 5273 2213 5341 mentum
2245 5268 2417 5341 longe
2448 5268 2727 5341 abfuisse.
2768 5270 2883 5322 Cur
2910 5270 3022 5323 hoc
3057 5268 3245 5341 [quia
3274 5268 3592 5341 scilicetin

1946 5339 2077 5420 ipsa
2109 5338 2374 5420 Virginis
2391 5340 3049 5420 conceptionethronus
3080 5338 3181 5420 ille
3218 5340 3594 5420 praestantis-

1947 5410 2134 5464 simus
2167 5409 2377 5465 divinze
2409 5409 2704 5483 majestati
2735 5411 2952 5466 dicitur
2980 5409 3303 5468 instructus
3342 5428 3410 5466 ac
3439 5427 3593 5483 prse-

1988 5496 2089 5535 ara
2097 5486 2206 5535 tus.

1946 5498 2308 5636 Ρῗὲιέῗῖίεαιῖ
2330 5568 2475 5636 xcv,
2508 5555 2559 5607 6.
2590 5552 2917 5636 Coﬂnjunct.
2961 5560 3011 5609 et
3039 5554 3363 5636 prmtfrupt
3394 5551 3593 5636 etiam

1948 5621 2239 5750 ἓςὲὶὲίρέιῖε
2272 5623 2494 5749 ίιὲιᾶὶῑιει
2549 5631 2609 5681 et
2650 5621 3109 5698 Complutensis.
3167 5624 3332 5681 Conf.
3393 5621 3593 5680 Lamb.
