3888 6136
223 314 367 372 1489

1253 310 1501 367 SEBMO
1537 310 1614 364 IN
1650 305 2202 364 CONCEPTIONEM
2239 311 2594 366 DEIPARE.

3480 309 3618 364 μου

221 438 414 515 τρόμῳ
439 458 532 494 και
557 433 714 514 φόϐῳ
743 438 847 507 τήν
879 434 1219 512 λειτουργίαν
1282 433 1665 493 ἐπιτελοῦντας
1698 450 1713 498 ;
1767 429 1814 484 οἰ

2026 433 2273 489 [οι-οἱιιιε
2302 433 2481 490 duces
2511 434 2681 490 ‘Inon
2730 433 2907 490 habet
2966 434 3273 500 satellites,
3323 435 3426 504 qui
3482 449 3616 489 cum

224 527 358 584 εἰσὶν
421 526 568 599 αύτῷ
611 524 890 601 βασιλικοί

222 616 387 672 αὐτοῦ
446 615 607 670 ἐστιν·
668 612 856 670 Χίλιαι
904 609 1162 675 χιλιάδες
1221 610 1272 666 ἐν
1335 609 1585 685 οὐρανοῖς
1644 607 1668 641 ⁷
1723 605 1870 676 αὐτῷ

218 704 594 780 παρίστανται,
663 705 757 758 καὶ
849 701 1039 778 μύριαι
1122 697 1381 776 μυριάδες
1437 700 1462 735 ⁸
1515 698 1872 772 λειτουργοῦ-

228 815 309 848 σιν
342 793 511 851 αὐτῶ.

297 816 442 848 ραυτ
498 839 511 851 .

297 816 609 940 ΙΗἌΊιὲἀῦτα
651 879 825 942 οὕτως
881 875 999 954 ἔχει
1055 877 1148 934 τὸν
1200 878 1400 954 τρόπον
1456 882 1558 945 τῆς
1615 872 1870 939 θεοτόκου

224 970 438 1046 Μαρίας
490 967 966 1045 ἀναστρεφομένης
1021 966 1098 1028 εἷς
1152 967 1219 1022 τὰ
1274 970 1443 1040 ’Ἀγια
1495 968 1602 1019 τῶν
1663 961 1860 1036 ἁγίων·

223 1060 392 1130 αὐτὴν
427 1057 484 1115 δὲ
505 1058 684 1128 πάσης
717 1056 1065 1128 δικαιοσύνης
1094 1056 1363 1131 ἀνωτέραν
1401 1053 1708 1128 δειχθῆναι.

291 1244 359 1293 ’Ὢ
403 1244 505 1307 τῆς
563 1234 845 1294 Ἰουδαίων
903 1234 1262 1309 πωρώσεωςθ
1321 1234 1333 1289 l
1395 1227 1439 1286 ὥ
1494 1233 1593 1300 τῆς
1650 1227 1866 1285 ἐκείνων

222 1326 410 1388 ἀνοίας
445 1327 457 1382 l
491 1326 557 1379 ’Ὠ
584 1331 684 1394 τῆς
717 1323 1002 1399 αἰρετικῶν
1051 1319 1430 1398 βλασφημίας,
1462 1315 1507 1373 ὥ
1564 1323 1665 1386 τῆς
1709 1315 1865 1371 ἐσκυ-

218 1414 479 1488 τισμένης
539 1412 713 1468 αὐτῶν
773 1408 1018 1487 καρδίας.
1074 1407 1246 1468 Οὐδὲν
1298 1409 1398 1484 γὰρ
1453 1409 1507 1462 οἱ
1584 1403 1721 1482 ἔριδι
1776 1402 1867 1459 καὶ

218 1504 372 1576 ξήλῳ
423 1501 891 1578 προσκρούοντες,
945 1501 1018 1562 ὡς
1065 1497 1244 1574 χύτρα
1302 1492 1518 1568 λέϐητι,
1561 1493 1712 1565 ἥττω
1767 1497 1864 1548 τοῦ

217 1594 571 1670 φρονήματος
621 1594 728 1645 τῶν
785 1585 1064 1648 Ἰουδαίων
1125 1585 1278 1642 εἰσίν.
1336 1585 1502 1641 Αὐτοὶ
1549 1585 1650 1659 γὰρ
1701 1603 1866 1658 προσ-

210 1683 524 1755 κρούονται,
583 1678 674 1734 καὶ
732 1677 883 1734 αὐτοὶ
948 1671 1344 1752 συντρίϐονται.
1391 1675 1459 1729 Ἢ
1509 1672 1610 1729 οὐκ
1649 1672 1784 1742 ἦσαν
1821 1673 1866 1709 ίο

211 1771 265 1826 o't
292 1776 568 1848 προφῆται
603 1767 654 1841 ἐξ
685 1766 859 1822 αὐτῶν
893 1786 910 1839 ;
941 1768 1052 1822 Νῦν
1087 1762 1144 1819 δὶ
1173 1763 1300 1826 τοὺς
1355 1760 1676 1838 ὁμοφύλους
1723 1780 1861 1834 προ-

214 1862 387 1938 φήτας
415 1857 802 1933 ὁμολογοῦσιν,
832 1859 949 1917 τοῖς
981 1852 1040 1908 δὲ
1070 1852 1261 1929 λόγοις
1294 1852 1469 1908 αὐτῶν
1522 1851 1584 1906 ού
1642 1850 1858 1905 πείθον-

209 1969 320 2004 ται.
354 1949 468 2004 ΙΙοῦ
508 1948 598 2000 οὗν
633 1943 771 2000 εἶδον
805 1944 884 2008 εἷς
939 1943 1108 2004 πάσας
1153 1941 1338 2018 γενεὰς
1384 1939 1551 2013 κόρην
1586 1943 1627 1977 ¹¹
1663 1939 1738 2001 εἰς
1793 1939 1861 1992 τὰ

210 2041 382 2111 ’Ἀγια
409 2039 517 2090 τῶν
580 2034 747 2109 ἁγίων
806 2033 1217 2108 ἀνατραφεῖσαν,
1275 2031 1311 2099 ἢ
1371 2029 1535 2084 πάλιν
1595 2027 1858 2102 παρθένον

219 2126 354 2196 μετά
399 2123 609 2192 τόκον;
665 2121 810 2196 Οὐχὶ
868 2121 1046 2190 αὐτοὶ,
1106 2118 1196 2174 ὅτε
1251 2117 1537 2193 ἀρχιερεὺς
1570 2119 1598 2171 6
1657 2116 1860 2192 Κύριος

213 2211 445 2289 ἐγένετο,
505 2209 668 2273 ἰδίαις
747 2209 936 2285 χερσὶν
995 2209 1046 2278 ἐξ
1133 2206 1307 2262 αὐτῶν
1369 2226 1509 2268 τινες
1567 2205 1858 2282 γράφοντες

215 2301 586 2375 ὡμολόγησαν
621 2303 666 2339 1⁸
695 2299 964 2372 Παρθένον
1015 2298 1115 2366 τὴν
1175 2295 1326 2370 ἁγίαν
1381 2296 1598 2369 Μαρίαν
1633 2301 1858 2370 ;Ψηφι-

217 2389 420 2445 σάντων
446 2388 546 2464 γάρ
598 2410 758 2443 τινων
817 2388 908 2444 τὸν
966 2386 1166 2459 Κύριον
1229 2385 1280 2456 ἐξ
1337 2384 1512 2439 αὐτῶν
1578 2384 1860 2458 ἀρχιερέα,

196 2476 308 2533 ’ἵνα
335 2478 606 2552 πληρωθῇ
637 2478 665 2531 6
725 2476 888 2551 λόγος
935 2477 963 2530 ὁ
1008 2475 1408 2550 γεγραμμένος·
1443 2471 1518 2526 Σὺ
1575 2471 1750 2547 ἱερεὺς
1786 2472 1862 2534 εἰς

215 2570 310 2624 τὸν
394 2569 565 2624 αἰῶνα
635 2569 772 2622 κατὰ
849 2567 946 2634 τὴν
1012 2567 1159 2636 τάξιν
1234 2559 1600 2637 Μελχισεδέκ·
1681 2561 1764 2616 ’ὁτι
1833 2563 1862 2616 6

223 2658 392 2737 σοφίᾳ
471 2659 618 2734 παρά
673 2660 806 2711 Θεοῦ
873 2656 964 2710 καὶ
1038 2653 1337 2728 ἀνθρώπων
1409 2651 1476 2720 ἦν
1556 2649 1858 2728 προκόψας·

216 2750 309 2806 καὶ
362 2750 408 2786 ¹³
466 2747 525 2804 ἐκ
581 2747 760 2825 φυλῆς
824 2744 1135 2820 βασιλικῆς,
1190 2741 1280 2798 καί
1353 2742 1742 2817 ἀρχιερατικῆς
1792 2740 1860 2810 ἧν

220 2837 405 2912 Μαρία
434 2839 469 2907 ἡ
504 2837 630 2912 ἁγία
669 2834 954 2896 Θεοτόκος·
1013 2833 1151 2888 κατὰ
1204 2832 1268 2887 τὸ
1315 2830 1614 2903 εἰθισμένον
1675 2831 1718 2868 1⁸
1770 2827 1860 2884 οῦν

217 2928 408 2988 αὐτοῖς
485 2924 766 2995 ἐποίησαν.
827 2927 951 2980 Τῶν
1041 2923 1144 2997 γὰρ
1195 2915 1603 2996 προϐαινόντων
1674 2917 1860 2993 ἱερέων

223 3015 508 3086 ἐξεζήτουν
532 3014 626 3069 τὸν
658 3012 882 3086 πατέρα,
913 3013 1004 3066 καὶ
1067 3013 1166 3081 τήν
1226 3011 1454 3086 μητέρα,
1485 3008 1575 3064 καὶ
1633 3005 1864 3085 ἔγραφον

223 3104 292 3161 τὰ
321 3103 565 3177 ὀνόματα
593 3103 770 3157 αὐτῶν
799 3101 877 3166 εἰς
917 3102 1015 3169 τὴν
1050 3102 1098 3138 1⁵
1154 3102 1334 3177 ψῆφον
1383 3105 1485 3168 τῆς
1537 3097 1860 3172 ἱερωσύνης*

218 3193 311 3249 καὶ
343 3192 703 3266 ἐπηρώτησαν
739 3192 784 3229 ¹⁶
813 3192 910 3260 τὴν
963 3189 1114 3264 ἁγίαν
1170 3193 1211 3227 ³⁷
1270 3188 1542 3264 Παρθένον
1589 3186 1861 3263 λέγοντες⁶

224 3277 350 3343 Υἱός
385 3301 479 3334 σου
511 3279 653 3334 ἐστιν
677 3280 704 3334 6
738 3281 943 3349 Ἰησοῦς
984 3297 998 3346 ;
1053 3279 1117 3331 Ἥ
1174 3274 1231 3331 δὲ
1281 3271 1498 3350 ἔφησενο
1529 3275 1648 3334 Ναί.
1681 3277 1749 3334 Οἱ
1808 3274 1865 3330 δὲ

223 3372 398 3427 εἶπον
433 3368 538 3424 Καὶ
595 3368 678 3428 τίς
724 3366 869 3422 ἐστιν
930 3367 958 3421 6
1019 3367 1198 3440 πατὴρ
1248 3366 1416 3420 αὐτοῦ
1448 3387 1462 3435 ;
1497 3367 1560 3422 Ἡ
1620 3363 1678 3420 δὲ
1729 3386 1865 3420 παν-

222 3462 458 3533 άμωμος
497 3454 787 3530 ἀπεκρίθηο
844 3455 1053 3530 Πατέρα
1114 3455 1208 3527 μὶν
1261 3453 1348 3509 ἐπὶ
1407 3461 1510 3530 γῆς
1570 3454 1670 3509 οὐκ
1725 3452 1860 3509 ἔχει·

220 3549 328 3625 ἐγὼ
361 3549 419 3603 δὲ
453 3548 714 3622 ἐγέννησα
770 3545 932 3600 αὐτὸν
966 3545 1040 3606 ὡς
1098 3540 1237 3598 οἶδεν
1290 3542 1468 3605 αὐτός.
1526 3545 1712 3619 Πατὴρ
1763 3543 1864 3618 γὰρ

222 3635 386 3694 αὐτοῦ
417 3638 446 3691 6
475 3636 604 3696 Θεός
632 3634 790 3690 ἐστιν.
822 3634 890 3692 Οἱ
923 3630 981 3687 δὲ
1037 3633 1211 3687 εἶπον·
1240 3632 1330 3686 καὶ
1384 3633 1677 3708 γράφωμεν
1705 3631 1864 3686 αὐτὸν

221 3727 301 3788 εἰς
330 3728 428 3794 τὴν
455 3725 665 3802 γραφὴν
693 3727 789 3778 τοῦ
817 3722 992 3795 τόμου
1051 3722 1165 3776 υἱὸν
1226 3722 1271 3757 1⁸
1320 3725 1418 3775 τοῦ
1476 3725 1609 3776 Θεοῦ
1641 3741 1655 3790 ;
1689 3722 1751 3777 Ἠ
1809 3719 1867 3775 δὶ

221 3815 681 3890 εἷπεν-Γράψατε,
716 3812 821 3868 Καὶ
878 3807 1110 3886 ἔγραψαν
1172 3810 1248 3872 εἰς
1300 3811 1393 3865 τὸν
1451 3811 1620 3883 τόμον
1673 3809 1864 3872 οὕτως·

224 3906 435 3975 Ἰησοῦς
456 3904 484 3956 6
517 3903 633 3964 υἱὸς
657 3906 752 3956 τοῦ
785 3905 944 3969 Θεοῦ,
974 3900 1065 3954 καὶ
1123 3899 1237 3961 υἱὸς
1299 3898 1511 3973 Μαρίας
1537 3902 1606 3972 τῇ
1664 3897 1867 3962 ἄνωθεν

221 3995 392 4070 ψήφῳ
424 3991 503 4054 εἷς
530 3991 622 4046 τὸν
654 3990 827 4044 αἰῶνα
855 3988 1148 4063 ἱερεύσεται
1183 3988 1249 4026 19·
1301 3987 1391 4042 καὶ
1451 3986 1748 4062 ἐπληρώθη
1805 3986 1868 4041 τὸ

221 4082 602 4159 γεγραμμένον
637 4079 712 4134 ὠς
743 4077 996 4154 ἀνωτέρω
1027 4074 1356 4148 δεδήλωται·
1417 4076 1491 4130 Σὺ
1541 4075 1713 4152 ἱερεὺς
1791 4075 1869 4138 εἰς

214 4172 312 4226 τὸν
365 4171 540 4226 αἲῶνα
591 4169 730 4223 κατὰ
785 4168 884 4235 τήν
942 4166 1089 4236 τάξιν
1145 4162 1512 4240 Μελχισεδέκ.
1564 4165 1711 4219 Μετὰ
1764 4164 1868 4239 γὰρ

215 4264 313 4315 τοῦ
357 4258 685 4332 ὑποστρέψαι
739 4258 830 4312 τὸν
892 4255 1090 4329 Κύριον
1149 4253 1210 4310 ἐκ
1252 4257 1353 4318 τῆς
1411 4252 1643 4329 ἐρήμου,
1702 4253 1866 4322 ἦλθεν

216 4348 295 4412 εἰς
348 4349 616 4423 Ναζαρὲτ,
677 4348 740 4402 οὗ
797 4347 862 4414 ἦν
921 4345 1415 4419 ἀνατεθραμμένος’
1472 4342 1564 4397 καὶ
1617 4342 1867 4412 εἰσῆλθεν

217 4439 355 4493 κατὰ
398 4438 459 4492 τὸ
517 4436 710 4498 εἷ’ωθὸς
759 4439 829 4508 τῇ
888 4435 1072 4507 ἡμέρᾳ
1125 4437 1222 4488 τοῦ
1307 4427 1591 4487 Σαϐϐάτου
1637 4431 1714 4495 εἷς
1767 4435 1867 4502 τὴν

1889 1813 1938 1878 Β

949 545 962 596 ;
1021 524 1132 592 ναὶ,
1187 524 1342 603 φησὶ,
1398 525 1540 576 πᾶσα
1585 521 1621 589 ἡ
1701 516 1814 573 κτίσ

2027 539 2190 577 more
2223 527 2282 577 et
2311 527 2567 578 tremore
2596 528 2857 579 astantes
2888 523 3151 578 ofﬁcium
3183 523 3471 594 explent?
3495 541 3615 579 non

1981 611 2159 666 habet
2187 612 2379 684 regios
2408 612 2764 683 praefectos?
2792 613 2971 668 habet
3001 629 3161 680 sane,
3183 613 3377 667 omnis
3399 613 3615 683 quippe

1981 704 2250 755 creatura
2277 701 2466 772 ipsius
2498 706 2628 756 est:
2687 702 2866 758 Millia
2921 702 3158 756 millium
3214 708 3397 757 astant
3452 705 3502 755 ei
3555 700 3617 755 in

1981 791 2150 857 ca’lis,
2182 796 2234 844 et
2263 790 2436 845 decies
2458 797 2685 844 centena
2714 791 2895 845 millia
2924 793 3034 860 ipsi
3061 792 3380 844 ministrant
3411 791 3508 860 (ac).

2050 878 2244 932 XVIII.
2280 880 2413 933 Haec
2456 879 2539 934 ita
2583 895 2645 933 se
2695 879 2918 933 habent
2974 879 3169 950 quoad
3224 878 3465 933 modum
3501 895 3616 949 quo

1979 968 2084 1022 Dei
2109 967 2360 1039 genitrix
2388 967 2566 1022 Maria
2608 968 2670 1021 in
2698 968 2925 1022 Sanctis
2984 975 3322 1023 sanctorum
3376 984 3618 1022 conver—

1980 1055 2240 1122 sabatur,
2275 1060 2333 1110 et
2361 1071 2476 1125 quo
2525 1057 2687 1110 omni
2710 1057 2947 1126 justitia
2975 1060 3344 1128 (caeterarum
3388 1061 3616 1111 creatu-

1976 1147 2196 1213 rarum)
2228 1143 2542 1198 sublimior
2571 1148 2810 1199 ostensa
2831 1149 2940 1200 est.

2048 1235 2091 1288 Ο
2110 1232 2449 1288 Ιυάωοι-ιιω
2474 1232 2784 1288 duritiem!
2814 1234 2857 1288 Ο
2884 1233 3227 1288 eorumdem
3259 1234 3612 1288 amentiam!

1978 1321 2091 1376 Sed
2125 1339 2158 1376 ο
2192 1321 2606 1376 haareticorum
2637 1337 2874 1392 quoque
2903 1321 3338 1394 blasphemiam
3361 1322 3432 1377 l0
3455 1323 3611 1394 ipso-

1978 1427 2110 1465 rum
2142 1425 2377 1480 quoque
2408 1410 2586 1465 corda
2615 1410 2911 1466 obcmcata
2939 1410 2951 1464 Ξ
2985 1411 3210 1481 Quippe
3241 1410 3339 1480 qui
3372 1415 3636 1473 conten-,

1976 1501 2139 1554 tione
2171 1503 2231 1553 et
2285 1499 2662 1554 mmulatione
2691 1499 3109 1571 impingentes,
3134 1505 3417 1569 tanquam
3466 1504 3618 1554 testa

1977 1589 2038 1643 in
2069 1589 2344 1659 lebetem,
2377 1588 2528 1642 nihil
2549 1588 2773 1643 distant
2821 1605 2854 1644 a
2898 1589 3233 1644 Judaaorum
3263 1588 3609 1659 pervicacia.

1977 1677 2093 1749 Ipsi
2126 1678 2287 1732 enim
2317 1677 2700 1744 colliduntur,
2733 1682 2790 1732 et
2819 1678 2932 1749 ipsi
2964 1679 3470 1733 conteruntur.An
3492 1694 3612 1732 non

1973 1771 2144 1822 erant
2171 1783 2242 1822 ex
2271 1766 2392 1821 illis
2434 1768 2738 1839 prophetae
2769 1767 2796 1823 Ἰ
2835 1769 3025 1823 Etiam
3068 1785 3226 1823 nunc
3253 1768 3612 1823 conﬁtentur

1967 1857 2214 1929 (Judaai),
2264 1858 2583 1928 prophetas
2628 1875 2699 1913 ex
2747 1859 3010 1929 ipsorum
3071 1863 3230 1914 ortos
3286 1860 3607 1932 propagine

1966 1946 2149 2000 fuisse
2182 1963 2196 2013 ;
2230 1950 2289 2000 at
2317 1947 2573 2000 oraculis
2605 1963 2808 2001 eorum
2867 1947 3075 2001 cedere
3129 1947 3357 2002 abuunt
3413 1949 3610 2003 incre-

1969 2034 2114 2089 duli.
2149 2034 2535 2100 Quandonam
2583 2035 2762 2107 igitur
2809 2051 2916 2106 per
2964 2036 3231 2091 omnium
3279 2038 3609 2109 generatio-

1969 2139 2115 2178 num
2147 2123 2462 2178 decursum
2493 2123 2770 2177 viderunt
2798 2124 3124 2194 puellulam
3145 2125 3204 2179 in
3239 2125 3465 2180 Sanctis
3484 2142 3615 2181 san-

1970 2216 2199 2266 ctorum
2229 2211 2580 2266 innutritam
2610 2213 2637 2266 ?
2662 2212 2751 2266 vel
2791 2229 3018 2279 rursus,
3059 2213 3305 2268 ubinam
3347 2214 3622 2270 viderunt

1969 2301 2254 2371 virginem
2281 2306 2415 2371 post
2443 2305 2676 2372 partum
2707 2301 2735 2355 ?
2764 2303 2991 2368 Nonne,
3023 2319 3159 2357 cum
3193 2304 3478 2359 Dominus
3509 2305 3612 2359 de-

1970 2388 2226 2444 claratus
2284 2394 2374 2443 est
2415 2405 2684 2444 summus
2740 2391 3044 2457 sacerdos,
3107 2393 3364 2462 propriis
3417 2393 3614 2447 mani-

1970 2479 2078 2533 bus
2137 2496 2208 2534 ex
2261 2478 2407 2550 ipsis
2460 2479 2702 2549 quidam
2762 2481 3088 2535 scribentes
3143 2482 3398 2536 confessi
3475 2488 3616 2538 sunt

1972 2573 2235 2623 sanctam
2267 2568 2508 2623 Mariam
2538 2568 2723 2622 fuisse
2753 2568 3038 2640 virginem
3065 2569 3091 2623 '?
3118 2571 3260 2625 Cum
3293 2571 3453 2625 enim
3482 2573 3612 2643 qui-

1971 2658 2107 2714 dam
2188 2674 2258 2713 ex
2333 2658 2478 2728 ipsis
2531 2658 2850 2712 Dominum
2905 2658 3613 2715 decernerentsummum

1973 2746 2340 2802 sacerdotem
2398 2745 2494 2816 (ut
2545 2745 2895 2817 impleretur
2951 2763 3146 2802 sermo
3197 2749 3296 2818 qui
3355 2739 3612 2820 scriptus

1973 2841 2110 2892 est:
2146 2839 2223 2890 Tu
2259 2851 2313 2890 es
2366 2835 2614 2891 sacerdos
2666 2835 2728 2890 in
2777 2842 3041 2890 wtemum
3108 2837 3402 2892 secundum
3459 2838 3610 2892 ordi-

1971 2942 2092 2980 nem
2121 2925 2507 2980 Melchisedech
2537 2925 2668 2996 (48),
2729 2929 3042 2995 pr0pterea
3099 2925 3254 2996 quod
3303 2927 3428 2998 ipse
3469 2944 3609 2998 pro-

1969 3015 2188 3084 ﬁciebat
2244 3015 2521 3084 sapientia
2578 3029 2760 3067 coram
2816 3017 2926 3069 Deo
2981 3021 3033 3069 et
3079 3015 3386 3070 hominibus
3418 3019 3504 3085 (ι),
3554 3021 3616 3072 et

1975 3103 2156 3158 Maria
2191 3107 2392 3157 sancta
2425 3103 2526 3156 Dei
2588 3103 2770 3157 Mater
2819 3108 2945 3158 erat
3002 3120 3067 3158 ex
3116 3104 3297 3175 stirpe
3338 3106 3501 3176 regia
3557 3110 3616 3159 et

1979 3191 2350 3260 sacerdotali,
2385 3191 2634 3262 proinde
2667 3192 2995 3247 secundum
3051 3209 3279 3249 morem
3337 3195 3484 3266 ipsis
3527 3195 3616 3250 fa-

1973 3281 2226 3336 ciebant.
2272 3279 2526 3335 Proinde
2568 3280 2898 3336 astantibus
2925 3282 3330 3338 sacerdotibus
3360 3284 3616 3338 interro-

1974 3374 2256 3442 gaverunt
2280 3374 2510 3440 patrem
2555 3375 2613 3423 et
2668 3373 2941 3435 matrem,
2995 3376 3052 3424 et
3108 3373 3477 3443 scripserunt
3524 3389 3616 3427 eo-

1973 3477 2105 3514 rum
2137 3459 2382 3513 nomina
2412 3458 2474 3512 in
2523 3475 2704 3512 censu
2771 3459 3085 3514 sacerdotii
3130 3466 3238 3528 ;et
3289 3462 3616 3534 interroga-

1974 3553 2114 3604 runt
2141 3553 2404 3602 sanctam
2451 3548 2550 3600 Dei
2588 3550 2829 3602 Matrem
2891 3548 3155 3604 dicentes
3186 3566 3198 3602 :
3248 3552 3424 3605 Estne
3456 3552 3617 3606 filius

1977 3644 2110 3692 tuus
2141 3639 2308 3692 Jesus
2340 3637 2368 3690 ‘I
2396 3636 2576 3691 Maria
2601 3653 2734 3690 vero
2789 3638 3099 3706 respondit
3133 3655 3145 3692 :
3207 3639 3438 3709 Utique.
3500 3642 3617 3711 Ipsi

1975 3732 2172 3782 autem
2204 3724 2601 3780 addiderunt:
2661 3726 3016 3794 Ecquisnam
3071 3731 3159 3780 est
3214 3732 3384 3798 pater
3428 3729 3559 3799 ejus
3591 3731 3618 3784 ?

1976 3814 2299 3885 Respondit
2344 3813 2702 3884 purissima:
2739 3816 2800 3867 [n
2832 3819 2989 3869 terra
3017 3815 3257 3886 quidem
3288 3835 3409 3872 non
3440 3817 3620 3874 habet

1975 3909 2255 3975 patrem;
2315 3919 2418 3974 ego
2468 3903 2664 3973 ipsum
2711 3904 2887 3974 genui
2945 3909 3012 3958 ut
3067 3905 3229 3960 novit
3275 3906 3421 3978 ipse.
3456 3909 3614 3963 Deus

1978 3994 2135 4048 enim
2167 3997 2256 4046 est
2297 3996 2466 4063 pater
2513 3992 2661 4062 ejus.
2719 3992 2813 4046 Illi
2869 4008 3004 4047 vero
3033 3993 3352 4050 dixerunt:
3387 3997 3616 4051 Scribe—

1977 4097 2189 4137 musne
2221 4081 2282 4134 in
2335 4081 2582 4134 elencho
2640 4081 2881 4148 codicis,
2937 4081 3092 4151 quod
3151 4083 3277 4153 ipse
3325 4084 3401 4138 sit
3456 4085 3616 4140 filius

1979 4169 2130 4224 Dei?
2162 4172 2350 4238 Atque
2393 4169 2522 4238 ipsa
2579 4169 2874 4238 reposuit:
2934 4169 3068 4240 (Sic)
3118 4171 3374 4226 scribite.
3409 4174 3478 4226 Et
3530 4175 3614 4227 sic

1977 4257 2311 4312 retulerunt
2339 4257 2400 4310 in
2432 4257 2693 4310 codicem
2729 4274 2742 4311 :
2801 4259 2966 4312 Jesus
3015 4259 3173 4314 filius
3205 4261 3304 4314 Dei
3365 4266 3422 4315 et
3454 4262 3612 4317 ﬁlius

1979 4347 2194 4412 Maria),
2228 4345 2504 4417 suffragio
2537 4361 2567 4400 e
2589 4346 2752 4400 ccelis
2791 4346 2932 4414 lato,
2967 4349 3292 4403 sacerdotio
3339 4350 3616 4422 fungetur

1981 4435 2039 4488 in
2072 4439 2380 4488 mternum.
2440 4435 2510 4488 Et
2567 4434 2720 4489 sicut
2772 4436 3042 4506 superius
3098 4437 3460 4493 declaratum
3502 4445 3610 4508 est,

220 4527 552 4602 συναγωγὴν,
632 4525 721 4579 καὶ
795 4525 988 4593 ἀνέστη
1068 4524 1361 4599 ἀναγνῶναι
1467 4521 1557 4576 καὶ
1632 4520 1814 4577 ἐπεδόε

2026 4523 2427 4594 nplementum
2458 4523 2684 4594 accepit
2715 4524 3014 4595 Scriptura
3046 4525 3326 4595 inquiens
3362 4543 3374 4580 :
3411 4531 3488 4581 Tu
3516 4529 3608 4598 (es)

220 4615 368 4687 αὐτῷ
430 4610 648 4691 βιϐλίον
707 4611 931 4670 Ἠσαίου
985 4616 1081 4666 τοῦ
1129 4614 1430 4689 προφήτον,
1488 4618 1577 4667 καί
1650 4612 1814 4682 ἀνοίξε

2026 4612 2218 4667 ;cerdos
2265 4613 2324 4666 in
2379 4619 2642 4667 aeternum
2697 4613 2988 4669 secundum
3035 4616 3302 4671 ordinem
3337 4617 3612 4672 Melchise-

295 4750 360 4822 (ε)
386 4750 534 4805 Dan.
567 4753 662 4815 vn,
687 4749 772 4802 lO.
807 4745 867 4817 (t)
900 4746 1034 4800 Luc.
1066 4760 1124 4812 ιι,
1157 4747 1245 4799 52.

1577 4843 1813 4898 VARL‘E
1854 4843 2251 4899 LECTIONES.

290 4974 310 5008 “¹
340 4973 485 5027 Cas.
522 4967 794 5040 7A.Aaddit
819 4969 930 5040 τῶν
957 4966 1084 5040 ἀγγέ

1088 4963 1223 5040 λων.
1254 4965 1274 5001 ⁸
1301 4966 1456 5040 ρωε..
1477 4969 1544 5022 Α.
1579 4968 1743 5024 addit
1767 4965 1973 5040 ri'iwdp

216 5045 259 5081 ¹⁰
279 5043 450 5098 Barb.
485 5039 532 5094 εἳ
562 5038 660 5094 οὐκ
691 5039 856 5094 εἷσαν.
891 5037 934 5076 ¹¹
968 5035 1138 5110 Βάὼ.
1173 5037 1372 5110 m_end.
1395 5035 1570 5110 κόριν.
1606 5041 1650 5076 ¹²
1683 5039 1850 5095 Barb.

217 5113 309 5168 καὶ
327 5113 736 5184 ἀρχιερατικῆς,
771 5127 913 5184 quia
933 5126 966 5164 a
995 5109 1165 5184 Barb.
1196 5108 1434 5184 absunt,
1466 5105 1553 5184 lex
1577 5111 1721 5184 Caes.
1751 5113 1819 5184 ᾼ.
1855 5105 2224 5184 supplentur.
2261 5111 2306 5184 1f
2357 5113 2499 5166 Tum

1957 4963 2289 5091 >ξαγγέλωλ
2323 4969 2344 5003 θ
2375 4967 2542 5025 Barb.
2588 4966 2936 5044 ποῤῥώσεως,
2963 4972 3108 5025 Caas.
3141 4972 3207 5028 A.
3240 4970 3604 5100 πωρξώσεως.

1957 5040 2248 5112 ογόγησαν.
2278 5040 2322 5112 ¹γ³
2378 5043 2520 5094 Tum
2566 5042 2857 5112 particula
2905 5041 3017 5107 καὶ,
3069 5047 3194 5096 tum
3250 5061 3364 5112 pau
3394 5064 3426 5101 o
3476 5054 3604 5112 post

2135 5040 2322 5136 eam“:
2357 5043 2520 5136 mTum
2549 5040 2857 5136 Ipanticula
2905 5041 3017 5136 καξ,
3069 5047 3194 5136 turn
3250 5040 3426 5136 paulo
3470 5054 3608 5136 post

2594 5114 2716 5167 arb.
2771 5118 2894 5166 tum
2950 5113 3095 5183 Caes.
3137 5113 3597 5183 rAfﬁetopé-vov.

217 5185 264 5221 ¹⁵
290 5179 457 5258 Barb.
494 5179 723 5258 et_C_aes.
853 5179 1044 5258 τόνηίθ
1074 5179 1349 5258 Mendose
1381 5180 1633 5258 c_odi_ces,
1667 5181 1835 5258 Barb.
1867 5179 2507 5258 ςιῄἰόοῐηῌέπερῴτησαν,
2543 5184 2684 5258 βίος,
2718 5186 2788 5258 Αἶ
2816 5200 2950 5258 vero
2982 5179 3329 5258 ἐπιρώτισαν.
3383 5179 3428 5225 17'
3456 5193 3599 5245 Caas.

217 5254 500 5328 παναγίαν.
535 5253 583 5287 1⁸
609 5255 751 5328 cum
779 5254 926 5328 βεδε.
961 5253 1026 5305 Α.
1064 5249 1365 5328 υίόνλῐιαω
1599 5249 2516 5328 mend._uliiw._"_CodiCis_Barb.
2551 5249 3086 5328 lectioni-adhmsi;
3129 5273 3468 5328 quanquam
3521 5262 3603 5316 in-

218 5319 446 5382 certum
477 5341 620 5380 num
652 5321 966 5398 ἱερεύσεται,
997 5338 1073 5377 an
1104 5319 1384 5394 ἱερώσεται
1417 5321 1497 5376 ibi
1527 5323 1773 5394 legatur.
1808 5324 1952 5377 Caas.
1982 5324 2049 5378 A.
2074 5323 2252 5378 habet
2285 5341 2296 5378 :
2323 5321 2495 5392 ἱερεὺς
2530 5322 2604 5385 εἰς
2633 5324 2723 5378 τὸν
2773 5322 2943 5379 αἰῶνα
2996 5319 3164 5397 ἔσται,
3220 5319 3468 5386 sacerdos
3497 5335 3601 5387 erit

215 5400 277 5452 in
305 5403 591 5453 aeternum.

1791 5489 1990 5544 ΝΟΤλΕ
2004 5528 2019 5545 .

285 5607 395 5677 (48)
434 5607 586 5662 Psal.
621 5621 732 5674 cxx,
763 5607 796 5659 4
827 5624 842 5674 ;
875 5621 909 5660 a
940 5604 1138 5660 Graeco
1166 5606 1329 5659 textu
1360 5602 1529 5659 abest
1557 5602 1722 5661 verb.
1753 5602 2044 5661 substant.
2079 5605 2404 5662 secundum
2437 5607 2577 5662 LXX
