3888 6136
293 275 316 325 1
327 271 431 326 495

1614 272 1916 329 JOANNIB
1951 273 2377 331 BUBGIENSIB

3561 279 3703 337 1496

295 399 447 465 Quin
482 402 539 453 et
569 399 695 470 ipse
755 398 1017 453 Salvator
1061 398 1403 453 testimonio
1464 415 1568 453 suo
1607 413 1931 452 sermonem

2127 397 2222 458 τὸς
2256 398 2508 472 ὁΣωτήρ
2567 399 2768 474 λέγων.
2827 403 2945 459 Ὀτι
3008 403 3043 471 ὴ
3107 404 3425 478 σωτηρίαη
3477 406 3543 459 ἑκ
3600 410 3699 459 τῶν

296 489 638 555 conﬁrmat,
673 488 877 543 dicens
903 505 914 541 :
948 491 1087 553 Quia
1118 490 1263 543 salus
1293 505 1362 542 ex
1379 489 1584 543 Judwis
1606 492 1681 541 est
1703 488 1783 558 (i),
1812 503 1941 557 quas

300 577 460 631 salus
491 594 587 646 ego
619 580 735 646 ipse
764 594 901 643 sum,
935 580 1032 647 qui
1063 579 1257 647 loquor
1290 586 1463 632 tecum
1495 581 1592 645 (Ῐὶ),
1621 581 1797 647 prout
1853 575 1944 629 di-

300 666 385 718 xit
415 667 698 719 Dominus
730 666 805 720 ad
841 666 1152 720 mulierem
1183 668 1638 721 Samaritanam.

369 755 510 809 XXI.
549 757 837 810 Caeterum
861 757 989 825 jam
1023 762 1255 827 tempus
1288 763 1377 811 est
1410 757 1759 811 inchoandaa
1791 756 1944 810 laati-

300 844 418 907 tite,
456 850 512 898 et
541 846 1194 916 congratulandijustis
1255 846 1533 900 omnibus
1587 846 1657 900 ab
1717 845 1943 900 Adamo

298 950 485 1003 usque
518 934 590 987 ad
619 935 981 1003 Zachariam,
1014 952 1175 1004 quem
1223 935 1369 989 inter
1400 936 1657 1005 templum
1689 943 1741 989 et
1771 936 1946 988 altare

300 1023 612 1077 occiderunt
643 1024 723 1093 (ἱ).

371 1112 611 1166 Exsulta
641 1112 860 1181 itaque,
921 1129 952 1165 ο
984 1112 1190 1177 Adam,
1253 1116 1495 1184 propter
1561 1112 1802 1167 Mariam
1844 1111 1945 1166 Dei

301 1206 571 1254 matrem.
606 1201 894 1264 Quoniam
926 1218 1032 1270 per
1072 1201 1389 1256 mulierem
1433 1217 1467 1255 a
1515 1206 1788 1271 serpente
1835 1199 1945 1254 de-

301 1294 505 1358 ceptus
536 1288 719 1354 fuisti,
754 1294 811 1343 et
862 1306 968 1359 per
1033 1290 1348 1345 mulierem
1408 1296 1744 1360 serpentem
1804 1306 1950 1343 con—

303 1377 584 1431 culcabis.
624 1378 790 1431 Venit
820 1379 979 1432 enim
1029 1384 1263 1448 tempus
1322 1384 1387 1433 ut
1436 1381 1651 1447 sagittae
1702 1381 1948 1447 potentis

304 1471 485 1520 acutae
523 1468 616 1535 (m)
649 1482 717 1519 ex
744 1465 951 1520 eadem
984 1466 1086 1521 illa
1116 1472 1329 1523 natura
1380 1467 1750 1537 proveniant,
1790 1466 1948 1521 unde

306 1555 583 1609 inimicus
629 1555 881 1609 nocendi
917 1557 1170 1627 sumpsit
1226 1557 1641 1611 instrumenta.
1704 1557 1948 1627 Lignum

308 1644 528 1697 etenim
561 1648 618 1698 et
659 1644 875 1698 mulier
923 1646 1085 1716 origo
1146 1644 1388 1699 fuerunt
1435 1646 1496 1699 in
1557 1645 1829 1715 paradiso
1863 1645 1945 1698 tui

305 1732 531 1797 exsilii;
566 1748 724 1785 nunc
755 1738 952 1786 autem
1010 1733 1237 1805 lignum
1288 1741 1345 1786 et
1386 1733 1602 1787 mulier
1657 1733 1763 1787 tibi
1812 1738 1951 1787 sunt

302 1821 618 1875 restitutio.
654 1821 860 1875 Mulier
886 1821 1137 1891 {quidem
1192 1839 1372 1876 manu
1417 1824 1519 1876 Dei
1570 1822 1861 1877 mdiﬁcata
1894 1828 1947 1876 te

303 1910 568 1981 decepit;
602 1915 662 1964 at
706 1910 923 1964 mulier
981 1927 1009 1963 e
1061 1910 1280 1965 lumbis
1332 1912 1597 1965 Joachim
1656 1916 1713 1964 et
1761 1913 1947 1964 Annua

304 2004 473 2053 utero
506 1999 834 2069 progenita,
871 1999 999 2053 sine
1033 1999 1258 2053 semine
1290 2000 1489 2071 gignet
1526 2000 1736 2054 mortis
1767 2000 1947 2053 victo-

302 2106 451 2153 rem,
486 2088 1036 2158 debellatoremque
1070 2089 1232 2143 illius
1264 2089 1364 2157 qui
1405 2106 1513 2143 nos
1545 2090 1804 2159 captivos
1836 2087 1947 2142 ab-

303 2178 487 2232 duxit.
531 2179 601 2229 Et
628 2177 853 2247 lignum
886 2177 1125 2245 quidem
1158 2177 1378 2231 bonum
1411 2178 1485 2231 ad
1515 2177 1870 2231 vescendum
1893 2180 1952 2229 et

305 2266 622 2336 pulchrum
648 2265 835 2319 oculis
854 2271 1212 2335 aspectuque
1238 2264 1587 2319 delectabile
1632 2266 1745 2335 (52)
1777 2265 1950 2320 nobis

306 2359 561 2409 mortem
581 2352 806 2418 attulit;
830 2352 1059 2424 lignum
1073 2358 1269 2407 autem
1300 2352 1531 2408 aridum
1556 2353 1952 2408 etinfructuo-

308 2458 441 2496 sum
475 2447 598 2496 tum
631 2441 951 2496 draconem
983 2442 1254 2512 perimet,
1288 2446 1416 2496 tum
1473 2442 1785 2513 terrigenis
1815 2442 1947 2496 uni-

308 2533 490 2586 versis
521 2537 807 2587 eeternam
842 2533 1021 2586 vitam
1051 2532 1413 2587 conciliabit.

379 2624 459 2675 Tu
492 2638 726 2691 quoque
783 2627 973 2676 mater
1020 2626 1300 2688 matrum,
1350 2624 1483 2689 Eva,
1542 2620 1766 2693 gaude;
1809 2638 1950 2693 quo-

310 2711 471 2766 niam
505 2711 612 2765 ﬁlii
644 2711 728 2764 tui
758 2727 877 2765 non
912 2711 1170 2781 amplius
1215 2710 1289 2765 ad
1343 2711 1788 2781 corruptionem
1844 2728 1952 2767 na-

309 2804 568 2863 scentur,
622 2798 725 2853 sed
758 2798 1202 2869 incorruptione
1248 2799 1567 2868 potientur.
1605 2800 1718 2852 Vos
1749 2800 1947 2867 etiam,

307 2889 452 2942 Abel
477 2892 534 2941 et
557 2887 715 2954 Seth,
745 2888 805 2941 in
830 2888 1062 2942 cantica
1084 2887 1397 2957 erumpite,
1432 2887 1715 2956 quoniam
1761 2888 1948 2943 Altis-

308 2978 493 3031 simus
525 2976 973 3031 tabernaculum
1007 2993 1177 3030 suum
1208 2976 1317 3046 (53)
1363 2982 1677 3046 praeparat,
1712 2982 1769 3031 et
1794 2977 1953 3031 venit

305 3066 379 3121 ad
410 3064 882 3119 benedicendum
918 3070 1109 3130 terra),
1140 3066 1231 3119 cui
1293 3065 1698 3121 maledixerat.
1751 3068 1819 3120 Et
1861 3072 1943 3134 tu,

2056 483 2331 541 Ἰουδαίων
2367 488 2528 542 ἐστίν·
2564 488 2621 551 ὅς
2657 490 2771 562 εἰμί
2804 489 2965 553 αὐτὸς
2994 493 3022 546 ὁ
3054 489 3238 547 λαλῶν
3272 515 3382 563 σοι,
3440 496 3470 549 ὁ
3504 494 3705 569 Κύριος

2054 575 2188 650 πρὸς
2219 577 2319 645 τὴν
2351 576 2718 652 Σαμαρείτιδά
2748 601 2889 657 φησι
2919 584 3106 637 ταῦτα.

2126 755 2253 812 KA'.
2290 756 2485 831 Καιρὸς
2516 756 2716 812 λοιπὸν
2777 758 3109 832 ἀπάρξασθαι
3176 768 3276 831 τῆς
3331 764 3708 839 χαρμοφύνης

2053 842 2142 897 καὶ
2177 844 2491 918 συγχαίρειν
2522 852 2651 900 πᾶσι
2710 853 2830 909 τοῖς
2882 845 3109 910 δικαίοις
3156 850 3262 905 ἀπὸ
3307 852 3492 923 ’Λδὰμ
3542 852 3712 907 xui.”

2058 933 2224 1005 μέχρι
2258 933 2552 1007 Ζαχαρίου,
2590 936 2647 990 ὅν
2705 934 2991 1012 ἐφόνευσαν
3046 939 3241 1010 μεταξύ
3285 943 3383 994 τοῦ
3426 944 3564 994 ναοῦ
3622 940 3710 995 καὶ

2055 1025 2154 1075 τοῦ
2187 1023 2599 1098 θυσιαστηρίου.

2127 1112 2227 1163 Διὰ
2256 1109 2345 1165 οὖν
2372 1113 2471 1179 τήν
2505 1114 2817 1188 θεομήτορα
2876 1114 3086 1187 Μαρίαν
3139 1114 3463 1189 εὐφράνθητι
3510 1115 3713 1190 Ἀδὰμ,

2056 1197 2138 1253 ὅτι
2173 1197 2261 1253 διὰ
2288 1202 2541 1274 γυναικὸς
2572 1203 2863 1274 ἠπατήθης
2924 1204 3027 1258 ὑπὸ
3073 1208 3171 1260 τοῦ
3224 1200 3423 1282 ὄφεως,
3486 1208 3584 1260 καὶ
3628 1204 3716 1261 διὸ.

2055 1290 2312 1361 γυναικὸς
2341 1291 2600 1358 πατήσεις
2661 1290 2845 1347 αὐτὸν.
2904 1299 3059 1348 ’Ἠκει
3115 1293 3215 1368 γὰρ
3268 1295 3296 1347 ὁ
3349 1295 3570 1367 καιρὸς,
3626 1293 3718 1348 ’ἱνα

2058 1375 2175 1439 ὅθεν
2219 1379 2281 1431 τὸ
2339 1376 2509 1432 ὅπλον
2571 1377 2849 1453 ἐχρήσατο
2910 1381 2937 1433 ὁ
2995 1378 3215 1455 ἐχθρὸς,
3273 1379 3324 1451 ἐξ
3382 1381 3560 1451 αὐτῆς
3622 1389 3717 1450 τῆς

2059 1464 2269 1542 φύσεως
2293 1467 2363 1520 τὰ
2424 1466 2557 1541 βέλη
2616 1472 2714 1522 τοῦ
2772 1465 3001 1523 δυνατοῦ
3056 1469 3123 1523 τὰ
3178 1470 3501 1542 ἠκονημένα

2057 1552 2371 1628 Ξύλονγὰρ
2406 1555 2496 1609 καὶ
2554 1556 2691 1631 γυνὴ
2751 1554 2994 1631 ἐγένοντο
3054 1558 3276 1634 ἀφορμή
3333 1564 3434 1627 τῆς
3492 1557 3715 1633 ἐξορίςις

2059 1663 2155 1696 σου
2181 1641 2232 1696 ἐν
2266 1640 2599 1717 παραδείσῳ,
2631 1648 2720 1699 νῦν
2752 1642 2810 1699 δὲ
2836 1645 2967 1720 γυνὴ
2998 1646 3085 1699 καὶ
3137 1645 3295 1717 ξύλον
3351 1647 3571 1720 γίνεταί
3632 1666 3715 1700 σοι

1980 1762 2026 1825 Β
2059 1730 2378 1800 ἀνάκλησις.
2412 1733 2550 1800 Γυνὴ
2589 1733 2681 1805 μὲν
2716 1732 2861 1807 χειρὶ
2894 1737 3027 1789 Θεοῦ
3076 1730 3513 1805 οἲκοδομηθεῖσα
3566 1734 3713 1803 ἠπά-

2057 1821 2219 1888 τησεν
2248 1838 2323 1873 σε*
2357 1821 2493 1894 γυνή
2530 1818 2587 1875 δὲ
2629 1822 2680 1890 ἐξ
2740 1820 2938 1898 ὀσφύος
2998 1821 3275 1893 Ἰωακεὶμ,
3324 1821 3414 1875 καὶ
3475 1824 3714 1897 γαστρὸς

2056 1915 2263 1976 ’Ἀννης
2337 1912 2759 1986 κυοφορηθεῖσα,
2846 1907 2967 1965 ἄνευ
3046 1916 3250 1985 σπορᾶς
3309 1913 3569 1985 γεννήσει
3626 1913 3715 1967 τὸν

2055 1998 2286 2067 νικητὴν
2343 2002 2439 2052 τοῦ
2489 1998 2740 2067 θανάτου,
2817 1999 2904 2053 καὶ
2983 2000 3306 2074 καθαιρέτην
3386 2003 3490 2054 τοῦ
3576 2001 3717 2073 ὑμᾶς

2058 2085 2599 2160 αίχμαλωτίσαντος.
2635 2087 2735 2144 Καὶ
2760 2086 2918 2157 ξύλον
2950 2089 3059 2160 ’μὶν
3116 2088 3282 2142 καλὸν
3345 2086 3425 2149 εἷς
3485 2090 3713 2163 βρῶσιν,

2056 2177 2146 2230 καὶ
2179 2176 2398 2247 ἀρεστὸν
2428 2182 2544 2239 τοῖς
2578 2174 2909 2254 ὀφθαλμοῖς,
2969 2177 3060 2231 καὶ
3121 2177 3322 2252 ὡραῖον
3369 2181 3474 2232 τοῦ
3547 2199 3714 2232 κατει-

2056 2267 2270 2334 νοῆσαι,
2306 2264 2529 2328 θάνατον
2562 2266 2688 2337 ὑμῖν
2720 2265 3008 2340 ἐπήγαγεν·
3068 2263 3230 2338 ξύλον
3280 2263 3339 2320 δὲ
3399 2266 3567 2338 ξηρὸν
3627 2266 3714 2320 καὶ

2057 2350 2299 2429 ἄκαρπον
2327 2353 2417 2408 τὸν
2447 2355 2538 2426 μὶν
2587 2352 2853 2427 δράκοντα
2901 2352 3102 2424 ἀνελεῖ,
3148 2359 3276 2409 πᾶσι
3328 2352 3385 2409 δὶ
3434 2359 3557 2416 τοῖς
3611 2378 3714 2429 γη-

2056 2442 2229 2515 γενέσι
2261 2443 2309 2477 ⁴⁰
2339 2442 2591 2516 πρόξενον
2623 2446 2765 2511 ζωῆς
2797 2442 3021 2497 αἰωνίου
3045 2445 3351 2518 γενήσεται.

2130 2616 2413 2693 Ἀγάλλου
2441 2619 2529 2672 καὶ
2564 2617 2626 2672 σὺ
2653 2624 2824 2693 μῆτερ
2860 2620 3110 2693 μητέρων
3144 2616 3274 2687 Εὕα,
3310 2617 3395 2673 ὅτι
3426 2618 3495 2673 τὰ
3557 2622 3717 2675 τέκνα

2060 2728 2156 2762 σου
2185 2706 2363 2762 οὐκετι
2394 2706 2469 2769 εἷς
2501 2707 2731 2783 φθορὰν,
2776 2705 2901 2761 ἀλλ’
2956 2706 3006 2760 ἐν
3055 2705 3324 2783 ἀφθαρσίᾳ
3372 2704 3604 2762 ἔσονται
3634 2713 3675 2747 ⁸⁸
3705 2712 3716 2764 ί

2058 2792 2223 2853 ’Ἅϐελ
2247 2795 2335 2850 καὶ
2369 2798 2483 2865 Σὴθ
2513 2793 2601 2850 καί
2644 2795 2797 2869 ὑμεῖς
2858 2795 3150 2868 ὑμνήσατε,
3208 2794 3291 2850 ὅτι
3351 2793 3639 2865 ὲτοιλάζει
3694 2800 3720 2851 ὁ

2058 2890 2311 2959 Ὓψιστος
2372 2886 2637 2956 σκήνωμα
2694 2883 2882 2954 αὐτοῦ,
2935 2884 3025 2938 καὶ
3111 2880 3333 2958 ἔρχεται
3411 2884 3719 2960 εὐλογῆσαι

2059 2978 2156 3043 τὴν
2191 2981 2319 3049 γῆν,
2352 2974 2417 3043 ἦν
2449 2973 2815 3048 κατηράσατο.
2851 2973 2950 3029 Καὶ
3014 2973 3077 3026 σὺ
3133 2978 3259 3028 Νῶε
3303 2972 3719 3047 εὐχαρίστησον

2062 3066 2143 3118 ὅτι
2185 3062 2411 3137 ἔρχαται
2471 3061 2689 3134 Κύριος·
2753 3060 3106 3136 ἐπισυνάγαγε
3157 3061 3222 3115 τὰ
3269 3060 3435 3115 τέκνα
3493 3083 3600 3117 σου
3656 3064 3720 3117 τὲ

307 3157 446 3221 Noe,
489 3153 851 3208 hilaritatem
903 3126 1148 3224 explica,
1211 3154 1494 3223 quoniam
1537 3154 1705 3209 adest
1752 3156 1931 3210 Domi-

2127 3152 2511 3225 εσκορπισμὲνα
2536 3150 2625 3203 ἳνα
2653 3152 3101 3224 προσκυνήσωσιν
3135 3152 3179 3186 ⁴²
3210 3150 3305 3204 τὸν
3365 3147 3721 3206 διασώσαντα

310 3260 461 3298 nus:
496 3259 785 3314 congrega
816 3243 1113 3313 dispersos
1148 3243 1302 3297 ﬁlios
1330 3247 1483 3309 tuos,
1516 3248 1583 3296 ut
1626 3259 1759 3297 eum
1810 3244 1953 3297 ado-

308 3337 463 3398 rent,
519 3332 619 3401 qui
672 3348 770 3385 vos
830 3332 893 3385 in
950 3332 1166 3386 diluvio
1227 3331 1493 3385 servavit.
1554 3332 1687 3386 Deus
1768 3332 1947 3399 enim,

310 3423 583 3474 ultionum
613 3421 870 3474 Dominus
914 3420 1014 3489 (η),
1064 3419 1355 3473 Adamum
1412 3419 1676 3486 indutus,
1725 3421 1787 3474 in
1833 3426 1951 3474 ter-

314 3524 410 3562 ras
468 3507 723 3573 advenit,
774 3512 840 3563 ut
896 3506 1187 3562 Adamum
1232 3509 1426 3577 ipsum
1482 3513 1743 3575 renovet,
1824 3510 1951 3563 vin—

313 3602 555 3667 ctosque
587 3613 793 3651 omnes
838 3613 910 3651 ex
965 3596 1172 3651 inferis
1228 3596 1458 3650 educat.
1515 3595 1834 3665 Abraham,
1894 3603 1953 3652 et

309 3687 471 3741 Isaac
504 3690 560 3740 et
590 3686 759 3741 Iacob
791 3703 925 3740 cum
955 3685 1291 3757 legislatore
1344 3688 1539 3757 Moyse
1588 3692 1765 3757 atque
1812 3703 1950 3757 pro-

308 3774 503 3845 phetis
535 3775 830 3842 omnibus,
860 3775 1097 3845 utrique
1130 3774 1439 3841 exsultate,
1491 3774 1675 3829 libros
1725 3781 1948 3830 vestros

308 3862 573 3927 evolvite,
607 3863 893 3931 quoniam
924 3863 1093 3917 adest
1115 3864 1242 3933 jam
1276 3863 1636 3933 exspectatio
1662 3868 1870 3917 vestra.

378 3954 474 4005 Hae
529 3957 667 4005 sunt
715 3952 1140 4005 exsultationes
1196 3952 1454 4006 ﬁliarum
1510 3951 1744 4017 Judzeaa,
1802 3968 1948 4022 quo-

305 4042 465 4096 niam
490 4041 637 4110 justi
672 4040 935 4095 Joachim
969 4044 1025 4093 et
1068 4042 1237 4093 Anna
1279 4040 1453 4109 plane
1502 4040 1945 4095 immaculatam

305 4131 404 4183 Dei
440 4134 686 4183 matrem
721 4129 781 4182 in
806 4129 1018 4183 Sancta
1050 4134 1389 4183 sanctorum
1416 4128 1775 4182 detulerunt.
1828 4132 1944 4184 Lae-

307 4225 453 4273 tatus
499 4224 573 4271 est
632 4220 775 4271 enim
831 4235 982 4272 mons
1034 4220 1185 4288 Sion,
1246 4224 1296 4273 et
1354 4217 1764 4272 exsultaverunt
1816 4217 1944 4286 ﬁliae

377 4350 439 4422 (ἰ)
469 4352 633 4405 Joan.
669 4366 741 4417 ιν,
769 4353 857 4403 22.
936 4350 1006 4421 (k)
1040 4349 1179 4404 ibid.
1213 4352 1301 4403 26.

1381 4349 1442 4422 (ι)
1477 4350 1681 4404 Matth.
1714 4364 1877 4417 χχιιι,
1909 4352 1995 4403 35.
2072 4348 2169 4419 (m)
2200 4346 2353 4401 Psal.
2388 4361 2540 4411 CXIX,
2572 4346 2605 4398 4

2063 3241 2199 3312 ὑμᾶς
2287 3238 2375 3292 ἐπὶ
2460 3237 2868 3310 κατακλυσμοῦ.
2955 3238 3084 3301 Θεὸς
3156 3240 3258 3313 γὰρ
3348 3235 3717 3310 ἐκδικήσεων,

2060 3328 2264 3402 Κύριος
2294 3326 2381 3381 ἐπὶ
2430 3334 2535 3401 γῆς
2588 3325 2937 3401 παραγίνεται
2994 3327 3087 3381 τὸν
3145 3323 3324 3398 Ἀδάμ
3370 3326 3715 3401 καινουρδῆ-

2060 3437 2146 3470 σαι
2175 3417 2240 3485 ⁸³,
2272 3418 2462 3471 τοῦτον
2497 3410 2873 3486 ἐνδυσάμενος,
2904 3413 2997 3468 καὶ
3029 3413 3231 3475 πάντας
3260 3412 3391 3474 τοὺς
3447 3412 3716 3487 δεσμίους

2060 3505 2119 3560 ἐκ
2145 3508 2240 3558 τοῦ
2273 3499 2404 3573 ᾅδου
2435 3504 2718 3577 ἀναγαγεῖν
2749 3505 2813 3557 ⁸⁸.
2871 3496 3144 3577 ’Λϐραᾶμ,
3200 3500 3289 3555 καί
3347 3502 3563 3573 Ἰσαάκ,
3621 3505 3716 3557 καὶ

2059 3588 2256 3650 Ἰακὼϐ
2291 3592 2381 3645 σὺν
2410 3595 2492 3662 τῷ
2512 3592 2782 3665 νομοθέτῃ
2819 3592 3027 3655 Μωϋσῆ
3084 3590 3174 3645 καὶ
3221 3596 3348 3644 πᾶσι
3395 3597 3517 3651 τοῖς
3571 3612 3718 3665 προ-

2058 3684 2276 3759 φήταις,
2324 3678 2621 3756 ἀμφότεροι
2677 3678 3041 3754 γεραίροντες,
3098 3677 3194 3739 τὰς
3255 3674 3488 3752 βίϐλους
3556 3681 3716 3752 ὑμῶν

2059 3768 2466 3841 ἀναπτύξαντες,
2500 3768 2581 3821 ὅτι
2615 3768 2648 3835 ἠ
2682 3763 2981 3839 προσδοκία
3015 3767 3169 3838 ὑμῶν
3202 3767 3447 3839 πάρεστι.

2128 3945 2309 4003 Ταῦτά
2366 3944 2467 3999 εἶσι
2524 3945 2591 3997 τὰ
2661 3944 2997 4015 σκιρνήματα
3052 3947 3160 3996 τῶν
3222 3944 3541 4017 θυγατέρων
3613 3953 3717 4013 τῆς

2055 4033 2337 4105 Ἰουδαίας,
2371 4033 2452 4088 ὅτι
2497 4035 2869 4107 προσήνεγκαν
2930 4034 2981 4086 οἱ
3036 4029 3238 4086 δίκαιοι
3295 4035 3567 4106 Ἰωακείμ
3623 4037 3716 4089 καὶ

2053 4128 2213 4182 ’Ἄννα
2241 4125 2339 4192 τὴν
2394 4121 2733 4195 πανάμωμον
2802 4121 3065 4176 Θεοτόκον
3126 4120 3202 4181 εὶς
3253 4121 3320 4174 τὰ
3379 4124 3557 4197 ’Ἀγια
3603 4128 3712 4175 te?»

2053 4214 2240 4289 ἁγίων⁸
2304 4211 2591 4289 Εὐφράνθη
2649 4211 2749 4286 γὰρ
2811 4205 2934 4282 ὅρος
3004 4207 3170 4279 Σιὼν,
3246 4209 3335 4263 καὶ
3418 4210 3711 4285 ἠγαλλιά-

2703 4343 2779 4414 (n)
2807 4342 2961 4398 Psal.
2992 4360 3165 4410 van,
3202 4347 3285 4398 12.

1661 4483 1893 4536 νΑΙὶΙίΕ
1935 4481 2225 4535 LECTION
2230 4479 2332 4534 ES.

377 4590 420 4623 ⁸³
452 4588 620 4642 Barb.
655 4588 889 4659 repetiti
932 4588 1028 4641 hic
1088 4585 1281 4659 Λὲγων.
1380 4586 1425 4619 ⁸9
1454 4584 1749 4659 Rarticula
1799 4583 1910 4659 καὶ,

1978 4601 2153 4655 quam
2210 4583 2387 4637 habet
2442 4585 2501 4655 et
2554 4581 2697 4655 Caes.
2752 4581 2843 4648 A.,
2903 4580 3237 4655 redundare
3292 4582 3390 4655 hic
3444 4583 3701 4637 videtur.

305 4663 353 4697 4ο
384 4660 570 4715 Mend.
608 4650 739 4713 tum
766 4658 932 4712 Barb.
967 4650 1269 4730 γηγενεῧσι,
1306 4661 1429 4710 tum
1461 4658 1604 4730 Caes.
1637 4658 1703 4730 A_.
1734 4650 2015 4728 γηγενέσιᾷ
2082 4656 2125 4691 δι
2159 4656 2334 4730 Hanc
2376 4650 2731 4730 periodum,_
2758 4667 2887 4721 quae
2945 4668 2979 4730 a
3027 4652 3186 4730 cod.”
3206 4653 3447 4730 Barber.
3471 4722 3484 4730 _
3518 4655 3702 4730 abest,

308 4732 579 4788 dedimus
612 4748 680 4784 ex
711 4731 853 4784 Caas.
888 4716 990 4792 Α.,’
1144 4716 1307 4784 more
1340 4716 1770 4798 suogsichhabe't
1792 4716 2136 4798 corruptam
2166 4742 2178 4779 :
2213 4716 2416 4798 ἄγαλοί»
2447 4720 2621 4776 καὶσὺ
2658 4716 2826 4798 μήτέρ
2862 4723 3094 4795 μιτὲρων
3128 4716 3241 4798 ἔβα·
3290 4722 3374 4775 ὅτι
3426 4722 3498 4776 τὰ
3548 4724 3705 4777 τὲκνι

307 4825 403 4857 σου
436 4799 713 4860 οὐκέτιεῗξ
744 4799 945 4877 φθορὰν
982 4793 1107 4852 ἀλλ’
1140 4798 1189 4851 ἐν
1241 4796 1506 4877 ἐφθαρσίᾳ
1540 4795 1784 4877 ἔσονται.
1861 4793 2136 4877 ⁴²“ΜΘΙ1(Ῐ.
2189 4793 2355 4877 Barb_.
2410 4793 2903 4877 προσκυνῄσουσιν,
2942 4793 3075 4849 cum
3131 4796 3273 4877 Caes.
3330 4800 3406 4877 Α.Δ
3458 4814 3701 4877 ’πρ-σπυ-

302 4878 554 4945 νήσωσιν.
633 4875 677 4908 ⁴³
703 4863 1107 4945 Καινουργῆσαι
1140 4888 1209 4945 ex
1239 4863 1390 4925 Cales.
1540 4869 1707 4925 Barb.
1760 4868 2043 4924 mendose
2089 4863 2471 4945 xevnupyﬁqat.
2543 4863 2590 4897 ⁴⁴
2619 4863 2952 4945 ’Λναγαγεῖνι
2986 4881 3122 4945 cum
3163 4866 3324 4945 βῶξ.
3379 4869 3477 4935 Α.,
3508 4863 3701 4923 ΒΜῙ).

304 4935 481 5004 habet
510 4947 785 5019 ἀναγαγεῖ,
822 4935 1013 5015 quam
1032 4944 1350 4999 lectionem
1381 4943 1429 4995 si
1462 4935 1801 5012 sequamur,
1831 4957 2040 4995 sensus
2073 4940 2217 4994 erit:
2246 4935 2298 4993 et
2327 4939 2532 4993 vinctos
2558 4951 2737 4990 omnes
2766 4935 2842 4991 ex
2859 4935 3053 5004 inferis
3081 4936 3320 4992 reducet.

1882 5055 2103 5109 ΝΟΤᾸΕ.

378 5169 485 5239 (52)
514 5170 657 5239 Gen.
688 5168 857 5239 ωηο,
914 5183 1029 5220 sec.
1084 5166 1220 5239 LXX
1279 5162 1477 5236 ὡραῖον
1521 5163 1617 5214 τοῦ
1664 5158 1933 5239 κατανοῆ-

306 5231 414 5306 σαι,
449 5231 689 5308 optabile
718 5237 790 5289 ad
819 5236 1277 5305 intelligendum:
1310 5231 1484 5304 quem
1536 5249 1775 5287 sensum
1834 5231 1940 5285 ad-

303 5348 487 5405 mittit
517 5345 694 5399 etiam
728 5340 937 5395 veritas
970 5342 1249 5396 Hebraica
1278 5326 1497 5401 Sag-3:15
1518 5351 1641 5427 vi)”
1676 5347 1866 5398 πλη-ηπ
1889 5344 1939 5391 ει

307 5450 742 5522 concupiscibilis
794 5448 958 5522 arbor
989 5449 1086 5522 _ad
1142 5448 1611 5522 intelligendum:_
1680 5444 1824 5522 adeo
1855 5450 1942 5522 ‘ut

308 5514 516 5583 sensus
550 5538 676 5577 esse
710 5522 912 5590 possit,
947 5518 1076 5590 ideo
1102 5520 1277 5573 etiam
1301 5514 1938 5590 fructumdesiderabi-

307 5601 426 5654 lem
460 5598 647 5650 visum
679 5586 880 5656 fuisse,
918 5589 1075 5659 quod
1106 5592 1219 5644 Eva
1236 5590 1454 5645 diaboli
1481 5586 1793 5644 fallacibus
1815 5602 1941 5641 ver-

2047 5159 2137 5213 bis
2177 5158 2446 5219 credens.
2480 5154 2847 5229 existimaret
2903 5171 3036 5229 eum
3093 5155 3375 5211 idoneum
3406 5158 3504 5229 gad
3566 5176 3706 5229 pro-

2048 5233 2290 5285 missam
2322 5230 2460 5283 boni
2484 5244 2549 5281 ac
2580 5226 2721 5280 mali
2754 5226 3062 5280 scientiam
3096 5228 3554 5296 acquirendam.

2120 5302 2227 5370 (53)
2262 5302 2439 5355 Maria
2471 5297 2798 5371 saepissime
2848 5297 3015 5371 apud;
3044 5300 3261 5371 Patres
3313 5308 3706 5371 comparatur

2050 5368 2452 5436 tabernaculo,
2488 5371 2546 5423 in
2580 5385 2694 5438 quo
2727 5369 2878 5421 Deus
2902 5368 3218 5422 residebat.
3252 5373 3325 5422 At
3357 5368 3703 5431 hic—habes.

2050 5444 2541 5524 praeparationem
2574 5439 2752 5509 hujus
2821 5439 3183 5524 tabernaculi
3244 5441 3433 5510 ipsam
3510 5444 3701 5497 fuisse

2049 5510 2242 5569 Mariae
2269 5512 2742 5583 conceptionem,
2771 5526 2946 5585 qaam
2991 5510 3205 5585 deinde
3235 5519 3442 5585 auctor
3478 5530 3701 5585 coope-

2049 5592 2217 5641 rante
2250 5581 2471 5657 Spiritu
2501 5586 2703 5638 sancto
2733 5581 3061 5637 viviﬁcante
3086 5582 3302 5639 factam
3324 5581 3695 5653 afﬁrmabat,
