3888 6136
179 323 316 382 M97

1197 332 1442 390 SEBMO
1476 336 1552 388 IN
1586 331 2140 388 CONCEPTIONEM
2175 334 2534 390 DEIPABE.

3419 327 3556 382 1498

177 470 338 505 σαντο
389 448 676 530 θυγατέρες
738 460 838 524 τῆς
917 452 1184 520 Ἰουδαίας
1233 453 1386 510 ἕνεκα
1441 459 1548 510 τῶν
1605 452 1808 529 κριμά-

2001 457 2080 510 dae
2128 463 2359 526 propter
2406 457 2628 526 judicia
2698 463 2814 524 tua,
2873 457 3095 510 Domine
3136 454 3236 523 (0).
3289 452 3555 525 Virgines

178 559 288 593 των
321 561 436 610 σου,
495 541 676 618 Κύριε.
739 539 910 599 Οὐδὲν
967 545 1068 620 γὰρ
1127 545 1274 618 εἶχον
1335 543 1501 598 εἰπεῖν
1549 539 1810 618 ἑτέρωνῆ

181 626 595 704 αἶσχρολογιῶν
633 631 686 686 αἱ
716 633 972 706 παρθὲνοι
1028 633 1082 685 αἱ
1141 631 1571 706 συναμελθοῦσαι
1605 633 1648 668 ‘5
1682 629 1816 704 μετὰ

178 723 280 784 τῆς
332 716 484 792 ἁγίας
543 719 816 793 Παρθένου
871 721 1084 795 Μαρίας
1140 728 1240 790 τῆς
1298 720 1589 791 Θεοτόκου,
1621 719 1812 787 ἀλλ’ἢ

183 804 347 878 μόνον
401 814 757 879 πνευματικὰ,
812 809 898 863 καὶ
957 812 1073 880 Θεῷ
1133 809 1446 884 ἀρέσκοντα,
1504 807 1638 884 ’ἅπερ
1679 807 1814 880 αὐτῇ

177 896 246 966 τῇ
307 891 422 967 ὣρᾳ
476 891 786 971 ἐδωρήσατο
841 897 903 950 τὸ
962 901 1180 969 Πνεῦμα
1239 899 1416 970 ἅγιον.
1477 897 1544 953 Τί
1599 897 1698 972 γὰρ
1747 895 1812 963 ἦν

181 980 368 1041 αὐταῖς
396 985 442 1018 ⁴⁸
493 982 684 1057 ἑτέρων
745 986 786 1019 ⁸⁷
850 983 1108 1058 ῥημάτων
1164 984 1345 1059 χρεία,
1378 983 1510 1040 ἀλλ’
1539 985 1574 1054 ἢ
1606 985 1818 1044 πάντως

176 1070 276 1138 τὴν
341 1068 596 1144 βασιλίδα
651 1072 970 1146 πρεπόντως
1029 1071 1086 1127 ἃν
1151 1071 1468 1148 εύφημῆσαι
1525 1073 1613 1126 καὶ
1659 1077 1737 1143 τῷ
1767 1071 1818 1141 ἐξ

179 1158 349 1226 αὐτῆς
413 1155 676 1230 μέλλοντι
737 1158 988 1232 ἀσπόρως
1071 1157 1345 1224 τίκτεσθαι
1427 1157 1642 1235 βασιλεῖ
1711 1163 1816 1212 τῶν

179 1245 392 1300 αίώνων
425 1245 722 1308 ἐπινικίους
778 1246 982 1320 ὕμνους
1033 1248 1126 1302 καὶ
1177 1249 1498 1325 ἀναφωνεῖν,
1529 1247 1618 1302 καὶ
1649 1245 1817 1318 ᾅδειν,

178 1334 356 1396 καθὼς
412 1334 475 1387 τὸ
530 1337 748 1407 Πνεῦμα
801 1335 864 1388 τὸ
923 1335 1073 1410 ἅγιον
1147 1333 1330 1390 ἐδίδου
1385 1335 1822 1414 ἀποφθέγγεσθαι

179 1428 366 1493 αὐταῖς
395 1452 410 1503 ς

255 1520 383 1578 ΚΒ’.
424 1518 802 1592 Ἑορτάσωμεν
857 1519 945 1575 καὶ
1003 1522 1166 1593 ἡμεῖς
1218 1519 1468 1588 ἅπαντες,
1527 1519 1821 1595 ἀγαπητοὶ,

181 1608 279 1670 τὰς
357 1613 458 1677 τῆς
535 1608 800 1663 Θεοτόκὸυ
886 1607 1099 1682 Μαρίας
1157 1609 1508 1684 πανηγύρεις,
1577 1629 1821 1680 πνευμα-

185 1698 350 1756 τικῶς
409 1694 842 1772 εὐφραινόμενοι,
891 1694 981 1750 καὶ
1033 1699 1420 1758 κατανοοῦντες
1450 1696 1512 1752 τὸ
1550 1700 1646 1750 τοῦ
1677 1716 1822 1766 προ-

188 1783 362 1876 ιρήτου
415 1781 632 1876 λόγιονὶ
682 1782 959 1876 ιζΕόρταιζε
1017 1783 1167 1876 γάρ,
1225 1781 1668 1876 φησὶν,-⁹Ιούδα,
1729 1783 1820 1876 τὰς
1857 1814 1900 1876 Β

187 1869 378 1942 ὶορτάς
431 1890 546 1923 σου·
609 1865 773 1940 ἀνέϐη
849 1869 950 1945 γὰρ
1009 1872 1036 1925 ὁ
1089 1870 1339 1947 ἐμφυσῶν
1399 1871 1475 1933 εἷς
1529 1872 1592 1926 τὸ
1644 1871 1821 1945 πρόσ-

187 1959 338 2014 ωπόν
427 1981 548 2031 σου,
630 1959 720 2014 καὶ
805 1959 1185 2034 ἐξαιρούμενός
1291 1981 1346 2015 σε
1425 1960 1483 2014 ἐκ
1566 1959 1822 2033 θλίψεων.

184 2047 339 2115 Αὖτή
369 2046 469 2124 γὰρ
501 2049 544 2084 ⁸⁸
574 2046 626 2118 ἐξ
657 2045 855 2118 Ἰούδα,
885 2049 975 2102 καὶ
1025 2049 1052 2103 ὁ
1103 2048 1300 2122 Κύριος
1333 2048 1382 2122 ἐξ
1414 2049 1578 2114 αὐτῆς
1605 2049 1666 2104 τὸ
1693 2050 1827 2104 κατᾶ

186 2137 380 2208 σάρκα.

271 2226 363 2276 Δεῖ
391 2223 480 2276 οὗν
515 2221 566 2276 ἐν
593 2227 710 2284 ταῖς
744 2221 910 2286 θείαις
939 2225 1046 2296 (54)
1075 2225 1163 2278 καὶ
1205 2221 1464 2299 μεγάλαις
1493 2225 1704 2299 ἑορταῖς
1734 2222 1824 2278 καὶ

185 2309 283 2372 τὰς
309 2317 410 2378 τῆς
462 2311 726 2365 Θεοτόκου
781 2317 880 2380 τῆς
936 2309 1161 2374 ἐλπίδος
1212 2314 1372 2384 ἡμῶν
1413 2311 1819 2388 πανηγυρίζειν.

187 2399 376 2460 Ἐκτὸς
409 2399 501 2452 οὗν
525 2399 621 2453 τοῦ
677 2397 1055 2475 πληρώματος
1107 2403 1213 2454 τῶν
1271 2397 1398 2454 δέκα
1446 2401 1645 2474 ἑορτῶν
1677 2420 1822 2453 παν-

190 2487 518 2561 ηγυρίζομεν
551 2485 640 2540 καὶ
670 2487 768 2555 τὴν
831 2488 1116 2564 ζωηφόρον
1167 2486 1331 2555 αὐτῆς
1363 2488 1641 2560 κοίμησιν.
1675 2485 1821 2556 Αὐτὴ

195 2577 329 2648 μετὰ.
383 2575 482 2642 τήν
542 2573 617 2636 είς
678 2573 938 2642 οὐρανοὺς
995 2571 1184 2628 ἄνοδον
1239 2579 1336 2629 τοῖ’)
1393 2577 1591 2649 Κυρίου
1661 2578 1821 2646 ἡμῶν

188 2664 372 2731 Ἰησοῦ
401 2665 664 2734 Χριστοῦ.
694 2663 784 2716 καὶ
835 2663 932 2730 τήν
993 2666 1087 2716 τοῦ
1144 2662 1404 2737 παναγίου
1431 2662 1520 2718 καὶ
1554 2667 1824 2731 ζωοποιοῦ

191 2749 507 2822 Ηνεύματος
537 2749 625 2804 ἐπὶ
663 2749 790 2812 τοὺς
852 2751 1150 2823 μακαρίους
1205 2749 1543 2812 ἀποστόλους
1573 2749 1821 2820 καθοδον,

185 2839 286 2907 τήν
320 2837 410 2892 καὶ
441 2837 676 2912 ἐσχάτην
727 2837 816 2892 καὶ
866 2837 1112 2911 μεγάλην
1162 2837 1574 2911 ὀνομαζομένην
1606 2839 1821 2912 ἑορτὴν,

189 2925 474 3000 πλήρωμα
498 2932 598 2995 τῆς
656 2927 1032 3000 χρηστότητος
1089 2929 1135 2963 ⁸⁸
1188 2930 1284 2980 τοῖὶ
1341 2926 1536 3001 Κυρίου
1566 2926 1658 2980 καὶ
1689 2931 1822 2982 Θεοῦ

183 3015 345 3086 ἡμῶν
376 3012 711 3086 οἷκονομίας,
757 3013 846 3067 καὶ
898 3012 1073 3083 πάσης
1131 3013 1349 3090 ὕστερον
1397 3015 1497 3082 τὴν
1525 3016 1824 3070 πάνσεπτον

186 3100 354 3171 αὐτῆς
379 3102 640 3175 κοίμησιν
669 3101 1001 3176 πανηγυρίζο
1012 3122 1128 3174 μεν.

261 3363 364 3424 Τὰς
421 3359 480 3416 δὲ
531 3360 804 3436 ἀνωτέρω,
863 3363 952 3417 καὶ
1035 3366 1632 3438 προμνημονευομὲνας
1687 3367 1822 3420 κατὰ

189 3452 280 3506 τὸν
313 3449 617 3524 Δεκάλογον
649 3455 750 3517 τῆς
799 3471 857 3504 τε
883 3447 1122 3510 Παλαιᾶς
1153 3449 1244 3505 καί
1298 3459 1493 3521 Καινῆς
1523 3455 1816 3524 Διαθήκης.

192 3541 351 3613 Τρεῖς
379 3537 480 3613 γὰρ
521 3534 773 3612 διαδοχαί
808 3538 907 3592 εἰσι
964 3542 1070 3593 τῶν
1105 3537 1230 3592 δέκα
1257 3541 1301 3576 ⁸0
1333 3537 1531 3613 λόγων,
1565 3539 1742 3615 ὥσπερ
1773 3545 1815 3578 ⁵1

183 3624 552 3700 ἐδιδάχθημεν
633 3626 736 3680 ὑπὸ
812 3631 910 3694 τῆς
984 3626 1268 3700 παναγίας,
1353 3628 1669 3700 ὁμοουσίου,
1726 3631 1817 3684 καὶ

182 3719 478 3785 ζωοποιοῦ,
535 3715 625 3770 καὶ
680 3723 1060 3789 προσκυνητῆς
1111 3713 1366 3790 Τριάδος.
1425 3719 1490 3772 Ἦ
1536 3719 1726 3793 πρώτη
1758 3717 1817 3774 ἐκ

173 3808 272 3860 τοῦ
357 3802 550 3877 νόμου·
643 3804 970 3878 Ἀγαπήσεις
1053 3805 1248 3879 Κύριον
1329 3805 1422 3860 τὸν
1503 3807 1631 3861 Θεόν
1695 3827 1811 3879 σου,

173 3893 263 3948 καὶ
320 3891 388 3947 τὰ
443 3891 584 3961 ἑξῆς.
647 3890 753 3946 Καὶ
815 3893 1100 3963 μετέπειτα
1154 3891 1206 3946 ἐν
1258 3896 1326 3966 τῇ
1385 3893 1497 3964 Νὲᾳ
1551 3894 1607 3948 οἱ
1641 3915 1814 3966 μακα-

1924 548 2103 614 enim,
2139 565 2268 618 quae
2301 548 2479 602 simul
2509 554 2642 620 post
2691 552 2956 604 sanctam
2987 547 3282 617 Virginem
3312 544 3554 598 Mariam

1923 633 2023 687 Dei
2054 639 2304 688 matrem
2335 635 2708 703 incedebant,
2744 635 2915 702 nihil,
2947 631 3100 703 quod
3143 631 3550 696 inclamarent,

1923 721 2220 776 habebant
2247 727 2349 777 aut
2396 723 2654 777 alienum
2708 727 2809 778 aut
2853 722 3222 784 indecorum,
3251 718 3356 773 sed
3385 718 3557 788 spiri-

1925 810 2107 864 tualia
2162 810 2444 865 duntaxat
2501 828 2567 865 ac
2627 813 2742 866 Deo
2813 809 3128 880 placentia,
3187 823 3316 876 quae
3375 806 3556 877 Spiri-

1925 905 2018 956 tus
2051 907 2287 956 sanctus
2343 903 2404 955 in
2463 919 2530 957 ea
2583 902 2728 956 hora
2785 902 2970 973 (ipsis)
3025 899 3300 954 donabat.
3334 895 3557 967 Ecquid

1927 991 2084 1046 enim
2125 992 2256 1046 aliis
2309 993 2545 1046 vocibus
2596 1009 2742 1063 Opus
2775 992 2845 1045 iis
2878 995 3002 1046 erat
3032 1005 3210 1060 quam
3239 993 3304 1042 ut
3333 989 3560 1042 ratione

1927 1096 2168 1149 prorsus
2227 1080 2596 1134 convenienti
2680 1080 2962 1150 Reginam
3019 1077 3443 1134 collaudarent.
3506 1077 3564 1128 et

1929 1168 2064 1238 Regi
2099 1167 2448 1221 saeculorum
2507 1184 2576 1222 ex
2635 1167 2766 1238 ipsa
2822 1167 2948 1220 sine
3003 1165 3230 1220 semine
3261 1163 3559 1216 nascituro

1927 1256 2314 1326 triumphales
2337 1255 2587 1325 hymnos
2615 1255 2732 1309 alta
2756 1255 3077 1309 clamantes
3098 1267 3236 1306 voce
3259 1255 3560 1318 canerent,

1920 1351 2091 1414 prout
2120 1345 2358 1414 Spiritus
2387 1349 2602 1398 sanctus
2632 1345 2798 1398 dabat
2827 1343 3008 1414 eloqui
3037 1341 3145 1396 illis
3167 1339 3302 1412 (p)|?

1999 1519 2169 1572 XXII.
2213 1521 2282 1572 Et
2328 1535 2436 1573 nos
2497 1519 2691 1590 igitur,
2752 1517 3143 1583 dilectissimi,
3195 1520 3391 1570 mente
3443 1513 3563 1568 vol-

1929 1611 2132 1662 ventes
2159 1607 2306 1661 illud
2337 1607 2640 1677 prophetae
2671 1605 2996 1672 oraculum,
3022 1622 3136 1676 quo
3165 1605 3357 1673 inquit
3381 1619 3393 1656 :
3423 1603 3562 1671 Age,

1931 1711 1960 1749 ο
1989 1695 2152 1761 Juda,
2210 1696 2575 1750 solemnitates
2624 1701 2763 1760 tuas,
2823 1695 3064 1748 ascendit
3105 1695 3246 1746 enim
3278 1694 3374 1762 qui
3402 1693 3562 1760 efﬂat

1929 1785 1989 1836 in
2016 1785 2212 1851 faciem
2245 1791 2419 1850 tuam,
2456 1789 2506 1837 te
2535 1801 2561 1837 e
2591 1783 2945 1837 tribulatione
2971 1785 3203 1851 eripiens
3226 1781 3330 1851 (q),
3356 1796 3561 1834 omnes

1933 1872 2184 1942 spiritali
2235 1873 2442 1928 laetitia
2493 1873 2810 1944 gestientes
2869 1872 2970 1926 Dei
3029 1870 3338 1925 Genitricis
3368 1868 3561 1922 Mariae

1932 1977 2099 2015 sacra
2153 1961 2444 2016 solemnia
2495 1961 2880 2015 celebremus.
2932 1961 3065 2029 Ipsa
3112 1959 3270 2014 enim
3321 1974 3391 2014 ex
3418 1955 3566 2012 Juda

1935 2053 2041 2116 est,
2074 2054 2132 2104 et
2161 2050 2444 2104 Dominus
2463 2066 2533 2104 ex
2563 2066 2631 2104 ea
2661 2047 2986 2104 secundum
3017 2063 3276 2102 carnem.

2003 2223 2168 2289 Quod
2221 2225 2375 2279 circa
2429 2225 2584 2279 inter
2659 2225 2888 2278 divinos
2946 2223 3358 2292 solemnesque
3417 2220 3562 2287 dies,

1932 2312 2194 2384 Deiparae
2246 2329 2504 2383 quoque,
2562 2330 2692 2383 quae
2777 2328 2910 2382 spes
2993 2317 3082 2365 est
3136 2309 3398 2364 omnium
3459 2325 3566 2362 no-

1933 2405 2141 2468 strum,
2201 2401 2411 2456 merito
2470 2400 2618 2456 festa
2675 2400 3028 2454 celebranda
3093 2403 3247 2453 sunt.
3307 2397 3562 2468 Ideoque

1933 2493 2096 2544 extra
2125 2489 2328 2544 decem
2377 2489 2488 2560 (55)
2538 2489 2980 2543 solemnitatum
3013 2503 3348 2553 numerum,
3379 2485 3564 2539 vivifi-

1933 2593 2061 2632 cam
2094 2593 2328 2648 quoque
2351 2577 2512 2632 illius
2541 2576 2955 2630 dormitionem
2979 2575 3369 2628 celebramus.
3399 2570 3561 2636 Quod

1933 2665 2172 2736 quidem
2205 2665 2552 2720 venerandae
2599 2665 2759 2719 illius
2787 2662 3157 2718 dormitionis
3187 2662 3400 2716 festum
3432 2660 3561 2730 agi-

1931 2770 2062 2808 mus
2121 2759 2178 2808 et
2233 2770 2340 2808 nos
2393 2759 2525 2824 post
2579 2769 2890 2808 ascensum
2947 2751 3178 2805 Domini
3210 2750 3396 2804 nostri
3424 2753 3564 2804 Jesu

1931 2842 2144 2896 Christi
2203 2843 2266 2896 in
2321 2842 2532 2897 caelum
2589 2847 2649 2896 et
2705 2841 3055 2894 descensum
3115 2837 3474 2892 sanctissimi
3506 2840 3564 2889 et

1932 2929 2273 2984 viviﬁcantis
2328 2931 2576 3001 Spiritus
2635 2929 2696 2983 in
2753 2929 2954 2982 beatos
3031 2925 3351 2997 apostolos,
3408 2923 3565 2994 quod

1929 3021 2294 3088 postremum
2326 3033 2722 3088 magnumque
2769 3016 2984 3070 festum
3037 3013 3388 3086 appellatur,
3423 3017 3560 3066 tan-

1930 3122 2108 3176 quam
2140 3106 2298 3176 quod
2326 3106 2504 3161 fuerit
2531 3105 2813 3159 bonitatis
2845 3103 3074 3157 Domini
3108 3108 3165 3156 et
3199 3102 3410 3155 divinte
3441 3100 3564 3154 dis-

1930 3195 2295 3266 pensationis
2340 3193 2650 3264 omnisque
2700 3192 2949 3262 justitiaa
3009 3193 3118 3262 (56)
3163 3188 3564 3260 complemen-

1928 3287 2078 3337 tum.

2001 3372 2153 3434 Quas
2209 3385 2345 3422 vero
2395 3367 2665 3438 superius
2713 3366 3330 3434 commemoravimus,
3395 3364 3560 3419 cele-

1928 3458 2169 3513 britates
2221 3457 2448 3528 agimus
2507 3455 2833 3510 secundum
2895 3454 3116 3508 Veteris
3164 3459 3223 3508 et
3273 3453 3412 3508 Novi
3451 3454 3560 3506 Te-

1927 3545 2204 3602 stamenti
2235 3545 2607 3614 Decalogum.
2654 3545 2792 3597 Tres
2849 3543 3006 3597 enim
3069 3547 3206 3596 sunt
3245 3541 3563 3610 Decalogo-

1925 3651 2058 3690 rum
2089 3633 2292 3698 series,
2328 3648 2472 3701 quas
2529 3647 2564 3685 a
2620 3631 3012 3698 sanctissima,
3041 3627 3556 3692 consubstantiali,

1923 3722 2250 3777 viviﬁcante
2281 3725 2456 3789 atque
2478 3718 2780 3774 adoranda
2803 3718 3081 3772 Trinitate
3103 3716 3294 3770 edocti
3325 3731 3550 3770 sumus.

1923 3811 2121 3864 Prima
2149 3809 2485 3863 continetur
2513 3807 2574 3860 in
2623 3806 2775 3877 lege,
2809 3807 3006 3874 Diliges
3067 3809 3354 3861 Dominum
3385 3808 3556 3860 Deum

1923 3905 2094 3966 tuum,
2129 3901 2186 3951 et
2215 3901 2444 3952 caetera.
2502 3897 2572 3950 Et
2629 3893 2692 3949 in
2741 3895 2893 3948 Novo
2939 3893 3152 3948 deinde
3181 3896 3554 3950 Testamento

241 4018 265 4046 ο
294 4006 448 4063 Psal.
481 4023 642 4077 xcm,
672 4009 722 4061 1.
752 4005 834 4078 (p)
864 4007 991 4063 Act.
1025 4025 1089 4077 ιι,
1117 4009 1171 4064 4.
1199 4009 1272 4079 (q)
1299 4009 1546 4064 Nahum.
1582 4027 1620 4078 1,
1657 4013 1720 4064 15
1749 4029 1762 4078 ;
1804 4028 1868 4078 ιι,
1903 4016 1952 4066 1.

1539 4128 1772 4184 νΑιιιβΕ
1810 4129 2100 4186 LECTION
2106 4131 2206 4184 ES.

248 4211 294 4247 ⁴⁵
324 4211 462 4290 Cod.
497 4209 668 4290 Bard,
701 4210 918 4290 habet;
953 4207 1106 4264 οὐδὲν
1137 4209 1239 4290 γὰρ
1274 4212 1422 4287 εἶχον
1455 4211 1621 4290 εἰπεῖν
1646 4211 1826 4290 ἕτερον
1924 4215 2332 4290 αἰσχρολογίαν,
2365 4216 2419 4269 αἱ
2449 4212 2943 4290 συναπελθρῦσαι....
2977 4217 3037 4268 at
3067 4229 3275 4290 sensus
3314 4227 3554 4290 prprsus

174 4283 467 4340 absurdus
493 4286 666 4337 esset.
700 4284 845 4336 Cas.
877 4283 943 4338 A.
977 4299 1110 4337 vero
1143 4280 1361 4339 habet?
1388 4283 1477 4337 καὶ
1505 4284 1606 4358 γὰρ
1639 4280 1789 4392 εἶχὸν
1823 4280 1990 4340 εἰπεῖν
2020 4280 2220 4360 Sci-59m»;
2249 4280 2654 4360 αἰσχρολογιῶν
2685 4285 2740 4337 αἱ
2768 4283 3044 4354 παρθένοι·
3068 4283 3157 4337 καὶ
3185 4280 3552 4344 συναπελθού-

176 4373 258 4392 nm
388 4370 518 4392 num
549 4369 784 4392 nonani“
821 4354 1043 4392 nnrifnr
1071 4354 1387 4392 nhs-“nulum
1423 4356 1642 4392 hnhmnf
1691 4359 1712 4392 4
1765 4359 1886 4392 Γεωο
1967 4361 1991 4392 Δ
2069 4359 2352 4392 γηοηιιηρο
2401 4359 2493 4392 hin
2545 4357 2717 4392 Imhof
2749 4355 2880 4392 m’nnl
2941 4361 2994 4392 at
3025 4356 3308 4392 month-ma
3337 4355 3552 4392 navitam

176 4373 354 4442 Ξαιζ..
388 4370 526 4442 (μιαί
549 4369 789 4442 εορειιιιι
821 4354 1043 4434 pariter
1070 4354 1390 4442 absurdum
1423 4354 1664 4438 habent.

1765 4359 1907 4413 Caes.
1955 4361 2022 4413 A.
2069 4355 2496 4414 mendosamhic
2535 4355 2720 4411 habet
2749 4355 2906 4424 αὐτή,
2941 4361 2998 4410 et
3025 4356 3308 4410 mendose
3337 4355 3558 4424 pariter

165 4423 574 4498 Barb._a6t_o‘i<.j.
607 4423 924 4498 contextus
951 4425 1130 4496 exigit
1158 4423 1366 4498 αὐταῖς,
1401 4433 1468 4481 ut
1493 4427 1690 4498 reipsa
1719 4429 1862 4482 Caes.
1913 4431 1978 4482 A.
2023 4430 2200 4484 habet

2253 4429 2428 4500 paulo
2486 4428 2660 4500 infra,
2695 4427 2810 4500 ubi
2838 4423 3042 4500 rursus
3073 4427 3239 4500 Barb.
3274 4423 3555 4500 mendose

176 4494 394 4570 repetit
405 4492 617 4570 αὐτοῖς.
649 4495 692 4528 ‘7
728 4493 982 4570 Ἑτέρων,
1028 4492 1184 4570 quod
1234 4492 1402 4570 abest
1443 4513 1478 4552 δ,
1527 4492 1717 4570 Barb.,
1770 4499 2107 4570 suppletum
2166 4492 2432 4555 (ax-Caes.
2469 4501 2533 4552 A.
2566 4492 2742 4570 “'po
2775 4499 3197 4570 cum_Cazs._A.,
3221 4513 3358 4570 nam
3385 4493 3556 4570 Barb.

179 4563 372 4647 φίλω
405 4564 571 4619 Barb.
633 4563 861 4621 mend.'
889 4563 1272 4638 χριστότητος.
1321 4568 1368 4603 ⁸ο
1427 4569 1620 4624 Mend.
1677 4563 1861 4623 Barbf
1885 4563 2114 4624 ’δωδέκα
2165 4571 2314 4644 (sic).
2347 4571 2388 4605 ⁸¹
2421 4571 2532 4624 Leo
2559 4563 2808 4624 Allatius
2839 4567 3016 4623 habet
3051 4566 3208 4637 ἅπερ,
3249 4567 3376 4647 cod.
3409 4567 3553 4620 Caes.

173 4639 241 4693 A.
277 4632 478 4708 ὥσπερ.

1757 4729 1978 4784 ΝΟΤΔΕ.

241 4838 350 4909 (54)
383 4835 564 4912 _Paulo
594 4835 767 4912 aliter
813 4835 967 4912 Cass.
998 4837 1058 4912 ᾼ.
1093 4841 1167 4905 Δῆ
1225 4837 1476 4912 (scilicet
1503 4835 1606 4910 δεῖ)
1637 4840 1728 4893 οὗν
1756 4839 1808 4894 ἑν
1839 4825 1886 4889 Β
1919 4843 2172 4898 Allatius
2203 4843 2264 4897 in
2295 4842 2644 4912 fragmento,
2705 4842 2872 4912 cujus
2929 4843 2990 4895 in
3033 4840 3247 4894 Monito
3277 4837 3553 4912 meminif

167 4903 288 4979 ταῖς
319 4903 486 4979 θείαις
541 4904 631 4958 καὶ
693 4903 954 4979 μεγάλαις
1011 4903 1240 4979 ἑορταῖς
1278 4908 1367 4962 καὶ
1422 4909 1517 4970 τὰς
1548 4903 1647 4978 τῆς
1676 4931 1808 4965 παν-

168 4978 327 5052 αγίας
353 4978 443 5032 καὶ
472 4975 826 5052 παννυμνήτου
875 4975 1173 5052 Δεσποίνης
1203 4980 1360 5052 ἡμῶν
1393 4975 1680 5052 Θεοτόκου,
1711 4985 1807 5050 τῆς

171 5047 397 5126 ἐλπίδος
477 5049 660 5126 milia”
743 5047 1144 5126 ἐτανὙίυΕίζῗιΨ
1222 5047 1356 5126 άρτἧ
1417 5051 1522 5126 γὰρ
1576 5047 1716 5106 ἐστιν
1755 5047 1807 5126 -.ἦ

173 5067 397 5111 εΑπιοος
477 5067 660 5132 ημων,
743 5067 1144 5171 πανηγυριςειψ
1222 5067 1356 5117 αυτη
1417 5067 1519 5126 γαρ
1576 5067 1716 5106 εστιν
1773 5067 1806 5120 η

173 5119 416 5194 σωτηρία
465 5121 626 5194 ἡμων
678 5136 768 5194 και
855 5119 950 5194 ἀντ
979 5117 1185 5194 ληψιςῄ
1235 5121 1309 5182 ὡς
1366 5123 1666 5194 γεννήσασα
1715 5123 1806 5176 τὸν

173 5189 370 5264 Κύριον
426 5190 516 5264 καί
571 5189 808 5264 ποιητὴν
869 5193 975 5264 τού
1017 5189 1234 5264 παντός.
1317 5189 1670 5256 QuamObrem
1750 5197 1810 5249 in

171 5259 386 5332 magnis
434 5259 867 5328 solemnibusque
919 5261 1107 5316 diebus
1157 5269 1368 5332 oportet
1421 5265 1616 5318 habere
1645 5267 1810 5320 etiam

168 5336 497 5411 festivitates
515 5332 877 5411 sanctissing
909 5337 1074 5411 atque
1105 5335 1252 5387 omni
1281 5334 1440 5387 laude
1469 5335 1810 5403 dignissimw

169 5401 375 5473 reginae
405 5409 626 5468 nostrae,
659 5403 756 5454 Dei
811 5401 1026 5464 Matris,
1081 5420 1142 5456 ac
1198 5409 1394 5456 nostra
1423 5401 1554 5474 spei.
1591 5408 1810 5460 Etenim

171 5478 294 5546 ipsa
325 5480 400 5528 est
427 5475 790 5546 salusnostra
839 5477 890 5524 et
947 5474 1259 5542 opitulatio,
1318 5476 1520 5544 quippe
1549 5493 1668 5546 qua
1703 5477 1808 5530 Do-

174 5545 388 5601 minum
417 5551 468 5598 et
498 5545 752 5613 opiﬁcem
775 5557 958 5595 rerum
985 5545 1225 5598 omnium
1245 5548 1455 5613 genuit.

243 5616 358 5688 (55)
415 5611 582 5670 Barb.
641 5611 804 5679 Cod.,
865 5617 922 5667 et
979 5629 1048 5668 ex
1104 5611 1370 5686 ipso'(ut
1419 5615 1668 5688 videtur)
1697 5617 1808 5673 Leo

1919 4931 2073 4982 mus,
2108 4914 2330 4982 habent
2375 4907 2678 4975 duodecim,
2741 4907 2948 4964 δώδεκα
2975 4929 2988 4964 :
3020 4917 3080 4964 at
3107 4912 3249 4963 Cms.
3283 4913 3347 4962 A.
3381 4907 3560 4962 habet

1919 4980 2121 5048 decem,
2155 4980 2300 5050 δέκα,
2333 4989 2392 5037 et
2421 5000 2660 5054 prorsus
2712 4982 3150 5054 congruentius.
3183 4982 3559 5054 Namauctor

1917 5054 2261 5109 festivitates
2287 5051 2560 5124 superius
2583 5051 3064 5124 enumerans,eas
3081 5051 3284 5124 decem
3307 5051 3554 5118 dixerat,

1918 5142 2038 5180 non
2069 5131 2264 5180 autem
2325 5121 2656 5178 duodecim.
2717 5123 2780 5175 Id
2833 5123 3028 5192 ipsum
3071 5121 3308 5192 exigunt
3338 5127 3396 5175 et
3425 5137 3554 5190 qum

1918 5196 2131 5250 deinde
2161 5195 2494 5250 subduntur
2527 5194 2596 5246 de
2634 5193 2936 5263 Decalogo.

1992 5269 2100 5336 (56)
2133 5269 2212 5320 Ex
2243 5268 2385 5319 Caes.
2417 5267 2485 5336 Αἶ
2509 5258 2912 5336 supplevimiis
2942 5258 3554 5336 νοοθῐῐιῄδικαιοσύνης,

1919 5333 2049 5405 qua)
2072 5333 2106 5391 a
2130 5337 2295 5391 Barb.
2326 5334 2767 5405 excideratlioc
2795 5333 3088 5400 codice,ut
3110 5333 3254 5387 alias
3277 5333 3552 5405 diximus,

1917 5403 2060 5461 usus
2087 5409 2192 5461 [.eo
2217 5405 2488 5470 Allatius,
2513 5403 2584 5474 ad
2609 5420 2732 5457 rem
2755 5405 3224 5474 componendam
3249 5403 3556 5474 conjunxit

1916 5478 2093 5544 πάσης
2127 5493 2259 5532 cum
2290 5472 2619 5544 οἰκονομίας,
2645 5481 2704 5529 at
2726 5472 2922 5530 minus
2952 5475 3222 5540 feliciter,
3247 5475 3385 5544 quia
3415 5473 3556 5527 dum

1917 5549 2135 5602 retinet
2164 5546 2647 5618 conjunctionem
2676 5545 2786 5614 καὶ,
2815 5547 2971 5602 haud
3005 5547 3272 5618 exiguam
3307 5547 3424 5600 vim
3454 5544 3554 5599 in-

1917 5618 2032 5676 fert
2057 5619 2309 5691 syntaxi.
