3888 6136
392 255 530 310 1499

1699 261 2004 315 JOANNIS
2040 257 2468 312 RUBCEBNSIS
3612 271 3700 324 15(ῖο

392 379 754 434 beatitudines
813 384 871 433 et
926 380 1068 451 ipsae
1139 386 1276 436 sunt
1357 382 1582 450 decem,
1647 383 1921 437 similiter
1978 386 2031 436 et

2147 378 2335 449 ρισμοὶ
2393 379 2483 430 καὶ
2535 377 2694 431 αὐτοὶ
2753 379 2799 412 ⁵²
2852 376 2998 432 δίκα⁰
3059 378 3265 452 ὁμοίως
3337 383 3427 437 καὶ
3478 387 3534 441 τὸ
3585 390 3700 463 Πάτερ

390 470 556 522 Pater
583 474 766 522 noster
821 467 1025 522 decem
1083 471 1496 541 complectitur
1553 487 1859 526 sermones
1899 473 2029 538 (57).

389 556 502 609 Has
535 557 731 626 itaque
755 555 958 611 decem
984 558 1393 614 solemnitates
1423 560 1630 614 festiva
1661 576 1795 614 cum
1827 559 2033 614 laetitia

394 644 643 714 agimus.

460 732 651 785 XXIlI.
685 735 766 787 Ac
824 733 1078 802 primam
1136 736 1398 804 quidem,
1459 737 1598 791 licet
1657 753 1724 791 ea
1783 753 1902 790 non
1960 735 2030 789 ab

389 819 667 874 omnibus
724 826 1078 892 agnoscatur
1125 823 1261 893 (58),
1320 825 1379 878 in
1439 841 1556 893 qua
1613 824 1767 878 beati
1798 823 2033 877 Joachi-

387 925 517 962 mus
567 913 624 962 et
667 911 836 963 Anna
884 911 1281 980 generationis
1335 912 1530 968 Maria)
1574 928 1810 984 semper
1856 911 2032 982 virgi-

385 997 480 1050 nis
505 1013 571 1052 ac
605 999 705 1051 Dei
756 999 963 1053 matris
1015 1001 1290 1054 nuntium
1341 1007 1717 1072 acceperunt,
1751 1001 1843 1055 die
1875 1017 2032 1055 nono

384 1086 605 1139 mensis
638 1086 978 1140 Decembris
1011 1087 1401 1142 celebramus.

453 1176 641 1243 Atque
674 1180 896 1228 attente
929 1176 1186 1242 adverte,
1222 1177 1633 1246 dilectissime,
1667 1194 1787 1231 non
1815 1183 2032 1248 prwter

385 1261 562 1315 ﬁdem
596 1279 746 1329 esse,
779 1279 844 1316 ac
877 1264 1076 1328 inane,
1128 1265 1284 1334 quod
1336 1266 1489 1335 apud
1521 1282 1629 1319 nos
1661 1266 1878 1335 scripto
1911 1270 2029 1319 tra-

389 1349 564 1403 ditur.
617 1350 673 1403 Si
720 1350 878 1404 enim
932 1351 1317 1406 ecclesiarum
1373 1353 1776 1407 dedicationes
1818 1355 2029 1407 merito

388 1437 784 1502 celebrantur,
819 1445 1034 1508 quanto
1068 1441 1254 1512 magis
1309 1442 1455 1495 citra
1504 1442 1688 1496 ullam
1723 1458 2029 1512 compara-

381 1526 560 1580 tionis
594 1528 882 1582 rationem
928 1527 1210 1582 debemus
1263 1546 1400 1583 cum
1445 1530 1662 1595 studio,
1698 1535 1755 1583 et
1786 1530 2024 1599 pietate,

381 1631 447 1670 ac
479 1617 579 1669 Dei
621 1617 830 1671 timore
891 1619 1041 1672 hanc
1100 1635 1380 1691 peragere
1441 1618 1931 1672 solemnitatem?
1961 1619 2022 1672 in

382 1721 498 1774 qua
529 1706 634 1774 (59)
671 1723 790 1802 non
823 1723 891 1760 ex
922 1707 1215 1777 lapidibus
1247 1708 1411 1802 iacta
1444 1713 1583 1762 sunt
1613 1707 2023 1802 fundamenta,
2057 1738 2103 1802 Β

380 1808 573 1862 neque
603 1793 878 1847 manibus
907 1795 1216 1849 hominum
1245 1795 1347 1850 Dei
1374 1796 1660 1866 templum
1697 1795 2026 1850 exaedifica-

380 1885 504 1934 tum
549 1887 670 1934 est:
738 1881 1010 1936 videlicet
1067 1884 1127 1936 in
1184 1889 1348 1938 utero
1410 1889 1693 1953 concepta
1751 1889 1837 1937 est
1885 1883 2026 1938 Dei-

375 1983 516 2038 para
547 1985 613 2023 ac
667 1976 870 2024 sancta
929 1971 1127 2037 Maria,
1189 1971 1292 2025 sed
1350 1973 1451 2026 Dei
1513 1972 1700 2026 Patris
1735 1971 2024 2041 benepla-

389 2057 526 2122 cito,
581 2062 640 2111 et
695 2059 1107 2127 cooperatione
1166 2060 1525 2113 sanctissimi
1567 2076 1633 2113 ac
1683 2059 2028 2112 vivificantis

390 2145 658 2214 Spiritus,
694 2147 959 2200 Christus
1001 2147 1097 2200 Dei
1147 2147 1347 2210 Filius,
1381 2148 1481 2217 qui
1513 2147 1694 2216 lapsis
1727 2151 1816 2201 est
1843 2161 2028 2218 angu-

387 2230 552 2296 laris,
587 2234 709 2302 ipse
757 2251 885 2288 eam
931 2233 1262 2298 aedificavit,
1297 2240 1354 2288 et
1383 2235 1506 2304 ipse
1538 2235 1598 2287 in
1634 2251 1701 2289 ea
1731 2235 2024 2289 inhabita-

387 2319 487 2385 vit,
521 2326 586 2373 ut
615 2320 802 2390 legem
836 2337 902 2374 ac
935 2322 1273 2391 prophetas,
1307 2339 1440 2376 cum
1473 2323 1546 2376 ad
1577 2322 1885 2377 salvandos
1918 2339 2026 2376 nos

390 2408 635 2473 veniret,
671 2407 963 2478 impleret.
998 2410 1113 2479 Ipsi
1157 2409 1342 2480 gloria
1373 2416 1429 2464 et
1454 2411 1644 2465 honor
1674 2416 1732 2465 et
1761 2411 2024 2465 adoratio

390 2511 508 2549 una
540 2512 673 2548 cum
705 2501 923 2550 mterno
956 2498 1146 2564 Patre,
1185 2502 1242 2552 et
1272 2515 1407 2552 cum
1440 2499 1812 2554 sanctissimo
1844 2516 1911 2553 ac
1943 2499 2025 2551 vi-

387 2583 660 2638 viﬁcante
693 2585 911 2654 Spiritu
969 2603 1148 2652 nunc,
1202 2591 1259 2640 et
1312 2603 1560 2658 semper,
1597 2592 1655 2642 et
1695 2587 1754 2642 in
1807 2587 2023 2642 saecula

386 2671 757 2726 saeculorum.
777 2677 987 2727 Amen.

2142 467 2321 536 ἡμῶν,
2378 463 2503 518 δέκα
2562 463 2718 538 λόγοι
2773 467 2934 520 εισίν.
2995 467 3209 531 Ταύτας
3259 470 3351 524 οὗν
3405 473 3448 508 ⁸³
3499 476 3578 537 τὰς
3620 474 3702 531 Sin

2140 552 2471 628 πανηγύρεις
2496 553 2840 628 γεραίροντες
2867 555 3211 628 ἑορτάζομεν.

2213 729 2326 784 Kl".
2359 730 2466 796 Τὴν
2503 729 2596 800 μὲν
2628 729 2873 802 πρώτην,
2934 730 2982 784 εἴ
3037 731 3128 786 καὶ
3188 734 3263 804 μή
3293 735 3436 810 παρᾶ
3461 742 3565 799 τοῖς
3588 744 3698 792 πᾶσιν

2138 815 2475 891 γνωρίζεται,
2509 814 2560 870 έν
2707 815 2948 886 ἐδέξαντο
3006 820 3056 872 οἱ
3118 821 3370 896 μακάριοι
3407 825 3624 896 Ἰωακεὶμ
3644 828 3702 880 καὶ

2141 907 2306 959 ’Ἄννα
2350 905 2416 957 τὰ
2464 902 2747 979 εὐαγγέλια
2805 912 2900 974 τῆς
2955 909 3255 981 γεννήσεως
3293 917 3394 978 τῆς
3421 911 3701 988 ἀειπαρθὲνου

2138 993 2226 1046 καὶ
2287 992 2552 1047 Θεοτόκου
2610 991 2819 1068 Μαρίας
2888 998 2958 1067 τῇ
3036 994 3221 1070 ἐννάτῃ
3292 1003 3389 1052 τοῦ
3443 997 3702 1074 Δεκεμϐρίου

2143 1080 2335 1153 (ληνός.

2212 1173 2456 1241 Σημειοῦ
2514 1173 2815 1243 νουνεχῶς,
2873 1171 3140 1244 ἀγαπητὶ,
3199 1171 3281 1226 ὅτι
3340 1173 3436 1228 οὐκ
3481 1174 3702 1245 ἄσπονδον,

2138 1255 2266 1311 οὐδὲ
2297 1256 2568 1334 ἀνωφελὲς
2597 1257 2658 1311 τὸ
2715 1259 2842 1330 παρ’
2899 1259 3035 1330 ἡμῖν
3089 1264 3268 1336 γραφῇ
3317 1261 3701 1335 παραδιδόμενον.

2139 1346 2200 1402 Εἴ
2256 1346 2356 1420 γὰρ
2410 1346 2497 1399 καὶ
2557 1345 2902 1420 ἐγκαινισμοὶ
2957 1345 3260 1416 ἐκκλησιῶν
3313 1348 3531 1420 ἐπαξίως
3581 1353 3704 1407 ἐπιτε-

2137 1434 2382 1500 λοῦνται,
2413 1433 2565 1506 πόσῳ
2599 1433 2814 1504 μᾶλλον
2840 1437 3003 1505 ἡμεῖς
3035 1434 3328 1512 ὀφείλομεν
3364 1442 3700 1514 μυριονταπλα-

2134 1522 2285 1577 σίονα
2319 1523 2454 1593 μετά
2507 1520 2772 1592 σπουδῆς,
2833 1518 3118 1585 εὐλαϐείας
3174 1545 3231 1579 τε
3288 1527 3375 1580 καὶ
3437 1523 3588 1600 φόϐου
3611 1527 3700 1583 Θειιὸ

2133 1610 2402 1666 ίπιτελεῖν
2442 1612 2540 1679 τήν
2573 1612 2873 1686 πανήγυριν
2932 1609 3172 1681 morm;
3232 1612 3287 1666 έν
3390 1613 3484 1668 οὐκ
3511 1613 3560 1668 ἐκ
3583 1615 3701 1670 λίθων

2134 1699 2161 1752 ὁ
2193 1698 2445 1770 θεμέλιος
2476 1696 2656 1769 έτεθη,
2689 1695 2815 1752 οὖδέ
2860 1697 2920 1752 ὲκ
2950 1703 3150 1773 χειρῶν
3189 1699 3487 1775 ἀνθρώπων
3518 1706 3555 1737 ⁵⁸
3578 1703 3599 1757 ὁ
3621 1705 3703 1765 ναὸς

2133 1791 2228 1840 τοῦ
2259 1790 2390 1840 Θεοῦ
2423 1783 2782 1858 ᾠκοδομήθη,
2814 1785 3109 1857 τουτέστιν,
3141 1787 3193 1841 ἑν
3242 1787 3431 1860 κοιλίᾳ
3461 1789 3700 1864 συνελήγθη

2138 1874 2171 1940 ἠ
2207 1871 2329 1945 ἁγία
2359 1871 2542 1944 Μαρία
2572 1874 2606 1940 ἡ
2640 1872 2924 1941 Θεοτόκος,
2958 1869 3084 1928 ἀλλ’
3125 1871 3347 1944 εὐδοκία
3376 1877 3419 1911 ⁸⁸
3450 1877 3625 1950 Πατρὸς
3644 1875 3699 1928 καὶ

2139 1960 2390 2034 συνεργίᾳ
2445 1963 2541 2014 τοῦ
2596 1961 2854 2033 παναγίοο
2937 1963 3024 2015 καὶ
3108 1967 3382 2030 ζωοποιοῦ
3439 1965 3702 2035 Πνεύματος,

2140 2049 2364 2123 Χριστὸς
2397 2049 2571 2110 ὁΥἱὸς
2627 2053 2722 2103 τοῦ
2781 2053 2935 2117 Θεοῦ,
2990 2051 3018 2102 ὁ
3079 2048 3229 2112 λίθος
3289 2052 3318 2105 ὁ
3365 2052 3702 2126 ἀκρογωνιαῐος,

2138 2138 2297 2200 αὐτὸς
2327 2135 2705 2210 ᾠκοδόμησεν,
2737 2141 2826 2192 καὶ
2867 2137 3028 2200 αὐτὸς
3078 2138 3128 2191 ἐν
3179 2139 3316 2212 αὐτῇ
3350 2143 3700 2210 κατεσκήνωσεν,

2134 2227 2222 2280 ἳνα
2278 2226 2442 2299 νόμον
2501 2225 2590 2279 καὶ
2648 2228 2931 2301 προφήτας
2991 2224 3288 2302 πληρώσῃ,
3351 2227 3512 2282 ἐλθὼν
3567 2228 3623 2288 εἷς
3662 2229 3701 2280 τὸ

2139 2319 2305 2369 σῶσαι
2367 2317 2510 2387 ἡμᾶς
2569 2317 2630 2370 ⁵⁸.
2689 2315 2851 2385 Αὐτῷ
2909 2315 2944 2383 ἡ
3007 2311 3152 2385 δόξα,
3212 2316 3302 2370 καὶ
3337 2318 3549 2388 ἡτιμή,
3593 2316 3701 2382 καὶὴ

2135 2403 2501 2478 προσκύνησις
2543 2402 2633 2456 σὺν
2690 2406 2768 2474 τῷ
2825 2401 3047 2478 ἀνάρχῳ
3101 2407 3296 2480 Πατρὶ,
3355 2405 3442 2460 καὶ
3495 2410 3563 2476 τῷ
3607 2425 3700 2456 παν·

2135 2495 2270 2570 αγίῳ
2325 2495 2409 2547 καὶ
2469 2497 2727 2563 ζωοποιῷ
2786 2492 3079 2564 Πνεῦματι,
3135 2499 3224 2548 νῦν
3281 2493 3373 2549 καὶ
3429 2495 3524 2563 ἀεὶ,
3551 2494 3621 2548 καὶ
3645 2493 3695 2553 εἷς

2133 2579 2260 2643 τοὺς
2290 2580 2487 2640 αἰῶνας
2515 2583 2622 2634 τῶν
2656 2577 2892 2636 αἶ’ώνων.
2926 2581 3129 2652 Ἀμήν.

1745 2799 1978 2852 VARI/f3
2016 2796 2304 2851 LECTION
2313 2795 2412 2849 ES.

458 2907 508 2941 ⁶²
542 2908 791 2982 Αιιᾶίὶιιλξ
821 2909 963 2979 legit
988 2927 998 2962 :
1023 2905 1160 2982 ,δέκα
1191 2907 1420 2982 ὁμοίως·
1453 2907 1654 2982 καᾼῖντὸ,
1690 2907 1930 2982 Πάτερα..
1979 2907 2192 2982 melius
2237 2909 2517 2982 CIBS.__A:_
2542 2902 2688 2958 δέκαο
2740 2903 2948 2982 ὁμοίως
2979 2906 3065 2982 καὶ
3108 2907 3235 2961 τὸ...
3271 2907 3319 2943 ⁵³
3349 2904 3705 2982 Congruentius

389 2980 685 3032 contextui
719 2978 808 3029 οὗν
843 2978 976 3032 cum
1007 2981 1150 3034 Cass.
1183 2981 1267 3046 C.,

1303 2997 1479 3049 quam
1513 2977 1569 3032 δέ
1600 2998 1733 3035 cum
1774 2977 1942 3036 Barb.
1996 2986 2054 3034 et
2095 2979 2331 3033 Allatio.
2376 2977 2422 3012 ⁸⁴
2476 2977 2955 3049 Uterquecode;
2987 2981 3128 3049 Caes.
3165 2982 3228 3032 A.
3266 2985 3328 3034 et
3357 2977 3516 3034 Barb.
3547 2977 3707 3049 habent

383 3047 704 3121 ανθρώπων,
737 3056 795 3121 at
823 3050 970 3121 forte
1003 3043 1720 3121 legendu'm'dvepwnivmv.
1751 3053 1793 3085 ⁵⁵
1825 3051 1993 3121 Barb.
2054 3056 2113 3105 et
2170 3067 2240 3104 ex
2291 3065 2358 3102 eo
2416 3043 2664 3102 Allatius
2709 3045 2838 3121 ἀλλ’
2866 3045 3104 3117 εὐδοκία,
3137 3050 3281 3105 Cass.
3318 3053 3388 3106 A.
3419 3049 3501 3103 καὶ
3529 3043 3704 3111 εὐδοκίᾳ.

386 3120 429 3153 ⁵⁸
459 3120 602 3176 Caes.
635 3123 700 3174 A.
733 3120 828 3174 hic
859 3120 1024 3174 addit
1044 3118 1263 3174 :"évaxav
1294 3124 1390 3174 τοῦ
1421 3120 1687 3193 ὀνόματός
1716 3141 1834 3189 σου,
1868 3120 2306 3192 Κύριεφνοριθι·
2331 3135 2522 3175 nomen
2555 3126 2730 3186 tuum,
2756 3119 3002 3174 Domine.

1977 3279 2196 3334 NOT/E.

455 3393 566 3461 (57)
600 3391 762 3454 Quod
793 3391 998 3445 decem
1035 3393 1151 3446 sint
1196 3409 1500 3447 sermones
1531 3396 1808 3448 Orationis
1838 3394 2020 3446 Domi-
2055 3399 2096 3462 ί]
2136 3391 2420 3462 paulatim
2451 3409 2556 3461 per
2603 3390 2881 3445 ecclesias
2926 3391 3107 3461 recipi
3157 3392 3542 3456 consuevisse,
3572 3389 3701 3457 idque

387 3464 541 3525 nica},
576 3478 694 3534 non
725 3463 900 3534 unius
929 3463 1169 3516 Joannis
1193 3463 1531 3534 Eubmensis
1563 3463 1672 3516 fuit
1702 3464 2020 3534 singularis

388 3531 695 3604 sententia.
731 3531 792 3586 Id
825 3533 1016 3602 ipsum
1050 3534 1202 3587 enim
1242 3533 1489 3603 legimus
1514 3535 1667 3604 apud
1690 3535 1742 3588 S.
1769 3531 2023 3604 prhro—

387 3603 554 3657 nium
587 3603 1182 3673 Hierosolymitanum
1207 3605 1265 3658 in
1291 3603 1622 3672 Praefatione
1652 3607 1724 3659 ad
1750 3603 2018 3660 illiracula

388 3674 484 3728 SS.
523 3675 650 3741 Cyri
707 3681 754 3745 et
805 3677 1057 3745 Joannis
1089 3675 1216 3745 (Mai
1275 3677 1466 3743 Spicil.
1530 3679 1679 3730 Rom.
1742 3681 1883 3745 tom:
1925 3678 2022 3741 Ill,

388 3760 518 3814 pag.
556 3746 676 3809 l4):
707 3742 970 3817 Ἑντολαὶ,
1020 3741 1102 3796 δὲ’
1135 3743 1263 3798 δέκά
1309 3741 1635 3817 ὀλεόγραπτοι
1683 3750 1798 3817 ταῖς
1829 3743 2022 3817 πλαξὶν

385 3812 490 3887 τῇς
547 3813 823 3887 Διαβήκης
883 3813 1268 3887 ἐνήστραπτονζ
1331 3812 1456 3868 δεκα
1507 3813 1564 3868 δὲ
1618 3815 1707 3868 καὶ
1757 3817 1783 3868 ὁ
1829 3812 2023 3887 Κύριος

387 3884 453 3959 τὰ
481 3889 580 3949 τῆς
613 3883 782 3959 εὐχῆς
807 3882 1184 3959 ,παραδέδωκε
1207 3956 1216 3959 _
1242 3885 1476 3959 ῥήματα·
1538 3888 1802 3942 Mandata
1860 3882 2025 3942 etiam

388 3955 565 4008 decem
595 3971 628 4007 (ι
660 3956 767 4008 Deo
798 3956 854 4008 in
889 3956 1216 4010 Testamenti
1243 3955 1250 3959 ⁷
1273 3955 1472 4011 tabulis
1508 3959 1800 4024 fulserunt.
1836 3959 2022 4012 Decem

389 4027 553 4078 etiam
585 4027 846 4078 Dominus
876 4029 1142 4080 orationis
1174 4028 1404 4080 tradidit
1427 4029 1608 4081 verba.

458 4097 566 4160 (58)
604 4096 747 4149 Hinc
777 4101 1021 4166 apparet
1047 4097 1289 4151 Joannis
1343 4098 1528 4150 nostri
1559 4103 1727 4151 aitate
1760 4099 2021 4151 nondum

393 4167 713 4219 universim
745 4183 809 4219 ac
842 4167 1056 4236 ubique
1086 4185 1188 4236 per
1228 4168 1516 4221 Ecclesias
1548 4169 1863 4221 invaluisse
1896 4185 2020 4221 mo-

389 4251 513 4308 rem
563 4237 834 4308 Deiparic
889 4238 1348 4308 Conceptionem
1405 4239 1651 4292 solemni
1684 4240 1833 4292 festo
1866 4239 2022 4291 cele-

388 4304 621 4367 brandi,
657 4304 1151 4374 quemadmodum
1176 4309 1350 4363 etiam
1376 4309 1447 4362 de
1468 4311 1616 4362 festo
1643 4308 2020 4364 Dormitionis

390 4375 655 4446 ejusdem
675 4377 932 4446 Deiparaz-
949 4379 1199 4432 afﬁrmat
1213 4381 1464 4433 Joannes
1481 4381 2019 4434 Thessalonicensis

390 4445 452 4518 in
475 4450 738 4518 oratione,
775 4445 950 4516 quam
978 4466 1158 4518 penes
1178 4466 1270 4502 me
1299 4449 1579 4503 ineditam
1612 4468 1794 4503 servo.
1822 4453 2018 4517 Neque

389 4515 447 4568 id
473 4517 687 4588 mirum
711 4515 924 4572 accidit
945 4515 1366 4582 consideranti,
1388 4536 1504 4573 non
1529 4521 1789 4588 Deiparm
1822 4515 2016 4586 modo,

390 4587 493 4642 sed
523 4588 700 4643 etiam
731 4589 1042 4644 Salvatoris
1099 4607 1166 4645 ac
1222 4589 1454 4645 Domini
1513 4587 1698 4645 nostri
1731 4589 2020 4646 solemnia

2136 3470 2256 3517 tum
2290 3463 2706 3517 vetustioribus
2732 3468 2850 3516 tum
2884 3462 3318 3518 recentioribus
3335 3463 3583 3517 aetatibus
3601 3475 3702 3514 usu-

2132 3534 2361 3588 venisse
2388 3549 2454 3587 ac
2487 3551 2660 3603 porro
2688 3533 3021 3587 usuvenire.

2209 3605 2323 3677 (59)
2354 3601 2520 3677 Patet
2549 3605 2734 3677 hic_e.-r
2759 3607 3001 3677 professo
3033 3603 3182 3658 tradi
3215 3605 3501 3677 rationem
3532 3601 3702 3677 soletu-

2135 3671 2338 3728 uitatis
2360 3671 2947 3743 celebrandm._Atqui
2981 3675 3104 3728 haec
3136 3675 3287 3728 ratio
3323 3675 3480 3729 nulla
3504 3679 3579 3726 est
3606 3671 3704 3730 alia.

2134 3762 2310 3815 quam
2343 3746 2603 3815 Deiparze
2662 3746 3001 3815 Conceptio.
3061 3747 3369 3814 conceptio
3416 3751 3589 3798 autem
3620 3754 3705 3815 non

2134 3813 2584 3887 qualiscunque,
2621 3815 2736 3887 sed
2795 3813 3109 3887 ejusmodi.
3141 3823 3206 3870 ut
3235 3813 3473 3870 Mariam
3504 3813 3703 3887 ipse

2134 3883 2314 3967 filius
2336 3903 2404 3940 ex
2423 3883 2794 3967 beneplacito
2817 3883 3128 3967 Dei'Pantris
3153 3893 3209 3967 et
3229 3883 3618 3967 cooperatione

2133 3957 2382 4026 Spiritus
2414 3949 2771 4031 sanctissimi
2805 3963 2862 4010 et
2889 3957 3232 4011 viviﬁcantis
3253 3949 3702 4031 aediﬁcaverit._A_d

2134 4023 2310 4101 quam
2363 4028 2816 4101 aediﬁcationem
2837 4099 2856 4101 Α
2874 4034 3187 4101 propterea
3209 4030 3483 4101 pertinet
3510 4023 3636 4095 quod
3662 4023 3701 4101 in

2133 4099 2254 4151 suis
2285 4099 2556 4168 precibus
2605 4099 2782 4171 habet
2836 4098 3133 4152 Ecclesia:
3188 4100 3531 4168 Omnipotens
3553 4098 3701 4171 διετηρΙὶ-

2134 4167 2296 4222 teme
2333 4171 2490 4236 Deus,
2550 4169 2650 4238 qui
2714 4170 2963 4238 gloriosae
3030 4171 3272 4237 Virginis
3333 4167 3514 4224 Matris
3563 4167 3700 4238 Marii

2131 4255 2324 4308 corpus
2356 4247 2407 4293 ct
2436 4233 2676 4294 animum
2706 4233 2766 4293 ut
2809 4240 3033 4308 dignum
3090 4233 3220 4294 Filii
3280 4243 3363 4293 tui
3394 4233 3698 4293 habitaculum

2130 4312 2274 4377 efﬁci
2338 4319 2655 4375 mereretur,
2688 4310 2904 4379 Spiritu
2953 4314 3136 4365 sancto
3168 4317 3494 4380 cooperante
3533 4318 3699 4380 pra-’de

2128 4370 2280 4452 fcisti.
2317 4383 2384 4433 Et
2415 4382 2607 4452 reipsa
2629 4370 3066 4452 préparationis
3121 4370 3365 4435 nomine
3417 4370 3696 4452 plus-seﬁiel

2129 4449 2189 4502 in
2222 4452 2341 4523 hac
2360 4452 2487 4523 ipsa
2504 4449 2771 4507 oratione
2793 4452 3115 4508 indicatam
3145 4453 3397 4523 Virginis
3420 4449 3697 4517 conceptio-

2127 4536 2264 4575 nem
2294 4522 2568 4577 vidimus.
