  <div class='ocr_page' id='page_1' title='image "/cluster/home/n/w/nwhite01/storage/ocr_20150623/96/mdp.39015008972211/766.png"; bbox 0 0 3888 6136; ppageno 0'>
   <div class='ocr_carea' id='block_1_1' title="bbox 212 245 360 301">
    <p class='ocr_par' dir='ltr' id='par_1_1' title="bbox 212 245 360 301">
     <span class='ocr_line' id='line_1_1' title="bbox 212 245 360 301; baseline 0.014 -2"><span class='ocrx_word' id='word_1_1' title='bbox 212 245 360 301; x_wconf 88' lang='grc'><strong>1501</strong></span> 
     </span>
    </p>
   </div>
   <div class='ocr_carea' id='block_1_2' title="bbox 1445 403 1786 410">
    <p class='ocr_par' dir='ltr' id='par_1_2' title="bbox 1445 403 1786 410">
     <span class='ocr_line' id='line_1_2' title="bbox 1445 403 1786 410; baseline 0 0"><span class='ocrx_word' id='word_1_2' title='bbox 1445 403 1786 410; x_wconf 54' lang='lat'><strong>*—</strong></span> 
     </span>
    </p>
   </div>
   <div class='ocr_carea' id='block_1_3' title="bbox 1315 259 2525 315">
    <p class='ocr_par' dir='ltr' id='par_1_3' title="bbox 1315 259 2525 315">
     <span class='ocr_line' id='line_1_3' title="bbox 1315 259 2525 315; baseline 0.002 -5"><span class='ocrx_word' id='word_1_3' title='bbox 1315 259 1556 315; x_wconf 79' lang='lat' dir='ltr'><strong>SERMO</strong></span> <span class='ocrx_word' id='word_1_4' title='bbox 1591 261 1668 314; x_wconf 83' lang='lat' dir='ltr'><strong>IN</strong></span> <span class='ocrx_word' id='word_1_5' title='bbox 1703 259 2021 315; x_wconf 79' lang='lat' dir='ltr'><strong>SANCTOS</strong></span> <span class='ocrx_word' id='word_1_6' title='bbox 2055 259 2525 315; x_wconf 78' lang='lat' dir='ltr'><strong>INNOCENTES.</strong></span> 
     </span>
    </p>
   </div>
   <div class='ocr_carea' id='block_1_4' title="bbox 3472 257 3611 313">
    <p class='ocr_par' dir='ltr' id='par_1_4' title="bbox 3472 257 3611 313">
     <span class='ocr_line' id='line_1_4' title="bbox 3472 257 3611 313; baseline 0.014 -2"><span class='ocrx_word' id='word_1_7' title='bbox 3472 257 3611 313; x_wconf 76' lang='grc'><strong>1502</strong></span> 
     </span>
    </p>
   </div>
   <div class='ocr_carea' id='block_1_5' title="bbox 3184 379 3580 391">
    <p class='ocr_par' dir='ltr' id='par_1_5' title="bbox 3184 379 3580 391">
     <span class='ocr_line' id='line_1_5' title="bbox 3184 379 3580 391; baseline 0 -1"><span class='ocrx_word' id='word_1_8' title='bbox 3184 379 3580 391; x_wconf 66' lang='lat'><strong>—-———-—-————</strong></span> 
     </span>
    </p>
   </div>
   <div class='ocr_carea' id='block_1_6' title="bbox 3186 398 3580 410">
    <p class='ocr_par' dir='ltr' id='par_1_6' title="bbox 3186 398 3580 410">
     <span class='ocr_line' id='line_1_6' title="bbox 3186 398 3580 410; baseline -0.008 0"><span class='ocrx_word' id='word_1_9' title='bbox 3186 398 3580 410; x_wconf 74' lang='lat'><strong>————-——-—-—</strong></span> 
     </span>
    </p>
   </div>
   <div class='ocr_carea' id='block_1_7' title="bbox 345 501 3493 608">
    <p class='ocr_par' dir='ltr' id='par_1_7' title="bbox 345 501 3493 608">
     <span class='ocr_line' id='line_1_7' title="bbox 345 501 3493 608; baseline 0.002 -12"><span class='ocrx_word' id='word_1_10' title='bbox 345 501 920 602; x_wconf 87' lang='grc' dir='ltr'><strong>ΙΩΑΝΝΟΥ</strong></span> <span class='ocrx_word' id='word_1_11' title='bbox 999 509 1606 608; x_wconf 80' lang='grc' dir='ltr'><strong>ΜΟΝΑΧΟΥ</strong></span> <span class='ocrx_word' id='word_1_12' title='bbox 1683 513 1898 608; x_wconf 83' lang='grc' dir='ltr'><strong>ΚΑΙ</strong></span> <span class='ocrx_word' id='word_1_13' title='bbox 1977 511 2880 608; x_wconf 79' lang='grc' dir='ltr'><strong>ΠΡΕΣΒΥΤΕΡΟΥ</strong></span> <span class='ocrx_word' id='word_1_14' title='bbox 2960 511 3493 606; x_wconf 85' lang='grc' dir='ltr'><strong>ΕΥΒΟΙΑΣ</strong></span> 
     </span>
    </p>
   </div>
   <div class='ocr_carea' id='block_1_8' title="bbox 761 677 988 734">
    <p class='ocr_par' dir='ltr' id='par_1_8' title="bbox 761 677 988 734">
     <span class='ocr_line' id='line_1_8' title="bbox 761 677 988 734; baseline 0.009 -4"><span class='ocrx_word' id='word_1_15' title='bbox 761 677 988 734; x_wconf 85' lang='grc' dir='ltr'><strong>ΛΟΓΟΣ</strong></span> 
     </span>
    </p>
   </div>
   <div class='ocr_carea' id='block_1_9' title="bbox 1053 677 3030 740">
    <p class='ocr_par' dir='ltr' id='par_1_9' title="bbox 1053 677 3030 740">
     <span class='ocr_line' id='line_1_9' title="bbox 1053 677 3030 740; baseline 0.001 -5"><span class='ocrx_word' id='word_1_16' title='bbox 1053 680 1164 736; x_wconf 84' lang='grc' dir='ltr'><strong>ΕΙΣ</strong></span> <span class='ocrx_word' id='word_1_17' title='bbox 1219 687 1310 736; x_wconf 83' lang='lat' dir='ltr'><strong>TA</strong></span> <span class='ocrx_word' id='word_1_18' title='bbox 1367 687 1532 739; x_wconf 83' lang='lat' dir='ltr'><strong>AI‘IA</strong></span> <span class='ocrx_word' id='word_1_19' title='bbox 1587 685 1809 740; x_wconf 84' lang='lat' dir='ltr'><strong>NHnIA</strong></span> <span class='ocrx_word' id='word_1_20' title='bbox 1867 686 1958 740; x_wconf 84' lang='lat' dir='ltr'><strong>TA</strong></span> <span class='ocrx_word' id='word_1_21' title='bbox 2014 689 2100 737; x_wconf 86' lang='lat' dir='ltr'><strong>EN</strong></span> <span class='ocrx_word' id='word_1_22' title='bbox 2158 677 2489 739; x_wconf 75' lang='lat' dir='ltr'><strong>BneAEEM</strong></span> <span class='ocrx_word' id='word_1_23' title='bbox 2543 682 3030 738; x_wconf 76' lang='lat' dir='ltr'><strong>ANAIPEGENTA</strong></span> 
     </span>
    </p>
   </div>
   <div class='ocr_carea' id='block_1_10' title="bbox 1529 809 2296 864">
    <p class='ocr_par' dir='ltr' id='par_1_10' title="bbox 1529 809 2296 864">
     <span class='ocr_line' id='line_1_10' title="bbox 1529 809 2296 864; baseline -0.003 0"><span class='ocrx_word' id='word_1_24' title='bbox 1529 809 1648 864; x_wconf 86' lang='lat' dir='ltr'><strong>KAI</strong></span> <span class='ocrx_word' id='word_1_25' title='bbox 1704 809 1815 863; x_wconf 88' lang='grc' dir='ltr'><strong>ΕΙΣ</strong></span> <span class='ocrx_word' id='word_1_26' title='bbox 1875 809 2014 863; x_wconf 83' lang='grc' dir='ltr'><strong>ΤΗΝ</strong></span> <span class='ocrx_word' id='word_1_27' title='bbox 2062 810 2296 864; x_wconf 82' lang='grc' dir='ltr'><strong>ΡΑΧΗΑ</strong></span> 
     </span>
    </p>
   </div>
   <div class='ocr_carea' id='block_1_11' title="bbox 357 1062 3450 1164">
    <p class='ocr_par' dir='ltr' id='par_1_11' title="bbox 357 1062 3450 1164">
     <span class='ocr_line' id='line_1_11' title="bbox 357 1062 3450 1164; baseline 0.002 -8"><span class='ocrx_word' id='word_1_28' title='bbox 357 1062 885 1160; x_wconf 86' lang='lat' dir='ltr'><strong>JOANNIS</strong></span> <span class='ocrx_word' id='word_1_29' title='bbox 941 1067 1528 1164; x_wconf 78' lang='lat' dir='ltr'><strong>MONACHI</strong></span> <span class='ocrx_word' id='word_1_30' title='bbox 1591 1070 1754 1164; x_wconf 93' lang='lat' dir='ltr'><strong>ET</strong></span> <span class='ocrx_word' id='word_1_31' title='bbox 1821 1071 2632 1164; x_wconf 81' lang='lat' dir='ltr'><strong>PRESBYTERI</strong></span> <span class='ocrx_word' id='word_1_32' title='bbox 2702 1070 3450 1164; x_wconf 80' lang='lat' dir='ltr'><strong>EUBCEENSIS</strong></span> 
     </span>
    </p>
   </div>
   <div class='ocr_carea' id='block_1_12' title="bbox 641 1228 3176 1288">
    <p class='ocr_par' dir='ltr' id='par_1_12' title="bbox 641 1228 3176 1288">
     <span class='ocr_line' id='line_1_12' title="bbox 641 1228 3176 1288; baseline 0.001 -6"><span class='ocrx_word' id='word_1_33' title='bbox 641 1228 872 1284; x_wconf 81' lang='lat' dir='ltr'><strong>SERMO</strong></span> <span class='ocrx_word' id='word_1_34' title='bbox 911 1231 985 1285; x_wconf 81' lang='lat' dir='ltr'><strong>IN</strong></span> <span class='ocrx_word' id='word_1_35' title='bbox 1015 1231 1111 1286; x_wconf 89' lang='lat' dir='ltr'><strong>SS.</strong></span> <span class='ocrx_word' id='word_1_36' title='bbox 1155 1233 1584 1287; x_wconf 79' lang='lat' dir='ltr'><strong>INNOCENTES</strong></span> <span class='ocrx_word' id='word_1_37' title='bbox 1623 1235 1693 1286; x_wconf 84' lang='lat' dir='ltr'><strong>IN</strong></span> <span class='ocrx_word' id='word_1_38' title='bbox 1735 1235 2104 1288; x_wconf 75' lang='lat' dir='ltr'><strong>BETHLEEM</strong></span> <span class='ocrx_word' id='word_1_39' title='bbox 2151 1234 2622 1288; x_wconf 78' lang='lat' dir='ltr'><strong>INTERFECTOS</strong></span> <span class='ocrx_word' id='word_1_40' title='bbox 2662 1235 2747 1286; x_wconf 89' lang='lat' dir='ltr'>ET</span> <span class='ocrx_word' id='word_1_41' title='bbox 2787 1235 2857 1287; x_wconf 83' lang='lat' dir='ltr'><strong>IN</strong></span> <span class='ocrx_word' id='word_1_42' title='bbox 2899 1233 3176 1287; x_wconf 76' lang='lat' dir='ltr'><strong>RACHEL</strong></span> 
     </span>
    </p>
   </div>
   <div class='ocr_carea' id='block_1_13' title="bbox 1389 1355 2424 1419">
    <p class='ocr_par' dir='ltr' id='par_1_13' title="bbox 1389 1355 2424 1419">
     <span class='ocr_line' id='line_1_13' title="bbox 1389 1355 2424 1419; baseline 0.002 -15"><span class='ocrx_word' id='word_1_43' title='bbox 1389 1355 1538 1414; x_wconf 72' lang='lat' dir='ltr'><strong>(Anc.</strong></span> <span class='ocrx_word' id='word_1_44' title='bbox 1567 1357 1686 1415; x_wconf 74' lang='lat' dir='ltr'><strong>MAI,</strong></span> <span class='ocrx_word' id='word_1_45' title='bbox 1722 1355 1800 1405; x_wconf 89' lang='lat' dir='ltr'><strong>Cl.</strong></span> <span class='ocrx_word' id='word_1_46' title='bbox 1827 1356 1978 1405; x_wconf 83' lang='lat' dir='ltr'><strong>Auct.</strong></span> <span class='ocrx_word' id='word_1_47' title='bbox 2027 1360 2067 1416; x_wconf 84' lang='grc' dir='ltr'><strong>ι,</strong></span> <span class='ocrx_word' id='word_1_48' title='bbox 2113 1355 2176 1414; x_wconf 87' lang='grc' dir='ltr'>Χ,</span> <span class='ocrx_word' id='word_1_49' title='bbox 2209 1371 2261 1419; x_wconf 91' lang='lat' dir='ltr'><strong>p.</strong></span> <span class='ocrx_word' id='word_1_50' title='bbox 2293 1357 2424 1416; x_wconf 82' lang='lat'><strong>570.)</strong></span> 
     </span>
    </p>
   </div>
   <div class='ocr_carea' id='block_1_14' title="bbox 283 1592 1818 1672">
    <p class='ocr_par' dir='ltr' id='par_1_14' title="bbox 283 1592 1818 1671">
     <span class='ocr_line' id='line_1_14' title="bbox 283 1592 1818 1671; baseline 0.003 -26"><span class='ocrx_word' id='word_1_51' title='bbox 283 1593 348 1648; x_wconf 83' lang='grc' dir='ltr'><strong>α’.</strong></span> <span class='ocrx_word' id='word_1_52' title='bbox 387 1594 551 1665; x_wconf 86' lang='lat' dir='ltr'><strong>[Cod.</strong></span> <span class='ocrx_word' id='word_1_53' title='bbox 585 1611 642 1666; x_wconf 86' lang='lat' dir='ltr'><strong>p.</strong></span> <span class='ocrx_word' id='word_1_54' title='bbox 673 1595 734 1647; x_wconf 79' lang='grc'><strong>21</strong></span> <span class='ocrx_word' id='word_1_55' title='bbox 775 1595 849 1665; x_wconf 92' lang='lat' dir='ltr'><strong>b.]</strong></span> <span class='ocrx_word' id='word_1_56' title='bbox 907 1592 1074 1649; x_wconf 88' lang='grc' dir='ltr'>Πάλιν</span> <span class='ocrx_word' id='word_1_57' title='bbox 1133 1596 1160 1649; x_wconf 86' lang='grc' dir='ltr'>ὁ</span> <span class='ocrx_word' id='word_1_58' title='bbox 1217 1593 1388 1658; x_wconf 83' lang='grc' dir='ltr'>τάλας</span> <span class='ocrx_word' id='word_1_59' title='bbox 1447 1595 1554 1671; x_wconf 69' lang='grc' dir='ltr'><strong>ἐγὼ</strong></span> <span class='ocrx_word' id='word_1_60' title='bbox 1593 1597 1684 1652; x_wconf 88' lang='grc' dir='ltr'>τὸν</span> <span class='ocrx_word' id='word_1_61' title='bbox 1715 1601 1818 1650; x_wconf 67' lang='grc' dir='ltr'>νοῦε</span> 
     </span>
    </p>
   </div>
   <div class='ocr_carea' id='block_1_15' title="bbox 2044 1592 3579 1672">
    <p class='ocr_par' dir='ltr' id='par_1_15' title="bbox 2044 1596 3579 1668">
     <span class='ocr_line' id='line_1_15' title="bbox 2044 1596 3579 1668; baseline -0.001 -17"><span class='ocrx_word' id='word_1_62' title='bbox 2044 1600 2088 1652; x_wconf 73' lang='grc' dir='ltr'>ἷιι</span> <span class='ocrx_word' id='word_1_63' title='bbox 2109 1599 2408 1653; x_wconf 78' lang='lat' dir='ltr'><strong>Bethleem</strong></span> <span class='ocrx_word' id='word_1_64' title='bbox 2427 1599 2640 1652; x_wconf 83' lang='lat' dir='ltr'><strong>iterum</strong></span> <span class='ocrx_word' id='word_1_65' title='bbox 2663 1613 2764 1668; x_wconf 80' lang='lat' dir='ltr'><strong>ego</strong></span> <span class='ocrx_word' id='word_1_66' title='bbox 2788 1597 2968 1651; x_wconf 84' lang='lat' dir='ltr'><strong>miser</strong></span> <span class='ocrx_word' id='word_1_67' title='bbox 2989 1597 3252 1651; x_wconf 87' lang='lat' dir='ltr'><strong>animum</strong></span> <span class='ocrx_word' id='word_1_68' title='bbox 3272 1596 3579 1650; x_wconf 78' lang='lat' dir='ltr'><strong>intendere</strong></span> 
     </span>
    </p>
   </div>
   <div class='ocr_carea' id='block_1_16' title="bbox 201 1678 1839 1757">
    <p class='ocr_par' dir='ltr' id='par_1_16' title="bbox 201 1678 1839 1757">
     <span class='ocr_line' id='line_1_16' title="bbox 201 1678 1839 1757; baseline 0.003 -24"><span class='ocrx_word' id='word_1_69' title='bbox 201 1678 297 1733; x_wconf 76' lang='grc' dir='ltr'><strong>ἐπὶ</strong></span> <span class='ocrx_word' id='word_1_70' title='bbox 355 1681 453 1748; x_wconf 75' lang='grc' dir='ltr'>τὴν</span> <span class='ocrx_word' id='word_1_71' title='bbox 512 1681 766 1752; x_wconf 76' lang='grc' dir='ltr'>Βηθλεὲμ</span> <span class='ocrx_word' id='word_1_72' title='bbox 821 1681 1104 1737; x_wconf 81' lang='grc' dir='ltr'>ἐκπετάσαι</span> <span class='ocrx_word' id='word_1_73' title='bbox 1169 1681 1464 1757; x_wconf 70' lang='grc' dir='ltr'>βούλομαι,</span> <span class='ocrx_word' id='word_1_74' title='bbox 1517 1684 1606 1738; x_wconf 78' lang='grc' dir='ltr'><strong>καὶ</strong></span> <span class='ocrx_word' id='word_1_75' title='bbox 1663 1684 1730 1739; x_wconf 76' lang='grc' dir='ltr'>τὰ</span> <span class='ocrx_word' id='word_1_76' title='bbox 1788 1684 1839 1738; x_wconf 82' lang='grc' dir='ltr'><strong>έν</strong></span> 
     </span>
    </p>
   </div>
   <div class='ocr_carea' id='block_1_17' title="bbox 198 1763 1841 1844">
    <p class='ocr_par' dir='ltr' id='par_1_17' title="bbox 198 1763 1841 1844">
     <span class='ocr_line' id='line_1_17' title="bbox 198 1763 1841 1844; baseline 0.004 -26"><span class='ocrx_word' id='word_1_77' title='bbox 198 1764 342 1839; x_wconf 77' lang='grc' dir='ltr'>αὐτῇ</span> <span class='ocrx_word' id='word_1_78' title='bbox 373 1763 458 1819; x_wconf 73' lang='grc' dir='ltr'>ἐπὶ</span> <span class='ocrx_word' id='word_1_79' title='bbox 491 1763 740 1839; x_wconf 81' lang='grc' dir='ltr'><strong>Ἡρώδου</strong></span> <span class='ocrx_word' id='word_1_80' title='bbox 768 1771 863 1821; x_wconf 75' lang='grc' dir='ltr'>τοῦ</span> <span class='ocrx_word' id='word_1_81' title='bbox 922 1767 1282 1823; x_wconf 83' lang='grc' dir='ltr'>παιδοκτόνου</span> <span class='ocrx_word' id='word_1_82' title='bbox 1335 1769 1663 1844; x_wconf 79' lang='grc' dir='ltr'>παρανόμως</span> <span class='ocrx_word' id='word_1_83' title='bbox 1693 1769 1841 1824; x_wconf 84' lang='grc' dir='ltr'>ἐκτε-</span> 
     </span>
    </p>
   </div>
   <div class='ocr_carea' id='block_1_18' title="bbox 198 1853 1842 1934">
    <p class='ocr_par' dir='ltr' id='par_1_18' title="bbox 198 1853 1842 1934">
     <span class='ocr_line' id='line_1_18' title="bbox 198 1853 1842 1934; baseline 0.002 -26"><span class='ocrx_word' id='word_1_84' title='bbox 198 1853 460 1908; x_wconf 85' lang='grc' dir='ltr'>λεσθέντα</span> <span class='ocrx_word' id='word_1_85' title='bbox 483 1857 551 1926; x_wconf 79' lang='grc' dir='ltr'>τῇ</span> <span class='ocrx_word' id='word_1_86' title='bbox 585 1853 762 1926; x_wconf 75' lang='grc' dir='ltr'>ἐννοίᾳ</span> <span class='ocrx_word' id='word_1_87' title='bbox 813 1863 912 1924; x_wconf 86' lang='grc' dir='ltr'>τῆς</span> <span class='ocrx_word' id='word_1_88' title='bbox 973 1857 1200 1920; x_wconf 76' lang='grc' dir='ltr'>θεωρίας</span> <span class='ocrx_word' id='word_1_89' title='bbox 1259 1857 1680 1930; x_wconf 77' lang='grc' dir='ltr'>στηλιτεύσομαι</span> <span class='ocrx_word' id='word_1_90' title='bbox 1714 1857 1842 1934; x_wconf 82' lang='grc' dir='ltr'>δόγ-</span> 
     </span>
    </p>
   </div>
   <div class='ocr_carea' id='block_1_19' title="bbox 1951 1683 3591 1756">
    <p class='ocr_par' dir='ltr' id='par_1_19' title="bbox 1951 1683 3591 1756">
     <span class='ocr_line' id='line_1_19' title="bbox 1951 1683 3591 1756; baseline -0.001 -18"><span class='ocrx_word' id='word_1_91' title='bbox 1951 1685 2309 1756; x_wconf 88' lang='lat' dir='ltr'><strong>volo,ibiqne</strong></span> <span class='ocrx_word' id='word_1_92' title='bbox 2332 1686 2520 1740; x_wconf 87' lang='lat' dir='ltr'><strong>edicta</strong></span> <span class='ocrx_word' id='word_1_93' title='bbox 2540 1685 2610 1740; x_wconf 84' lang='lat' dir='ltr'><strong>ab</strong></span> <span class='ocrx_word' id='word_1_94' title='bbox 2635 1685 2949 1738; x_wconf 88' lang='lat' dir='ltr'><strong>infantium</strong></span> <span class='ocrx_word' id='word_1_95' title='bbox 2972 1683 3345 1738; x_wconf 85' lang='lat' dir='ltr'><strong>interfectore</strong></span> <span class='ocrx_word' id='word_1_96' title='bbox 3365 1683 3591 1737; x_wconf 84' lang='lat' dir='ltr'><strong>Herode</strong></span> 
     </span>
    </p>
   </div>
   <div class='ocr_carea' id='block_1_20' title="bbox 1945 1773 3593 1843">
    <p class='ocr_par' dir='ltr' id='par_1_20' title="bbox 1945 1773 3593 1843">
     <span class='ocr_line' id='line_1_20' title="bbox 1945 1773 3593 1843; baseline -0.002 -17"><span class='ocrx_word' id='word_1_97' title='bbox 1945 1774 2123 1843; x_wconf 91' lang='lat' dir='ltr'><strong>impie</strong></span> <span class='ocrx_word' id='word_1_98' title='bbox 2163 1774 2282 1828; x_wconf 88' lang='lat' dir='ltr'><strong>lata</strong></span> <span class='ocrx_word' id='word_1_99' title='bbox 2330 1774 2519 1828; x_wconf 87' lang='lat' dir='ltr'><strong>vivida</strong></span> <span class='ocrx_word' id='word_1_100' title='bbox 2567 1773 2928 1842; x_wconf 78' lang='lat' dir='ltr'><strong>expositione</strong></span> <span class='ocrx_word' id='word_1_101' title='bbox 2963 1779 3187 1826; x_wconf 82' lang='lat' dir='ltr'><strong>notare.</strong></span> <span class='ocrx_word' id='word_1_102' title='bbox 3231 1773 3460 1824; x_wconf 85' lang='lat' dir='ltr'><strong>Timore</strong></span> <span class='ocrx_word' id='word_1_103' title='bbox 3504 1775 3593 1824; x_wconf 86' lang='lat' dir='ltr'><strong>et—</strong></span> 
     </span>
    </p>
   </div>
   <div class='ocr_carea' id='block_1_21' title="bbox 1951 1860 3585 1932">
    <p class='ocr_par' dir='ltr' id='par_1_21' title="bbox 1951 1860 3585 1932">
     <span class='ocr_line' id='line_1_21' title="bbox 1951 1860 3585 1932; baseline -0.002 -16"><span class='ocrx_word' id='word_1_104' title='bbox 1951 1861 2110 1916; x_wconf 88' lang='lat' dir='ltr'><strong>enim</strong></span> <span class='ocrx_word' id='word_1_105' title='bbox 2127 1862 2470 1932; x_wconf 86' lang='lat' dir='ltr'><strong>etlacrymis</strong></span> <span class='ocrx_word' id='word_1_106' title='bbox 2484 1861 2659 1931; x_wconf 89' lang='lat' dir='ltr'><strong>plena</strong></span> <span class='ocrx_word' id='word_1_107' title='bbox 2671 1867 2759 1915; x_wconf 88' lang='lat' dir='ltr'><strong>est</strong></span> <span class='ocrx_word' id='word_1_108' title='bbox 2773 1861 2905 1914; x_wconf 89' lang='lat' dir='ltr'><strong>talis</strong></span> <span class='ocrx_word' id='word_1_109' title='bbox 2919 1860 3452 1931; x_wconf 80' lang='lat' dir='ltr'><strong>imiagatio,timore</strong></span> <span class='ocrx_word' id='word_1_110' title='bbox 3465 1875 3585 1912; x_wconf 89' lang='lat' dir='ltr'><strong>non</strong></span> 
     </span>
    </p>
   </div>
   <div class='ocr_carea' id='block_1_22' title="bbox 201 1940 1736 2018">
    <p class='ocr_par' dir='ltr' id='par_1_22' title="bbox 201 1940 1736 2018">
     <span class='ocr_line' id='line_1_22' title="bbox 201 1940 1736 2018; baseline 0.003 -22"><span class='ocrx_word' id='word_1_111' title='bbox 201 1963 370 2015; x_wconf 86' lang='grc' dir='ltr'>ματα.</span> <span class='ocrx_word' id='word_1_112' title='bbox 441 1940 626 1998; x_wconf 72' lang='grc' dir='ltr'>Φόϐου</span> <span class='ocrx_word' id='word_1_113' title='bbox 683 1946 782 2018; x_wconf 85' lang='grc' dir='ltr'><strong>γάρ</strong></span> <span class='ocrx_word' id='word_1_114' title='bbox 839 1945 928 1998; x_wconf 79' lang='grc' dir='ltr'><strong>καὶ</strong></span> <span class='ocrx_word' id='word_1_115' title='bbox 986 1943 1230 2016; x_wconf 76' lang='grc' dir='ltr'><strong>δακρύων</strong></span> <span class='ocrx_word' id='word_1_116' title='bbox 1278 1949 1312 2016; x_wconf 82' lang='grc' dir='ltr'><strong>ἡ</strong></span> <span class='ocrx_word' id='word_1_117' title='bbox 1370 1948 1594 2016; x_wconf 59' lang='grc' dir='ltr'>τοιαύτη</span> <span class='ocrx_word' id='word_1_118' title='bbox 1655 1945 1736 2016; x_wconf 76' lang='grc' dir='ltr'><strong>ἕρε</strong></span> 
     </span>
    </p>
   </div>
   <div class='ocr_carea' id='block_1_23' title="bbox 2048 1940 3583 2018">
    <p class='ocr_par' dir='ltr' id='par_1_23' title="bbox 2048 1947 3583 2016">
     <span class='ocr_line' id='line_1_23' title="bbox 2048 1947 3583 2016; baseline -0.001 -14"><span class='ocrx_word' id='word_1_119' title='bbox 2048 1954 2172 2014; x_wconf 77' lang='grc' dir='ltr'>ιιι-ο,</span> <span class='ocrx_word' id='word_1_120' title='bbox 2201 1949 2322 2016; x_wconf 76' lang='lat' dir='ltr'><strong>sed</strong></span> <span class='ocrx_word' id='word_1_121' title='bbox 2356 1950 2592 2002; x_wconf 90' lang='lat' dir='ltr'><strong>illorum</strong></span> <span class='ocrx_word' id='word_1_122' title='bbox 2625 1949 2930 2002; x_wconf 80' lang='lat' dir='ltr'><strong>beatorum</strong></span> <span class='ocrx_word' id='word_1_123' title='bbox 2963 1947 3296 2012; x_wconf 82' lang='lat' dir='ltr'><strong>infantium,</strong></span> <span class='ocrx_word' id='word_1_124' title='bbox 3323 1951 3583 2000; x_wconf 88' lang='lat' dir='ltr'><strong>matrum</strong></span> 
     </span>
    </p>
   </div>
   <div class='ocr_carea' id='block_1_24' title="bbox 193 2028 1836 2110">
    <p class='ocr_par' dir='ltr' id='par_1_24' title="bbox 193 2028 1836 2110">
     <span class='ocr_line' id='line_1_24' title="bbox 193 2028 1836 2110; baseline 0.005 -27"><span class='ocrx_word' id='word_1_125' title='bbox 193 2032 378 2105; x_wconf 81' lang='grc' dir='ltr'>γέμει·</span> <span class='ocrx_word' id='word_1_126' title='bbox 413 2031 511 2085; x_wconf 74' lang='grc' dir='ltr'><strong>οὐκ</strong></span> <span class='ocrx_word' id='word_1_127' title='bbox 558 2031 810 2106; x_wconf 83' lang='grc' dir='ltr'>ἡμετέρῳ</span> <span class='ocrx_word' id='word_1_128' title='bbox 864 2028 1041 2109; x_wconf 76' lang='grc' dir='ltr'>φόϐῳ,</span> <span class='ocrx_word' id='word_1_129' title='bbox 1075 2033 1218 2090; x_wconf 85' lang='grc' dir='ltr'><strong>ἀλλά</strong></span> <span class='ocrx_word' id='word_1_130' title='bbox 1268 2039 1374 2089; x_wconf 81' lang='grc' dir='ltr'><strong>τῶν</strong></span> <span class='ocrx_word' id='word_1_131' title='bbox 1405 2035 1528 2090; x_wconf 89' lang='grc' dir='ltr'>τότε</span> <span class='ocrx_word' id='word_1_132' title='bbox 1563 2036 1836 2110; x_wconf 90' lang='grc' dir='ltr'>μητέρων,</span> 
     </span>
    </p>
   </div>
   <div class='ocr_carea' id='block_1_25' title="bbox 193 2119 1835 2197">
    <p class='ocr_par' dir='ltr' id='par_1_25' title="bbox 193 2119 1835 2197">
     <span class='ocr_line' id='line_1_25' title="bbox 193 2119 1835 2197; baseline 0.001 -23"><span class='ocrx_word' id='word_1_133' title='bbox 193 2123 309 2174; x_wconf 80' lang='grc' dir='ltr'>τῶν</span> <span class='ocrx_word' id='word_1_134' title='bbox 358 2119 633 2194; x_wconf 88' lang='grc' dir='ltr'>μακαρίων</span> <span class='ocrx_word' id='word_1_135' title='bbox 668 2120 884 2175; x_wconf 66' lang='grc' dir='ltr'>ἐκείνων</span> <span class='ocrx_word' id='word_1_136' title='bbox 933 2121 1164 2192; x_wconf 87' lang='grc' dir='ltr'>παίδων,</span> <span class='ocrx_word' id='word_1_137' title='bbox 1213 2123 1286 2177; x_wconf 85' lang='grc' dir='ltr'>ὧν</span> <span class='ocrx_word' id='word_1_138' title='bbox 1320 2125 1347 2178; x_wconf 89' lang='grc' dir='ltr'>ὁ</span> <span class='ocrx_word' id='word_1_139' title='bbox 1377 2122 1630 2197; x_wconf 82' lang='grc' dir='ltr'><strong>Ἡρώδης</strong></span> <span class='ocrx_word' id='word_1_140' title='bbox 1661 2129 1835 2194; x_wconf 81' lang='grc' dir='ltr'>ζητῶν</span> 
     </span>
    </p>
   </div>
   <div class='ocr_carea' id='block_1_26' title="bbox 193 2207 1836 2283">
    <p class='ocr_par' dir='ltr' id='par_1_26' title="bbox 193 2207 1836 2283">
     <span class='ocr_line' id='line_1_26' title="bbox 193 2207 1836 2283; baseline 0.004 -23"><span class='ocrx_word' id='word_1_141' title='bbox 193 2207 290 2261; x_wconf 87' lang='grc' dir='ltr'><strong>τὸν</strong></span> <span class='ocrx_word' id='word_1_142' title='bbox 346 2207 666 2280; x_wconf 70' lang='grc' dir='ltr'>γεννηθέντα</span> <span class='ocrx_word' id='word_1_143' title='bbox 756 2207 1000 2282; x_wconf 87' lang='grc' dir='ltr'>βασιλέα,</span> <span class='ocrx_word' id='word_1_144' title='bbox 1083 2210 1214 2272; x_wconf 80' lang='grc' dir='ltr'>τοὺς</span> <span class='ocrx_word' id='word_1_145' title='bbox 1275 2209 1443 2283; x_wconf 77' lang='grc' dir='ltr'>μηδὶν</span> <span class='ocrx_word' id='word_1_146' title='bbox 1503 2211 1836 2280; x_wconf 80' lang='grc' dir='ltr'>ἠδικηκότας</span> 
     </span>
    </p>
   </div>
   <div class='ocr_carea' id='block_1_27' title="bbox 192 2293 1836 2372">
    <p class='ocr_par' dir='ltr' id='par_1_27' title="bbox 192 2293 1836 2372">
     <span class='ocr_line' id='line_1_27' title="bbox 192 2293 1836 2372; baseline 0.004 -24"><span class='ocrx_word' id='word_1_147' title='bbox 192 2293 415 2363; x_wconf 80' lang='grc' dir='ltr'>παῖδας,</span> <span class='ocrx_word' id='word_1_148' title='bbox 475 2295 653 2369; x_wconf 80' lang='grc' dir='ltr'>ἄωρος</span> <span class='ocrx_word' id='word_1_149' title='bbox 710 2294 907 2358; x_wconf 80' lang='grc' dir='ltr'>ἀδίκως</span> <span class='ocrx_word' id='word_1_150' title='bbox 978 2294 1214 2372; x_wconf 74' lang='grc' dir='ltr'>δρέπάνη</span> <span class='ocrx_word' id='word_1_151' title='bbox 1276 2299 1601 2372; x_wconf 72' lang='grc' dir='ltr'>ἔξεθέρησεν.</span> <span class='ocrx_word' id='word_1_152' title='bbox 1662 2304 1836 2356; x_wconf 80' lang='grc' dir='ltr'>Τοῦτο</span> 
     </span>
    </p>
   </div>
   <div class='ocr_carea' id='block_1_28' title="bbox 194 2383 1836 2464">
    <p class='ocr_par' dir='ltr' id='par_1_28' title="bbox 194 2383 1836 2464">
     <span class='ocr_line' id='line_1_28' title="bbox 194 2383 1836 2464; baseline 0.004 -29"><span class='ocrx_word' id='word_1_153' title='bbox 194 2383 302 2455; x_wconf 79' lang='grc' dir='ltr'>γὰρ</span> <span class='ocrx_word' id='word_1_154' title='bbox 339 2405 446 2454; x_wconf 86' lang='grc' dir='ltr'><strong>μου</strong></span> <span class='ocrx_word' id='word_1_155' title='bbox 475 2385 566 2437; x_wconf 88' lang='grc' dir='ltr'><strong>τὸν</strong></span> <span class='ocrx_word' id='word_1_156' title='bbox 598 2387 720 2437; x_wconf 80' lang='grc' dir='ltr'>νοῦν</span> <span class='ocrx_word' id='word_1_157' title='bbox 770 2386 1159 2458; x_wconf 78' lang='grc' dir='ltr'>προετρέψατο,</span> <span class='ocrx_word' id='word_1_158' title='bbox 1207 2387 1296 2441; x_wconf 80' lang='grc' dir='ltr'><strong>καὶ</strong></span> <span class='ocrx_word' id='word_1_159' title='bbox 1345 2388 1418 2448; x_wconf 84' lang='grc' dir='ltr'>ὡς</span> <span class='ocrx_word' id='word_1_160' title='bbox 1448 2386 1500 2441; x_wconf 87' lang='grc' dir='ltr'><strong>ἐν</strong></span> <span class='ocrx_word' id='word_1_161' title='bbox 1530 2387 1836 2464; x_wconf 77' lang='grc' dir='ltr'><strong>ὀφθαλμοῖς</strong></span> 
     </span>
    </p>
   </div>
   <div class='ocr_carea' id='block_1_29' title="bbox 195 2470 1836 2547">
    <p class='ocr_par' dir='ltr' id='par_1_29' title="bbox 195 2470 1836 2547">
     <span class='ocr_line' id='line_1_29' title="bbox 195 2470 1836 2547; baseline 0.004 -24"><span class='ocrx_word' id='word_1_162' title='bbox 195 2470 404 2542; x_wconf 82' lang='grc' dir='ltr'>ἀρτίως</span> <span class='ocrx_word' id='word_1_163' title='bbox 465 2471 575 2543; x_wconf 77' lang='grc' dir='ltr'><strong>ὁρῶ</strong></span> <span class='ocrx_word' id='word_1_164' title='bbox 625 2472 716 2524; x_wconf 84' lang='grc' dir='ltr'>τὸν</span> <span class='ocrx_word' id='word_1_165' title='bbox 771 2473 1082 2547; x_wconf 85' lang='grc' dir='ltr'>παράνομον</span> <span class='ocrx_word' id='word_1_166' title='bbox 1143 2471 1390 2547; x_wconf 84' lang='grc' dir='ltr'>Ἡρώδην</span> <span class='ocrx_word' id='word_1_167' title='bbox 1437 2473 1718 2547; x_wconf 83' lang='grc' dir='ltr'>μεμηνότα</span> <span class='ocrx_word' id='word_1_168' title='bbox 1746 2476 1836 2529; x_wconf 81' lang='grc' dir='ltr'><strong>καὶ</strong></span> 
     </span>
    </p>
   </div>
   <div class='ocr_carea' id='block_1_30' title="bbox 200 2557 1834 2636">
    <p class='ocr_par' dir='ltr' id='par_1_30' title="bbox 200 2557 1834 2636">
     <span class='ocr_line' id='line_1_30' title="bbox 200 2557 1834 2636; baseline 0.004 -25"><span class='ocrx_word' id='word_1_169' title='bbox 200 2559 544 2632; x_wconf 83' lang='grc' dir='ltr'>σκυθρωπὸν,</span> <span class='ocrx_word' id='word_1_170' title='bbox 603 2557 688 2611; x_wconf 70' lang='grc' dir='ltr'><strong>ἐπὶ</strong></span> <span class='ocrx_word' id='word_1_171' title='bbox 734 2563 830 2613; x_wconf 69' lang='grc' dir='ltr'>τοῦ</span> <span class='ocrx_word' id='word_1_172' title='bbox 888 2557 1074 2615; x_wconf 84' lang='grc' dir='ltr'>ἀδίκου</span> <span class='ocrx_word' id='word_1_173' title='bbox 1125 2561 1288 2616; x_wconf 78' lang='grc' dir='ltr'>αὐτοῦ</span> <span class='ocrx_word' id='word_1_174' title='bbox 1319 2561 1511 2636; x_wconf 84' lang='grc' dir='ltr'>θρόνου</span> <span class='ocrx_word' id='word_1_175' title='bbox 1541 2564 1834 2636; x_wconf 86' lang='grc' dir='ltr'>καθεζόμε-</span> 
     </span>
    </p>
   </div>
   <div class='ocr_carea' id='block_1_31' title="bbox 194 2644 1834 2723">
    <p class='ocr_par' dir='ltr' id='par_1_31' title="bbox 194 2644 1834 2723">
     <span class='ocr_line' id='line_1_31' title="bbox 194 2644 1834 2723; baseline 0.004 -25"><span class='ocrx_word' id='word_1_176' title='bbox 194 2665 312 2712; x_wconf 86' lang='grc' dir='ltr'>νον,</span> <span class='ocrx_word' id='word_1_177' title='bbox 362 2646 452 2699; x_wconf 85' lang='grc' dir='ltr'><strong>καὶ</strong></span> <span class='ocrx_word' id='word_1_178' title='bbox 506 2644 762 2708; x_wconf 88' lang='grc' dir='ltr'>πλείονος</span> <span class='ocrx_word' id='word_1_179' title='bbox 813 2647 994 2723; x_wconf 77' lang='grc' dir='ltr'>ξίφους</span> <span class='ocrx_word' id='word_1_180' title='bbox 1052 2650 1149 2716; x_wconf 81' lang='grc' dir='ltr'>τήν</span> <span class='ocrx_word' id='word_1_181' title='bbox 1202 2650 1398 2704; x_wconf 78' lang='grc' dir='ltr'>τούτου</span> <span class='ocrx_word' id='word_1_182' title='bbox 1445 2647 1668 2723; x_wconf 79' lang='grc' dir='ltr'>καρδίαν</span> <span class='ocrx_word' id='word_1_183' title='bbox 1698 2652 1834 2719; x_wconf 77' lang='grc' dir='ltr'>ἠκο-</span> 
     </span>
    </p>
   </div>
   <div class='ocr_carea' id='block_1_32' title="bbox 195 2734 1832 2810">
    <p class='ocr_par' dir='ltr' id='par_1_32' title="bbox 195 2734 1832 2810">
     <span class='ocr_line' id='line_1_32' title="bbox 195 2734 1832 2810; baseline 0.004 -24"><span class='ocrx_word' id='word_1_184' title='bbox 195 2735 460 2806; x_wconf 87' lang='grc' dir='ltr'>νημένην,</span> <span class='ocrx_word' id='word_1_185' title='bbox 491 2734 580 2787; x_wconf 82' lang='grc' dir='ltr'><strong>καὶ</strong></span> <span class='ocrx_word' id='word_1_186' title='bbox 613 2735 747 2808; x_wconf 86' lang='grc' dir='ltr'>πρὸς</span> <span class='ocrx_word' id='word_1_187' title='bbox 791 2735 1074 2810; x_wconf 87' lang='grc' dir='ltr'>ἀνταρσίαν</span> <span class='ocrx_word' id='word_1_188' title='bbox 1123 2736 1568 2810; x_wconf 82' lang='grc' dir='ltr'>ιῦτρεπιζόμενον</span> <span class='ocrx_word' id='word_1_189' title='bbox 1599 2741 1697 2792; x_wconf 79' lang='grc' dir='ltr'>τοῦ</span> <span class='ocrx_word' id='word_1_190' title='bbox 1726 2741 1832 2794; x_wconf 89' lang='grc' dir='ltr'><strong>Βα-</strong></span> 
     </span>
    </p>
   </div>
   <div class='ocr_carea' id='block_1_33' title="bbox 195 2821 1830 2898">
    <p class='ocr_par' dir='ltr' id='par_1_33' title="bbox 195 2821 1830 2898">
     <span class='ocr_line' id='line_1_33' title="bbox 195 2821 1830 2898; baseline 0.002 -23"><span class='ocrx_word' id='word_1_191' title='bbox 195 2821 396 2884; x_wconf 83' lang='grc' dir='ltr'>σιλέως</span> <span class='ocrx_word' id='word_1_192' title='bbox 427 2827 532 2876; x_wconf 81' lang='grc' dir='ltr'><strong>τῶν</strong></span> <span class='ocrx_word' id='word_1_193' title='bbox 591 2821 989 2898; x_wconf 81' lang='grc' dir='ltr'>βασιλευόντων</span> <span class='ocrx_word' id='word_1_194' title='bbox 1043 2825 1132 2878; x_wconf 77' lang='grc' dir='ltr'><strong>καὶ</strong></span> <span class='ocrx_word' id='word_1_195' title='bbox 1189 2824 1386 2898; x_wconf 79' lang='grc' dir='ltr'>Κυρίου</span> <span class='ocrx_word' id='word_1_196' title='bbox 1417 2829 1524 2879; x_wconf 82' lang='grc' dir='ltr'><strong>τῶν</strong></span> <span class='ocrx_word' id='word_1_197' title='bbox 1555 2825 1830 2897; x_wconf 82' lang='grc' dir='ltr'>κυριευόν-</span> 
     </span>
    </p>
   </div>
   <div class='ocr_carea' id='block_1_34' title="bbox 1951 2034 3583 2106">
    <p class='ocr_par' dir='ltr' id='par_1_34' title="bbox 1951 2034 3583 2106">
     <span class='ocr_line' id='line_1_34' title="bbox 1951 2034 3583 2106; baseline -0.001 -19"><span class='ocrx_word' id='word_1_198' title='bbox 1951 2051 2200 2103; x_wconf 89' lang='lat' dir='ltr'><strong>quarum</strong></span> <span class='ocrx_word' id='word_1_199' title='bbox 2226 2035 2571 2089; x_wconf 87' lang='lat' dir='ltr'><strong>innocentes</strong></span> <span class='ocrx_word' id='word_1_200' title='bbox 2591 2051 2805 2106; x_wconf 88' lang='lat' dir='ltr'><strong>pueros</strong></span> <span class='ocrx_word' id='word_1_201' title='bbox 2825 2035 3054 2106; x_wconf 80' lang='lat' dir='ltr'><strong>gladius</strong></span> <span class='ocrx_word' id='word_1_202' title='bbox 3079 2034 3294 2104; x_wconf 90' lang='lat' dir='ltr'><strong>injuste</strong></span> <span class='ocrx_word' id='word_1_203' title='bbox 3315 2034 3583 2100; x_wconf 88' lang='lat' dir='ltr'><strong>messuit,</strong></span> 
     </span>
    </p>
   </div>
   <div class='ocr_carea' id='block_1_35' title="bbox 1947 2122 3587 2194">
    <p class='ocr_par' dir='ltr' id='par_1_35' title="bbox 1947 2122 3587 2194">
     <span class='ocr_line' id='line_1_35' title="bbox 1947 2122 3587 2194; baseline 0.001 -20"><span class='ocrx_word' id='word_1_204' title='bbox 1947 2138 2082 2176; x_wconf 90' lang='lat' dir='ltr'><strong>cum</strong></span> <span class='ocrx_word' id='word_1_205' title='bbox 2111 2128 2313 2178; x_wconf 86' lang='lat' dir='ltr'><strong>natum</strong></span> <span class='ocrx_word' id='word_1_206' title='bbox 2346 2139 2541 2194; x_wconf 84' lang='lat' dir='ltr'><strong>regem</strong></span> <span class='ocrx_word' id='word_1_207' title='bbox 2575 2128 2866 2192; x_wconf 62' lang='lat' dir='ltr'><strong>quaereret</strong></span> <span class='ocrx_word' id='word_1_208' title='bbox 2905 2122 3182 2176; x_wconf 85' lang='lat' dir='ltr'><strong>Herodes.</strong></span> <span class='ocrx_word' id='word_1_209' title='bbox 3219 2123 3334 2174; x_wconf 86' lang='lat' dir='ltr'><strong>Hoc</strong></span> <span class='ocrx_word' id='word_1_210' title='bbox 3366 2122 3587 2176; x_wconf 89' lang='lat' dir='ltr'><strong>etenim</strong></span> 
     </span>
    </p>
   </div>
   <div class='ocr_carea' id='block_1_36' title="bbox 1948 2209 3588 2280">
    <p class='ocr_par' dir='ltr' id='par_1_36' title="bbox 1948 2209 3588 2280">
     <span class='ocr_line' id='line_1_36' title="bbox 1948 2209 3588 2280; baseline 0 -18"><span class='ocrx_word' id='word_1_211' title='bbox 1948 2211 2212 2264; x_wconf 89' lang='lat' dir='ltr'><strong>animum</strong></span> <span class='ocrx_word' id='word_1_212' title='bbox 2245 2227 2443 2264; x_wconf 90' lang='lat' dir='ltr'><strong>meum</strong></span> <span class='ocrx_word' id='word_1_213' title='bbox 2497 2210 2846 2280; x_wconf 84' lang='lat' dir='ltr'><strong>provocavit,</strong></span> <span class='ocrx_word' id='word_1_214' title='bbox 2907 2213 2965 2263; x_wconf 89' lang='lat' dir='ltr'><strong>et</strong></span> <span class='ocrx_word' id='word_1_215' title='bbox 3021 2209 3188 2277; x_wconf 89' lang='lat' dir='ltr'><strong>quasi</strong></span> <span class='ocrx_word' id='word_1_216' title='bbox 3219 2209 3407 2262; x_wconf 90' lang='lat' dir='ltr'><strong>oculis</strong></span> <span class='ocrx_word' id='word_1_217' title='bbox 3437 2209 3588 2262; x_wconf 88' lang='lat' dir='ltr'><strong>meis</strong></span> 
     </span>
    </p>
   </div>
   <div class='ocr_carea' id='block_1_37' title="bbox 1945 2297 3584 2368">
    <p class='ocr_par' dir='ltr' id='par_1_37' title="bbox 1945 2297 3584 2368">
     <span class='ocr_line' id='line_1_37' title="bbox 1945 2297 3584 2368; baseline 0 -19"><span class='ocrx_word' id='word_1_218' title='bbox 1945 2297 2110 2353; x_wconf 89' lang='lat' dir='ltr'><strong>video</strong></span> <span class='ocrx_word' id='word_1_219' title='bbox 2142 2298 2390 2368; x_wconf 89' lang='lat' dir='ltr'><strong>impium</strong></span> <span class='ocrx_word' id='word_1_220' title='bbox 2425 2298 2712 2351; x_wconf 85' lang='lat' dir='ltr'><strong>Herodem</strong></span> <span class='ocrx_word' id='word_1_221' title='bbox 2763 2297 3160 2351; x_wconf 78' lang='lat' dir='ltr'><strong>insanientem</strong></span> <span class='ocrx_word' id='word_1_222' title='bbox 3189 2297 3470 2366; x_wconf 88' lang='lat' dir='ltr'><strong>vultuque</strong></span> <span class='ocrx_word' id='word_1_223' title='bbox 3495 2301 3584 2349; x_wconf 88' lang='lat' dir='ltr'><strong>te-</strong></span> 
     </span>
    </p>
   </div>
   <div class='ocr_carea' id='block_1_38' title="bbox 1947 2383 3577 2454">
    <p class='ocr_par' dir='ltr' id='par_1_38' title="bbox 1947 2383 3577 2454">
     <span class='ocr_line' id='line_1_38' title="bbox 1947 2383 3577 2454; baseline -0.002 -15"><span class='ocrx_word' id='word_1_224' title='bbox 1947 2387 2114 2451; x_wconf 90' lang='lat' dir='ltr'><strong>trico,</strong></span> <span class='ocrx_word' id='word_1_225' title='bbox 2146 2386 2350 2454; x_wconf 89' lang='lat' dir='ltr'><strong>iniquo</strong></span> <span class='ocrx_word' id='word_1_226' title='bbox 2383 2387 2592 2439; x_wconf 89' lang='lat' dir='ltr'><strong>throno</strong></span> <span class='ocrx_word' id='word_1_227' title='bbox 2635 2385 3016 2452; x_wconf 83' lang='lat' dir='ltr'><strong>insidentem,</strong></span> <span class='ocrx_word' id='word_1_228' title='bbox 3051 2391 3110 2438; x_wconf 88' lang='lat' dir='ltr'><strong>et</strong></span> <span class='ocrx_word' id='word_1_229' title='bbox 3137 2385 3340 2438; x_wconf 87' lang='lat' dir='ltr'><strong>multis</strong></span> <span class='ocrx_word' id='word_1_230' title='bbox 3368 2383 3577 2454; x_wconf 79' lang='lat' dir='ltr'><strong>gladiis</strong></span> 
     </span>
    </p>
   </div>
   <div class='ocr_carea' id='block_1_39' title="bbox 1944 2472 3582 2544">
    <p class='ocr_par' dir='ltr' id='par_1_39' title="bbox 1944 2472 3582 2544">
     <span class='ocr_line' id='line_1_39' title="bbox 1944 2472 3582 2544; baseline -0.002 -17"><span class='ocrx_word' id='word_1_231' title='bbox 1944 2472 2120 2528; x_wconf 90' lang='lat' dir='ltr'><strong>corde</strong></span> <span class='ocrx_word' id='word_1_232' title='bbox 2142 2473 2954 2544; x_wconf 88' lang='lat' dir='ltr'><strong>exagitato,festinantemqne</strong></span> <span class='ocrx_word' id='word_1_233' title='bbox 2980 2477 3184 2526; x_wconf 88' lang='lat' dir='ltr'><strong>contra</strong></span> <span class='ocrx_word' id='word_1_234' title='bbox 3203 2472 3582 2526; x_wconf 88' lang='lat' dir='ltr'><strong>insurrectio-</strong></span> 
     </span>
    </p>
   </div>
   <div class='ocr_carea' id='block_1_40' title="bbox 1943 2559 3580 2632">
    <p class='ocr_par' dir='ltr' id='par_1_40' title="bbox 1943 2559 3580 2632">
     <span class='ocr_line' id='line_1_40' title="bbox 1943 2559 3580 2632; baseline -0.002 -18"><span class='ocrx_word' id='word_1_235' title='bbox 1943 2577 2080 2614; x_wconf 82' lang='lat' dir='ltr'><strong>nem</strong></span> <span class='ocrx_word' id='word_1_236' title='bbox 2114 2561 2285 2632; x_wconf 81' lang='lat' dir='ltr'><strong>Regis</strong></span> <span class='ocrx_word' id='word_1_237' title='bbox 2325 2577 2530 2630; x_wconf 88' lang='lat' dir='ltr'><strong>regum</strong></span> <span class='ocrx_word' id='word_1_238' title='bbox 2590 2566 2646 2613; x_wconf 92' lang='lat' dir='ltr'><strong>et</strong></span> <span class='ocrx_word' id='word_1_239' title='bbox 2699 2560 2928 2614; x_wconf 90' lang='lat' dir='ltr'><strong>Domini</strong></span> <span class='ocrx_word' id='word_1_240' title='bbox 2983 2559 3439 2624; x_wconf 84' lang='lat' dir='ltr'><strong>dominantium,</strong></span> <span class='ocrx_word' id='word_1_241' title='bbox 3473 2574 3580 2627; x_wconf 88' lang='lat' dir='ltr'><strong>per</strong></span> 
     </span>
    </p>
   </div>
   <div class='ocr_carea' id='block_1_41' title="bbox 1944 2647 3574 2719">
    <p class='ocr_par' dir='ltr' id='par_1_41' title="bbox 1944 2647 3574 2719">
     <span class='ocr_line' id='line_1_41' title="bbox 1944 2647 3574 2719; baseline -0.001 -17"><span class='ocrx_word' id='word_1_242' title='bbox 1944 2665 2118 2718; x_wconf 88' lang='lat' dir='ltr'><strong>quem</strong></span> <span class='ocrx_word' id='word_1_243' title='bbox 2135 2665 2301 2719; x_wconf 81' lang='lat' dir='ltr'><strong>reges</strong></span> <span class='ocrx_word' id='word_1_244' title='bbox 2322 2653 2574 2718; x_wconf 85' lang='lat' dir='ltr'><strong>regnant</strong></span> <span class='ocrx_word' id='word_1_245' title='bbox 2595 2653 2652 2701; x_wconf 89' lang='lat' dir='ltr'><strong>et</strong></span> <span class='ocrx_word' id='word_1_246' title='bbox 2669 2648 2962 2718; x_wconf 88' lang='lat' dir='ltr'><strong>principes</strong></span> <span class='ocrx_word' id='word_1_247' title='bbox 2981 2653 3150 2700; x_wconf 75' lang='lat' dir='ltr'><strong>terrae</strong></span> <span class='ocrx_word' id='word_1_248' title='bbox 3170 2647 3574 2700; x_wconf 88' lang='lat' dir='ltr'><strong>dominantur.</strong></span> 
     </span>
    </p>
   </div>
   <div class='ocr_carea' id='block_1_42' title="bbox 1943 2734 3573 2800">
    <p class='ocr_par' dir='ltr' id='par_1_42' title="bbox 1943 2734 3573 2800">
     <span class='ocr_line' id='line_1_42' title="bbox 1943 2734 3573 2800; baseline -0.002 -10"><span class='ocrx_word' id='word_1_249' title='bbox 1943 2739 2066 2790; x_wconf 88' lang='lat' dir='ltr'><strong>Non</strong></span> <span class='ocrx_word' id='word_1_250' title='bbox 2091 2736 2390 2790; x_wconf 86' lang='lat' dir='ltr'><strong>Bethleem</strong></span> <span class='ocrx_word' id='word_1_251' title='bbox 2407 2736 2604 2800; x_wconf 90' lang='lat' dir='ltr'><strong>modo,</strong></span> <span class='ocrx_word' id='word_1_252' title='bbox 2629 2735 2732 2789; x_wconf 90' lang='lat' dir='ltr'><strong>sed</strong></span> <span class='ocrx_word' id='word_1_253' title='bbox 2756 2741 2814 2788; x_wconf 89' lang='lat' dir='ltr'><strong>et</strong></span> <span class='ocrx_word' id='word_1_254' title='bbox 2839 2735 3162 2790; x_wconf 86' lang='lat' dir='ltr'><strong>Jerusalem</strong></span> <span class='ocrx_word' id='word_1_255' title='bbox 3187 2734 3573 2788; x_wconf 87' lang='lat' dir='ltr'><strong>turbaverunt</strong></span> 
     </span>
    </p>
   </div>
   <div class='ocr_carea' id='block_1_43' title="bbox 1942 2821 3570 2893">
    <p class='ocr_par' dir='ltr' id='par_1_43' title="bbox 1942 2821 3570 2893">
     <span class='ocr_line' id='line_1_43' title="bbox 1942 2821 3570 2893; baseline -0.001 -17"><span class='ocrx_word' id='word_1_256' title='bbox 1942 2823 2263 2893; x_wconf 91' lang='lat' dir='ltr'><strong>impiorum</strong></span> <span class='ocrx_word' id='word_1_257' title='bbox 2312 2823 2610 2877; x_wconf 88' lang='lat' dir='ltr'><strong>calumnia</strong></span> <span class='ocrx_word' id='word_1_258' title='bbox 2649 2823 3004 2886; x_wconf 74' lang='lat' dir='ltr'><strong>Judzeorum,</strong></span> <span class='ocrx_word' id='word_1_259' title='bbox 3059 2827 3116 2876; x_wconf 89' lang='lat' dir='ltr'><strong>et</strong></span> <span class='ocrx_word' id='word_1_260' title='bbox 3171 2821 3570 2875; x_wconf 86' lang='lat' dir='ltr'><strong>inimicissimi</strong></span> 
     </span>
    </p>
   </div>
   <div class='ocr_carea' id='block_1_44' title="bbox 195 2907 1730 2986">
    <p class='ocr_par' dir='ltr' id='par_1_44' title="bbox 195 2908 1730 2986">
     <span class='ocr_line' id='line_1_44' title="bbox 195 2908 1730 2986; baseline 0.001 -22"><span class='ocrx_word' id='word_1_261' title='bbox 195 2930 328 2978; x_wconf 84' lang='grc' dir='ltr'>των,</span> <span class='ocrx_word' id='word_1_262' title='bbox 390 2908 458 2964; x_wconf 87' lang='grc' dir='ltr'>δι’</span> <span class='ocrx_word' id='word_1_263' title='bbox 516 2911 576 2964; x_wconf 78' lang='grc' dir='ltr'>οὗ</span> <span class='ocrx_word' id='word_1_264' title='bbox 655 2909 898 2985; x_wconf 82' lang='grc' dir='ltr'>βασιλεῖς</span> <span class='ocrx_word' id='word_1_265' title='bbox 984 2911 1382 2986; x_wconf 72' lang='grc' dir='ltr'>βασιλεύουσιν,</span> <span class='ocrx_word' id='word_1_266' title='bbox 1438 2914 1526 2966; x_wconf 78' lang='grc' dir='ltr'><strong>καὶ</strong></span> <span class='ocrx_word' id='word_1_267' title='bbox 1583 2912 1730 2986; x_wconf 60' lang='grc' dir='ltr'>τύραπ</span> 
     </span>
    </p>
   </div>
   <div class='ocr_carea' id='block_1_45' title="bbox 2037 2907 3572 2986">
    <p class='ocr_par' dir='ltr' id='par_1_45' title="bbox 2037 2907 3572 2979">
     <span class='ocr_line' id='line_1_45' title="bbox 2037 2907 3572 2979; baseline -0.003 -15"><span class='ocrx_word' id='word_1_268' title='bbox 2037 2911 2522 2979; x_wconf 87' lang='lat' dir='ltr'><strong>evaricatorisqne</strong></span> <span class='ocrx_word' id='word_1_269' title='bbox 2553 2910 2796 2964; x_wconf 85' lang='lat' dir='ltr'><strong>Herodis</strong></span> <span class='ocrx_word' id='word_1_270' title='bbox 2835 2909 3017 2965; x_wconf 85' lang='lat' dir='ltr'><strong>furor.</strong></span> <span class='ocrx_word' id='word_1_271' title='bbox 3047 2912 3362 2978; x_wconf 86' lang='lat' dir='ltr'><strong>Postquam</strong></span> <span class='ocrx_word' id='word_1_272' title='bbox 3395 2907 3572 2978; x_wconf 82' lang='lat' dir='ltr'><strong>igitur</strong></span> 
     </span>
    </p>
   </div>
   <div class='ocr_carea' id='block_1_46' title="bbox 195 2994 1834 3075">
    <p class='ocr_par' dir='ltr' id='par_1_46' title="bbox 195 2994 1834 3075">
     <span class='ocr_line' id='line_1_46' title="bbox 195 2994 1834 3075; baseline 0.002 -24"><span class='ocrx_word' id='word_1_273' title='bbox 195 3001 455 3072; x_wconf 77' lang='grc' dir='ltr'>κρατοῦσι</span> <span class='ocrx_word' id='word_1_274' title='bbox 485 3002 608 3072; x_wconf 80' lang='grc' dir='ltr'>γῆς.</span> <span class='ocrx_word' id='word_1_275' title='bbox 641 3000 700 3052; x_wconf 88' lang='grc' dir='ltr'>Ἥ</span> <span class='ocrx_word' id='word_1_276' title='bbox 735 2994 966 3067; x_wconf 75' lang='grc' dir='ltr'>διαϐολή</span> <span class='ocrx_word' id='word_1_277' title='bbox 1025 3001 1126 3074; x_wconf 72' lang='grc' dir='ltr'>γὰρ</span> <span class='ocrx_word' id='word_1_278' title='bbox 1184 2995 1663 3075; x_wconf 62' lang='grc' dir='ltr'>τῶνπαρανόμων</span> <span class='ocrx_word' id='word_1_279' title='bbox 1695 3003 1834 3058; x_wconf 90' lang='grc' dir='ltr'>Ἰου-</span> 
     </span>
    </p>
   </div>
   <div class='ocr_carea' id='block_1_47' title="bbox 199 3083 1830 3163">
    <p class='ocr_par' dir='ltr' id='par_1_47' title="bbox 199 3083 1830 3163">
     <span class='ocr_line' id='line_1_47' title="bbox 199 3083 1830 3163; baseline 0.002 -23"><span class='ocrx_word' id='word_1_280' title='bbox 199 3083 390 3152; x_wconf 87' lang='grc' dir='ltr'>δαίων,</span> <span class='ocrx_word' id='word_1_281' title='bbox 447 3085 538 3140; x_wconf 84' lang='grc' dir='ltr'><strong>καὶ</strong></span> <span class='ocrx_word' id='word_1_282' title='bbox 591 3087 619 3140; x_wconf 86' lang='grc' dir='ltr'><strong>ὁ</strong></span> <span class='ocrx_word' id='word_1_283' title='bbox 669 3085 838 3158; x_wconf 83' lang='grc' dir='ltr'>θυμὸς</span> <span class='ocrx_word' id='word_1_284' title='bbox 908 3092 1004 3141; x_wconf 81' lang='grc' dir='ltr'>τοῦ</span> <span class='ocrx_word' id='word_1_285' title='bbox 1079 3087 1330 3163; x_wconf 77' lang='grc' dir='ltr'>ἐχθίστου</span> <span class='ocrx_word' id='word_1_286' title='bbox 1381 3088 1472 3142; x_wconf 77' lang='grc' dir='ltr'><strong>καὶ</strong></span> <span class='ocrx_word' id='word_1_287' title='bbox 1528 3089 1830 3143; x_wconf 87' lang='grc' dir='ltr'>ἀποστάτου</span> 
     </span>
    </p>
   </div>
   <div class='ocr_carea' id='block_1_48' title="bbox 197 3168 1830 3247">
    <p class='ocr_par' dir='ltr' id='par_1_48' title="bbox 197 3168 1830 3247">
     <span class='ocr_line' id='line_1_48' title="bbox 197 3168 1830 3247; baseline 0.002 -22"><span class='ocrx_word' id='word_1_288' title='bbox 197 3168 463 3246; x_wconf 86' lang='grc' dir='ltr'>Ἡρώδου,</span> <span class='ocrx_word' id='word_1_289' title='bbox 497 3172 559 3225; x_wconf 78' lang='grc' dir='ltr'><strong>οὗ</strong></span> <span class='ocrx_word' id='word_1_290' title='bbox 622 3174 783 3244; x_wconf 85' lang='grc' dir='ltr'>μόνον</span> <span class='ocrx_word' id='word_1_291' title='bbox 833 3175 933 3241; x_wconf 75' lang='grc' dir='ltr'>τὴν</span> <span class='ocrx_word' id='word_1_292' title='bbox 991 3176 1266 3247; x_wconf 76' lang='grc' dir='ltr'>Βηθλεεμ,</span> <span class='ocrx_word' id='word_1_293' title='bbox 1309 3173 1455 3230; x_wconf 83' lang='grc' dir='ltr'><strong>ἀλλά</strong></span> <span class='ocrx_word' id='word_1_294' title='bbox 1482 3176 1570 3230; x_wconf 81' lang='grc' dir='ltr'><strong>καὶ</strong></span> <span class='ocrx_word' id='word_1_295' title='bbox 1599 3178 1698 3244; x_wconf 78' lang='grc' dir='ltr'>τὴν</span> <span class='ocrx_word' id='word_1_296' title='bbox 1730 3177 1830 3231; x_wconf 87' lang='grc' dir='ltr'><strong>Ἱε-</strong></span> 
     </span>
    </p>
   </div>
   <div class='ocr_carea' id='block_1_49' title="bbox 197 3257 1828 3336">
    <p class='ocr_par' dir='ltr' id='par_1_49' title="bbox 197 3257 1828 3336">
     <span class='ocr_line' id='line_1_49' title="bbox 197 3257 1828 3336; baseline 0.004 -25"><span class='ocrx_word' id='word_1_297' title='bbox 197 3257 488 3336; x_wconf 83' lang='grc' dir='ltr'>ρουσαλήμ</span> <span class='ocrx_word' id='word_1_298' title='bbox 541 3258 896 3334; x_wconf 83' lang='grc' dir='ltr'>έμόχλευσεν.</span> <span class='ocrx_word' id='word_1_299' title='bbox 954 3263 1076 3317; x_wconf 70' lang='grc' dir='ltr'>’Ὁτι</span> <span class='ocrx_word' id='word_1_300' title='bbox 1107 3263 1203 3314; x_wconf 75' lang='grc' dir='ltr'><strong>οὗν</strong></span> <span class='ocrx_word' id='word_1_301' title='bbox 1253 3265 1280 3317; x_wconf 88' lang='grc' dir='ltr'>ὁ</span> <span class='ocrx_word' id='word_1_302' title='bbox 1331 3261 1569 3325; x_wconf 81' lang='grc' dir='ltr'>δείλαιος</span> <span class='ocrx_word' id='word_1_303' title='bbox 1630 3263 1828 3326; x_wconf 70' lang='grc' dir='ltr'>ἐκεῖνος</span> 
     </span>
    </p>
   </div>
   <div class='ocr_carea' id='block_1_50' title="bbox 197 3346 1828 3426">
    <p class='ocr_par' dir='ltr' id='par_1_50' title="bbox 197 3346 1828 3426">
     <span class='ocr_line' id='line_1_50' title="bbox 197 3346 1828 3426; baseline 0.002 -25"><span class='ocrx_word' id='word_1_304' title='bbox 197 3346 488 3422; x_wconf 76' lang='grc' dir='ltr'>ἐνεπαίχθη</span> <span class='ocrx_word' id='word_1_305' title='bbox 575 3348 676 3401; x_wconf 81' lang='grc' dir='ltr'><strong>ὑπὸ</strong></span> <span class='ocrx_word' id='word_1_306' title='bbox 733 3352 841 3402; x_wconf 79' lang='grc' dir='ltr'>τῶν</span> <span class='ocrx_word' id='word_1_307' title='bbox 924 3353 1101 3426; x_wconf 72' lang='grc' dir='ltr'>σοφῶν</span> <span class='ocrx_word' id='word_1_308' title='bbox 1189 3352 1414 3424; x_wconf 85' lang='grc' dir='ltr'>Μάγων,</span> <span class='ocrx_word' id='word_1_309' title='bbox 1482 3351 1686 3424; x_wconf 82' lang='grc' dir='ltr'>ἷλιγγιᾷ</span> <span class='ocrx_word' id='word_1_310' title='bbox 1739 3353 1828 3405; x_wconf 79' lang='grc' dir='ltr'>καὶ</span> 
     </span>
    </p>
   </div>
   <div class='ocr_carea' id='block_1_51' title="bbox 197 3433 1830 3512">
    <p class='ocr_par' dir='ltr' id='par_1_51' title="bbox 197 3433 1830 3512">
     <span class='ocr_line' id='line_1_51' title="bbox 197 3433 1830 3512; baseline 0.002 -24"><span class='ocrx_word' id='word_1_311' title='bbox 197 3433 540 3507; x_wconf 81' lang='grc' dir='ltr'>ἀλλοιοῦται,</span> <span class='ocrx_word' id='word_1_312' title='bbox 594 3434 904 3508; x_wconf 81' lang='grc' dir='ltr'>ταράττεται</span> <span class='ocrx_word' id='word_1_313' title='bbox 969 3440 1038 3508; x_wconf 83' lang='grc' dir='ltr'>τῇ</span> <span class='ocrx_word' id='word_1_314' title='bbox 1100 3440 1306 3512; x_wconf 75' lang='grc' dir='ltr'>μορφῇ,</span> <span class='ocrx_word' id='word_1_315' title='bbox 1365 3438 1452 3490; x_wconf 79' lang='grc' dir='ltr'><strong>καὶ</strong></span> <span class='ocrx_word' id='word_1_316' title='bbox 1510 3441 1578 3511; x_wconf 79' lang='grc' dir='ltr'>τῇ</span> <span class='ocrx_word' id='word_1_317' title='bbox 1637 3435 1830 3512; x_wconf 79' lang='grc' dir='ltr'>καρδίᾳ</span> 
     </span>
    </p>
   </div>
   <div class='ocr_carea' id='block_1_52' title="bbox 197 3521 1830 3602">
    <p class='ocr_par' dir='ltr' id='par_1_52' title="bbox 197 3521 1830 3602">
     <span class='ocr_line' id='line_1_52' title="bbox 197 3521 1830 3602; baseline 0.002 -26"><span class='ocrx_word' id='word_1_318' title='bbox 197 3521 390 3592; x_wconf 84' lang='grc' dir='ltr'>δειΑιᾷ·</span> <span class='ocrx_word' id='word_1_319' title='bbox 452 3522 731 3598; x_wconf 77' lang='grc' dir='ltr'>ῥητορεύει</span> <span class='ocrx_word' id='word_1_320' title='bbox 789 3523 923 3598; x_wconf 87' lang='grc' dir='ltr'>πρὸς</span> <span class='ocrx_word' id='word_1_321' title='bbox 977 3523 1103 3586; x_wconf 73' lang='grc' dir='ltr'>τοὺς</span> <span class='ocrx_word' id='word_1_322' title='bbox 1163 3523 1456 3600; x_wconf 79' lang='grc' dir='ltr'>ἀρχιερεῖς,</span> <span class='ocrx_word' id='word_1_323' title='bbox 1487 3526 1578 3580; x_wconf 85' lang='grc' dir='ltr'><strong>καὶ</strong></span> <span class='ocrx_word' id='word_1_324' title='bbox 1610 3546 1830 3602; x_wconf 76' lang='grc' dir='ltr'>φρατρι-</span> 
     </span>
    </p>
   </div>
   <div class='ocr_carea' id='block_1_53' title="bbox 197 3611 1823 3688">
    <p class='ocr_par' dir='ltr' id='par_1_53' title="bbox 197 3611 1823 3688">
     <span class='ocr_line' id='line_1_53' title="bbox 197 3611 1823 3688; baseline 0.002 -24"><span class='ocrx_word' id='word_1_325' title='bbox 197 3611 308 3679; x_wconf 85' lang='grc' dir='ltr'>άζει</span> <span class='ocrx_word' id='word_1_326' title='bbox 371 3611 502 3683; x_wconf 84' lang='grc' dir='ltr'><strong>μετά</strong></span> <span class='ocrx_word' id='word_1_327' title='bbox 555 3615 662 3665; x_wconf 82' lang='grc' dir='ltr'><strong>τῶν</strong></span> <span class='ocrx_word' id='word_1_328' title='bbox 729 3613 1062 3687; x_wconf 80' lang='grc' dir='ltr'>Φαρισαίων·</span> <span class='ocrx_word' id='word_1_329' title='bbox 1139 3611 1307 3684; x_wconf 86' lang='grc' dir='ltr'>νόμον</span> <span class='ocrx_word' id='word_1_330' title='bbox 1368 3614 1823 3688; x_wconf 76' lang='grc' dir='ltr'>ἀναγινώσκεσθαι</span> 
     </span>
    </p>
   </div>
   <div class='ocr_carea' id='block_1_54' title="bbox 196 3698 1822 3776">
    <p class='ocr_par' dir='ltr' id='par_1_54' title="bbox 196 3698 1822 3776">
     <span class='ocr_line' id='line_1_54' title="bbox 196 3698 1822 3776; baseline 0.004 -24"><span class='ocrx_word' id='word_1_331' title='bbox 196 3698 492 3774; x_wconf 83' lang='grc' dir='ltr'>ἐπιτρέπει,</span> <span class='ocrx_word' id='word_1_332' title='bbox 549 3699 639 3753; x_wconf 84' lang='grc' dir='ltr'><strong>καὶ</strong></span> <span class='ocrx_word' id='word_1_333' title='bbox 697 3703 980 3776; x_wconf 76' lang='grc' dir='ltr'>προφήτας</span> <span class='ocrx_word' id='word_1_334' title='bbox 1039 3700 1420 3775; x_wconf 71' lang='grc' dir='ltr'>ἑρμηνεύεσθαι</span> <span class='ocrx_word' id='word_1_335' title='bbox 1483 3704 1822 3776; x_wconf 77' lang='grc' dir='ltr'>προστάττει.</span> 
     </span>
    </p>
   </div>
   <div class='ocr_carea' id='block_1_55' title="bbox 197 3787 1824 3865">
    <p class='ocr_par' dir='ltr' id='par_1_55' title="bbox 197 3787 1824 3865">
     <span class='ocr_line' id='line_1_55' title="bbox 197 3787 1824 3865; baseline 0.002 -23"><span class='ocrx_word' id='word_1_336' title='bbox 197 3793 435 3864; x_wconf 63' lang='grc' dir='ltr'>Ἄφρων,</span> <span class='ocrx_word' id='word_1_337' title='bbox 468 3787 558 3843; x_wconf 89' lang='grc' dir='ltr'><strong>καὶ</strong></span> <span class='ocrx_word' id='word_1_338' title='bbox 587 3789 871 3865; x_wconf 75' lang='grc' dir='ltr'>κακοῦργε,</span> <span class='ocrx_word' id='word_1_339' title='bbox 912 3791 1000 3843; x_wconf 76' lang='grc' dir='ltr'><strong>καὶ</strong></span> <span class='ocrx_word' id='word_1_340' title='bbox 1063 3787 1368 3865; x_wconf 72' lang='grc' dir='ltr'>ῥᾳδιουργὲ,</span> <span class='ocrx_word' id='word_1_341' title='bbox 1422 3793 1468 3845; x_wconf 73' lang='grc' dir='ltr'>εἴ</span> <span class='ocrx_word' id='word_1_342' title='bbox 1518 3792 1689 3864; x_wconf 86' lang='grc' dir='ltr'>νόμος</span> <span class='ocrx_word' id='word_1_343' title='bbox 1735 3793 1824 3846; x_wconf 84' lang='grc' dir='ltr'>καὶ</span> 
     </span>
    </p>
   </div>
   <div class='ocr_carea' id='block_1_56' title="bbox 199 3876 1824 3956">
    <p class='ocr_par' dir='ltr' id='par_1_56' title="bbox 199 3876 1824 3956">
     <span class='ocr_line' id='line_1_56' title="bbox 199 3876 1824 3956; baseline 0.004 -26"><span class='ocrx_word' id='word_1_344' title='bbox 199 3884 471 3954; x_wconf 78' lang='grc' dir='ltr'>προφῆται</span> <span class='ocrx_word' id='word_1_345' title='bbox 527 3877 619 3932; x_wconf 80' lang='grc' dir='ltr'><strong>τὸν</strong></span> <span class='ocrx_word' id='word_1_346' title='bbox 675 3880 999 3953; x_wconf 86' lang='grc' dir='ltr'>γεννηθέντα</span> <span class='ocrx_word' id='word_1_347' title='bbox 1051 3878 1284 3934; x_wconf 85' lang='grc' dir='ltr'>Βασιλέα</span> <span class='ocrx_word' id='word_1_348' title='bbox 1341 3877 1536 3934; x_wconf 78' lang='grc' dir='ltr'>ἄνωθεν</span> <span class='ocrx_word' id='word_1_349' title='bbox 1570 3876 1824 3956; x_wconf 76' lang='grc' dir='ltr'>ἔρχεσθαι</span> 
     </span>
    </p>
   </div>
   <div class='ocr_carea' id='block_1_57' title="bbox 201 3965 1824 4042">
    <p class='ocr_par' dir='ltr' id='par_1_57' title="bbox 201 3965 1824 4042">
     <span class='ocr_line' id='line_1_57' title="bbox 201 3965 1824 4042; baseline 0.002 -23"><span class='ocrx_word' id='word_1_350' title='bbox 201 3969 590 4040; x_wconf 76' lang='grc' dir='ltr'>προεκήρυξαν,</span> <span class='ocrx_word' id='word_1_351' title='bbox 649 3966 712 4019; x_wconf 81' lang='grc' dir='ltr'><strong>σὺ</strong></span> <span class='ocrx_word' id='word_1_352' title='bbox 768 3968 818 4020; x_wconf 90' lang='grc' dir='ltr'><strong>τί</strong></span> <span class='ocrx_word' id='word_1_353' title='bbox 881 3967 1055 4038; x_wconf 79' lang='grc' dir='ltr'>μάτην</span> <span class='ocrx_word' id='word_1_354' title='bbox 1111 3965 1390 4040; x_wconf 58' lang='lat' dir='ltr'><strong>raptim“;</strong></span> <span class='ocrx_word' id='word_1_355' title='bbox 1425 3969 1672 4042; x_wconf 84' lang='grc' dir='ltr'>Ταράττῃ</span> <span class='ocrx_word' id='word_1_356' title='bbox 1707 3970 1824 4040; x_wconf 74' lang='grc' dir='ltr'>μὲν,</span> 
     </span>
    </p>
   </div>
   <div class='ocr_carea' id='block_1_58' title="bbox 198 4050 1821 4129">
    <p class='ocr_par' dir='ltr' id='par_1_58' title="bbox 198 4050 1821 4129">
     <span class='ocr_line' id='line_1_58' title="bbox 198 4050 1821 4129; baseline 0.001 -21"><span class='ocrx_word' id='word_1_357' title='bbox 198 4053 294 4108; x_wconf 77' lang='grc' dir='ltr'><strong>οὐκ</strong></span> <span class='ocrx_word' id='word_1_358' title='bbox 322 4053 530 4128; x_wconf 76' lang='grc' dir='ltr'>ἰσχύεις</span> <span class='ocrx_word' id='word_1_359' title='bbox 561 4050 636 4110; x_wconf 88' lang='grc' dir='ltr'>δέ.</span> <span class='ocrx_word' id='word_1_360' title='bbox 684 4053 948 4127; x_wconf 84' lang='grc' dir='ltr'>Ταράττῃ,</span> <span class='ocrx_word' id='word_1_361' title='bbox 1009 4052 1132 4108; x_wconf 78' lang='grc' dir='ltr'>ἀλλ’</span> <span class='ocrx_word' id='word_1_362' title='bbox 1190 4053 1263 4114; x_wconf 69' lang='grc' dir='ltr'><strong>είς</strong></span> <span class='ocrx_word' id='word_1_363' title='bbox 1319 4055 1503 4108; x_wconf 74' lang='grc' dir='ltr'>ἑαυτὸν</span> <span class='ocrx_word' id='word_1_364' title='bbox 1537 4051 1821 4129; x_wconf 75' lang='grc' dir='ltr'>συντριϐή-</span> 
     </span>
    </p>
   </div>
   <div class='ocr_carea' id='block_1_59' title="bbox 198 4136 1823 4214">
    <p class='ocr_par' dir='ltr' id='par_1_59' title="bbox 198 4136 1823 4214">
     <span class='ocr_line' id='line_1_59' title="bbox 198 4136 1823 4214; baseline 0.002 -19"><span class='ocrx_word' id='word_1_365' title='bbox 198 4162 326 4203; x_wconf 81' lang='grc' dir='ltr'>σεις.</span> <span class='ocrx_word' id='word_1_366' title='bbox 386 4141 500 4198; x_wconf 85' lang='grc' dir='ltr'>Οὐκ</span> <span class='ocrx_word' id='word_1_367' title='bbox 548 4137 782 4210; x_wconf 69' lang='grc' dir='ltr'>ἤκουσας</span> <span class='ocrx_word' id='word_1_368' title='bbox 838 4140 889 4194; x_wconf 82' lang='grc' dir='ltr'>ἐν</span> <span class='ocrx_word' id='word_1_369' title='bbox 948 4145 1016 4214; x_wconf 80' lang='grc' dir='ltr'>τῇ</span> <span class='ocrx_word' id='word_1_370' title='bbox 1077 4136 1256 4214; x_wconf 77' lang='grc' dir='ltr'>βίϐλῳ</span> <span class='ocrx_word' id='word_1_371' title='bbox 1302 4147 1408 4195; x_wconf 84' lang='grc' dir='ltr'><strong>τῶν</strong></span> <span class='ocrx_word' id='word_1_372' title='bbox 1443 4143 1710 4214; x_wconf 84' lang='grc' dir='ltr'>Ψαλμῶν,</span> <span class='ocrx_word' id='word_1_373' title='bbox 1741 4145 1823 4199; x_wconf 80' lang='grc' dir='ltr'>ὅτι</span> 
     </span>
    </p>
   </div>
   <div class='ocr_carea' id='block_1_60' title="bbox 1941 2996 3572 3069">
    <p class='ocr_par' dir='ltr' id='par_1_60' title="bbox 1941 2996 3572 3069">
     <span class='ocr_line' id='line_1_60' title="bbox 1941 2996 3572 3069; baseline -0.001 -18"><span class='ocrx_word' id='word_1_374' title='bbox 1941 2999 2183 3053; x_wconf 91' lang='lat' dir='ltr'><strong>timidus</strong></span> <span class='ocrx_word' id='word_1_375' title='bbox 2213 3000 2312 3052; x_wconf 91' lang='lat' dir='ltr'><strong>ille</strong></span> <span class='ocrx_word' id='word_1_376' title='bbox 2363 2999 2638 3069; x_wconf 88' lang='lat' dir='ltr'><strong>princeps</strong></span> <span class='ocrx_word' id='word_1_377' title='bbox 2686 3015 2720 3052; x_wconf 91' lang='lat' dir='ltr'><strong>a</strong></span> <span class='ocrx_word' id='word_1_378' title='bbox 2759 2998 3123 3068; x_wconf 86' lang='lat' dir='ltr'><strong>sapientibus</strong></span> <span class='ocrx_word' id='word_1_379' title='bbox 3153 2997 3328 3066; x_wconf 85' lang='lat' dir='ltr'><strong>Magis</strong></span> <span class='ocrx_word' id='word_1_380' title='bbox 3361 2996 3572 3050; x_wconf 86' lang='lat' dir='ltr'><strong>illusus</strong></span> 
     </span>
    </p>
   </div>
   <div class='ocr_carea' id='block_1_61' title="bbox 1941 3083 3569 3157">
    <p class='ocr_par' dir='ltr' id='par_1_61' title="bbox 1941 3083 3569 3157">
     <span class='ocr_line' id='line_1_61' title="bbox 1941 3083 3569 3157; baseline -0.003 -17"><span class='ocrx_word' id='word_1_381' title='bbox 1941 3093 2048 3152; x_wconf 89' lang='lat' dir='ltr'><strong>est,</strong></span> <span class='ocrx_word' id='word_1_382' title='bbox 2081 3087 2362 3157; x_wconf 88' lang='lat' dir='ltr'><strong>vertigine</strong></span> <span class='ocrx_word' id='word_1_383' title='bbox 2393 3086 2641 3152; x_wconf 87' lang='lat' dir='ltr'><strong>laborat,</strong></span> <span class='ocrx_word' id='word_1_384' title='bbox 2691 3086 3056 3150; x_wconf 87' lang='lat' dir='ltr'><strong>immutatnr,</strong></span> <span class='ocrx_word' id='word_1_385' title='bbox 3107 3085 3377 3138; x_wconf 89' lang='lat' dir='ltr'><strong>turbatur</strong></span> <span class='ocrx_word' id='word_1_386' title='bbox 3419 3087 3476 3136; x_wconf 88' lang='lat' dir='ltr'><strong>et</strong></span> <span class='ocrx_word' id='word_1_387' title='bbox 3507 3083 3569 3136; x_wconf 93' lang='lat' dir='ltr'><strong>in</strong></span> 
     </span>
    </p>
   </div>
   <div class='ocr_carea' id='block_1_62' title="bbox 1938 3169 3568 3236">
    <p class='ocr_par' dir='ltr' id='par_1_62' title="bbox 1938 3169 3568 3236">
     <span class='ocr_line' id='line_1_62' title="bbox 1938 3169 3568 3236; baseline -0.003 -8"><span class='ocrx_word' id='word_1_388' title='bbox 1938 3174 2112 3228; x_wconf 91' lang='lat' dir='ltr'><strong>corde</strong></span> <span class='ocrx_word' id='word_1_389' title='bbox 2145 3175 2330 3228; x_wconf 86' lang='lat' dir='ltr'><strong>timet.</strong></span> <span class='ocrx_word' id='word_1_390' title='bbox 2384 3174 2638 3227; x_wconf 91' lang='lat' dir='ltr'><strong>Summis</strong></span> <span class='ocrx_word' id='word_1_391' title='bbox 2691 3172 3092 3227; x_wconf 90' lang='lat' dir='ltr'><strong>sacerdotibus</strong></span> <span class='ocrx_word' id='word_1_392' title='bbox 3137 3187 3374 3227; x_wconf 90' lang='lat' dir='ltr'><strong>causam</strong></span> <span class='ocrx_word' id='word_1_393' title='bbox 3407 3169 3568 3236; x_wconf 88' lang='lat' dir='ltr'><strong>dicit,</strong></span> 
     </span>
    </p>
   </div>
   <div class='ocr_carea' id='block_1_63' title="bbox 1938 3259 3570 3332">
    <p class='ocr_par' dir='ltr' id='par_1_63' title="bbox 1938 3259 3570 3332">
     <span class='ocr_line' id='line_1_63' title="bbox 1938 3259 3570 3332; baseline -0.002 -18"><span class='ocrx_word' id='word_1_394' title='bbox 1938 3261 2048 3315; x_wconf 91' lang='lat' dir='ltr'><strong>init</strong></span> <span class='ocrx_word' id='word_1_395' title='bbox 2078 3278 2208 3316; x_wconf 91' lang='lat' dir='ltr'><strong>cum</strong></span> <span class='ocrx_word' id='word_1_396' title='bbox 2234 3262 2544 3316; x_wconf 71' lang='lat' dir='ltr'><strong>Pharisaais</strong></span> <span class='ocrx_word' id='word_1_397' title='bbox 2569 3261 2944 3326; x_wconf 88' lang='lat' dir='ltr'><strong>societatem;</strong></span> <span class='ocrx_word' id='word_1_398' title='bbox 2977 3262 3166 3332; x_wconf 86' lang='lat' dir='ltr'><strong>legem</strong></span> <span class='ocrx_word' id='word_1_399' title='bbox 3187 3261 3301 3331; x_wconf 88' lang='lat' dir='ltr'><strong>legi</strong></span> <span class='ocrx_word' id='word_1_400' title='bbox 3323 3259 3570 3330; x_wconf 90' lang='lat' dir='ltr'><strong>permit-</strong></span> 
     </span>
    </p>
   </div>
   <div class='ocr_carea' id='block_1_64' title="bbox 1939 3347 3571 3420">
    <p class='ocr_par' dir='ltr' id='par_1_64' title="bbox 1939 3347 3571 3420">
     <span class='ocr_line' id='line_1_64' title="bbox 1939 3347 3571 3420; baseline -0.001 -18"><span class='ocrx_word' id='word_1_401' title='bbox 1939 3349 2026 3416; x_wconf 90' lang='lat' dir='ltr'><strong>tit,</strong></span> <span class='ocrx_word' id='word_1_402' title='bbox 2049 3349 2484 3420; x_wconf 84' lang='lat' dir='ltr'><strong>prOphetasqne</strong></span> <span class='ocrx_word' id='word_1_403' title='bbox 2505 3349 2881 3418; x_wconf 87' lang='lat' dir='ltr'><strong>interpretari</strong></span> <span class='ocrx_word' id='word_1_404' title='bbox 2902 3349 3089 3417; x_wconf 88' lang='lat' dir='ltr'><strong>jubet.</strong></span> <span class='ocrx_word' id='word_1_405' title='bbox 3114 3348 3425 3418; x_wconf 89' lang='lat' dir='ltr'><strong>Insipiens,</strong></span> <span class='ocrx_word' id='word_1_406' title='bbox 3459 3347 3571 3401; x_wconf 89' lang='lat' dir='ltr'><strong>im-</strong></span> 
     </span>
    </p>
   </div>
   <div class='ocr_carea' id='block_1_65' title="bbox 1936 3434 3569 3506">
    <p class='ocr_par' dir='ltr' id='par_1_65' title="bbox 1936 3434 3569 3506">
     <span class='ocr_line' id='line_1_65' title="bbox 1936 3434 3569 3506; baseline -0.001 -17"><span class='ocrx_word' id='word_1_407' title='bbox 1936 3437 2118 3506; x_wconf 88' lang='lat' dir='ltr'><strong>probe</strong></span> <span class='ocrx_word' id='word_1_408' title='bbox 2150 3443 2206 3490; x_wconf 92' lang='lat' dir='ltr'><strong>et</strong></span> <span class='ocrx_word' id='word_1_409' title='bbox 2234 3437 2793 3500; x_wconf 84' lang='lat' dir='ltr'><strong>maleﬁcentissime,</strong></span> <span class='ocrx_word' id='word_1_410' title='bbox 2828 3437 2874 3489; x_wconf 90' lang='lat' dir='ltr'><strong>si</strong></span> <span class='ocrx_word' id='word_1_411' title='bbox 2907 3437 3001 3490; x_wconf 88' lang='lat' dir='ltr'><strong>lex</strong></span> <span class='ocrx_word' id='word_1_412' title='bbox 3033 3441 3084 3489; x_wconf 89' lang='lat' dir='ltr'><strong>et</strong></span> <span class='ocrx_word' id='word_1_413' title='bbox 3117 3436 3416 3505; x_wconf 66' lang='lat' dir='ltr'><strong>prophetas</strong></span> <span class='ocrx_word' id='word_1_414' title='bbox 3447 3434 3569 3489; x_wconf 91' lang='lat' dir='ltr'><strong>nati</strong></span> 
     </span>
    </p>
   </div>
   <div class='ocr_carea' id='block_1_66' title="bbox 1935 3522 3564 3596">
    <p class='ocr_par' dir='ltr' id='par_1_66' title="bbox 1935 3522 3564 3596">
     <span class='ocr_line' id='line_1_66' title="bbox 1935 3522 3564 3596; baseline -0.001 -19"><span class='ocrx_word' id='word_1_415' title='bbox 1935 3526 2088 3596; x_wconf 90' lang='lat' dir='ltr'><strong>regis</strong></span> <span class='ocrx_word' id='word_1_416' title='bbox 2121 3525 2437 3578; x_wconf 89' lang='lat' dir='ltr'><strong>adventum</strong></span> <span class='ocrx_word' id='word_1_417' title='bbox 2458 3523 2878 3594; x_wconf 66' lang='lat' dir='ltr'><strong>praedixerunt,</strong></span> <span class='ocrx_word' id='word_1_418' title='bbox 2902 3541 3007 3577; x_wconf 92' lang='lat' dir='ltr'><strong>cur</strong></span> <span class='ocrx_word' id='word_1_419' title='bbox 3027 3523 3243 3576; x_wconf 83' lang='lat' dir='ltr'><strong>frustra</strong></span> <span class='ocrx_word' id='word_1_420' title='bbox 3263 3523 3518 3576; x_wconf 83' lang='lat' dir='ltr'><strong>turbaris</strong></span> <span class='ocrx_word' id='word_1_421' title='bbox 3537 3522 3564 3575; x_wconf 83' lang='lat'><strong>?</strong></span> 
     </span>
    </p>
   </div>
   <div class='ocr_carea' id='block_1_67' title="bbox 1935 3610 3566 3681">
    <p class='ocr_par' dir='ltr' id='par_1_67' title="bbox 1935 3610 3566 3681">
     <span class='ocr_line' id='line_1_67' title="bbox 1935 3610 3566 3681; baseline -0.002 -15"><span class='ocrx_word' id='word_1_422' title='bbox 1935 3613 2208 3666; x_wconf 89' lang='lat' dir='ltr'><strong>Turbaris</strong></span> <span class='ocrx_word' id='word_1_423' title='bbox 2240 3613 2500 3681; x_wconf 89' lang='lat' dir='ltr'><strong>quidem.</strong></span> <span class='ocrx_word' id='word_1_424' title='bbox 2535 3612 2636 3666; x_wconf 89' lang='lat' dir='ltr'><strong>sed</strong></span> <span class='ocrx_word' id='word_1_425' title='bbox 2658 3611 2808 3664; x_wconf 87' lang='lat' dir='ltr'><strong>nihil</strong></span> <span class='ocrx_word' id='word_1_426' title='bbox 2857 3612 3032 3664; x_wconf 85' lang='lat' dir='ltr'><strong>vales.</strong></span> <span class='ocrx_word' id='word_1_427' title='bbox 3053 3611 3346 3668; x_wconf 75' lang='lat' dir='ltr'><strong>Turbaris.</strong></span> <span class='ocrx_word' id='word_1_428' title='bbox 3371 3610 3472 3662; x_wconf 87' lang='lat' dir='ltr'><strong>sed</strong></span> <span class='ocrx_word' id='word_1_429' title='bbox 3504 3611 3566 3663; x_wconf 90' lang='lat' dir='ltr'><strong>in</strong></span> 
     </span>
    </p>
   </div>
   <div class='ocr_carea' id='block_1_68' title="bbox 1935 3697 3566 3770">
    <p class='ocr_par' dir='ltr' id='par_1_68' title="bbox 1935 3697 3566 3770">
     <span class='ocr_line' id='line_1_68' title="bbox 1935 3697 3566 3770; baseline -0.002 -17"><span class='ocrx_word' id='word_1_430' title='bbox 1935 3700 2188 3770; x_wconf 88' lang='lat' dir='ltr'><strong>teipsum</strong></span> <span class='ocrx_word' id='word_1_431' title='bbox 2219 3699 2561 3753; x_wconf 77' lang='lat' dir='ltr'><strong>contereris.</strong></span> <span class='ocrx_word' id='word_1_432' title='bbox 2615 3701 2817 3752; x_wconf 87' lang='lat' dir='ltr'><strong>Nonne</strong></span> <span class='ocrx_word' id='word_1_433' title='bbox 2867 3698 3082 3752; x_wconf 90' lang='lat' dir='ltr'><strong>audisti</strong></span> <span class='ocrx_word' id='word_1_434' title='bbox 3129 3698 3186 3750; x_wconf 92' lang='lat' dir='ltr'><strong>in</strong></span> <span class='ocrx_word' id='word_1_435' title='bbox 3221 3697 3369 3750; x_wconf 90' lang='lat' dir='ltr'><strong>libro</strong></span> <span class='ocrx_word' id='word_1_436' title='bbox 3401 3697 3566 3750; x_wconf 87' lang='lat' dir='ltr'><strong>Psal-</strong></span> 
     </span>
    </p>
   </div>
   <div class='ocr_carea' id='block_1_69' title="bbox 1935 3789 3563 3859">
    <p class='ocr_par' dir='ltr' id='par_1_69' title="bbox 1935 3789 3563 3859">
     <span class='ocr_line' id='line_1_69' title="bbox 1935 3789 3563 3859; baseline -0.002 -16"><span class='ocrx_word' id='word_1_437' title='bbox 1935 3807 2168 3844; x_wconf 89' lang='lat' dir='ltr'><strong>morum</strong></span> <span class='ocrx_word' id='word_1_438' title='bbox 2201 3789 2357 3859; x_wconf 91' lang='lat' dir='ltr'><strong>quod</strong></span> <span class='ocrx_word' id='word_1_439' title='bbox 2388 3790 2450 3843; x_wconf 90' lang='lat' dir='ltr'><strong>in</strong></span> <span class='ocrx_word' id='word_1_440' title='bbox 2480 3805 2693 3844; x_wconf 88' lang='lat' dir='ltr'><strong>vanum</strong></span> <span class='ocrx_word' id='word_1_441' title='bbox 2743 3789 3129 3842; x_wconf 86' lang='lat' dir='ltr'><strong>conturbatur</strong></span> <span class='ocrx_word' id='word_1_442' title='bbox 3164 3789 3356 3843; x_wconf 88' lang='lat' dir='ltr'><strong>omnis</strong></span> <span class='ocrx_word' id='word_1_443' title='bbox 3387 3789 3563 3842; x_wconf 88' lang='lat' dir='ltr'><strong>homo</strong></span> 
     </span>
    </p>
   </div>
   <div class='ocr_carea' id='block_1_70' title="bbox 1932 3873 3566 3946">
    <p class='ocr_par' dir='ltr' id='par_1_70' title="bbox 1932 3873 3566 3946">
     <span class='ocr_line' id='line_1_70' title="bbox 1932 3873 3566 3946; baseline -0.001 -19"><span class='ocrx_word' id='word_1_444' title='bbox 1932 3875 2128 3930; x_wconf 83' lang='lat' dir='ltr'><strong>vivens</strong></span> <span class='ocrx_word' id='word_1_445' title='bbox 2151 3875 2177 3929; x_wconf 86' lang='lat'><strong>?</strong></span> <span class='ocrx_word' id='word_1_446' title='bbox 2207 3877 2276 3928; x_wconf 92' lang='lat' dir='ltr'><strong>Et</strong></span> <span class='ocrx_word' id='word_1_447' title='bbox 2305 3875 2446 3945; x_wconf 91' lang='lat' dir='ltr'><strong>quid</strong></span> <span class='ocrx_word' id='word_1_448' title='bbox 2476 3875 2661 3946; x_wconf 90' lang='lat' dir='ltr'><strong>magis</strong></span> <span class='ocrx_word' id='word_1_449' title='bbox 2681 3891 2895 3928; x_wconf 88' lang='lat' dir='ltr'><strong>vanum</strong></span> <span class='ocrx_word' id='word_1_450' title='bbox 2918 3890 3092 3944; x_wconf 87' lang='lat' dir='ltr'><strong>quam</strong></span> <span class='ocrx_word' id='word_1_451' title='bbox 3124 3873 3400 3944; x_wconf 88' lang='lat' dir='ltr'><strong>persequi</strong></span> <span class='ocrx_word' id='word_1_452' title='bbox 3433 3889 3566 3926; x_wconf 88' lang='lat' dir='ltr'><strong>eum</strong></span> 
     </span>
    </p>
   </div>
   <div class='ocr_carea' id='block_1_71' title="bbox 1935 3961 3562 4033">
    <p class='ocr_par' dir='ltr' id='par_1_71' title="bbox 1935 3961 3562 4033">
     <span class='ocr_line' id='line_1_71' title="bbox 1935 3961 3562 4033; baseline -0.001 -17"><span class='ocrx_word' id='word_1_453' title='bbox 1935 3965 2034 4032; x_wconf 90' lang='lat' dir='ltr'><strong>qui</strong></span> <span class='ocrx_word' id='word_1_454' title='bbox 2097 3963 2516 4033; x_wconf 88' lang='lat' dir='ltr'><strong>comprehendi</strong></span> <span class='ocrx_word' id='word_1_455' title='bbox 2573 3963 2796 4032; x_wconf 90' lang='lat' dir='ltr'><strong>nequit.</strong></span> <span class='ocrx_word' id='word_1_456' title='bbox 2862 3963 3070 4032; x_wconf 89' lang='lat' dir='ltr'><strong>Inique</strong></span> <span class='ocrx_word' id='word_1_457' title='bbox 3129 3968 3188 4015; x_wconf 91' lang='lat' dir='ltr'><strong>et</strong></span> <span class='ocrx_word' id='word_1_458' title='bbox 3255 3961 3562 4030; x_wconf 89' lang='lat' dir='ltr'><strong>insipiens,</strong></span> 
     </span>
    </p>
   </div>
   <div class='ocr_carea' id='block_1_72' title="bbox 1934 4049 3562 4118">
    <p class='ocr_par' dir='ltr' id='par_1_72' title="bbox 1934 4049 3562 4118">
     <span class='ocr_line' id='line_1_72' title="bbox 1934 4049 3562 4118; baseline -0.004 -12"><span class='ocrx_word' id='word_1_459' title='bbox 1934 4052 2164 4106; x_wconf 87' lang='lat' dir='ltr'><strong>etiamsi</strong></span> <span class='ocrx_word' id='word_1_460' title='bbox 2195 4052 2449 4106; x_wconf 86' lang='lat' dir='ltr'><strong>infantes</strong></span> <span class='ocrx_word' id='word_1_461' title='bbox 2472 4051 2777 4117; x_wconf 88' lang='lat' dir='ltr'><strong>occideris,</strong></span> <span class='ocrx_word' id='word_1_462' title='bbox 2801 4066 2996 4118; x_wconf 81' lang='lat' dir='ltr'><strong>regem</strong></span> <span class='ocrx_word' id='word_1_463' title='bbox 3027 4066 3146 4103; x_wconf 89' lang='lat' dir='ltr'><strong>non</strong></span> <span class='ocrx_word' id='word_1_464' title='bbox 3178 4049 3562 4118; x_wconf 87' lang='lat' dir='ltr'><strong>comprehen-</strong></span> 
     </span>
    </p>
   </div>
   <div class='ocr_carea' id='block_1_73' title="bbox 1935 4137 3562 4210">
    <p class='ocr_par' dir='ltr' id='par_1_73' title="bbox 1935 4137 3562 4210">
     <span class='ocr_line' id='line_1_73' title="bbox 1935 4137 3562 4210; baseline -0.001 -16"><span class='ocrx_word' id='word_1_465' title='bbox 1935 4139 2057 4194; x_wconf 90' lang='lat' dir='ltr'><strong>des.</strong></span> <span class='ocrx_word' id='word_1_466' title='bbox 2092 4139 2147 4192; x_wconf 92' lang='lat' dir='ltr'><strong>Si</strong></span> <span class='ocrx_word' id='word_1_467' title='bbox 2205 4139 2299 4194; x_wconf 84' lang='lat' dir='ltr'><strong>lex</strong></span> <span class='ocrx_word' id='word_1_468' title='bbox 2355 4145 2411 4193; x_wconf 92' lang='lat' dir='ltr'><strong>et</strong></span> <span class='ocrx_word' id='word_1_469' title='bbox 2467 4140 2766 4210; x_wconf 64' lang='lat' dir='ltr'><strong>propheta:</strong></span> <span class='ocrx_word' id='word_1_470' title='bbox 2823 4155 3018 4208; x_wconf 85' lang='lat' dir='ltr'><strong>regem</strong></span> <span class='ocrx_word' id='word_1_471' title='bbox 3075 4137 3467 4191; x_wconf 85' lang='lat' dir='ltr'><strong>immortalem</strong></span> <span class='ocrx_word' id='word_1_472' title='bbox 3500 4137 3562 4192; x_wconf 88' lang='lat' dir='ltr'><strong>in</strong></span> 
     </span>
    </p>
   </div>
   <div class='ocr_carea' id='block_1_74' title="bbox 201 4227 1736 4322">
    <p class='ocr_par' dir='ltr' id='par_1_74' title="bbox 201 4227 1690 4302">
     <span class='ocr_line' id='line_1_74' title="bbox 201 4227 1690 4302; baseline 0.001 -20"><span class='ocrx_word' id='word_1_473' title='bbox 201 4229 366 4301; x_wconf 82' lang='grc' dir='ltr'>μάτην</span> <span class='ocrx_word' id='word_1_474' title='bbox 428 4229 742 4302; x_wconf 76' lang='grc' dir='ltr'>ταράσσεται</span> <span class='ocrx_word' id='word_1_475' title='bbox 828 4233 932 4290; x_wconf 85' lang='grc' dir='ltr'>πᾶς</span> <span class='ocrx_word' id='word_1_476' title='bbox 1013 4227 1294 4302; x_wconf 74' lang='grc' dir='ltr'>ἅνθρωπος</span> <span class='ocrx_word' id='word_1_477' title='bbox 1384 4234 1526 4297; x_wconf 73' lang='grc' dir='ltr'>ζῶνς</span> <span class='ocrx_word' id='word_1_478' title='bbox 1588 4231 1690 4287; x_wconf 79' lang='grc' dir='ltr'><strong>Καὶ</strong></span> 
     </span>
    </p>
   </div>
   <div class='ocr_carea' id='block_1_75' title="bbox 2026 4227 3561 4322">
    <p class='ocr_par' dir='ltr' id='par_1_75' title="bbox 2026 4227 3561 4298">
     <span class='ocr_line' id='line_1_75' title="bbox 2026 4227 3561 4298; baseline -0.001 -16"><span class='ocrx_word' id='word_1_479' title='bbox 2026 4229 2232 4283; x_wconf 78' lang='lat' dir='ltr'><strong>:hleem</strong></span> <span class='ocrx_word' id='word_1_480' title='bbox 2257 4230 2619 4282; x_wconf 89' lang='lat' dir='ltr'><strong>nasciturum</strong></span> <span class='ocrx_word' id='word_1_481' title='bbox 2641 4227 2985 4298; x_wconf 66' lang='lat' dir='ltr'><strong>praedicant,</strong></span> <span class='ocrx_word' id='word_1_482' title='bbox 3012 4234 3071 4282; x_wconf 89' lang='lat' dir='ltr'><strong>tu</strong></span> <span class='ocrx_word' id='word_1_483' title='bbox 3094 4244 3272 4298; x_wconf 88' lang='lat' dir='ltr'><strong>quare</strong></span> <span class='ocrx_word' id='word_1_484' title='bbox 3299 4227 3561 4280; x_wconf 87' lang='lat' dir='ltr'><strong>insontes</strong></span> 
     </span>
    </p>
   </div>
   <div class='ocr_carea' id='block_1_76' title="bbox 194 4313 1814 4388">
    <p class='ocr_par' dir='ltr' id='par_1_76' title="bbox 194 4313 1814 4388">
     <span class='ocr_line' id='line_1_76' title="bbox 194 4313 1814 4388; baseline 0.001 -19"><span class='ocrx_word' id='word_1_485' title='bbox 194 4315 386 4369; x_wconf 65' lang='grc' dir='ltr'>τούτου</span> <span class='ocrx_word' id='word_1_486' title='bbox 427 4315 774 4388; x_wconf 74' lang='grc' dir='ltr'>ματαιότερον</span> <span class='ocrx_word' id='word_1_487' title='bbox 832 4317 912 4369; x_wconf 79' lang='grc' dir='ltr'><strong>δτι</strong></span> <span class='ocrx_word' id='word_1_488' title='bbox 971 4313 1184 4377; x_wconf 84' lang='grc' dir='ltr'>διώκεις</span> <span class='ocrx_word' id='word_1_489' title='bbox 1238 4317 1329 4370; x_wconf 82' lang='grc' dir='ltr'>τὸν</span> <span class='ocrx_word' id='word_1_490' title='bbox 1385 4315 1814 4388; x_wconf 71' lang='grc' dir='ltr'>ἂκατάληπτον;</span> 
     </span>
    </p>
   </div>
   <div class='ocr_carea' id='block_1_77' title="bbox 195 4401 1812 4480">
    <p class='ocr_par' dir='ltr' id='par_1_77' title="bbox 195 4401 1812 4480">
     <span class='ocr_line' id='line_1_77' title="bbox 195 4401 1812 4480; baseline 0.002 -23"><span class='ocrx_word' id='word_1_491' title='bbox 195 4405 392 4475; x_wconf 80' lang='grc' dir='ltr'>Ἀνομε</span> <span class='ocrx_word' id='word_1_492' title='bbox 446 4403 534 4456; x_wconf 79' lang='grc' dir='ltr'><strong>καὶ</strong></span> <span class='ocrx_word' id='word_1_493' title='bbox 589 4401 908 4480; x_wconf 69' lang='grc' dir='ltr'>παρᾶφρων,</span> <span class='ocrx_word' id='word_1_494' title='bbox 968 4403 1056 4458; x_wconf 80' lang='grc' dir='ltr'><strong>καὶ</strong></span> <span class='ocrx_word' id='word_1_495' title='bbox 1112 4404 1240 4465; x_wconf 83' lang='grc' dir='ltr'>τοὺς</span> <span class='ocrx_word' id='word_1_496' title='bbox 1305 4401 1497 4466; x_wconf 85' lang='grc' dir='ltr'>παῖδας</span> <span class='ocrx_word' id='word_1_497' title='bbox 1552 4405 1812 4480; x_wconf 79' lang='grc' dir='ltr'>ἐκκόφεις,</span> 
     </span>
    </p>
   </div>
   <div class='ocr_carea' id='block_1_78' title="bbox 196 4488 1826 4570">
    <p class='ocr_par' dir='ltr' id='par_1_78' title="bbox 196 4488 1826 4570">
     <span class='ocr_line' id='line_1_78' title="bbox 196 4488 1826 4570; baseline 0.001 -25"><span class='ocrx_word' id='word_1_498' title='bbox 196 4491 280 4545; x_wconf 86' lang='grc' dir='ltr'>τὸν</span> <span class='ocrx_word' id='word_1_499' title='bbox 313 4488 548 4546; x_wconf 82' lang='grc' dir='ltr'>Βασιλέα</span> <span class='ocrx_word' id='word_1_500' title='bbox 579 4491 647 4544; x_wconf 83' lang='grc' dir='ltr'><strong>οὐ</strong></span> <span class='ocrx_word' id='word_1_501' title='bbox 679 4489 996 4564; x_wconf 75' lang='grc' dir='ltr'>καταλήψῃ.</span> <span class='ocrx_word' id='word_1_502' title='bbox 1030 4491 1092 4548; x_wconf 69' lang='grc' dir='ltr'><strong>Εἰ</strong></span> <span class='ocrx_word' id='word_1_503' title='bbox 1124 4492 1151 4545; x_wconf 80' lang='grc' dir='ltr'>ὁ</span> <span class='ocrx_word' id='word_1_504' title='bbox 1183 4493 1353 4564; x_wconf 88' lang='grc' dir='ltr'>νόμος</span> <span class='ocrx_word' id='word_1_505' title='bbox 1406 4493 1494 4546; x_wconf 88' lang='grc' dir='ltr'><strong>καὶ</strong></span> <span class='ocrx_word' id='word_1_506' title='bbox 1529 4495 1580 4547; x_wconf 71' lang='grc' dir='ltr'><strong>οἱ</strong></span> <span class='ocrx_word' id='word_1_507' title='bbox 1610 4501 1826 4570; x_wconf 76' lang='grc' dir='ltr'>πρνφῆ-</span> 
     </span>
    </p>
   </div>
   <div class='ocr_carea' id='block_1_79' title="bbox 197 4571 1822 4652">
    <p class='ocr_par' dir='ltr' id='par_1_79' title="bbox 197 4571 1822 4652">
     <span class='ocr_line' id='line_1_79' title="bbox 197 4571 1822 4652; baseline 0.001 -22"><span class='ocrx_word' id='word_1_508' title='bbox 197 4597 279 4630; x_wconf 87' lang='grc' dir='ltr'><strong>ται</strong></span> <span class='ocrx_word' id='word_1_509' title='bbox 309 4573 357 4628; x_wconf 77' lang='grc' dir='ltr'>ἐν</span> <span class='ocrx_word' id='word_1_510' title='bbox 388 4573 642 4646; x_wconf 72' lang='grc' dir='ltr'>Βηθλεὲμ</span> <span class='ocrx_word' id='word_1_511' title='bbox 694 4571 932 4630; x_wconf 83' lang='grc' dir='ltr'>Βασιλέα</span> <span class='ocrx_word' id='word_1_512' title='bbox 985 4575 1240 4630; x_wconf 85' lang='grc' dir='ltr'>ἀθάνατον</span> <span class='ocrx_word' id='word_1_513' title='bbox 1298 4579 1572 4650; x_wconf 85' lang='grc' dir='ltr'>γεννᾶσθαι</span> <span class='ocrx_word' id='word_1_514' title='bbox 1605 4596 1822 4652; x_wconf 84' lang='grc' dir='ltr'>χρημα-</span> 
     </span>
    </p>
   </div>
   <div class='ocr_carea' id='block_1_80' title="bbox 195 4659 1820 4735">
    <p class='ocr_par' dir='ltr' id='par_1_80' title="bbox 195 4659 1820 4735">
     <span class='ocr_line' id='line_1_80' title="bbox 195 4659 1820 4735; baseline 0.001 -16"><span class='ocrx_word' id='word_1_515' title='bbox 195 4664 448 4735; x_wconf 85' lang='grc' dir='ltr'>τίζουσιν,</span> <span class='ocrx_word' id='word_1_516' title='bbox 509 4660 569 4715; x_wconf 82' lang='grc' dir='ltr'><strong>σὺ</strong></span> <span class='ocrx_word' id='word_1_517' title='bbox 655 4659 747 4723; x_wconf 83' lang='grc' dir='ltr'><strong>οὺς</strong></span> <span class='ocrx_word' id='word_1_518' title='bbox 831 4662 1146 4725; x_wconf 73' lang='grc' dir='ltr'>ἀνευθύνους</span> <span class='ocrx_word' id='word_1_519' title='bbox 1201 4661 1394 4725; x_wconf 85' lang='grc' dir='ltr'>παῖδας</span> <span class='ocrx_word' id='word_1_520' title='bbox 1461 4665 1512 4718; x_wconf 85' lang='grc' dir='ltr'><strong>τί</strong></span> <span class='ocrx_word' id='word_1_521' title='bbox 1573 4665 1820 4734; x_wconf 77' lang='grc' dir='ltr'>ἀνελεῖςς</span> 
     </span>
    </p>
   </div>
   <div class='ocr_carea' id='block_1_81' title="bbox 198 4747 1820 4830">
    <p class='ocr_par' dir='ltr' id='par_1_81' title="bbox 198 4747 1820 4830">
     <span class='ocr_line' id='line_1_81' title="bbox 198 4747 1820 4830; baseline 0.001 -23"><span class='ocrx_word' id='word_1_522' title='bbox 198 4753 290 4810; x_wconf 79' lang='grc' dir='ltr'>Καὶ</span> <span class='ocrx_word' id='word_1_523' title='bbox 328 4755 362 4821; x_wconf 83' lang='grc' dir='ltr'><strong>ἡ</strong></span> <span class='ocrx_word' id='word_1_524' title='bbox 397 4751 491 4824; x_wconf 71' lang='grc' dir='ltr'>μὲν</span> <span class='ocrx_word' id='word_1_525' title='bbox 526 4750 592 4820; x_wconf 73' lang='grc' dir='ltr'>σὴ</span> <span class='ocrx_word' id='word_1_526' title='bbox 627 4747 840 4804; x_wconf 81' lang='grc' dir='ltr'>διάνοια</span> <span class='ocrx_word' id='word_1_527' title='bbox 870 4751 1272 4826; x_wconf 82' lang='grc' dir='ltr'>προγέγραπται</span> <span class='ocrx_word' id='word_1_528' title='bbox 1303 4749 1392 4805; x_wconf 81' lang='grc' dir='ltr'>διὰ</span> <span class='ocrx_word' id='word_1_529' title='bbox 1415 4756 1511 4806; x_wconf 83' lang='grc' dir='ltr'>τοῦ</span> <span class='ocrx_word' id='word_1_530' title='bbox 1537 4755 1820 4830; x_wconf 77' lang='grc' dir='ltr'>προφήτου</span> 
     </span>
    </p>
   </div>
   <div class='ocr_carea' id='block_1_82' title="bbox 196 4836 1816 4917">
    <p class='ocr_par' dir='ltr' id='par_1_82' title="bbox 196 4836 1816 4917">
     <span class='ocr_line' id='line_1_82' title="bbox 196 4836 1816 4917; baseline -0.001 -21"><span class='ocrx_word' id='word_1_531' title='bbox 196 4841 450 4917; x_wconf 75' lang='grc' dir='ltr'>Ἰερεμίου</span> <span class='ocrx_word' id='word_1_532' title='bbox 553 4836 830 4912; x_wconf 84' lang='grc' dir='ltr'>λέγοντος·</span> <span class='ocrx_word' id='word_1_533' title='bbox 937 4840 1100 4908; x_wconf 83' lang='grc' dir='ltr'><strong>Φωνὴ</strong></span> <span class='ocrx_word' id='word_1_534' title='bbox 1178 4837 1228 4892; x_wconf 84' lang='grc' dir='ltr'><strong>έν</strong></span> <span class='ocrx_word' id='word_1_535' title='bbox 1304 4841 1477 4913; x_wconf 87' lang='grc' dir='ltr'>Ῥαμᾷ</span> <span class='ocrx_word' id='word_1_536' title='bbox 1549 4841 1816 4912; x_wconf 74' lang='grc' dir='ltr'>ἠκούσθη,</span> 
     </span>
    </p>
   </div>
   <div class='ocr_carea' id='block_1_83' title="bbox 194 4921 1814 5003">
    <p class='ocr_par' dir='ltr' id='par_1_83' title="bbox 194 4921 1814 5003">
     <span class='ocr_line' id='line_1_83' title="bbox 194 4921 1814 5003; baseline 0 -23"><span class='ocrx_word' id='word_1_537' title='bbox 194 4935 401 5003; x_wconf 84' lang='grc' dir='ltr'>θρῆνος,</span> <span class='ocrx_word' id='word_1_538' title='bbox 454 4927 544 4979; x_wconf 83' lang='grc' dir='ltr'><strong>καὶ</strong></span> <span class='ocrx_word' id='word_1_539' title='bbox 599 4921 902 4996; x_wconf 66' lang='grc' dir='ltr'>κλαυθμὸς,</span> <span class='ocrx_word' id='word_1_540' title='bbox 933 4923 1021 4978; x_wconf 85' lang='grc' dir='ltr'><strong>καὶ</strong></span> <span class='ocrx_word' id='word_1_541' title='bbox 1078 4923 1313 4998; x_wconf 82' lang='grc' dir='ltr'>ὀδυρμὸς</span> <span class='ocrx_word' id='word_1_542' title='bbox 1365 4923 1559 4986; x_wconf 80' lang='grc' dir='ltr'>πολύς·</span> <span class='ocrx_word' id='word_1_543' title='bbox 1607 4925 1814 4999; x_wconf 77' lang='grc' dir='ltr'>Ῥαχὴλ</span> 
     </span>
    </p>
   </div>
   <div class='ocr_carea' id='block_1_84' title="bbox 194 5010 1816 5082">
    <p class='ocr_par' dir='ltr' id='par_1_84' title="bbox 194 5010 1816 5082">
     <span class='ocr_line' id='line_1_84' title="bbox 194 5010 1816 5082; baseline -0.001 -12"><span class='ocrx_word' id='word_1_544' title='bbox 194 5014 449 5070; x_wconf 89' lang='grc' dir='ltr'>κλαίουσα</span> <span class='ocrx_word' id='word_1_545' title='bbox 502 5013 569 5066; x_wconf 70' lang='grc' dir='ltr'>τὰ</span> <span class='ocrx_word' id='word_1_546' title='bbox 623 5010 783 5066; x_wconf 82' lang='grc' dir='ltr'>τέκνα</span> <span class='ocrx_word' id='word_1_547' title='bbox 863 5015 1050 5082; x_wconf 81' lang='grc' dir='ltr'>αὖτῆς,</span> <span class='ocrx_word' id='word_1_548' title='bbox 1127 5013 1217 5066; x_wconf 82' lang='grc' dir='ltr'><strong>καὶ</strong></span> <span class='ocrx_word' id='word_1_549' title='bbox 1297 5012 1394 5066; x_wconf 80' lang='grc' dir='ltr'>οὐκ</span> <span class='ocrx_word' id='word_1_550' title='bbox 1467 5011 1658 5081; x_wconf 77' lang='grc' dir='ltr'>ἤθελεν</span> <span class='ocrx_word' id='word_1_551' title='bbox 1719 5035 1816 5068; x_wconf 89' lang='grc' dir='ltr'>πα-</span> 
     </span>
    </p>
   </div>
   <div class='ocr_carea' id='block_1_85' title="bbox 195 5097 1811 5180">
    <p class='ocr_par' dir='ltr' id='par_1_85' title="bbox 195 5097 1811 5180">
     <span class='ocr_line' id='line_1_85' title="bbox 195 5097 1811 5180; baseline -0.002 -22"><span class='ocrx_word' id='word_1_552' title='bbox 195 5103 544 5180; x_wconf 76' lang='grc' dir='ltr'>ρακληθῆναι,</span> <span class='ocrx_word' id='word_1_553' title='bbox 630 5099 711 5154; x_wconf 76' lang='grc' dir='ltr'>ὅτι</span> <span class='ocrx_word' id='word_1_554' title='bbox 790 5098 885 5154; x_wconf 85' lang='grc' dir='ltr'><strong>οὐκ</strong></span> <span class='ocrx_word' id='word_1_555' title='bbox 959 5097 1113 5155; x_wconf 77' lang='grc' dir='ltr'>εἰσίν.</span> <span class='ocrx_word' id='word_1_556' title='bbox 1195 5103 1282 5170; x_wconf 80' lang='grc' dir='ltr'><strong>Μὴ</strong></span> <span class='ocrx_word' id='word_1_557' title='bbox 1369 5099 1453 5154; x_wconf 83' lang='grc' dir='ltr'><strong>έάν</strong></span> <span class='ocrx_word' id='word_1_558' title='bbox 1523 5101 1811 5176; x_wconf 78' lang='grc' dir='ltr'>ἀποκτείνῃ</span> 
     </span>
    </p>
   </div>
   <div class='ocr_carea' id='block_1_86' title="bbox 191 5185 1812 5263">
    <p class='ocr_par' dir='ltr' id='par_1_86' title="bbox 191 5185 1812 5263">
     <span class='ocr_line' id='line_1_86' title="bbox 191 5185 1812 5263; baseline 0.001 -19"><span class='ocrx_word' id='word_1_559' title='bbox 191 5191 306 5252; x_wconf 79' lang='grc' dir='ltr'>τοὺς</span> <span class='ocrx_word' id='word_1_560' title='bbox 362 5186 554 5249; x_wconf 83' lang='grc' dir='ltr'>παῖδας</span> <span class='ocrx_word' id='word_1_561' title='bbox 611 5189 638 5241; x_wconf 85' lang='grc' dir='ltr'>ὁ</span> <span class='ocrx_word' id='word_1_562' title='bbox 692 5185 952 5250; x_wconf 85' lang='grc' dir='ltr'>Βασιλεὸς</span> <span class='ocrx_word' id='word_1_563' title='bbox 1009 5185 1368 5258; x_wconf 88' lang='grc' dir='ltr'>στρατόπεδον</span> <span class='ocrx_word' id='word_1_564' title='bbox 1418 5187 1526 5263; x_wconf 78' lang='grc' dir='ltr'><strong>οὐχ</strong></span> <span class='ocrx_word' id='word_1_565' title='bbox 1569 5186 1812 5260; x_wconf 72' lang='grc' dir='ltr'><strong>ἕξει;’¹Η</strong></span> 
     </span>
    </p>
   </div>
   <div class='ocr_carea' id='block_1_87' title="bbox 1931 4314 3565 4388">
    <p class='ocr_par' dir='ltr' id='par_1_87' title="bbox 1931 4314 3565 4388">
     <span class='ocr_line' id='line_1_87' title="bbox 1931 4314 3565 4388; baseline -0.002 -18"><span class='ocrx_word' id='word_1_566' title='bbox 1931 4333 2143 4388; x_wconf 90' lang='lat' dir='ltr'><strong>pueros</strong></span> <span class='ocrx_word' id='word_1_567' title='bbox 2165 4316 2456 4370; x_wconf 85' lang='lat' dir='ltr'><strong>interimis</strong></span> <span class='ocrx_word' id='word_1_568' title='bbox 2475 4317 2502 4370; x_wconf 83' lang='lat'><strong>‘?</strong></span> <span class='ocrx_word' id='word_1_569' title='bbox 2521 4317 2912 4370; x_wconf 90' lang='lat' dir='ltr'><strong>lntentionem</strong></span> <span class='ocrx_word' id='word_1_570' title='bbox 2937 4317 3236 4385; x_wconf 85' lang='lat' dir='ltr'><strong>tuamjam</strong></span> <span class='ocrx_word' id='word_1_571' title='bbox 3261 4320 3396 4368; x_wconf 89' lang='lat' dir='ltr'><strong>ante</strong></span> <span class='ocrx_word' id='word_1_572' title='bbox 3418 4314 3565 4367; x_wconf 90' lang='lat' dir='ltr'><strong>scri-</strong></span> 
     </span>
    </p>
   </div>
   <div class='ocr_carea' id='block_1_88' title="bbox 1927 4402 3564 4475">
    <p class='ocr_par' dir='ltr' id='par_1_88' title="bbox 1927 4402 3564 4475">
     <span class='ocr_line' id='line_1_88' title="bbox 1927 4402 3564 4475; baseline -0.002 -17"><span class='ocrx_word' id='word_1_573' title='bbox 1927 4405 2342 4475; x_wconf 84' lang='lat' dir='ltr'><strong>psitleremias</strong></span> <span class='ocrx_word' id='word_1_574' title='bbox 2371 4405 2658 4474; x_wconf 87' lang='lat' dir='ltr'><strong>propheta</strong></span> <span class='ocrx_word' id='word_1_575' title='bbox 2687 4403 2889 4457; x_wconf 90' lang='lat' dir='ltr'><strong>dicens</strong></span> <span class='ocrx_word' id='word_1_576' title='bbox 2916 4421 2928 4456; x_wconf 93' lang='lat'><strong>:</strong></span> <span class='ocrx_word' id='word_1_577' title='bbox 2959 4406 3079 4457; x_wconf 65' lang='grc' dir='ltr'>γοα)</span> <span class='ocrx_word' id='word_1_578' title='bbox 3099 4405 3156 4456; x_wconf 81' lang='lat' dir='ltr'><strong>in</strong></span> <span class='ocrx_word' id='word_1_579' title='bbox 3181 4405 3349 4456; x_wconf 73' lang='lat' dir='ltr'><strong>Roma</strong></span> <span class='ocrx_word' id='word_1_580' title='bbox 3369 4402 3564 4455; x_wconf 81' lang='lat' dir='ltr'><strong>audita</strong></span> 
     </span>
    </p>
   </div>
   <div class='ocr_carea' id='block_1_89' title="bbox 1932 4489 3562 4561">
    <p class='ocr_par' dir='ltr' id='par_1_89' title="bbox 1932 4489 3562 4561">
     <span class='ocr_line' id='line_1_89' title="bbox 1932 4489 3562 4561; baseline -0.001 -15"><span class='ocrx_word' id='word_1_581' title='bbox 1932 4499 2026 4558; x_wconf 83' lang='lat' dir='ltr'><strong>est,</strong></span> <span class='ocrx_word' id='word_1_582' title='bbox 2080 4493 2332 4561; x_wconf 76' lang='lat' dir='ltr'><strong>ploratus</strong></span> <span class='ocrx_word' id='word_1_583' title='bbox 2395 4498 2444 4546; x_wconf 82' lang='lat' dir='ltr'><strong>et</strong></span> <span class='ocrx_word' id='word_1_584' title='bbox 2489 4492 2731 4545; x_wconf 76' lang='lat' dir='ltr'><strong>ululatus</strong></span> <span class='ocrx_word' id='word_1_585' title='bbox 2787 4491 3024 4556; x_wconf 82' lang='lat' dir='ltr'><strong>multus;</strong></span> <span class='ocrx_word' id='word_1_586' title='bbox 3089 4491 3291 4544; x_wconf 81' lang='lat' dir='ltr'><strong>Rachel</strong></span> <span class='ocrx_word' id='word_1_587' title='bbox 3333 4489 3562 4560; x_wconf 83' lang='lat' dir='ltr'><strong>plorans</strong></span> 
     </span>
    </p>
   </div>
   <div class='ocr_carea' id='block_1_90' title="bbox 1929 4580 3560 4649">
    <p class='ocr_par' dir='ltr' id='par_1_90' title="bbox 1929 4580 3560 4649">
     <span class='ocr_line' id='line_1_90' title="bbox 1929 4580 3560 4649; baseline -0.001 -16"><span class='ocrx_word' id='word_1_588' title='bbox 1929 4581 2075 4648; x_wconf 74' lang='lat' dir='ltr'><strong>ﬁlios</strong></span> <span class='ocrx_word' id='word_1_589' title='bbox 2108 4596 2246 4648; x_wconf 87' lang='lat' dir='ltr'><strong>suos,</strong></span> <span class='ocrx_word' id='word_1_590' title='bbox 2273 4587 2322 4634; x_wconf 83' lang='lat' dir='ltr'><strong>et</strong></span> <span class='ocrx_word' id='word_1_591' title='bbox 2353 4581 2532 4634; x_wconf 82' lang='lat' dir='ltr'><strong>noluit</strong></span> <span class='ocrx_word' id='word_1_592' title='bbox 2563 4581 2833 4634; x_wconf 80' lang='lat' dir='ltr'><strong>consolari</strong></span> <span class='ocrx_word' id='word_1_593' title='bbox 2863 4581 2996 4649; x_wconf 82' lang='lat' dir='ltr'><strong>quia</strong></span> <span class='ocrx_word' id='word_1_594' title='bbox 3035 4595 3142 4634; x_wconf 86' lang='lat' dir='ltr'><strong>non</strong></span> <span class='ocrx_word' id='word_1_595' title='bbox 3180 4585 3306 4634; x_wconf 78' lang='lat' dir='ltr'><strong>sunt</strong></span> <span class='ocrx_word' id='word_1_596' title='bbox 3337 4581 3376 4631; x_wconf 75' lang='grc' dir='ltr'>ί.</span> <span class='ocrx_word' id='word_1_597' title='bbox 3411 4580 3560 4632; x_wconf 87' lang='lat' dir='ltr'><strong>Num</strong></span> 
     </span>
    </p>
   </div>
   <div class='ocr_carea' id='block_1_91' title="bbox 1931 4665 3558 4738">
    <p class='ocr_par' dir='ltr' id='par_1_91' title="bbox 1931 4665 3558 4738">
     <span class='ocr_line' id='line_1_91' title="bbox 1931 4665 3558 4738; baseline -0.002 -17"><span class='ocrx_word' id='word_1_598' title='bbox 1931 4668 1976 4721; x_wconf 91' lang='lat' dir='ltr'><strong>si</strong></span> <span class='ocrx_word' id='word_1_599' title='bbox 2008 4683 2222 4738; x_wconf 89' lang='lat' dir='ltr'><strong>pueros</strong></span> <span class='ocrx_word' id='word_1_600' title='bbox 2251 4667 2616 4722; x_wconf 88' lang='lat' dir='ltr'><strong>interfeceris</strong></span> <span class='ocrx_word' id='word_1_601' title='bbox 2648 4667 2968 4722; x_wconf 90' lang='lat' dir='ltr'><strong>exercitum</strong></span> <span class='ocrx_word' id='word_1_602' title='bbox 2999 4685 3118 4722; x_wconf 89' lang='lat' dir='ltr'><strong>non</strong></span> <span class='ocrx_word' id='word_1_603' title='bbox 3150 4666 3390 4720; x_wconf 88' lang='lat' dir='ltr'><strong>habebit</strong></span> <span class='ocrx_word' id='word_1_604' title='bbox 3419 4665 3558 4718; x_wconf 83' lang='lat' dir='ltr'><strong>rex?</strong></span> 
     </span>
    </p>
   </div>
   <div class='ocr_carea' id='block_1_92' title="bbox 1929 4754 3557 4827">
    <p class='ocr_par' dir='ltr' id='par_1_92' title="bbox 1929 4754 3557 4827">
     <span class='ocr_line' id='line_1_92' title="bbox 1929 4754 3557 4827; baseline -0.002 -18"><span class='ocrx_word' id='word_1_605' title='bbox 1929 4756 2030 4810; x_wconf 88' lang='lat' dir='ltr'><strong>Vel</strong></span> <span class='ocrx_word' id='word_1_606' title='bbox 2057 4756 2119 4809; x_wconf 92' lang='lat' dir='ltr'><strong>in</strong></span> <span class='ocrx_word' id='word_1_607' title='bbox 2153 4755 2334 4825; x_wconf 91' lang='lat' dir='ltr'><strong>impio</strong></span> <span class='ocrx_word' id='word_1_608' title='bbox 2357 4755 2528 4809; x_wconf 89' lang='lat' dir='ltr'><strong>corde</strong></span> <span class='ocrx_word' id='word_1_609' title='bbox 2554 4759 2652 4808; x_wconf 89' lang='lat' dir='ltr'><strong>tuo</strong></span> <span class='ocrx_word' id='word_1_610' title='bbox 2679 4757 2944 4827; x_wconf 85' lang='lat' dir='ltr'><strong>cogitasti</strong></span> <span class='ocrx_word' id='word_1_611' title='bbox 2967 4755 3122 4825; x_wconf 88' lang='lat' dir='ltr'><strong>quod</strong></span> <span class='ocrx_word' id='word_1_612' title='bbox 3153 4754 3225 4808; x_wconf 86' lang='lat' dir='ltr'><strong>ad</strong></span> <span class='ocrx_word' id='word_1_613' title='bbox 3257 4769 3557 4807; x_wconf 88' lang='lat' dir='ltr'><strong>summum</strong></span> 
     </span>
    </p>
   </div>
   <div class='ocr_carea' id='block_1_93' title="bbox 1926 4839 3555 4912">
    <p class='ocr_par' dir='ltr' id='par_1_93' title="bbox 1926 4839 3555 4912">
     <span class='ocr_line' id='line_1_93' title="bbox 1926 4839 3555 4912; baseline -0.002 -15"><span class='ocrx_word' id='word_1_614' title='bbox 1926 4859 2080 4897; x_wconf 86' lang='lat' dir='ltr'><strong>unus</strong></span> <span class='ocrx_word' id='word_1_615' title='bbox 2114 4859 2182 4896; x_wconf 86' lang='lat' dir='ltr'><strong>ex</strong></span> <span class='ocrx_word' id='word_1_616' title='bbox 2211 4841 2410 4912; x_wconf 90' lang='lat' dir='ltr'><strong>pueris</strong></span> <span class='ocrx_word' id='word_1_617' title='bbox 2440 4842 2764 4897; x_wconf 86' lang='lat' dir='ltr'><strong>interfectis</strong></span> <span class='ocrx_word' id='word_1_618' title='bbox 2813 4843 2924 4896; x_wconf 88' lang='lat' dir='ltr'><strong>erit</strong></span> <span class='ocrx_word' id='word_1_619' title='bbox 2977 4841 3123 4895; x_wconf 84' lang='lat' dir='ltr'><strong>rex?</strong></span> <span class='ocrx_word' id='word_1_620' title='bbox 3169 4841 3284 4894; x_wconf 92' lang='lat' dir='ltr'><strong>Nec</strong></span> <span class='ocrx_word' id='word_1_621' title='bbox 3316 4840 3366 4894; x_wconf 89' lang='lat' dir='ltr'><strong>si</strong></span> <span class='ocrx_word' id='word_1_622' title='bbox 3395 4839 3555 4894; x_wconf 88' lang='lat' dir='ltr'><strong>orbis</strong></span> 
     </span>
    </p>
   </div>
   <div class='ocr_carea' id='block_1_94' title="bbox 1925 4928 3555 5000">
    <p class='ocr_par' dir='ltr' id='par_1_94' title="bbox 1925 4928 3555 5000">
     <span class='ocr_line' id='line_1_94' title="bbox 1925 4928 3555 5000; baseline -0.002 -16"><span class='ocrx_word' id='word_1_623' title='bbox 1925 4931 2184 4985; x_wconf 90' lang='lat' dir='ltr'><strong>universi</strong></span> <span class='ocrx_word' id='word_1_624' title='bbox 2233 4945 2449 4999; x_wconf 90' lang='lat' dir='ltr'><strong>pueros</strong></span> <span class='ocrx_word' id='word_1_625' title='bbox 2508 4931 2815 4998; x_wconf 90' lang='lat' dir='ltr'><strong>occideris,</strong></span> <span class='ocrx_word' id='word_1_626' title='bbox 2847 4931 2968 4984; x_wconf 89' lang='lat' dir='ltr'><strong>nati</strong></span> <span class='ocrx_word' id='word_1_627' title='bbox 3029 4929 3181 5000; x_wconf 89' lang='lat' dir='ltr'><strong>regis</strong></span> <span class='ocrx_word' id='word_1_628' title='bbox 3237 4928 3555 4998; x_wconf 91' lang='lat' dir='ltr'><strong>imperium</strong></span> 
     </span>
    </p>
   </div>
   <div class='ocr_carea' id='block_1_95' title="bbox 1927 5015 3556 5088">
    <p class='ocr_par' dir='ltr' id='par_1_95' title="bbox 1927 5015 3556 5088">
     <span class='ocr_line' id='line_1_95' title="bbox 1927 5015 3556 5088; baseline -0.002 -16"><span class='ocrx_word' id='word_1_629' title='bbox 1927 5017 2106 5072; x_wconf 83' lang='lat' dir='ltr'><strong>ﬁnem</strong></span> <span class='ocrx_word' id='word_1_630' title='bbox 2139 5017 2394 5071; x_wconf 89' lang='lat' dir='ltr'><strong>habebit.</strong></span> <span class='ocrx_word' id='word_1_631' title='bbox 2429 5019 2472 5071; x_wconf 93' lang='grc' dir='ltr'><strong>Ο</strong></span> <span class='ocrx_word' id='word_1_632' title='bbox 2502 5017 2853 5072; x_wconf 87' lang='lat' dir='ltr'><strong>amentiam!</strong></span> <span class='ocrx_word' id='word_1_633' title='bbox 2888 5017 2930 5070; x_wconf 95' lang='grc' dir='ltr'><strong>Ο</strong></span> <span class='ocrx_word' id='word_1_634' title='bbox 2977 5016 3166 5086; x_wconf 92' lang='lat' dir='ltr'><strong>iniqui</strong></span> <span class='ocrx_word' id='word_1_635' title='bbox 3197 5015 3349 5088; x_wconf 87' lang='lat' dir='ltr'><strong>regis</strong></span> <span class='ocrx_word' id='word_1_636' title='bbox 3379 5015 3556 5068; x_wconf 88' lang='lat' dir='ltr'><strong>inhu-</strong></span> 
     </span>
    </p>
   </div>
   <div class='ocr_carea' id='block_1_96' title="bbox 1924 5104 3552 5176">
    <p class='ocr_par' dir='ltr' id='par_1_96' title="bbox 1924 5104 3552 5176">
     <span class='ocr_line' id='line_1_96' title="bbox 1924 5104 3552 5176; baseline -0.001 -17"><span class='ocrx_word' id='word_1_637' title='bbox 1924 5121 2158 5160; x_wconf 88' lang='lat' dir='ltr'><strong>manam</strong></span> <span class='ocrx_word' id='word_1_638' title='bbox 2189 5105 2540 5159; x_wconf 87' lang='lat' dir='ltr'><strong>sententiam</strong></span> <span class='ocrx_word' id='word_1_639' title='bbox 2567 5105 2578 5158; x_wconf 82' lang='grc' dir='ltr'><strong>ι</strong></span> <span class='ocrx_word' id='word_1_640' title='bbox 2604 5107 2646 5159; x_wconf 94' lang='grc' dir='ltr'><strong>Ο</strong></span> <span class='ocrx_word' id='word_1_641' title='bbox 2665 5105 2819 5176; x_wconf 88' lang='lat' dir='ltr'><strong>regis</strong></span> <span class='ocrx_word' id='word_1_642' title='bbox 2842 5104 3238 5175; x_wconf 82' lang='lat' dir='ltr'><strong>impietatem!</strong></span> <span class='ocrx_word' id='word_1_643' title='bbox 3267 5105 3354 5158; x_wconf 87' lang='lat' dir='ltr'><strong>Ad</strong></span> <span class='ocrx_word' id='word_1_644' title='bbox 3376 5119 3552 5173; x_wconf 87' lang='lat' dir='ltr'><strong>quem</strong></span> 
     </span>
    </p>
   </div>
   <div class='ocr_carea' id='block_1_97' title="bbox 1923 5192 3552 5266">
    <p class='ocr_par' dir='ltr' id='par_1_97' title="bbox 1923 5192 3552 5266">
     <span class='ocr_line' id='line_1_97' title="bbox 1923 5192 3552 5266; baseline -0.003 -17"><span class='ocrx_word' id='word_1_645' title='bbox 1923 5193 2263 5266; x_wconf 85' lang='lat' dir='ltr'><strong>confugient</strong></span> <span class='ocrx_word' id='word_1_646' title='bbox 2292 5193 2339 5247; x_wconf 90' lang='lat' dir='ltr'><strong>si</strong></span> <span class='ocrx_word' id='word_1_647' title='bbox 2371 5193 2442 5247; x_wconf 90' lang='lat' dir='ltr'><strong>ab</strong></span> <span class='ocrx_word' id='word_1_648' title='bbox 2499 5209 2565 5246; x_wconf 90' lang='lat' dir='ltr'><strong>eo</strong></span> <span class='ocrx_word' id='word_1_649' title='bbox 2626 5193 2740 5244; x_wconf 88' lang='lat' dir='ltr'><strong>vim</strong></span> <span class='ocrx_word' id='word_1_650' title='bbox 2790 5193 3088 5262; x_wconf 89' lang='lat' dir='ltr'><strong>patiantur</strong></span> <span class='ocrx_word' id='word_1_651' title='bbox 3117 5209 3152 5247; x_wconf 91' lang='lat' dir='ltr'><strong>a</strong></span> <span class='ocrx_word' id='word_1_652' title='bbox 3181 5209 3294 5262; x_wconf 90' lang='lat' dir='ltr'><strong>quo</strong></span> <span class='ocrx_word' id='word_1_653' title='bbox 3321 5192 3552 5263; x_wconf 90' lang='lat' dir='ltr'><strong>justum</strong></span> 
     </span>
    </p>
   </div>
   <div class='ocr_carea' id='block_1_98' title="bbox 194 5273 1729 5352">
    <p class='ocr_par' dir='ltr' id='par_1_98' title="bbox 194 5273 1729 5352">
     <span class='ocr_line' id='line_1_98' title="bbox 194 5273 1729 5352; baseline -0.001 -18"><span class='ocrx_word' id='word_1_654' title='bbox 194 5280 240 5334; x_wconf 69' lang='grc' dir='ltr'>ἰν</span> <span class='ocrx_word' id='word_1_655' title='bbox 293 5282 358 5352; x_wconf 77' lang='grc' dir='ltr'>τῇ</span> <span class='ocrx_word' id='word_1_656' title='bbox 416 5275 718 5348; x_wconf 86' lang='grc' dir='ltr'>παρανόμῳ</span> <span class='ocrx_word' id='word_1_657' title='bbox 774 5295 869 5329; x_wconf 88' lang='grc' dir='ltr'><strong>σου</strong></span> <span class='ocrx_word' id='word_1_658' title='bbox 925 5273 1122 5350; x_wconf 87' lang='grc' dir='ltr'>καρδίᾳ</span> <span class='ocrx_word' id='word_1_659' title='bbox 1177 5275 1434 5350; x_wconf 78' lang='grc' dir='ltr'>λογίζεις,</span> <span class='ocrx_word' id='word_1_660' title='bbox 1488 5277 1568 5332; x_wconf 75' lang='grc' dir='ltr'>ὅτι</span> <span class='ocrx_word' id='word_1_661' title='bbox 1599 5279 1729 5333; x_wconf 88' lang='grc' dir='ltr'>πάντ</span> 
     </span>
    </p>
   </div>
   <div class='ocr_carea' id='block_1_99' title="bbox 1875 5273 3410 5352">
    <p class='ocr_par' dir='ltr' id='par_1_99' title="bbox 1914 5279 3410 5352">
     <span class='ocr_line' id='line_1_99' title="bbox 1914 5279 3410 5352; baseline -0.002 -16"><span class='ocrx_word' id='word_1_662' title='bbox 1914 5282 2205 5352; x_wconf 91' lang='lat' dir='ltr'><strong>judicium</strong></span> <span class='ocrx_word' id='word_1_663' title='bbox 2235 5281 2499 5352; x_wconf 90' lang='lat' dir='ltr'><strong>accipere</strong></span> <span class='ocrx_word' id='word_1_664' title='bbox 2531 5279 2813 5334; x_wconf 89' lang='lat' dir='ltr'><strong>deberent</strong></span> <span class='ocrx_word' id='word_1_665' title='bbox 2841 5281 3133 5352; x_wconf 87' lang='lat' dir='ltr'><strong>injustitia</strong></span> <span class='ocrx_word' id='word_1_666' title='bbox 3171 5280 3410 5335; x_wconf 84' lang='lat' dir='ltr'><strong>affecti?</strong></span> 
     </span>
    </p>
   </div>
   <div class='ocr_carea' id='block_1_100' title="bbox 191 5362 3551 5439">
    <p class='ocr_par' dir='ltr' id='par_1_100' title="bbox 191 5362 3551 5439">
     <span class='ocr_line' id='line_1_100' title="bbox 191 5362 3551 5439; baseline -0.001 -18"><span class='ocrx_word' id='word_1_667' title='bbox 191 5366 244 5421; x_wconf 76' lang='grc' dir='ltr'><strong>ἐκ</strong></span> <span class='ocrx_word' id='word_1_668' title='bbox 283 5371 386 5420; x_wconf 78' lang='grc' dir='ltr'><strong>τῶν</strong></span> <span class='ocrx_word' id='word_1_669' title='bbox 436 5364 900 5436; x_wconf 86' lang='grc' dir='ltr'>ἀποκτεινομένων</span> <span class='ocrx_word' id='word_1_670' title='bbox 957 5362 1165 5418; x_wconf 86' lang='grc' dir='ltr'>παίδων</span> <span class='ocrx_word' id='word_1_671' title='bbox 1212 5367 1289 5426; x_wconf 79' lang='grc' dir='ltr'>εἷς</span> <span class='ocrx_word' id='word_1_672' title='bbox 1339 5363 1476 5420; x_wconf 78' lang='grc' dir='ltr'>ἐστιν</span> <span class='ocrx_word' id='word_1_673' title='bbox 1537 5365 1564 5418; x_wconf 85' lang='grc' dir='ltr'><strong>ὁ</strong></span> <span class='ocrx_word' id='word_1_674' title='bbox 1621 5365 1921 5436; x_wconf 78' lang='grc' dir='ltr'>Βασιλεύςς</span> <span class='ocrx_word' id='word_1_675' title='bbox 1979 5369 2042 5422; x_wconf 77' lang='grc' dir='ltr'><strong>Εἰ</strong></span> <span class='ocrx_word' id='word_1_676' title='bbox 2097 5370 2296 5430; x_wconf 87' lang='grc' dir='ltr'>παντὸς</span> <span class='ocrx_word' id='word_1_677' title='bbox 2324 5371 2424 5421; x_wconf 78' lang='grc' dir='ltr'><strong>τοῦ</strong></span> <span class='ocrx_word' id='word_1_678' title='bbox 2453 5365 2658 5439; x_wconf 87' lang='grc' dir='ltr'>κόσμου</span> <span class='ocrx_word' id='word_1_679' title='bbox 2683 5365 2810 5428; x_wconf 82' lang='grc' dir='ltr'>τοὺς</span> <span class='ocrx_word' id='word_1_680' title='bbox 2838 5365 3031 5429; x_wconf 87' lang='grc' dir='ltr'>παῖδας</span> <span class='ocrx_word' id='word_1_681' title='bbox 3075 5365 3422 5436; x_wconf 83' lang='grc' dir='ltr'>ἀποκτείνεις,</span> <span class='ocrx_word' id='word_1_682' title='bbox 3453 5369 3551 5419; x_wconf 79' lang='grc' dir='ltr'>τοῦ</span> 
     </span>
    </p>
   </div>
   <div class='ocr_carea' id='block_1_101' title="bbox 255 5507 1274 5578">
    <p class='ocr_par' dir='ltr' id='par_1_101' title="bbox 255 5507 1274 5578">
     <span class='ocr_line' id='line_1_101' title="bbox 255 5507 1274 5578; baseline -0.005 -12"><span class='ocrx_word' id='word_1_683' title='bbox 255 5513 270 5547; x_wconf 85' lang='grc'>¹</span> <span class='ocrx_word' id='word_1_684' title='bbox 297 5512 507 5566; x_wconf 86' lang='lat' dir='ltr'><strong>lerem.</strong></span> <span class='ocrx_word' id='word_1_685' title='bbox 540 5513 694 5578; x_wconf 83' lang='lat' dir='ltr'><strong>xxxi,</strong></span> <span class='ocrx_word' id='word_1_686' title='bbox 728 5511 792 5562; x_wconf 86' lang='grc'>15</span> <span class='ocrx_word' id='word_1_687' title='bbox 820 5525 836 5576; x_wconf 84' lang='grc'>;</span> <span class='ocrx_word' id='word_1_688' title='bbox 869 5507 1067 5563; x_wconf 79' lang='lat' dir='ltr'><strong>Matth.</strong></span> <span class='ocrx_word' id='word_1_689' title='bbox 1095 5523 1155 5578; x_wconf 80' lang='grc' dir='ltr'><strong>ιι,</strong></span> <span class='ocrx_word' id='word_1_690' title='bbox 1188 5509 1274 5566; x_wconf 83' lang='grc'><strong>18.</strong></span> 
     </span>
    </p>
   </div>
  </div>
