3888 6136
426 276 565 333 1503

1734 292 2038 348 JOANNIB
2070 290 2494 347 BUBCBENBIS

3639 287 3733 342 1504

421 400 706 474 τεχθέντος
738 402 1016 467 Βασιλέως
1069 410 1104 475 ὴ
1169 409 1416 482 βασιλεία
1466 411 1626 473 τέλος
1684 411 1782 466 οὐκ
1829 408 1967 486 ἔχει.
2022 414 2089 465 Ὦ
2137 417 2238 479 τῆς
2294 410 2511 470 ἀνοίαςέ
2569 411 2614 464 ὦ
2664 406 2965 483 παραδίκου
3001 404 3266 481 βασιλέως
3307 404 3543 475 ἀνήλέως
3569 406 3732 480 κρίσιςι

423 489 469 542 ὦ
523 494 837 565 παρανομία
898 493 1214 568 βασιλέωςί
1291 500 1417 571 παρ’
1474 499 1535 554 οὗ
1591 498 1827 573 ἔμελλον
1888 497 2235 573 ἀδικούμενοι
2306 498 2480 574 κρίσιν
2557 495 2762 552 δικαίαν
2839 490 3159 569 λαμϐάνειν,
3226 492 3619 569 τυραννούμενοι
3662 499 3732 548 ποῦ

424 577 810 636 ἀπελεύσονται
839 602 853 649 ς

496 733 538 787 O
570 734 869 789 Bethleem
903 742 1123 805 sancta,
1157 754 1274 793 non
1333 756 1439 811 per
1490 742 1660 814 Regis
1693 743 2031 797 nativitaten

2245 741 2310 814 β’.
2343 741 2409 793 Ὠ
2438 736 2696 809 Βηθλεὶμ
2737 736 2881 811 ἁγία,
2941 737 3025 790 ὅτι
3081 734 3143 789 οὖ
3204 734 3365 807 μόνον
3400 734 3499 788 ὑπὸ
3527 739 3611 787 τοῦ
3634 754 3729 809 τεχ-

426 824 655 874 tantum
687 839 749 876 es
782 826 1166 893 sanctiﬁcata,
1199 828 1301 881 sed
1355 830 1528 883 etiam
1575 847 1680 901 per
1711 832 2060 902 sanguinem

426 925 742 979 puerorum
766 912 987 983 injuste
1013 914 1501 986 interemptorum
1527 918 1823 989 duplicem
1856 937 2059 990 repor-

425 998 561 1052 tasti
593 1001 1143 1056 sanctificationem.
1205 1005 1479 1075 Recogita
1538 1007 1696 1060 enim
1746 1008 2057 1076 Herodem,

426 1087 625 1157 copias
646 1088 1000 1154 mittentem,
1024 1091 1281 1145 militum
1305 1093 1485 1147 duces
1512 1100 1784 1149 caventes
1807 1112 1881 1149 ne
1900 1096 2060 1150 ullus

426 1174 620 1229 infans
651 1177 809 1245 ipsos
839 1178 1077 1245 celetur,
1106 1184 1323 1234 matres
1346 1187 1751 1251 exspectantes
1773 1184 1911 1237 dum
1934 1200 2059 1238 cer-

427 1269 641 1317 nerent
682 1264 999 1320 infantium
1058 1268 1529 1324 crudelissimam
1586 1288 1814 1336 necem,
1860 1277 2059 1342 portas

427 1351 663 1405 urbium
694 1352 978 1421 occlusas,
1011 1354 1167 1407 vicos
1206 1371 1240 1409 a
1288 1356 1576 1411 militibus
1606 1358 2055 1426 circumventos,

425 1440 731 1509 exitusque
790 1441 1117 1510 platearum
1176 1450 1511 1516 OCCUpatos,
1571 1447 1790 1501 milites
1847 1447 2056 1519 gladiis

424 1526 728 1595 districtis,
748 1534 813 1581 ut
828 1546 1023 1597 canes,
1044 1531 1208 1585 rabie
1227 1534 1482 1603 percitos
1504 1534 2054 1601 circumcurrentes,

418 1616 673 1686 privatos
702 1616 853 1670 cives
885 1618 1165 1684 inclusos,
1199 1626 1257 1673 et
1288 1638 1772 1693 unumquemque
1801 1625 2052 1678 interro-

419 1708 617 1774 gatum
649 1720 906 1773 quonam
938 1706 1065 1761 loco
1090 1714 1308 1777 essent,
1333 1711 1425 1764 cui
1456 1728 1678 1779 eorum,
1707 1718 1764 1767 et
1794 1712 1891 1766 ubi
1917 1718 2054 1767 tunc

420 1792 701 1860 temporis
734 1808 880 1862 puer
924 1799 1098 1849 natus
1158 1801 1353 1865 esset;
1412 1805 1686 1868 parentes
1716 1801 2053 1871 inscriptos,

419 1896 493 1933 ne
522 1896 648 1933 mas
679 1897 708 1934 e
742 1888 1059 1952 conspectu
1094 1884 1537 1955 subriperetur;
1573 1888 1874 1942 irruerunt
1896 1890 2052 1943 enim

418 1973 483 2023 ut
511 1968 709 2038 aquila
736 1969 795 2023 in
820 1970 1079 2039 praedam
1131 1973 1451 2042 cadaveris,
1486 1992 1559 2030 ne
1610 1993 1737 2030 mas
1764 1977 1835 2030 ab
1868 1978 2052 2032 oculis

418 2057 692 2112 tolletur:
740 2064 1052 2130 patresque
1101 2068 1324 2117 metum
1372 2063 1527 2134 regis
1575 2054 2049 2133 reformidantes,
2084 2102 2130 2167 B

418 2146 585 2215 quasi
618 2162 687 2200 ex
716 2147 847 2200 vino
876 2148 1184 2202 temulenti
1218 2151 1505 2220 ebriique,
1537 2153 1879 2207 nesciebant
1910 2154 2051 2224 quid

416 2238 692 2303 agerent;
727 2238 945 2288 matres
1002 2240 1198 2291 autem
1253 2254 1425 2291 suum
1484 2256 1731 2310 quisque
1763 2241 2048 2296 infantem

416 2322 828 2391 suscipientes,
863 2323 1011 2377 iram
1042 2324 1231 2394 iniqui
1253 2328 1405 2398 regis
1437 2328 1636 2399 fugere
1666 2330 2048 2399 festinabant,

414 2409 735 2479 multaeque
765 2411 923 2465 inter
944 2427 1064 2476 eas,
1083 2413 1260 2467 veluti
1283 2417 1690 2485 passerculum
1723 2434 1893 2473 suum
1912 2420 2049 2473 uni-

416 2514 552 2553 cum
582 2515 831 2568 puerum
864 2499 1021 2553 inter
1040 2500 1211 2556 ulnas
1234 2508 1525 2572 tenentes,
1552 2506 1682 2560 aliae
1714 2523 1848 2561 vero
1881 2507 2046 2579 duos,

414 2590 479 2641 ut
534 2587 796 2651 agnellos
851 2594 1154 2658 gementes
1219 2593 1654 2664 vagientesque,
1714 2594 2049 2665 bajulantes

412 2675 761 2746 fugitabant,
782 2693 955 2732 enses
976 2678 1329 2748 aspicientes
1352 2697 1647 2750 coruscos,
1671 2682 1849 2737 istum
1868 2684 2050 2755 fugie-

416 2763 578 2831 bant,
607 2764 827 2834 aliique
853 2767 1265 2823 occurrebant.
1293 2768 1626 2839 Aliquando
1652 2786 1787 2825 vero
1819 2776 2049 2827 tentant

414 2852 625 2905 offerre
658 2853 945 2907 militibus
968 2856 1279 2925 pecuniam
1308 2878 1322 2923 ;
1351 2857 1747 2913 lamentantes
1779 2860 1863 2913 sic
1888 2861 2046 2915 dice-

411 2939 585 2993 bant:
617 2940 842 3010 Adjuro
874 2947 930 2995 te
975 2960 1081 3013 per
1130 2944 1320 3016 legem
1351 2948 1547 3014 Mosis,
1580 2950 2049 3003 commiseratio-

408 3044 546 3082 nem
578 3027 845 3095 induere,
874 3031 1013 3100 quia
1043 3032 1220 3086 etiam
1253 3039 1307 3088 te
1351 3040 1542 3089 mater
1562 3037 1784 3107 genuit,
1816 3036 2048 3091 forsan-

410 3132 522 3186 que
554 3132 795 3170 uxorem
828 3122 887 3171 et
931 3118 1151 3174 liberos
1200 3121 1402 3177 habes.
1438 3123 1609 3177 Nulla
1638 3125 1754 3179 alia
1783 3125 1927 3179 mihi
1960 3130 2049 3181 est

408 3220 541 3274 spes
600 3204 688 3258 vel
746 3222 862 3274 res,
918 3206 1013 3261 hic
1083 3214 1171 3262 est
1230 3209 1391 3265 solus
1461 3211 1608 3265 mihi
1667 3212 1883 3279 infans,
1940 3229 2045 3268 ac-

405 3293 584 3362 cipito
607 3309 851 3347 aureum
875 3302 1293 3351 ornamentum
1320 3300 1663 3370 parcitoque
1686 3317 1817 3355 meo
1840 3317 2042 3372 puero.

2168 828 2349 889 Θέντος
2381 827 2657 887 Βασιλέως
2711 824 2999 898 ἡγιάσθης,
3058 821 3203 878 ἀλλὰ
3256 822 3345 876 καὶ
3376 822 3479 875 ἀπὸ
3506 827 3591 875 τοῦ
3616 823 3731 894 uigu-

2166 938 2258 977 τος
2308 920 2414 969 τῶν
2470 912 2668 975 ἀδίκως
2744 912 3077 968 ἰκκοπέντων
3137 908 3366 981 παίδων,
3425 908 3630 964 διπλοῦν
3671 914 3729 964 τὸν

2169 1005 2429 1078 ὁγιασμὸν
2488 1002 2749 1074 έκομίσω·
2808 1004 3055 1055 κατανοῶ
3108 999 3209 1074 γάρ
3265 999 3355 1053 τὸν
3412 996 3657 1073 Ἡρώδην,
3691 1004 3732 1053 τὲ

2168 1092 2538 1166 στρατεύματα
2596 1090 3025 1158 ἀποστέλλοντα,
3106 1086 3236 1149 τοὺς
3293 1086 3731 1162 στρατοπαιδὰρχας

2172 1186 2605 1256 μηχανωμένους
2641 1182 2715 1251 μή
2740 1199 2856 1240 πως
2879 1178 3102 1232 πώποτε
3121 1180 3247 1237 παῖς
3271 1170 3548 1250 ἀποκρυϐῇ
3572 1175 3729 1243 αὐτοὺς,

2164 1270 2260 1331 τὰς
2295 1270 2535 1342 μητέρας
2592 1265 2956 1342 ἐκδεχομένας
3014 1266 3283 1341 θεωρῆσαι
3330 1268 3438 1318 τῶν
3470 1264 3649 1331 νηπίων
3672 1265 3729 1317 τὸν

2166 1352 2415 1431 ἔχθιστον
2450 1355 2699 1427 θάνατον,
2728 1352 2906 1416 πύλας
2947 1357 3053 1408 τῶν
3098 1351 3314 1407 πόλεων
3346 1348 3729 1422 ἀποκλειομένας,

2163 1446 2257 1507 τὰς
2314 1447 2505 1518 κώμας
2565 1445 2666 1499 ὑπὸ
2743 1448 2853 1498 τῶν
2936 1439 3349 1514 στρατευμάτων
3408 1439 3729 1512 κυκλουμένας,

2162 1532 2258 1596 τὰς
2315 1530 2372 1587 δὶ
2427 1529 2638 1604 ἐξόδους
2694 1534 2801 1585 τῶν
2860 1528 3131 1584 πλατειῶν
3192 1526 3609 1605 φρουρουμένας,
3640 1526 3728 1587 τοὺς

2165 1622 2496 1695 στρατιώτας
2554 1620 2795 1694 ξιφήρεις
2869 1616 3049 1692 ὥσπερ
3131 1616 3291 1677 κύνας
3352 1613 3634 1674 λυττῶντας
3672 1616 3727 1668 καὶ

2162 1712 2606 1787 περιτρέχοντας,
2666 1708 2887 1771 ἰδιώτας
2952 1706 3402 1771 ἐναποκλείστους
3456 1703 3725 1782 γενομένους,

2162 1801 2249 1855 καὶ
2282 1799 2534 1861 ἑκάστους
2564 1799 2737 1853 αὐτῶν
2796 1797 3254 1871 έπερωτωμένους
3308 1795 3435 1870 περὶ
3480 1801 3578 1849 τῶν
3601 1796 3724 1849 τόπων

2163 1888 2300 1944 ὅπου
2355 1889 2514 1957 ἦσαν,
2572 1888 2653 1949 τίς
2706 1888 2795 1942 καὶ
2850 1890 2956 1941 ποῦ
3013 1884 3063 1939 ἐν
3121 1890 3241 1947 ταῖς
3295 1884 3527 1958 ἡμέραις
3566 1882 3727 1943 ἐκείναις

2161 1974 2328 2031 παῖδα
2384 1975 2654 2051 ἐγέννησε,
2711 1974 2841 2036 τοὺς
2916 1977 3095 2047 γονεῖς
3151 1971 3637 2046 ἀπογραφομένους,
3681 1972 3727 2041 μή

2161 2086 2279 2126 πως
2309 2064 2466 2140 ἂῤῥεν
2520 2057 2805 2135 ἀποκρυϐᾔ
2864 2061 2915 2131 ἐξ
2972 2059 3270 2138 ὀφθαλμῶν
3304 2059 3506 2115 αὐτῶν.
3536 2059 3727 2127 Ἐξῆλθεν

2160 2153 2265 2227 γὰρ
2293 2152 2471 2225 ὥσπερ
2522 2152 2673 2211 ἀετὸς
2732 2149 2819 2203 ἐπὶ
2881 2148 3043 2223 βορὰν
3102 2148 3423 2217 πτώματος,
3454 2146 3589 2207 ὅπως
3612 2166 3655 2199 τε
3678 2146 3727 2215 μὴ

2159 2235 2443 2314 ἀποκρυϐῇ
2498 2238 2549 2307 ἐξ
2610 2235 2909 2314 ὀφθαλμῶν
2968 2234 3148 2311 ἄρρεν.
3208 2236 3305 2289 Καὶ
3356 2236 3410 2288 οἱ
3452 2234 3540 2306 μὲν
3569 2233 3727 2305 πατέρες

2154 2329 2245 2383 τὸν
2280 2324 2448 2405 φόϐον
2476 2330 2572 2382 τοῦ
2621 2324 2887 2401 βασιλέως
2945 2322 3204 2391 δεδιότες,
3261 2321 3445 2395 ὥσπερ
3478 2322 3523 2394 ἐξ
3554 2320 3671 2375 οἴνου
3692 2320 3727 2373 ἐπι

2154 2417 2354 2478 παντὸς
2427 2417 2636 2489 τρόμου
2714 2409 3129 2487 μεμεθυσμένοι,
3190 2410 3288 2465 οὐκ
3354 2408 3566 2484 ᾔδεισαν
3612 2410 3659 2462 τὸ
3696 2407 3727 2460 τί

2157 2502 2556 2578 διαπράξονται·
2619 2504 2674 2557 αἱ
2735 2500 2792 2556 δὲ
2861 2501 3089 2574 μητέρες
3165 2494 3434 2554 λαϐοῦσαι
3490 2500 3653 2566 ἑκάστη
3690 2496 3727 2548 τὸ

2156 2590 2297 2647 ἴδιον
2354 2593 2574 2662 νήπιον,
2632 2590 2722 2645 τὸν
2784 2590 2955 2662 θυμὸν
3008 2591 3109 2642 τοῦ
3164 2589 3486 2661 παρανόμου
3529 2585 3726 2655 βασιλέως

2158 2677 2458 2755 ἀποδράσαι
2514 2674 2792 2733 ἔσπευδονδ
2873 2678 2960 2731 καὶ
3048 2674 3257 2731 πολλαὶ
3335 2677 3436 2749 μὲν
3491 2674 3537 2745 ἐξ
3584 2673 3726 2738 αὐτῶν,

2158 2768 2338 2842 ὥσπερ
2370 2766 2647 2843 στρουθίον
2695 2767 2799 2820 ἀπὸ
2856 2766 2975 2826 ἑνὸς
3029 2761 3219 2825 παιδὸς
3278 2764 3327 2818 έν
3386 2769 3503 2824 ταῖς
3530 2761 3725 2837 ἀγκάλαις

2154 2857 2505 2931 κατέχουσαι,
2564 2852 2729 2911 ἄλλαι
2788 2852 2847 2909 δὲ
2914 2854 3005 2908 καὶ
3072 2851 3177 2907 ἀπὸ
3231 2850 3349 2921 δύο,
3406 2852 3573 2923 ὣσπερ
3624 2849 3725 2920 nis-ai:

2156 2942 2552 3019 ἀποδυρώμενα
2636 2944 2723 2997 καὶ
2829 2940 3328 3016 κλαυθμυρίζοντα,
3440 2941 3726 3016 βαστάζουειι

2155 3033 2483 3108 ἀποτρέχειν
2571 3029 2848 3086 ἔσπευδον·
2932 3031 3022 3085 καὶ
3110 3031 3316 3106 ὁρῶσαι
3392 3028 3459 3083 τὰ
3510 3029 3617 3104 ξίφη
3661 3026 3727 3079 ἀπ-

2155 3123 2549 3197 αστράπτοντα,
2605 3124 2794 3174 τοῦτον
2856 3116 3156 3195 διέφευγον,
3189 3119 3279 3172 καὶ
3328 3116 3408 3179 εἷς
3437 3116 3592 3172 ἄλλον
3621 3134 3726 3181 περι-

2156 3212 2403 3267 έπιπτον.
2439 3210 2590 3273 Ἕσθ’
2620 3209 2709 3263 ὅτε
2764 3205 2823 3262 δὲ
2880 3207 2970 3262 καὶ
3013 3209 3275 3281 χρήματα
3303 3211 3587 3280 πειρῶνται
3624 3200 3726 3257 δεδό-

2152 3319 2239 3353 ναι
2290 3299 2428 3372 πρὸς
2508 3295 2635 3358 τοὺς
2720 3296 3073 3371 στρατιώτας·
3151 3291 3561 3370 ἀποδυρώμεναι
3607 3296 3725 3346 ταῦτα

405 3375 616 3451 ἔλεγον·
650 3379 882 3451 Ὁρκίζω
911 3401 967 3434 σε
996 3382 1129 3435 κατὰ
1156 3387 1251 3436 τοῦ
1281 3384 1453 3455 νόμου
1500 3388 1789 3456 Μωϋσέως,
1832 3395 2027 3456 κτῆσαι
2084 3387 2376 3462 σπλάγχνα
2431 3386 2756 3460 οἶκτιρμῶν,
2806 3383 2887 3438 ὅτι
2919 3383 3009 3438 xui
3040 3387 3099 3438 σὶ
3130 3385 3312 3457 μήτηρ
3345 3383 3625 3458 ἐγέννησεν·
3650 3376 3723 3485 ἔρξ’

408 3463 433 3485 υ
527 3462 570 3485 δκ
681 3466 695 3485 \
860 3472 881 3483 ι-
1052 3470 1063 3485 I
1176 3471 1187 3485 \
1206 3468 1228 3485 ﬁ
1327 3470 1385 3485 ’μ’
1567 3475 1579 3485 -
1654 3471 1678 3485 υ
2002 3474 2044 3485 ιιι
2066 3475 2082 3485 ι
2202 3475 2244 3485 ιι
2308 3477 2318 3485 ι
2421 3474 2446 3485 ιι
2516 3476 2529 3485 ο
2599 3474 2609 3485 ο
2862 3472 2887 3485 ει
2981 3471 2993 3485 ι
3160 3473 3173 3485 ι
3264 3474 3276 3485 ι
3505 3475 3527 3485 εν
3640 3483 3645 3485 .

403 3463 493 3518 ὅτε
523 3462 580 3518 δὲ
607 3466 695 3519 καὶ
725 3472 950 3539 γυναῖκα
979 3470 1067 3523 καὶ
1098 3468 1293 3533 παῖδας
1326 3470 1493 3535 ἔΧεις³
1522 3475 1624 3529 οὐκ
1651 3471 1792 3529 ἔστιν
1852 3497 1943 3549 μοι
1992 3474 2137 3546 ἄλλη
2198 3475 2354 3538 ἐλπὶς
2411 3474 2446 3544 ἤ
2510 3474 2816 3543 ὑπόστασις,
2853 3472 2889 3542 ἢ
2925 3471 3088 3545 μόνον
3120 3473 3183 3527 τὸ
3212 3474 3411 3543 νήπιον
3441 3475 3603 3525 τοῦτο’
3630 3462 3723 3521 λάϐε

404 3554 576 3623 ὁλκὴν
605 3557 835 3629 χρυσίου
864 3557 954 3611 καὶ
984 3559 1163 3635 φεῖσαί
1195 3581 1299 3631 μου
1328 3566 1425 3616 τοῦ
1452 3561 1665 3625 παιδός.

477 3706 696 3771 Quibus
728 3726 846 3764 non
877 3727 946 3766 ea
976 3711 1319 3782 ferentibus,
1365 3717 1467 3771 sed
1516 3718 1703 3773 instar
1741 3719 2037 3790 accipitris
2069 3745 2110 3809 Ο

406 3794 953 3853 immisericorditer
1016 3802 1481 3873 irrumpentibus
1530 3807 1591 3861 in
1643 3812 1900 3863 turtures
1956 3807 2046 3861 vel

409 3887 644 3937 teneras
674 3885 998 3954 columbas,
1026 3894 1127 3943 aut
1155 3891 1333 3945 veluti
1364 3893 1518 3965 lupis
1550 3910 1731 3965 agnos
1762 3896 2044 3965 diripien-

411 3968 590 4039 tibus,
616 3971 862 4027 vclutive
886 3974 1157 4031 leonibus
1184 3983 1415 4034 teneros
1438 3982 1650 4037 vitulos
1673 4000 1744 4038 ex
1763 3983 2046 4038 uberibus

399 4056 789 4127 juvencarum
806 4062 1173 4131 rapientibus
1193 4070 1382 4120 etnon
1401 4069 2046 4138 parcentibus,necesse

413 4148 501 4197 est
520 4150 739 4200 matres
763 4149 1167 4221 circumplecti
1211 4154 1487 4211 manibus
1518 4162 1575 4211 et
1603 4157 1763 4212 ulnis
1793 4158 2046 4212 cervices

411 4244 753 4298 puerorum,
788 4233 1049 4305 istosque
1081 4255 1262 4294 saevos
1285 4242 1569 4297 satellites
1589 4244 1862 4313 adjurare
1888 4261 1899 4297 :
1931 4243 2047 4297 Ad-

404 4317 544 4388 juro
576 4322 652 4384 te,
687 4320 791 4387 vir,
824 4339 929 4392 per
959 4340 1092 4379 eum
1126 4329 1224 4397 qui
1257 4345 1324 4383 ex
1354 4330 1730 4387 incunabulis
1763 4333 1963 4387 eduxit
1991 4338 2045 4387 te

413 4403 884 4477 adolescentem;
922 4413 1149 4468 trucida
1178 4432 1271 4469 me
1302 4418 1581 4486 primum,
1606 4420 1741 4474 dein
1774 4421 1930 4475 hunc
1953 4422 2045 4475 in-

409 4496 634 4547 lantem
666 4494 726 4548 in
760 4496 917 4552 ulnis
938 4501 1108 4555 meis.
1130 4502 1233 4556 Ille
1256 4520 1390 4559 vero
1413 4506 1651 4575 iniquus
1673 4508 1893 4562 invidia
1922 4524 2047 4561 me-

410 4584 592 4650 tuque
626 4582 917 4653 impotens
968 4588 1244 4661 princeps
1296 4594 1693 4662 speculatores
1724 4612 1875 4665 pone
1906 4596 2043 4649 mit-

409 4671 585 4740 tens,j
595 4670 811 4727 ubebat
828 4690 1092 4743 quaerere
1109 4683 1589 4751 utrum,pecunia
1604 4684 2045 4754 accepta,alicui

408 4760 846 4829 pepercissent;
874 4778 946 4816 ne
968 4770 1244 4833 parentes
1266 4770 1388 4822 nati
1409 4770 1562 4842 regis
1588 4771 1760 4827 donis
1782 4772 2045 4827 allicien-

409 4849 499 4899 tes
532 4848 749 4904 milites
773 4850 1084 4921 impellant
1103 4854 1176 4909 ad
1200 4855 1710 4915 insurrectionem.
1745 4862 1788 4914 Ii
1819 4878 1951 4916 vero
1977 4877 2046 4915 ex

411 4934 707 4991 mandatis
767 4939 1100 4996 excitabant
1155 4943 1289 4999 illos
1344 4946 1750 5004 interfectores
1800 4951 1921 5019 qui,
1954 4950 2045 5004 his

412 5021 649 5090 auditis,
681 5027 865 5097 magis
896 5044 963 5083 ac
1010 5032 1196 5103 magis
1251 5034 1443 5088 studio
1476 5036 1859 5093 ebulliebant.
1888 5039 2047 5093 Licet

2217 3716 2283 3790 γ’.
2312 3717 2435 3770 Τῶν
2484 3710 2540 3767 δὲ
2604 3714 2678 3786 μὴ
2737 3711 3107 3787 ἀνεχομένων,
3165 3709 3292 3767 ἀλλ’
3347 3711 3523 3785 ὥσπερ
3551 3708 3723 3779 ἱεράκων

2156 3800 2402 3873 ἀνηλεῶς
2435 3801 2742 3873 ἱπταμένων
2787 3799 2922 3855 κατὰ
2966 3804 3196 3855 νεοττῶν
3245 3796 3725 3873 περιστερῶνῆτρυ-

2152 3890 2348 3965 γόνων,
2380 3891 2416 3958 ἢ
2459 3888 2638 3962 ὥσπερ
2692 3887 2874 3943 λύκων
2931 3886 3093 3963 ἄρνας
3150 3888 3567 3962 διαρπαζόντων,
3593 3886 3622 3951 ἢ
3648 3884 3724 3938 ὥς·

2154 3998 2254 4053 περ
2286 3978 2522 4032 λεόντων
2583 3975 2766 4031 ἀπαλά
2826 3978 3106 4050 μοσχάρια
3162 3975 3222 4031 ἐκ
3280 3980 3493 4049 μασθῶν
3532 3971 3720 4045 μητέρων

2156 4064 2562 4140 διαρπαζόντων
2620 4065 2710 4119 καὶ
2767 4066 2842 4136 μὴ
2901 4062 3261 4141 φειδομένων,
3318 4066 3519 4139 ἀνάγκη
3546 4064 3623 4121 τὰς
3647 4081 3720 4130 μη·

2151 4154 2310 4230 τέρας
2338 4154 2709 4226 περιπλέκειν,
2769 4153 2879 4224 ἅμα
2936 4157 3137 4227 χειρῶν
3194 4154 3293 4215 τὰς
3351 4152 3549 4211 ὠλένας
3595 4148 3717 4203 αὐτῶν

2151 4247 2267 4303 τοῖς
2298 4241 2489 4316 αὐχέσι
2543 4246 2653 4296 τῶν
2710 4241 2945 4311 νηπίων,
2994 4242 3084 4295 καὶ
3142 4240 3478 4314 κατορκίζειν
3504 4238 3612 4298 τοὺς
3635 4233 3717 4289 a6-

2158 4351 2291 4401 μους
2350 4327 2587 4390 ἐκείνους
2662 4329 3012 4401 στρατιώτας·
3088 4328 3320 4404 Ὁρκίζω
3378 4349 3453 4399 σε,
3511 4329 3713 4397 ἂνθρωπει

2153 4416 2229 4477 εἲς
2257 4418 2348 4471 τὸν
2382 4415 2683 4488 αὐξήσαντά
2727 4436 2784 4469 σε
2827 4414 2885 4469 ἐκ
2933 4416 3165 4492 βρέφους
3196 4414 3364 4491 ἄνδρα
3390 4415 3601 4470 τέλειον·
3624 4408 3714 4464 ἁπό-

2152 4524 2358 4559 κτεινον
2394 4501 2458 4573 δὴ
2493 4504 2589 4577 ἐμὲ
2623 4508 2864 4580 πρῶτον,
2917 4503 3009 4558 καὶ
3062 4504 3183 4558 τότε
3238 4505 3299 4558 τὸ
3357 4506 3546 4574 νήπιον
3576 4501 3615 4555 ἐν
3639 4500 3713 4554 τιξ

2152 4592 2418 4668 ἀγκάλαις
2445 4614 2576 4664 μου.
2639 4593 2868 4666 Ἐχθρὸς
2925 4599 3024 4661 τῆς
3085 4589 3431 4662 δικαιοσύνης
3481 4584 3712 4649 ἐκεῖνοςτῷ

2155 4680 2308 4753 ζήλῳ
2364 4680 2453 4735 καὶ
2512 4678 2687 4752 δειλίᾳ
2747 4679 3135 4754 ὑπερμεθύσας.
3197 4681 3489 4743 σκοπευτὰς
3528 4677 3709 4733 κατώπι-

2154 4780 2272 4833 σθεν
2329 4767 2702 4839 ἀποστέλλων,
2762 4766 3142 4843 παρήγγελλεν
3196 4768 3297 4843 ἆρα
3337 4772 3413 4841 μή
3444 4790 3491 4823 τι
3520 4766 3711 4842 χρήματα

2153 4852 2414 4919 λαϐόντες
2442 4856 2545 4912 τινὶ
2577 4857 2872 4935 έφείσαντο’
2937 4858 3012 4929 μή
3072 4857 3124 4910 οἱ
3178 4862 3358 4932 γονεῖς
3386 4861 3479 4911 τοῦ
3501 4851 3710 4929 γεννηθέν-

2152 4967 2247 5007 τος
2305 4944 2580 5008 Βασιλέως
2658 4944 2856 5019 δώροις
2943 4944 3341 5018 έκμειΛίξαντες
3424 4944 3541 5005 τοὺς
3602 4955 3709 5007 στρα-

2150 5037 2369 5107 τιώτας,
2425 5037 2511 5091 καὶ
2572 5038 2707 5111 πρὸς
2764 5034 3043 5110 ἀνταρσίαν
3102 5034 3223 5107 ἐμοὶ
3286 5024 3709 5110 αἱρεθήσουσιν.οἳ

412 5114 608 5164 autem
639 5110 749 5165 isto
782 5120 1115 5185 spectaculo
1147 5138 1263 5176 non
1296 5122 1610 5193 adfuerim,
1642 5125 1855 5181 abhinc
1886 5144 1947 5181 en

2172 5125 2209 5178 ῖὲ
2241 5122 2708 5196 ἀποστελλόμενοι
2745 5124 2813 5177 τὰ
2858 5123 2990 5178 αὐτά
3034 5122 3411 5199 παρενόχλουν
3441 5128 3548 5183 τοῖς
3572 5135 3707 5192 φονευ-

412 5198 768 5269 septingenti
830 5205 1213 5277 quadraginta
1272 5216 1330 5264 et
1378 5216 1627 5281 quatuor
1673 5214 1814 5267 anni
1860 5214 2041 5285 elapsi

412 5291 571 5353 sunt,
606 5302 671 5339 ex
706 5294 835 5342 ortu
867 5292 1079 5347 Christi
1112 5299 1464 5370 septingenti
1497 5301 1636 5355 anni
1668 5306 1726 5355 et
1755 5308 2039 5372 quatuor;

412 5374 484 5427 ab
518 5374 830 5431 infantium
863 5384 1059 5434 autem
1082 5385 1240 5439 caede
1266 5388 1619 5459 septingenti
1654 5389 2042 5462 quadraginta

412 5464 529 5518 duo
563 5464 746 5529 anni;
796 5468 962 5535 quasi
1018 5485 1151 5523 vero
1210 5472 1324 5528 huc
1380 5477 1682 5543 assistens,
1724 5478 1807 5531 sic
1838 5478 1950 5533 ista
1978 5480 2039 5533 in

414 5556 676 5607 mentem
704 5552 975 5627 subeunt,
1002 5562 1059 5612 et
1082 5558 1275 5615 videre
1298 5563 1443 5618 mihi
1474 5565 1672 5620 videor
1700 5566 1878 5621 istum
1905 5583 2039 5623 cru-

2148 5217 2267 5273 ταῖς
2328 5211 2572 5274 ἐκείνοις·
2627 5233 2861 5267 κακεινοι
2915 5216 3081 5266 ταῦτα
3141 5210 3421 5273 ἀκούοντες
3479 5210 3593 5282 ὑπὲρ
3640 5221 3707 5255 πε·

2150 5303 2336 5373 ρισσοῦ
2390 5304 2468 5373 τῷ
2530 5300 2685 5372 ζήλῳ
2741 5300 3120 5371 κατεμέθυσαν.
3180 5301 3276 5353 Καὶ
3330 5305 3418 5354 νῦν
3471 5299 3511 5353 εἷ
3554 5295 3625 5350 καὶ
3645 5289 3709 5344 οὐκ

2149 5388 2301 5459 ἤμην
2333 5389 2557 5461 περιὼν,
2617 5386 2756 5443 ἐστὶν
2814 5389 2916 5463 γὰρ
2970 5387 3075 5441 ἀπὸ
3127 5386 3248 5441 τότε
3289 5384 3378 5457 ἔτη
3412 5385 3513 5456 ἤδη
3541 5381 3705 5447 τέσσαρα

2149 5476 2237 5531 καὶ
2322 5477 2715 5550 τεσσαράκοντα
2797 5478 2883 5532 καὶ
2975 5475 3285 5545 ἑπτακόσια,
3358 5477 3461 5530 ἀπὸ
3515 5473 3596 5545 μὶν
3638 5470 3704 5529 τῆς

2147 5566 2443 5641 παρουσίας
2526 5569 2761 5643 Χριστοῦ
2859 5563 2951 5634 ἔτη
3018 5565 3308 5620 ἱπτακόσια
3385 5559 3702 5635 τεσσσιράνιοντ⁵
