3888 6136
175 316 314 372 1505

1256 314 1501 372 ΒΕΒΜΟ
1533 315 1617 369 IN
1645 313 1964 370 BANO‘I'OS
1997 317 2472 374 INNOCBNTRS.

3416 319 3552 373 1506

168 438 397 516 τέσσαρα
420 440 517 512 (1),
549 438 656 493 ἀπὸ
709 435 767 493 δὶ
819 443 920 507 τῆς
972 434 1353 498 παιδοκτονίας
1390 435 1482 503 ἔτη
1515 436 1806 492 ἑπτακόσια

1995 439 2111 496 lem
2124 440 2614 514 regemHerodem
2631 440 3034 497 stimulantem
3051 443 3138 497 sui
3153 443 3338 514 ipsius
3351 460 3455 515 pro
3464 461 3554 500 ce-

171 528 573 602 τεσσαράκοντα
605 524 720 581 δύο·
755 525 880 582 ἀλλ’
939 526 1014 588 ὡς
1067 528 1250 600 παρὼν
1284 525 1412 593 ἐκεῖ,
1447 524 1618 587 οὕτως
1645 525 1811 580 ταῦτά

174 638 268 690 μοι
295 615 433 672 κατά
461 619 586 670 νοῦν
621 613 890 686 πάρεισιν,
921 613 1012 668 καὶ
1069 614 1143 674 ὡς
1201 615 1416 687 θεωρῶν
1449 613 1562 686 εἰμι
1588 614 1677 668 τὸν
1713 613 1807 686 ἔχ-

170 717 348 769 θιστον
387 702 612 778 βασιλέα
667 700 916 777 Ἡρώδην
972 706 1051 773 τῷ
1109 703 1268 774 θυμῷ
1319 701 1522 770 ζέοντα,
1553 701 1679 763 τοὺς
1715 722 1809 773 με-

164 798 418 867 γιστᾶνας
477 790 642 846 αὐτοῦ
697 791 1222 866 παραμυθουμένους
1279 789 1462 857 αὐτὸν,
1521 789 1647 851 τοὺς
1706 811 1809 866 φο-

164 889 272 944 νεῖς
299 883 367 937 τὰ
398 879 604 956 δάκρυα
629 885 738 936 τῶν
771 881 1016 953 πατέρων
1075 881 1148 953 μὴ
1206 878 1515 947 ἐλεοῦντας,
1546 880 1611 932 τὰ
1641 880 1811 948 νήπια

166 974 243 1045 μὴ
278 970 663 1044 οἲκτείροντας,
724 967 868 1024 ἀλλὰ
921 973 1030 1023 τῶν
1089 969 1183 1040 μὶν
1235 968 1329 1030 τὰς
1384 965 1624 1041 κεφαλὰς
1672 966 1806 1020 ἀπο-

159 1059 479 1132 τέμνοντας,
531 1062 638 1114 τῶν
700 1054 758 1112 δὲ
810 1063 926 1119 ταῖς
988 1056 1253 1133 μητράσιν
1311 1061 1685 1130 κατεχουσῶν,
1716 1055 1803 1110 καὶ

167 1149 246 1222 μὴ
282 1145 636 1223 βουλομένων
666 1142 876 1219 ἀφιέναι
933 1143 984 1199 ἐν
1044 1149 1166 1208 ταῖς
1194 1142 1457 1220 ἀγκάλαις
1484 1143 1660 1198 αὐτῶν
1685 1148 1806 1205 ταῖς

161 1235 464 1312 μαχαίραις
497 1231 882 1294 ἀναλίσκοντας
933 1231 1108 1286 αὐτῶν
1171 1234 1238 1286 τὰ
1295 1233 1485 1302 νήπια.
1520 1230 1718 1287 ’Ἄλλοι
1751 1227 1810 1285 δὶ

157 1325 516 1400 κατεμέριζον
568 1320 704 1376 αὐτὰ
773 1316 1075 1394 ἔμπροσθεν
1151 1323 1270 1380 τοῖς
1325 1320 1664 1392 γεννήσασιν,
1717 1322 1812 1372 καῖ

155 1410 336 1487 ἕτεροι
367 1414 688 1486 κρατοῦντες
715 1413 833 1472 τοῖς
865 1407 994 1463 ποσὶ
1047 1406 1098 1462 ἐν
1151 1412 1269 1468 ταῖς
1314 1405 1540 1480 πέτραις
1570 1403 1810 1483 ἐξεδάφι-

161 1507 280 1571 ζον,
309 1501 400 1556 καὶ
432 1499 606 1563 οὕτως
657 1501 764 1554 τῶν
825 1495 1112 1574 κροτάφων
1167 1495 1344 1551 αὐτῶν
1384 1498 1452 1568 τῇ
1483 1498 1554 1568 γῇ
1583 1514 1810 1568 σκορπιι

160 1589 431 1664 ζομένων,
459 1593 577 1649 ταῖς
605 1585 863 1647 ἐλεειναῖς
915 1585 1179 1660 μητράσιν
1239 1583 1338 1638 οὒκ
1393 1582 1457 1656 ᾖν
1512 1583 1812 1657 παράκλη-

158 1695 268 1740 σις·
325 1681 484 1732 ποῖαν
571 1675 674 1751 γὰρ
753 1673 842 1728 καὶ
926 1671 1268 1747 παραμυθίαν
1337 1673 1487 1745 εἶχον
1550 1665 1696 1746 ἔχειν
1755 1669 1808 1726 ἒν

159 1768 380 1830 ἑαυταῖς
452 1766 657 1842 ὁρῶσαι
741 1763 796 1818 έν
882 1760 1191 1838 ὀφθαλμοῖς
1249 1760 1424 1814 αύτῶν
1483 1759 1574 1814 τὸν
1634 1758 1811 1842 ἄωρον

160 1853 435 1922 θάνατον;
492 1852 560 1908 τά
611 1853 804 1924 ἱμάτια
859 1848 1045 1912 αύταῖς
1118 1853 1236 1910 τοῖς
1295 1847 1514 1920 αἳμασιν
1572 1841 1809 1902 καταϐα-

160 1942 332 2017 φέντα
361 1943 548 2012 στήθει
600 1937 864 2007 διανοίας,
912 1937 978 1992 τὰ
1029 1937 1221 2009 στέρνα
1270 1939 1351 2008 τῷ
1399 1934 1550 2006 πόνῳ
1577 1939 1685 1990 τῶν
1712 1955 1810 2011 γα-

1917 546 2011 584 res
2029 531 2417 595 consiliarios,
2439 529 2845 584 interfectores
2862 530 3152 601 lacrymas
3174 537 3408 602 patrum
3433 551 3552 588 non

1919 619 2289 686 miserantes,
2314 637 2421 674 nec
2446 620 2642 691 pueris
2664 621 3106 690 parcentes,sed
3127 621 3379 676 aliorum
3401 622 3554 676 colla

1918 709 2238 772 caedentes,
2259 708 2512 762 aliorum
2537 709 2821 762 matribus
2843 708 3557 782 resistentibus,neganti-

1916 795 2147 866 busque
2173 796 2499 862 abire,cum
2526 797 2789 850 viderent
2812 796 3068 850 infantes
3100 797 3161 849 in
3188 798 3345 852 ulnis
3373 815 3555 853 cassos

1916 883 2148 954 gladiis.
2174 883 2287 936 Alii
2312 884 2532 938 milites
2554 884 2966 954 discerpebant
2989 901 3088 938 eos
3111 886 3218 939 sub
3244 887 3429 939 oculis
3452 903 3556 956 pa-

1916 976 2152 1024 rentum
2181 991 2194 1037 ;
2229 971 2351 1037 alii,
2386 970 2533 1041 pede
2557 987 2657 1024 eos
2681 971 3091 1042 corripientes,
3111 973 3172 1026 in
3200 979 3395 1044 petras
3427 974 3558 1028 alli-

1915 1055 2157 1122 debant,
2190 1057 2392 1125 sicque
2427 1057 2790 1126 temporibus
2823 1073 3026 1111 eorum
3054 1059 3219 1113 humi
3251 1059 3558 1130 dispersis,

1916 1143 2083 1198 nulla
2112 1149 2240 1198 erat
2277 1143 2566 1197 matribus
2590 1143 2797 1197 solatio
2823 1160 2836 1209 ;
2872 1145 3171 1214 quodnam
3203 1147 3360 1200 enim
3394 1148 3556 1202 sola-

1917 1232 2064 1286 tium
2095 1231 2291 1286 aﬂ‘erri
2323 1231 2613 1302 potuisset
2642 1230 2761 1284 illis
2793 1247 3001 1285 necem
3048 1234 3394 1288 continuam
3425 1251 3555 1288 cer-

1918 1319 2237 1375 nentibus?
2253 1320 2612 1373 Vestimenta
2632 1335 2839 1374 cruore
2863 1319 2920 1373 in
2939 1321 3274 1390 pectoribus
3295 1338 3557 1392 aspersa;

1918 1413 2271 1479 pectoraque
2303 1408 2651 1463 contusione
2695 1424 3090 1462 mammarum
3121 1409 3265 1464 lassa
3294 1425 3306 1462 :
3341 1415 3560 1465 matres

1919 1495 2068 1550 lacte
2096 1497 2448 1551 vestimenta
2469 1511 2789 1567 puerorum
2807 1496 3128 1567 tingentes;
3157 1513 3406 1567 quarum
3429 1497 3559 1552 alim

1919 1601 2135 1656 pueros
2167 1585 2415 1639 biennes
2439 1585 2738 1656 lugebant,
2774 1585 2904 1638 alia)
2931 1601 3065 1638 vero
3096 1585 3426 1652 anniculos,
3461 1592 3562 1641 aut

1920 1671 2151 1727 dimidii
2184 1673 2485 1743 temporis,
2505 1672 2762 1744 denique
2784 1672 2976 1727 adhuc
2997 1673 3244 1727 minoris
3269 1694 3284 1740 ;
3317 1673 3556 1728 biennio

1921 1760 2080 1814 enim
2111 1761 2595 1831 proﬁciscebatur
2619 1761 2922 1816 decretum
2954 1761 3066 1815 diri
3115 1766 3172 1815 et
3215 1762 3404 1832 iniqui
3437 1766 3555 1816 He-

1921 1851 2102 1918 rodis,
2139 1856 2197 1905 et
2221 1851 2292 1904 ab
2323 1850 2452 1905 istis
2501 1851 2600 1921 qui
2642 1867 2832 1906 unum
2881 1856 3015 1906 ante
3048 1851 3205 1906 diem
3235 1857 3405 1907 erant
3433 1852 3555 1907 nati

1923 1943 2058 1993 ante
2085 1937 2449 1994 horrendum
2481 1940 2659 1994 istum
2692 1939 3013 1994 decretum.

159 2030 514 2105 λακτοροίων
568 2029 921 2102 τρυχώμενα,
977 2030 1097 2088 ταῖς
1147 2022 1343 2095 θηλαῖς
1395 2025 1464 2080 τὰ
1519 2024 1710 2096 ἱμάτια
1766 2022 1950 2089 αὐτοῖς
2001 2021 2458 2101 καταϐρέχουσαι·
2515 2027 2603 2081 καὶ
2662 2027 2717 2080 αἱ
2787 2027 2880 2099 μὶν
2968 2025 3018 2096 ἐξ
3103 2028 3281 2082 αὐτῶν
3365 2029 3559 2090 διετεῖς

157 2118 366 2181 παῖδας
422 2118 702 2193 ἐθρήνουν,
759 2117 846 2170 καὶ
906 2113 1069 2170 ἄλλαι
1130 2112 1513 2178 ἐνιαυσιαίους,
1575 2111 1666 2166 καὶ
1719 2109 1884 2168 ἄλλαι
1942 2119 2134 2185 καιροῦ
2205 2115 2294 2168 καὶ
2367 2113 2629 2186 ἡμίσεως,
2689 2115 2778 2168 καὶ
2838 2113 3032 2169 λοιπὸν
3083 2116 3394 2192 κατωτέρω,
3453 2118 3561 2172 ἀπὸ

161 2206 387 2268 διετοῦς
415 2208 516 2283 γάρ
546 2207 614 2274 ἦν
636 2203 699 2258 τὸ
729 2203 1055 2278 πρόσταγμα
1080 2205 1178 2256 τοῦ
1207 2197 1451 2256 δειλαίου
1480 2200 1571 2254 καὶ
1601 2199 1921 2274 παρανόμου
1950 2199 2216 2276 Ἡρώδου,
2249 2201 2338 2256 καὶ
2371 2201 2492 2256 ὅσοι
2522 2202 2879 2277 ἐγεννήθησαν
2913 2202 3018 2278 πρὸ
3066 2208 3193 2276 μιᾶς
3233 2203 3441 2278 ἡμέρας
3469 2205 3566 2260 τοῦ

167 2297 402 2372 ἐναγοῦς
431 2292 630 2350 ἐκείνου
650 2292 1089 2369 προστάγματος.

245 2382 308 2444 δ’.
367 2389 434 2438 ’Ὠ
489 2380 697 2442 ἐννοίας
753 2377 998 2454 δακρύων
1054 2377 1545 2452 πεπληρωμένηςῐ
1603 2379 1670 2431 ’Ὠ
1712 2396 1817 2449 μα·-

163 2472 370 2549 καρίων
402 2467 609 2527 παίδων
675 2466 842 2543 μηδὲν
901 2464 1270 2537 ἠδικηκότων,
1301 2467 1388 2519 καὶ
1428 2465 1504 2528 ὡς
1534 2463 1817 2536 πολεμίων

171 2556 464 2638 βαρϐάρων
494 2556 1026 2635 κατασφαζομένωνῐ
1085 2551 1129 2608 ὣ
1187 2553 1431 2638 αἱμάτων
1487 2549 1687 2615 ἀδίκως
1728 2551 1816 2607 ἐπὶ

170 2635 274 2719 τῆς
330 2635 436 2724 γῆς
488 2646 856 2723 ἐκχεομένων,
918 2641 1008 2699 καὶ
1065 2640 1246 2717 ὥσπερ
1307 2635 1530 2716 ὄμϐρων
1568 2639 1621 2695 ἐν
1681 2639 1816 2713 αὐτῇ

174 2738 549 2794 πιανθέντωνί
585 2733 628 2789 ὣ
686 2731 954 2809 δρεπάνης
1009 2729 1260 2804 ὀλεθρίου
1311 2729 1420 2804 πρὸ
1473 2732 1671 2803 καιροῦ
1721 2732 1819 2782 τοῦ

177 2826 371 2901 θέρους
401 2825 453 2881 ἐν
485 2825 635 2897 ἀκμῇ
666 2826 762 2878 τοῦ
809 2824 984 2896 χοροῦ
1038 2819 1136 2881 τὰς
1185 2817 1418 2892 ἀρούρας
1449 2813 1820 2890 αἰχμαλωτη-

177 2916 386 2986 σάσηςί
420 2912 464 2969 ὦ
499 2913 750 2987 μητέρων
783 2917 980 2985 θρῆνος
1037 2907 1129 2962 καὶ
1187 2906 1484 2980 στεναγμὸς
1535 2904 1624 2960 καὶ
1659 2902 1820 2980 ὀδυρ-

183 3005 286 3079 μὸς
317 3003 516 3074 πολὺς,
549 3001 598 3057 ἐν
632 3002 678 3073 ᾧ
708 2999 807 3054 οὐκ
836 2999 904 3068 ἦν
936 2994 1277 3072 παράκλησις
1313 2991 1558 3064 οὐδεμία.
1603 2993 1822 3047 Τούτων

178 3095 283 3168 γὰρ
313 3094 499 3147 πάσῶν
530 3092 637 3145 τῶν
675 3090 949 3163 μητέρων,
977 3086 1052 3148 είς
1089 3090 1216 3158 μιᾶς
1250 3081 1487 3158 ὀδυρμὸν
1532 3083 1820 3157 προφήτης

177 3177 587 3256 αἰνιγματοδῶς
667 3180 1091 3254 προεφήτευσεν.
1151 3176 1355 3248 Θρῆνος
1439 3172 1562 3248 γὰρ,
1637 3170 1816 3242 θησὶν,

178 3271 270 3325 καὶ
379 3266 659 3339 κλαυθμὸς
671 3312 683 3336 ,
795 3265 884 3320 καὶ

177 3357 446 3414 κλαίουσα
526 3355 592 3410 τὰ
668 3353 824 3408 τέκνα
903 3351 1091 3420 αὐτῆς,
1167 3350 1256 3405 καὶ
1315 3349 1414 3404 οὐκ
1467 3345 1661 3418 ἤθελεν
1718 3368 1826 3402 πα-

181 3445 550 3523 ρακληθῆναι,
607 3441 690 3498 ὅτι
751 3441 848 3497 οὐκ
905 3439 1058 3496 είσίν’
1117 3438 1208 3493 καὶ
1271 3439 1347 3510 μὴ
1394 3442 1518 3509 μιᾶς
1555 3437 1828 3509 μόνοντῷ

185 3534 414 3609 ὀνόματι
463 3531 642 3604 τούτῳ
697 3531 764 3586 τὰ
817 3530 976 3585 τέκνα
1030 3528 1467 3604 κατεσφάγησαν,
1501 3523 1648 3598 οὐχί·
1684 3523 1829 3578 ἀλλά

181 3621 392 3680 πολλαί
419 3621 627 3698 Ῥαχὴλ
682 3618 995 3676 ἐκαλοῦντο·
1056 3615 1183 3672 ἀλλ’
1239 3611 1424 3684 ἐπειδὴ
1487 3615 1670 3687 μήτηρ
1718 3616 1825 3666 τῶν

185 3711 438 3786 μητέρων
471 3710 537 3779 ἦν
570 3711 605 3778 ἡ
636 3712 734 3763 τοῦ
761 3701 962 3764 Ἰακὼϐ
992 3701 1233 3779 Ῥαχὴλ,
1291 3700 1382 3757 διὰ
1435 3706 1598 3756 τοῦτο
1630 3702 1659 3756 ὁ
1688 3721 1828 3774 προ-

184 3801 363 3877 φήτης
419 3799 482 3853 τὸ
541 3793 716 3869 ὄιομα
770 3803 871 3866 τῆς
930 3793 1099 3848 πάλαι
1157 3791 1368 3866 Ῥαχὴλ
1401 3788 1489 3845 διὰ
1524 3791 1587 3845 τὸ
1622 3788 1825 3863 μέλλον

185 3892 342 3963 θέρος
394 3891 502 3943 τῶν
552 3885 788 3957 νηπίων,
845 3884 936 3939 καὶ
1009 3883 1110 3952 τὴν
1170 3880 1294 3956 περὶ
1350 3878 1558 3934 τουτων
1619 3877 1827 3952 θλίψιν,

183 3972 464 4052 πόρρωθεν
524 3973 853 4049 ἀνήγγειλεν.
916 3974 1168 4027 Κοπετῶν
1222 3968 1398 4024 τοίνυν
1465 3969 1555 4022 καὶ
1616 3988 1830 4044 στεναγ-

190 4069 308 4137 μῶν
339 4063 564 4139 πλήρης
593 4065 628 4132 ἡ
660 4056 869 4117 ἔννοια⁶
930 4059 1014 4122 τίς
1070 4059 1173 4134 γὰρ
1237 4058 1311 4130 μὴ
1346 4057 1664 4130 θρηνήσειεν
1697 4055 1832 4128 μετὰ

187 4158 297 4208 τῶν
325 4155 574 4227 μητέρων
609 4151 866 4219 ἐκείνων,
921 4147 958 4219 ἤ
1015 4147 1096 4210 τίς
1159 4146 1453 4220 σπλάγχνα
1500 4146 1828 4219 οἱκτειρμῶν

189 4242 290 4296 οὐκ
346 4241 607 4313 ἐκτήσατο
665 4240 754 4295 ἐπὶ
810 4243 879 4313 τῇ
934 4236 1162 4310 τοιαύτῃ
1217 4232 1390 4306 ἀδίκῳ
1420 4231 1716 4308 πληγῇςῆ
1748 4231 1832 4292 τίς

183 4333 284 4385 τοῦ
332 4328 648 4404 ψελλισμοῦ
702 4332 810 4384 τῶν
875 4325 1150 4401 μακαρίων
1181 4321 1395 4378 ἐκείνων
1429 4319 1829 4394 ἐνθυμούμενος

187 4417 250 4474 οὗ
276 4417 700 4492 πληρωθήσεται
733 4415 979 4492 δακρύων
1007 4433 1020 4485 ;
1055 4416 1266 4490 ὁρῶντα
1312 4412 1416 4486 γὰρ
1461 4410 1530 4464 τὰ
1557 4408 1683 4483 ξίφη
1714 4407 1830 4462 κατ’

186 4507 365 4561 αὐτῶν
425 4507 836 4579 ἀκοντιζόμενα,
893 4505 984 4559 καὶ
1058 4504 1133 4566 ὡς
1194 4501 1296 4556 ὑπὸ
1357 4496 1564 4574 θηρίωδ
1623 4495 1829 4573 ἀγρίων

1995 2379 2039 2434 Ο
2095 2379 2391 2434 sententia
2411 2379 2691 2450 lacrymis
2722 2379 2900 2450 plena
2929 2379 2940 2434 Ξ
2975 2396 3008 2434 o
3039 2380 3299 2436 infantes
3325 2398 3566 2453 prorsus

1925 2467 2295 2535 innocentes,
2327 2475 2508 2538 utque
2539 2468 2772 2523 barbari
2797 2469 2995 2523 hostes
3022 2469 3328 2524 trucidati!
3363 2488 3395 2525 ο
3422 2488 3567 2526 san-

1927 2557 2055 2628 guis
2086 2574 2263 2628 super
2291 2562 2448 2612 terra
2503 2556 2800 2628 profusus,
2861 2563 2919 2611 et
2973 2558 3126 2612 sicut
3170 2558 3366 2629 pluvia
3407 2559 3467 2613 in
3501 2575 3568 2614 ea

1928 2644 2334 2716 pinguefactus
2356 2645 2367 2699 l
2392 2663 2424 2698 o
2447 2645 2742 2699 funestam
2771 2644 2982 2699 falcem
3005 2662 3134 2715 quas
3166 2651 3302 2700 ante
3334 2651 3566 2716 tempus

1927 2737 2142 2791 messis
2171 2735 2384 2790 mediis
2428 2736 2625 2790 choris
2683 2752 2818 2791 arva
2871 2737 3172 2807 occupasti
3200 2736 3211 2789 l
3245 2752 3279 2790 o
3310 2741 3567 2791 matrum

1929 2824 2124 2878 luctus
2157 2829 2214 2878 et
2261 2824 2516 2895 suspiria
2566 2824 2908 2895 multusque
2952 2824 3219 2896 plangor,
3254 2825 3315 2879 in
3349 2825 3565 2895 quibus

1929 2911 2162 2966 nullum
2190 2917 2314 2966 erat
2344 2912 2621 2967 solatium
2647 2911 2658 2965 !
2685 2914 2903 2967 Harum
2935 2913 3094 2968 enim
3138 2914 3405 2968 omnium
3437 2929 3566 2968 ma-

1931 3007 2108 3066 trum,
2163 3001 2224 3055 in
2268 3001 2444 3055 unius
2504 3001 2928 3056 lamentatione
2980 3003 3264 3073 propheta
3321 2998 3571 3057 obscure

1931 3089 2240 3160 praedixit;
2274 3087 2417 3142 dicit
2443 3089 2600 3143 enim
2630 3105 2642 3142 :
2688 3089 2944 3144 Ploratus
2965 3096 3017 3144 et
3047 3090 3292 3144 ululatus
3322 3092 3524 3144 multus
3553 3107 3566 3146 :
3673 3101 3678 3105 ‘

1933 3177 2133 3232 Rachel
2155 3178 2385 3246 plorans
2417 3177 2560 3245 ﬁlios
2613 3193 2736 3232 suos
2801 3183 2852 3232 et
2899 3179 3079 3232 noluit
3136 3179 3407 3232 consolari
3435 3180 3569 3247 quia

1000 3238 1262 3337 ὀδυρμός
1323 3238 1554 3322 πολύςίτ
1605 3238 1817 3334 Ῥαχὴλ

1995 3281 2040 3319 »η
2069 3271 2237 3327 sunt;
2264 3269 2340 3332 et,
2373 3281 2446 3318 ne
2497 3265 2674 3319 unius
2723 3270 2950 3320 tantum
2991 3266 3232 3320 nomine
3264 3266 3373 3320 hoc
3399 3266 3567 3337 pueri

1934 3353 2368 3420 occiderentur,
2399 3354 2679 3420 minime;
2704 3354 2821 3410 imo
2849 3355 3048 3410 multa:
3079 3355 3320 3409 fuerunt
3349 3359 3568 3409 matres

1935 3443 2153 3497 Rachel
2177 3442 2496 3497 nominatae
2524 3460 2537 3508 ;
2572 3442 2677 3497 sed
2711 3443 3193 3514 quandoquidem
3227 3448 3418 3498 mater
3445 3459 3574 3498 ma-

1935 3534 2094 3584 trum
2147 3535 2272 3584 erat
2321 3530 2494 3586 Jacob
2553 3532 2792 3599 Rachel,
2852 3532 2984 3586 ideo
3038 3532 3326 3602 propheta
3356 3547 3574 3586 nomen

1933 3619 2144 3674 veteris
2177 3619 2394 3674 Rachel
2467 3619 2538 3672 ob
2615 3635 2933 3689 puerorum
2991 3619 3252 3674 futuram
3310 3636 3568 3674 messem

1937 3706 2131 3776 obque
2157 3705 2228 3760 de
2260 3706 2380 3761 illis
2420 3706 2894 3774 lamentationes,
2943 3713 3117 3762 antea
3165 3707 3568 3778 proclamavit.

1937 3794 2276 3849 Planctibus
2334 3794 2511 3865 igitur
2563 3795 2952 3865 suspiriisque
3003 3795 3180 3866 plena
3224 3801 3349 3850 erat
3377 3812 3568 3852 mens.

1938 3883 2077 3947 Quis
2111 3883 2270 3937 enim
2326 3899 2445 3936 non
2503 3883 2642 3937 ﬂeat
2698 3900 2816 3938 una
2864 3900 2996 3938 cum
3055 3885 3174 3938 illis
3231 3885 3574 3940 matribus?

1940 3971 2164 4042 quodve
2184 3989 2285 4026 cor
2308 3989 2426 4026 non
2450 3972 2510 4025 in
2534 3971 2790 4043 ejulatus
2813 3977 3082 4042 erumpat
3099 3990 3202 4043 pro
3227 3973 3442 4028 talibus
3465 3973 3574 4026 ini-

1940 4061 2072 4130 quis
2094 4060 2348 4115 ictibus?
2367 4060 2454 4115 vel
2482 4060 2613 4130 quis
2633 4060 2704 4114 de
2726 4059 2986 4115 balbutie
3007 4061 3243 4115 illorum
3265 4061 3573 4116 beatorum

1940 4148 2258 4203 infantium
2304 4150 2566 4220 cogitans
2615 4166 2734 4202 non
2783 4149 3250 4219 lacrymabitur?
3300 4150 3576 4204 Videntes

1941 4238 2099 4292 enim
2132 4253 2304 4292 enses
2336 4242 2543 4292 contra
2587 4237 2746 4308 ipsos
2795 4237 3070 4305 vibratos,
3105 4243 3286 4309 utque
3316 4255 3350 4294 a
3378 4238 3519 4294 feris
3547 4255 3577 4294 e

1941 4326 2076 4380 sinu
2106 4332 2360 4380 matrum
2388 4326 2606 4396 arrepti
2637 4325 2712 4380 ad
2737 4327 2882 4381 istos
2905 4326 3246 4381 clamabant
3275 4326 3576 4382 dicebant-

1941 4430 2090 4484 que:
2124 4414 2361 4468 Dimitte
2395 4430 2509 4482 me,
2559 4415 2680 4481 vir;
2731 4431 2844 4486 quo
2895 4431 2989 4469 me
3039 4414 3330 4470 abducis?
3370 4432 3492 4469 non
3522 4421 3574 4470 te

1941 4520 2268 4575 cognosco;
2325 4505 2528 4575 ignoro
2585 4505 2717 4574 quis
2773 4504 2892 4570 sis;
2948 4521 3067 4558 non
3111 4509 3172 4558 tu
3205 4505 3351 4558 mihi
3383 4522 3444 4559 es
3475 4521 3576 4575 pa-

187 4596 248 4652 ἐκ
297 4599 405 4650 τῶν
459 4593 681 4650 κόλπων
761 4597 866 4648 τῶν
955 4591 1202 4665 μητέρων
1261 4588 1637 4660 ἀποσπώμενα
1692 4585 1817 4661 πρός

2001 4609 2045 4658 r,
2080 4597 2179 4647 aut
2208 4591 2408 4661 frater,
2442 4596 2544 4645 aut
2584 4591 2926 4657 avunculus,
2980 4597 3081 4646 aut
3109 4597 3392 4662 patruus;
3428 4607 3578 4646 non-

185 4683 383 4747 αὐτοὺς
441 4683 848 4762 ἀπεφθέγγοντο
931 4681 1020 4735 καὶ
1099 4676 1303 4752 ἔλεγον*
1361 4679 1530 4754 ’Ἄφες
1591 4696 1676 4750 με,
1739 4673 1831 4730 ἆν-

185 4785 390 4849 θρωπε,
438 4777 544 4828 ποῦ
604 4792 670 4845 με
727 4770 990 4845 ἀπάγειςς
1049 4767 1112 4822 ού
1167 4765 1415 4843 γνωρίζω
1467 4785 1542 4820 σε·
1579 4763 1679 4819 οὐκ
1709 4762 1832 4819 οἶδα

182 4862 268 4928 τίς
323 4864 386 4920 εἷ’
448 4860 548 4918 οὐκ
604 4861 651 4916 εἴ
695 4859 756 4914 σὺ
815 4855 940 4914 οὔτε
993 4859 1173 4931 πατήρ
1237 4877 1363 4930 μου,
1421 4851 1544 4911 οὕτε
1572 4852 1828 4932 ἀδελφὸς,

185 4952 311 5011 οὔτε
344 4951 749 5030 μητράδελφος,
795 4950 855 5006 οὗ
899 4945 1302 5025 πατράδελφος,
1333 4946 1421 5001 καὶ
1456 4947 1559 5001 οὐκ
1589 4943 1826 5020 ἔγνωσαν

189 5043 363 5112 ὅπως,
398 5040 526 5098 ούδὶ
555 5040 645 5098 διὰ
696 5040 749 5095 τί
797 5039 856 5095 ἐκ
908 5047 1009 5109 τῆς
1060 5045 1160 5114 γῆς
1216 5035 1553 5110 ἐπαίρεταιὴ
1589 5035 1701 5104 ζωὴ
1731 5033 1830 5088 αύ-

182 5137 315 5189 τῶν.
344 5137 410 5186 Ὠ
438 5130 758 5208 παρανομία
809 5133 908 5184 τοῦ
970 5127 1160 5202 βυθίου
1213 5123 1530 5199 δράκοντος,
1578 5123 1672 5184 τὰς
1703 5123 1830 5198 σάρ-

185 5240 284 5284 κας
332 5225 440 5275 τῶν
491 5218 747 5274 ἀναιτίων
790 5215 995 5272 παίδων
1049 5211 1414 5291 βεϐρωκότος,
1473 5209 1562 5266 καὶ
1602 5213 1677 5284 μὴ
1737 5210 1828 5284 ἐμ-

1939 4679 2079 4735 dum
2111 4685 2512 4752 cognoverunt
2536 4696 2640 4734 cur
2691 4696 2720 4733 e
2771 4684 2928 4735 terra
2975 4686 3174 4752 surgat
3202 4697 3405 4734 eorum
3437 4680 3575 4734 vita.

1940 4769 1983 4824 Ο
2007 4768 2198 4823 scelus
2216 4767 2493 4838 aquatilis
2511 4768 3238 4837 serpentis,innocentium
3258 4784 3575 4838 puerorum

1940 4873 2181 4912 carnem
2213 4855 2649 4923 devorantis,ac
2681 4873 2801 4910 non
2835 4857 3029 4910 satiati
3058 4855 3069 4908 Ξ
3103 4856 3247 4908 Cum
3281 4854 3438 4908 enim
3466 4871 3580 4908 caa-

1939 4945 2044 5000 des
2066 4944 2384 4998 infantium
2406 4949 2646 5014 peracta
2659 4944 2870 4998 fuisset
2891 4943 3018 4997 sine
3041 4942 3578 5005 commiseratione,

1938 5038 2102 5089 metu
2133 5038 2308 5104 atque
2339 5034 2574 5088 insania
2621 5031 2926 5105 quaerebat
2954 5031 3144 5086 adhuc
3175 5032 3439 5102 genitum
3488 5048 3581 5086 re-

1939 5142 2092 5196 gem,
2125 5141 2191 5180 ac
2222 5123 2632 5180 indesinenter
2688 5122 3022 5193 suspirabat
3069 5139 3137 5177 ac
3166 5122 3578 5189 tremescebat,

1940 5213 2081 5268 dum
2113 5214 2310 5268 anima
2335 5213 2463 5283 ejus
2495 5213 2565 5268 ab
2606 5214 2734 5283 ipso
2765 5211 2962 5267 ablata
2991 5218 3165 5267 esset.

184 5306 546 5379 πλησθέντος.
601 5309 719 5365 Ἔτι
778 5307 881 5382 γὰρ
932 5306 1020 5360 καὶ
1077 5311 1178 5374 τῆς
1235 5299 1615 5362 παιδοκτονίας
1670 5299 1919 5370 ἀνηλεῶς
1975 5299 2293 5376 γενομένης,
2353 5297 2530 5370 δειλίᾳ
2585 5299 2675 5353 καὶ
2734 5299 2963 5370 ἀπονοίᾳ
3017 5295 3093 5353 ἔτι
3156 5303 3332 5370 ζητῶν
3389 5300 3454 5368 ἦν
3484 5299 3574 5353 τὸν

183 5396 442 5472 τεχθέντα
500 5395 745 5473 βασιλέα’
805 5395 896 5451 καὶ
953 5395 1055 5449 οὐκ
1102 5391 1370 5448 ἐπαύσατο
1425 5388 1621 5445 στένων
1679 5389 1768 5444 καὶ
1827 5388 2068 5464 τρέμων,
2121 5385 2226 5451 ἕως
2286 5387 2346 5442 οὗ
2401 5390 2436 5456 ἡ
2498 5388 2650 5462 ψυχή
2710 5385 2873 5442 αὐτοῦ
2931 5386 3192 5464 ἀφαιρέθη
3245 5386 3334 5443 ἀπ’
3394 5387 3577 5442 αὐτοῦ.

1777 5508 1820 5561 Ν
1827 5507 1998 5562 ΟΤίΕ.

258 5617 336 5690 (1)
368 5618 470 5674 Hic
501 5616 673 5673 docet
701 5621 906 5672 auctor
936 5630 998 5670 se
1019 5615 1233 5670 vixisse
1265 5610 1461 5668 medio
1495 5609 1711 5666 saeculo
1740 5606 1956 5664 Christi
1990 5614 2210 5666 octavo.
