3888 6136
1617 264 1856 325 INDEX
1904 262 2402 326 ANALY'I‘ICUS
3562 263 3738 323 1508

2135 397 2191 450 ε’.
2229 397 2373 451 Ἐκεῖ
2405 396 2501 466 μὲν
2557 393 2648 448 οὖν
2685 396 2713 448 ὁ
2745 394 2950 469 Κύριος
3007 394 3058 449 ἐν
3115 395 3481 470 Εὐαγγελίοις
3521 394 3738 464 στηλι-

2061 483 2230 536 τεύων
2288 484 2385 550 τὴν
2448 487 2553 536 τῶν
2616 480 2890 537 Ἰουδαίων
2951 480 3157 552 ἄνοιαν,
3211 485 3281 554 τῇ
3337 481 3738 557 Ἰερουσαλήμ

315 271 467 331 1507

385 405 486 458 Hic
517 403 694 474 igitur
722 401 1006 455 Dominus
1039 400 1100 454 in
1133 400 1460 472 Evangeliis
1484 403 1697 454 notans
1719 397 1950 453 Judzeo-
1979 397 2032 462 Α

317 509 448 546 rum
473 491 786 552 insaniam,
802 489 1125 543 Jerusalem
1150 489 1328 542 dixit:
1354 490 1396 542 Ο
1413 489 1710 541 Jerusalem
1732 503 1850 555 quae
1869 503 1954 540 oc-

315 582 451 634 cidis
467 579 800 649 prophetas;
823 594 927 647 ego
951 593 1083 630 vero
1107 576 1237 630 dico
1263 581 1478 630 sanctae
1506 575 1950 640 Bethleem,non

313 668 725 730 incriminans,
762 664 864 718 sed
893 665 1232 735 gloriﬁcans
1258 681 1270 716 :
1306 663 1627 728 Bethleem,
1652 663 1954 716 Bethleem

311 756 411 809 ubi
434 756 666 826 genitus
695 758 783 806 est
809 753 1074 806 Christus
1098 770 1200 806 rex
1244 768 1514 823 magnus,
1542 756 1602 803 tu
1634 767 1764 820 quas
1796 750 1956 803 ultra

310 859 634 914 purpuram
666 840 884 910 regiam
933 845 991 893 et
1039 840 1304 910 byssum,
1343 838 1616 908 recepisti
1648 837 1954 892 beatorum

311 946 629 1000 puerorum
665 928 1036 998 sanguinem,
1089 928 1346 997 primum
1400 925 1764 980 sanctiﬁcata
1794 924 1955 978 fuisti

311 1018 540 1071 Christo
561 1018 622 1070 in
647 1016 864 1071 ﬁnibus
890 1016 970 1069 tui
996 1015 1278 1080 nato,imo
1303 1015 1361 1068 in
1385 1013 1500 1067 tuis
1524 1011 1869 1077 ﬁnibus,sed
1894 1013 1954 1064 in

310 1106 498 1176 teipso
515 1106 849 1158 venientem
868 1101 1234 1156 utmundum
1255 1101 1495 1167 salvet,e
1513 1099 1954 1170 Virginisilibus

314 1199 624 1247 exeuntem
655 1193 847 1263 prima
886 1190 1159 1260 recepisti
1188 1189 1652 1259 Primogenitum
1688 1187 1956 1242 omnium

310 1285 801 1345 creaturarum,et
822 1278 1088 1331 omnium
1109 1277 1485 1331 Conditorem
1508 1294 1521 1341 ;
1546 1275 1956 1345 posteriorem-

315 1385 429 1438 que
455 1366 983 1421 sanctificationem
1001 1365 1276 1434 recepisti
1301 1365 1648 1435 sanguinem
1670 1363 1954 1416 innocen-

321 1455 470 1510 tium
502 1472 568 1509 ac
596 1454 902 1508 beatorum
951 1469 1289 1523 puerorum.
1325 1452 1416 1504 Illi
1465 1452 1622 1506 enim
1656 1455 1795 1505 sunt
1823 1465 1954 1503 vere

311 1541 686 1610 innocentes,
720 1558 993 1611 quorum,
1018 1546 1083 1594 ut
1113 1556 1396 1611 agnorum
1433 1539 1794 1609 simplicium
1826 1555 1956 1592 san-

309 1629 437 1701 guis
485 1646 589 1699 pro
649 1634 848 1683 nostro
917 1630 1189 1683 Creatore
1253 1632 1342 1682 est
1402 1629 1640 1680 elTusus.
1678 1625 1954 1680 Obe'atos

308 1717 656 1770 innocentes
689 1717 833 1786 legis
862 1717 1179 1769 DOIIlllllCtB
1205 1715 1360 1768 haud
1394 1715 1634 1780 inscios,
1659 1719 1716 1766 et
1744 1714 1803 1766 in
1827 1713 1954 1782 lege

307 1805 472 1858 illius
503 1805 576 1858 ad
607 1821 741 1858 eum
775 1809 1084 1875 pergentes
1113 1803 1124 1855 !
1160 1819 1191 1856 ο
1236 1803 1429 1872 pullos
1460 1801 1779 1855 rationales
1810 1817 1952 1871 pru-

310 1893 577 1948 dentium
604 1900 897 1948 turturum
921 1911 987 1947 ac
1015 1893 1374 1962 simplicium
1398 1893 1952 1955 columbarum,non

311 1983 637 2036 secundum
669 1983 857 2052 legem
891 1983 1007 2034 Deo
1041 1981 1268 2034 oblatos
1298 1981 1308 2033 ί
1340 1981 1450 2034 Sed
1481 1981 1668 2051 gratia
1714 1980 1948 2046 Christi,

308 2087 414 2140 pro
460 2088 526 2124 eo
581 2071 882 2124 innocenti
915 2070 1156 2124 illorum
1213 2069 1450 2139 sanguis
1483 2070 1702 2122 effusus
1729 2074 1872 2122 erat.
1907 2069 1948 2122 Ο

306 2159 518 2212 vitulos
542 2159 867 2211 secundum
900 2159 1237 2227 prophetas,
1272 2174 1301 2209 e
1335 2156 1582 2209 vinculis
1632 2156 1855 2210 solutos
1888 2157 1948 2209 in

311 2246 527 2315 quibus
559 2250 726 2298 erant
756 2245 980 2309 victuri,
1041 2250 1098 2297 et
1153 2261 1271 2314 prae
1327 2244 1532 2297 latitia
1563 2244 1946 2311 exsultantes,

310 2333 662 2403 quibuscum
693 2332 960 2386 Christus
986 2336 1190 2385 noster
1223 2332 1376 2385 Deus
1403 2337 1630 2402 partem
1663 2337 1721 2386 et
1751 2333 1946 2387 haere-

308 2418 552 2473 ditatem
584 2418 753 2472 nobis
785 2418 1086 2486 concedet,
1121 2419 1260 2488 quia
1285 2417 1359 2472 ad
1382 2434 1517 2472 eum
1549 2419 1808 2489 pertinet
1841 2419 1946 2473 de-

309 2524 434 2573 cus,
467 2507 672 2577 gloria,
706 2512 764 2561 et
793 2506 1056 2561 adoratio
1092 2512 1148 2560 et
1191 2507 1381 2560 honor
1411 2524 1590 2574 nunc,
1625 2524 1859 2578 semper
1889 2513 1946 2562 et

305 2612 413 2666 per
443 2596 644 2650 omnia
677 2595 894 2650 saecula
921 2595 1293 2649 saeculorum.
1327 2596 1534 2649 Amen.

2061 566 2184 645 ἔφη·
2244 569 2612 645 Ἰερουσαλήμ
2669 571 2703 638 ἡ
2761 569 3149 624 ἀποκτείνουσα
3211 570 3339 630 τοὺς
3396 573 3732 647 προφήτας·

2063 657 2168 730 ἐγὼ
2202 656 2259 712 δέ
2289 679 2432 732 φτνμι
2464 662 2530 729 τῇ
2562 657 2685 732 ἁγία
2708 657 2984 729 Βηθλεὲμ,
3012 659 3140 732 οὐχὶ
3168 658 3544 728 στηλιτεύων,
3581 657 3736 714 ἀλλᾶ

2065 742 2320 814 δοξάζων·
2359 743 2627 817 Βηθλεὲμ,
2679 743 2954 817 Βηθλεὲμ,
3011 745 3063 799 ἐν
3213 745 3480 820 ἐγεννήθη
3521 748 3556 799 ὁ
3592 749 3732 818 Χρι-

2063 832 2183 893 στὸς
2215 833 2242 887 ὁ
2279 832 2442 905 μέγας
2468 832 2753 902 Βασιλεὺς,
2813 835 2847 900 ἡ
2912 834 3041 905 ὑπὲρ
3094 833 3379 910 πορφύραν
3418 832 3734 908 βασιλικήν

2061 920 2150 974 καὶ
2209 919 2425 995 βύσσον,
2486 918 2748 992 δεξαμένη
2833 921 2900 974 τὰ
2959 925 3062 974 τῶν
3126 921 3423 995 μακαρίων
3496 921 3731 991 νηπίων

2063 1006 2284 1080 α’ίματα,
2346 1012 2563 1083 πρῶτον
2627 1009 2721 1080 μὶν
2779 1009 3050 1082 ἡγιάσθης
3109 1007 3160 1063 ἐν
3218 1016 3336 1072 τοῖς
3395 1009 3584 1083 ὁρίοις
3636 1031 3734 1062 σου

2060 1097 2367 1170 τεχθέντος,
2399 1095 2488 1150 καὶ
2521 1095 2620 1150 οὐκ
2648 1095 2699 1150 ἐν
2741 1101 2858 1159 τοῖς
2906 1095 3078 1170 ὁρίοις
3105 1117 3222 1168 σου,
3253 1095 3381 1151 ἀλλ’
3414 1096 3470 1151 ἐν
3503 1098 3603 1150 σοὶ
3633 1098 3733 1150 αὖ·

2060 1186 2151 1255 τῇ,
2182 1183 2273 1236 τὸν
2303 1182 2524 1246 ἐλθόντα
2552 1182 2640 1237 ἳνα
2672 1185 2819 1256 σώσῃ
2868 1183 2960 1238 τὸν
3016 1183 3246 1257 κόσμον,
3277 1183 3336 1238 ἐκ
3366 1186 3729 1259 παρθενικῶν

2065 1270 2308 1344 λαγόνων
2341 1271 2680 1346 προελθόντα
2709 1274 2898 1343 πρώτη
2939 1271 3200 1346 δεξαμένη
3233 1274 3323 1328 τὸν
3355 1274 3734 1346 πρωτότοκον

2062 1360 2238 1428 πάσης
2267 1367 2366 1429 τῆς
2412 1360 2658 1428 κτίσεως,
2716 1361 2808 1415 καὶ
2867 1363 3209 1437 Δημιουργὸν
3264 1367 3370 1416 τῶν
3432 1361 3728 1416 ἁπάντων·

2061 1449 2152 1501 καὶ
2187 1445 2431 1520 δεύτερον
2461 1450 2730 1522 ἀγιασμὸν
2759 1446 2919 1519 ἐδέξω
2969 1449 3037 1504 τὰ
3083 1449 3285 1522 α’ίματα
3311 1455 3417 1506 τῶν
3454 1451 3727 1522 ἆμώμων

2061 1536 2150 1590 καὶ
2185 1538 2463 1612 μακαρίων
2497 1535 2727 1591 παίδων·
2757 1537 2910 1592 αὐτοὶ
2966 1538 3066 1612 γὰρ
3126 1539 3257 1592 εἰσιν
3299 1539 3532 1608 ἀληθῶς
3567 1540 3729 1610 ἄμω-

2067 1643 2179 1696 μοι·
2215 1627 2287 1679 ὧν
2318 1646 2477 1679 τινων
2540 1626 2611 1686 ὡς
2672 1624 2867 1699 ἀρνίων
2928 1625 3138 1680 ἀκάκων
3181 1628 3244 1681 τὸ
3275 1629 3416 1700 αἷμα
3450 1627 3597 1702 ὑπὲρ
3631 1632 3730 1682 τοῦ

2062 1715 2391 1782 ποιήσαντος
2424 1716 2569 1784 ἡμᾶς
2602 1714 2852 1788 ἐξεχύθη.
2887 1721 2950 1767 Ὦ
3004 1715 3280 1787 μακαρίων
3313 1716 3580 1788 ἀμώμων
3613 1721 3726 1770 τῶν

2059 1801 2149 1854 τὸν
2181 1801 2350 1874 νόμον
2383 1801 2582 1876 Κυρίου
2619 1803 2692 1875 μὴ
2752 1803 3203 1877 ἆναγνωσάντων,
3233 1805 3321 1858 καὶ
3352 1803 3406 1858 ἐν
3443 1809 3530 1875 τῷ
3563 1807 3728 1877 νόμῳ

2060 1889 2222 1944 αὐτοῦ
2261 1890 2397 1964 πρὸς
2441 1889 2596 1945 αὐτὸν
2630 1893 3037 1965 πορευθέντωνί
3089 1897 3152 1946 Ὢ
3199 1897 3438 1947 νεοσσῶν
3470 1893 3727 1968 λογικῶν

2060 1982 2236 2054 σοφῶν
2266 1979 2542 2053 τρυγόνων
2587 1979 2675 2033 καὶ
2729 1979 2992 2052 ἀκεραίων
3044 1985 3399 2055 περιστερῶν,
3433 1986 3550 2036 τῶν
3585 1982 3726 2057 οὐχὶ

2056 2071 2299 2139 νομικῶς
2357 2068 2827 2141 προσενεχθέντων
2883 2073 2961 2138 τῷ
3009 2073 3148 2140 Θεῷ,
3181 2067 3327 2123 ἀλλᾶ
3355 2070 3558 2145 χάριτι
3589 2077 3725 2144 Χρι-

2057 2159 2204 2221 στοῦ,
2241 2156 2370 2228 ὑπὲρ
2401 2154 2563 2209 αὐτοῦ
2601 2159 2696 2209 τοῦ
2754 2156 3062 2230 ἀμωμήτου
3119 2163 3215 2212 τοῦ
3254 2157 3491 2230 α’ίματος
3526 2159 3713 2214 αὐτῶν

2056 2241 2410 2316 ἐκχυθέντοςί
2471 2245 2537 2296 Ὦ.
2593 2244 2913 2318 μοσχαρίων
2971 2251 3326 2322 προφητικῶς
3365 2245 3428 2301 ἐκ
3475 2253 3594 2302 τῶν
3627 2247 3711 2303 δε-

2056 2335 2207 2402 σμῶν
2241 2332 2314 2383 ὧν
2343 2327 2579 2402 ἔμελλον
2633 2331 2884 2406 πράττειν
2939 2333 3247 2405 ἀνεθέντων,
3307 2335 3397 2389 καὶ
3447 2335 3499 2390 ἐν
3539 2335 3718 2410 ἀγαλ-

2056 2416 2231 2472 λιάσει
2289 2417 2673 2492 σκιρτούντων’
2737 2421 2854 2491 μεθ’
2912 2421 2985 2474 ὧν
3044 2422 3338 2496 Χριστὸςὸ
3376 2425 3511 2484 Θεὸς
3549 2426 3715 2497 ἡμῶν

2060 2504 2254 2578 μερίδα
2306 2505 2396 2560 καὶ
2448 2505 2656 2582 κλῆρον
2717 2505 2875 2562 δώσει
2936 2511 3091 2581 ἡμῖν·
3156 2511 3238 2564 δτι
3309 2511 3460 2582 αὒτῷ
3515 2514 3721 2586 πρέπει

2054 2591 2200 2665 δόξα,
2232 2597 2392 2667 τιμή,
2424 2595 2792 2670 προσκύνησις
2839 2598 2928 2651 καὶ
2985 2599 3461 2674 μεγαλοπρέπεια,
3495 2605 3598 2654 νῦν
3632 2603 3723 2656 καὶ

2051 2680 2154 2749 ἀεὶ,
2181 2681 2270 2735 καὶ
2299 2681 2372 2743 εἷς
2393 2683 2520 2745 τοὺς
2543 2684 2856 2756 σύμπαντας
2883 2684 3084 2748 αἰῶνας
3106 2691 3217 2742 τῶν
3243 2687 3721 2762 αἰώνων.³Αμήν.

1144 3012 1319 3133 ΙΝ
1334 3011 1800 3133 DICES
1904 3014 2858 3140 ANALYTICI.

1571 3341 1914 3428 INDEX
2028 3343 2420 3429 RERUM

305 3515 465 3582 QUE
514 3517 588 3570 IN
638 3514 1315 3571 DISSERTA'I‘IONIBUS
1361 3515 1868 3571 DAMASCENICIS
1917 3517 2008 3571 ET
2052 3517 2217 3571 VlTA
2276 3519 2333 3572 S.
2382 3519 2680 3577 JOANNIS
2719 3521 3125 3579 DAMASCENI
3170 3525 3709 3589 CONTINENTUB.

956 3672 1259 3726 Rcvocalur
1280 3671 1465 3726 Lector
1486 3669 1554 3724 ad
1585 3671 1802 3725 litteras
1830 3672 2145 3726 numerate:
2174 3671 2324 3727 inter
2350 3689 2515 3728 uncos
2541 3677 2748 3745 positas
2777 3679 2838 3733 in
2867 3685 3034 3734 textu.

978 3825 1109 3886 Qua:
1141 3821 1396 3876 asterz'cis
1427 3826 1708 3888 notantur,
1739 3821 1808 3876 ad
1847 3822 2036 3878 Vitam.
2064 3827 2123 3878 S.
2154 3825 2380 3879 Joannis
2410 3825 2733 3884 Damascem'
2758 3837 3018 3900 spectant.

1084 4122 1143 4186 A

357 4242 792 4292 Abdelmelichus
822 4244 1096 4302 Chalipha.
1127 4259 1214 4305 vn,
1247 4258 1372 4295 ann.

360 4307 641 4370 Acmmette
675 4307 921 4370 monachi
945 4307 1188 4356 Nestorio
1211 4308 1422 4362 addicti,
1447 4321 1592 4355 LVIII.
1615 4307 1683 4356 Su
1695 4309 1933 4370 pposito-

291 4381 414 4416 rum
448 4366 608 4416 variis
639 4369 946 4418 auctoribus
994 4383 1215 4430 operum
1247 4370 1552 4418 conditores
1581 4366 1832 4432 suspecti,
1863 4385 1932 4432 ιι,

293 4441 473 4478 ιινιιι.

352 4490 588 4553 Δέίιγριὶἰ
624 4490 905 4540 orthodoxi
937 4505 1154 4552 azymos
1185 4505 1354 4555 panes
1383 4492 1638 4541 obtulisse
1668 4492 1931 4555 feruntur,

290 4563 510 4602 LXXXIII.

355 4612 658 4676 Alexander
683 4618 869 4661 auctor
898 4615 1158 4663 orationis
1205 4615 1269 4663 de
1301 4614 1352 4664 S.
1387 4615 1650 4670 Barnaba,
1685 4628 1790 4676 quo
1816 4630 1931 4666 aevo

290 4674 581 4731 scripserit,
615 4689 714 4722 LIX.

350 4737 652 4786 Alexander
683 4737 1118 4795 Hierapolitauus
1146 4737 1376 4788 Nestorii
1408 4739 1601 4794 fautor,
1636 4753 1680 4786 ι..

353 4798 563 4864 Alcuini
581 4806 734 4864 astate
751 4799 1223 4864 R_oniannEt-.clesia
1241 4817 1422 4864 azyma
1440 4801 1930 4864 olIcrcbat,Lxxxv1.

321 4923 330 4933 .
358 4861 760 4921 Amphilochius
779 4861 1015 4911 Sidensis
1033 4861 1451 4912 Chalcedoncusi
1467 4866 1671 4927 synodo
1686 4863 1932 4913 refracta-

290 4937 422 4976 Γιυβ,
451 4937 563 4971 XLV.

351 4984 671 5032 Ammonius
704 4985 1082 5035 Alexandrinae
1114 4985 1311 5035 scholas
1337 4988 1614 5047 magister,
1645 4988 1928 5036 XLVIII.JIJ-

289 5044 490 5095 llanum
525 5047 1044 5110 llalicarnassensem
1097 5054 1369 5110 assumpta
1427 5044 1571 5097 Pauli
1601 5044 1930 5098 Samosateni

289 5121 524 5172 persona
557 5113 760 5172 enecat,
794 5108 928 5159 ibid.
965 5111 1091 5172 Ejus
1120 5115 1250 5159 tetas
1281 5108 1598 5164 Ostenditur.
1629 5111 1755 5158 ibid.

349 5171 663 5218 Anastasius
697 5171 734 5218 ll
769 5171 1141 5221 Antiochenus
1178 5174 1518 5222 homiliarum
1551 5173 1604 5220 in
1639 5173 1930 5223 Hexaeme-

288 5244 387 5279 ron
422 5238 625 5290 uurtor,
653 5246 789 5279 XLVII

351 5294 686 5341 ’Anastasius
715 5293 848 5341 Petri
877 5295 1184 5343 Damasceni
1208 5310 1497 5353 successor,
1531 5308 1682 5351 xxiii,
1710 5309 1835 5343 ann.

347 5356 785 5421 Anathematismi
801 5354 1055 5421 Gregorio
1069 5359 1466 5421 'l‘haumaturgo
1481 5358 1762 5421 suppositi,
1779 5359 1930 5420 Apol-

283 5415 540 5465 linaristis
567 5419 824 5466 reddendi
857 5420 1001 5472 sunt,
1035 5433 1229 5467 xxxvu.

346 5480 581 5528 Anselmi
613 5477 1019 5528 Cantuariensis
1050 5481 1114 5529 de
1144 5482 1371 5543 Spiritus
1393 5483 1561 5532 sancti
1588 5481 1927 5545 processione

283 5543 561 5600 tractatus,
587 5555 634 5600 v,
669 5555 773 5590 nx.

2114 4124 2855 4188 Anselmnsliavelbergcnsis
2882 4143 3000 4180 cum
3030 4129 3226 4182 Graecis
3255 4133 3498 4184 solemne
3526 4137 3692 4188 collo-

2052 4186 2236 4248 quium
2268 4186 2471 4244 habuit,
2503 4202 2579 4248 ιι,
2610 4186 2798 4239 Lxxxv.

2111 4255 2431 4328 Apollinarii
2463 4271 2685 4318 operum
2716 4260 2962 4328 index_ab
2983 4264 3098 4328 ejus
3120 4263 3382 4328 discipulo
3403 4266 3689 4319 Timotheo

2049 4323 2402 4391 conscriptus,
2447 4332 2638 4391 πέδη,-
2672 4336 2841 4391 seqq._
2871 4323 3330 4391 Ejus't'amiliares
3368 4329 3688 4383 locutiones.

2042 4393 2196 4449 xxav,
2217 4385 2270 4428 et
2299 4394 2448 4443 seqq.
2480 4381 2727 4443 Ejusdem
2750 4381 2984 4447 epistola
3006 4387 3069 4435 ad
3103 4387 3419 4452 Dionysium
3441 4381 3686 4442 Corinthi

2043 4455 2378 4504 episcopum,
2412 4457 2587 4492 xxxw.

2110 4503 2474 4570 Apollinei-ius
2495 4510 2682 4554 auctor
2713 4506 2855 4556 illius
2876 4509 3019 4570 dicti,
3050 4511 3210 4560 Uuam
3235 4513 3327 4560 Dei
3358 4513 3514 4564 Verbi
3533 4522 3685 4564 nata-

2040 4580 2153 4636 ram
2183 4567 2530 4636 incantatam,
2561 4567 3069 4636 nstinetseqqfld
3092 4573 3322 4636 Cyrillus
3351 4577 3417 4624 ab
3450 4578 3681 4628 Athana-

2043 4629 2122 4676 sio
2153 4627 2451 4690 profectum
2485 4633 2712 4692 putavit,
2744 4631 2872 4680 ibid.

2106 4707 2328 4777 Articuli
2349 4708 3031 4777 adsarciendamunionem
3050 4714 3326 4777 utriusque
3340 4716 3595 4769 Ecclesiae
3618 4721 3679 4770 ab

2042 4767 2357 4817 Innocentio
2381 4769 2446 4817 ιν
2465 4775 2516 4820 et
2538 4772 2840 4822 Alexandro
2867 4774 2932 4821 ιν
2963 4775 3191 4838 probati,
3223 4767 3331 4826 in.

2105 4847 2381 4896 Athanasii
2411 4861 2517 4896 non
2551 4855 2634 4897 est
2663 4852 2922 4912 expositio
2954 4854 3070 4902 ﬁdei
3103 4854 3167 4903 de
3205 4857 3581 4910 incarnatione
3615 4861 3676 4910 ad

2041 4911 2347 4966 Jovianum,
2382 4925 2538 4959 xxxii.
2570 4913 2661 4962 Est
2687 4911 3014 4975 Apollinarii,
3043 4930 3225 4966 xxxiii.

2104 4986 2405 5056 Athanasio
2429 4993 2765 5056 suppositum
2795 5007 2946 5054 opus,
2967 4994 3123 5056 Quod
3164 5010 3296 5046 unus
3323 5000 3391 5047 sit
3424 5000 3675 5056 Christus.

2037 5061 2190 5122 smn.
2235 5049 2630 5123 Apollinarislte
2653 5054 2794 5123 fetus
2825 5049 2924 5123 est,
2956 5049 3085 5123 ibid.
3118 5056 3245 5123 l_tem
3277 5074 3415 5123 opus
3443 5049 3591 5111 aliud
3618 5049 3677 5112 de

2040 5111 2408 5183 incarnatione
2437 5113 2540 5183 pei
2582 5115 2966 5183 Verbi,_contra
2992 5118 3227 5183 _Paulum
3267 5111 3674 5183 Sdmosalmum,

2200 5173 2602 5282 (iqrvpraeﬁxum
2634 5178 2716 5225 his
2747 5179 2894 5228 libris
2920 5180 3197 5230 Athanasii
3220 5197 3434 5245 nomen,
3463 5173 3676 5251 conjec-1

2062 5249 2186 5290 auo,
2220 5249 2349 5282 xuv.

2101 5297 2623 5369 fAuctorhoratiopis
2653 5301 2832 5369 _D_e_iis
2864 5304 2954 5369 qui
2980 5304 3037 5351 in
3064 5305 3166 5369 ﬁde
3195 5306 3535 5368 dormierunt,
3569 5325 3673 5360 non

2039 5362 2365 5423 existimavit
2392 5363 2620 5416 gentiles
2651 5362 2963 5414 idolalat'rite
2984 5371 3036 5414 et
3063 5362 3182 5415 aliis
3203 5371 3498 5421 sceleribus
3525 5362 3675 5423 addi-

2039 5425 2170 5477 ctos,
2205 5419 2367 5486 fuisse
2390 5423 2636 5472 liberatos
2665 5439 2695 5472 a
2723 5425 2948 5476 Domino
2977 5428 3104 5476 dum
3136 5419 3420 5481 descendit
3442 5419 3512 5484 ad
3535 5419 3674 5486 iit};-

2036 5497 2142 5548 ros,
2175 5483 2512 5548 xiv._Au_ctor
2540 5488 2802 5536 sermonis
2840 5489 2909 5537 De
2939 5489 3268 5542 Philocomii:
3297 5483 3544 5548 accurate
3561 5483 3672 5548 ῐιόυ

2037 5544 2248 5607 scripsit
2277 5544 2342 5594 de
2371 5545 2578 5596 Joanne
2607 5549 2953 5611 Damasceno,
2985 5565 3043 5613 ιι,
3080 5567 3207 5603 ann.
