3888 6136
409 175 564 234 1563

469 304 636 354 Venia
666 304 870 369 indigni
900 309 1046 361 sunt,
1075 305 1165 368 qui
1197 307 1414 369 gratiam
1465 306 1701 354 divinam
1734 307 2047 355 muneribus

412 370 732 426 mercantur,
767 368 876 415 721.

471 430 669 477 Venter
686 429 933 477 dominus
949 430 1307 491 gravissimus.
1328 431 1435 478 417.
1454 430 1822 476 Contentionis
1841 430 2043 485 avidus,

409 493 516 539 418.
556 491 780 538 lntidum
812 506 972 553 penu,
1006 495 1058 537 et
1087 496 1363 552 pertusum
1398 492 1621 553 dolium,
1655 492 1766 539 622.

472 555 647 600 Venus
678 558 1020 614 praepostera.
1054 557 1161 602 643.

468 615 700 668 Verbum
734 613 972 663 divinum
1023 616 1204 663 omnia
1253 613 1622 675 complectitur
1667 619 1719 661 et
1764 614 1949 675 replet,
1982 628 2045 661 ex

408 676 644 729 Philone.
676 683 784 729 752.
818 676 1049 724 Verbum
1103 679 1236 724 Deus
1265 691 1385 723 caro
1436 676 1605 723 factus
1636 676 1910 723 hominum
1948 677 2047 723 erit

402 738 584 846 igdex,
614 738 725 790 75E).
758 738 882 799 Ejus
910 738 1199 786 descensus
1229 739 1356 799 quid
1410 736 1845 813 signiﬁcat,_8t3:
1880 736 2042 808 Verbi

455 806 585 846 eitas
615 809 667 846 et
697 814 925 846 nersona
956 815 985 846 a
1034 814 1254 846 corpore
1307 803 1359 846 et
1390 813 1570 846 anima
1602 799 1792 846 (.hristi
1828 813 1879 845 in
1929 812 2042 846 eius

455 801 585 847 eitas
615 809 667 851 et
697 798 925 865 persona
956 815 985 847 a
1034 798 1257 865 corpore
1307 803 1359 847 et
1390 798 1570 847 anima
1602 798 1792 846 Christi
1828 800 1879 845 in
1929 799 2044 859 ejus

404 869 574 908 morte
606 861 712 913 non
743 865 991 922 separata
1020 867 1114 917 est,
1146 861 1254 908 828.

468 923 667 995 Veritas
702 921 861 995 captu
892 923 1129 995 difﬁcilis,
1164 922 1272 993 357.
1305 921 1516 995 Nullius
1539 936 1645 995 ope
1682 922 1901 995 indiget,
1932 921 2042 995 357.

402 983 533 1032 Visu
561 984 715 1036 ﬁdem
750 982 928 1043 habet,
950 986 1285 1031 mendacium
1310 985 1514 1034 auditu.
1539 982 1647 1030 754.
1682 985 1795 1031 Non
1821 982 2041 1035 silenda.

401 1044 510 1092 337.
535 1046 639 1096 Sibi
675 1048 867 1097 sufﬁcit
888 1046 950 1093 ad
976 1060 1186 1093 causam
1220 1059 1365 1092 suam
1394 1045 1664 1100 tuendam,
1694 1045 1803 1093 754.
1837 1044 2043 1091 Veritas

402 1112 451 1152 et
489 1109 852 1157 testimonium
886 1108 1058 1161 ﬁdele,
1095 1108 1200 1153 396.
1242 1107 1486 1153 Veritatis
1517 1121 1687 1153 sermo
1721 1107 1854 1153 liber
1882 1112 1961 1153 est
1991 1111 2044 1154 et

400 1167 481 1215 sui
513 1169 666 1229 juris,
702 1171 811 1219 756.
844 1170 951 1219 Deo
984 1171 1225 1227 mittitur,
1258 1169 1387 1215 ibid.
1438 1168 1647 1216 Veritas
1694 1168 1866 1229 ampla
1895 1181 2035 1216 com-

402 1234 690 1288 mendatio,
724 1231 855 1279 ibid.

462 1292 737 1355 Veientis:
770 1297 966 1355 quanta
997 1292 1113 1353 ejus
1144 1292 1298 1355 mala,
1330 1292 1439 1337 658.

462 1351 913 1421 Vestimentorum
949 1351 1093 1421 usus,
1148 1354 1285 1421 quis,
1332 1351 1621 1421 368._Quod
1657 1351 1711 1399 in
1744 1358 1888 1400 veste
1920 1352 2040 1414 pul-

401 1414 720 1465 cherrimum
752 1422 847 1471 est,
882 1414 1013 1462 nulli
1051 1411 1179 1461 usui
1208 1419 1302 1469 est,
1334 1411 1468 1461 ibid.

462 1474 627 1525 Vetus
656 1480 970 1527 fermentum
1004 1476 1242 1535 nequitia
1273 1476 1463 1529 omnis,
1497 1474 1573 1521 78.

460 1537 715 1588 Vetustus
745 1540 997 1587 convivas
1031 1536 1250 1598 potandi
1283 1538 1489 1590 modus,
1524 1536 1633 1585 604.

409 1600 557 1707 tit/{ia
586 1602 728 1650 bona
759 1606 811 1649 et
840 1601 999 1662 mala,
1031 1597 1141 1647 627.
1187 1597 1301 1646 Vite
1354 1599 1583 1660 obliqua:
1632 1597 1861 1647 vitandae
1893 1602 2035 1659 sunt,

409 1676 414 1706 ἰ
456 1677 474 1707 ι
519 1697 530 1707 .

399 1675 530 1708 una.

460 1723 704 1772 Viatores
732 1737 920 1772 omnes
949 1736 1133 1769 sumus
1164 1735 1280 1770 cum
1314 1720 1558 1777 vivimus,
1591 1723 1697 1769 318.
1731 1720 2037 1770 Viatoribus

398 1784 681 1834 inferiores
711 1800 911 1840 sumus,
946 1784 1053 1833 500.

458 1846 662 1903 Viduas,
695 1847 805 1895 625.

457 1907 711 1969 Vigilanti
740 1910 915 1956 animo
950 1920 1063 1955 esse
1096 1910 1321 1968 oportet,
1358 1905 1464 1955 616.

458 1969 671 2029 Vigilia,
706 1970 817 2018 700.

455 2031 735 2078 Vindemia
770 2031 878 2080 552.

456 2092 705 2140 Vindicta
732 2094 811 2140 bis
838 2094 902 2140 de
934 2106 989 2139 re
1021 2090 1207 2138 eadem
1243 2104 1346 2138 non
1378 2090 1654 2151 exigenda,
1676 2090 1785 2137 521.

458 2153 655 2201 Vinum
687 2159 738 2202 et
760 2153 875 2215 ejus
898 2166 1045 2208 usus,
1067 2152 1176 2199 629.
1198 2152 1317 2200 Non
1344 2150 1772 2213 vituperandum,
1794 2150 2033 2208 603.Quze

396 2215 535 2261 mala
565 2222 725 2271 creet,
752 2216 861 2262 412.

396 2276 718 2383 3qViolentia
740 2277 803 2324 ad
829 2290 1051 2334 regnum
1074 2274 1329 2322 caelorum
1354 2273 1667 2335 rapiendum
1690 2274 1911 2323 honesta
1933 2278 2029 2330 est,

454 2398 663 2457 Viperaa
694 2412 812 2445 cum
844 2411 1084 2446 muraena
1113 2398 1301 2455 coitus,
1332 2397 1440 2446 642.

451 2459 545 2506 Vir
576 2459 832 2507 honestus
859 2473 1139 2507 commune
1160 2463 1238 2505 est
1267 2460 1486 2519 bonum,
1507 2460 1617 2507 750.
1643 2460 1734 2506 Vir
1760 2459 2028 2508 studiosus

389 2521 601 2568 virtutis
624 2522 805 2577 paucis
832 2520 1049 2581 indiget,
1082 2521 1189 2569 613.
1224 2522 1312 2568 Vir
1343 2523 1543 2569 otiosus
1574 2535 1603 2569 a
1635 2522 1894 2569 sexcentis
1917 2523 2027 2581 spi-

388 2581 581 2629 ritibus
608 2583 848 2643 captivus
879 2588 1104 2636 tenetur,
1128 2582 1233 2645 361.
1256 2582 1379 2645 iViri
1406 2584 1533 2645 justi
1563 2585 1831 2642 proprium
1857 2588 1937 2631 est
1959 2583 2027 2630 la-

388 2657 515 2702 psus
541 2658 665 2690 suos
690 2645 1092 2704 persentiscere.
1121 2643 1229 2691 777.
1254 2644 1381 2692 Viro
1409 2643 1726 2702 continenti,
1750 2647 1931 2692 turbas
1956 2646 2028 2693 vi-

388 2709 494 2751 lare
525 2704 932 2768 convenit._754.
973 2705 1077 2752 Viri
1111 2706 1259 2766 probi
1300 2710 1353 2753 et
1378 2706 1525 2768 justi,
1576 2708 1686 2768 439.
1722 2708 1831 2753 Non
1865 2708 2026 2754 rel-n-

381 2765 596 2827 quendi,
628 2766 737 2814 689.
762 2766 873 2814 Viri
896 2765 1164 2827 sapientes
1193 2765 1446 2828 :juvandi
1472 2772 1612 2823 sunt,
1635 2766 1745 2815 680.
1776 2768 2023 2817 Virorum

382 2909 776 2919 Ἥ

384 2924 776 2934 ——-———____

1839 177 2049 235 ORDO
2092 176 2372 235 RERUM

3637 178 3668 232 1
3679 177 3786 233 564

2156 306 2445 416 Eii-phorum
2504 305 2931 363 contubernium,
2990 306 3099 356 688.
3156 305 3405 361 Paucitas
3452 310 3503 355 et
3550 309 3783 368 penuria.

2218 428 2437 487 Virgine
2468 430 2746 489 indignum
2796 429 2993 491 opibus
3038 434 3090 477 et
3145 430 3370 485 negotiis
3422 430 3657 491 studere,
3683 432 3783 480 643.

2155 492 2434 548 Virginum
2471 497 2785 551 prminatura
2811 490 3056 547 eloealio,
3095 494 3339 538 scorlatio
3373 496 3470 549 est,
3502 494 3611 539 643.

2217 550 2449 614 Virginis
2473 550 2656 601 Mariae
2689 567 2881 612 corpus
2912 553 3221 607 tumulatur,
3242 552 3351 599 876.
3377 552 3432 599 In
3466 557 3627 601 casias
3648 569 3787 601 assu-

2154 613 2333 676 mitur,
2368 614 2490 661 ibid.
2524 616 2568 662 A
2604 616 2945 676 corruptione
2976 616 3173 661 servari
3205 616 3554 667 congruebat.
3591 616 3714 664 ibid.

2216 675 2519 735 Virginitas,
2547 676 2656 724 640.
2680 675 2793 723 Non
2818 677 3069 723 omnibus
3097 678 3438 738 imponenda,
3456 676 3564 723 642.
3587 678 3789 737 Nuptiis

2151 741 2394 794 superior
2423 745 2518 792 est,
2550 740 2659 787 648.

2214 798 2394 847 Virtus
2414 800 2502 847 Dei
2520 800 2583 847 ad
2607 800 2849 857 salutem,
2869 812 2978 847 non
3000 798 3238 845 absolute
3261 802 3312 845 et
3332 798 3787 847 indiseriminatim

2152 861 2400 908 omnibus
2418 862 2558 919 data,
2575 863 2621 908 4.
2640 861 2846 908 Virtute
2863 859 3066 921 gratius
3082 862 3297 907 domum
3319 874 3426 907 non
3443 866 3523 908 est
3541 863 3661 916 Deo,
3678 861 3787 908 273.

2150 921 2275 979 Eius
2304 922 2657 981 conditiones,
2690 923 2766 971 47.
2799 921 3023 969 Virtutis
3048 921 3327 982 praemium
3358 926 3439 969 est
3470 923 3631 970 Deum
3658 924 3789 981 ﬁeri,

2150 984 2257 1032 383.
2289 984 2395 1031 Cur
2429 985 2735 1032 inchoatum
2784 986 2995 1031 virtutis
3024 998 3161 1044 opus
3190 984 3400 1044 quidam
3437 985 3689 1042 perﬁcere
3727 999 3787 1031 ne

2149 1046 2445 1106 quiverunt,
2479 1046 2589 1094 701.
2622 1044 2856 1093 Virtutes
2888 1059 3036 1092 vanae
3066 1047 3181 1092 sine
3213 1046 3564 1106 eleemosyna.
3596 1048 3707 1092 488.

2212 1106 2483 1154 Viatorum
2509 1112 2603 1160 est.
2628 1108 2737 1156 500.
2762 1108 2877 1154 Vita
2894 1107 3149 1165 ﬂagitiosa
3180 1106 3307 1165 quid
3333 1108 3659 1154 amatoribus
3679 1106 3791 1154 suis

2149 1170 2404 1221 conferat,
2425 1169 2535 1216 635.
2570 1168 2705 1227 Quid
2739 1167 2863 1216 item
2899 1174 3139 1221 honesta,
3161 1168 3298 1230 ibid.
3330 1169 3618 1215 Consilium
3649 1172 3788 1230 opti-

2149 1243 2291 1277 mum
2323 1230 2385 1276 de
2417 1231 2668 1278 alterutra
2697 1231 2959 1289 eligenda,
2992 1230 3126 1277 ibid.
3160 1229 3280 1277 Vita
3311 1232 3551 1285 honesta,
3582 1230 3694 1279 654.

2212 1292 2326 1353 Vita
2359 1291 2481 1339 ﬁdei
2513 1294 2835 1353 respondere
2867 1292 3041 1343 debet.
3076 1291 3178 1338 189.

2209 1352 2344 1401 Vitas
2364 1353 2483 1399 ﬁnis
2504 1352 2626 1401 ante
2648 1354 2830 1401 oculos
2853 1354 3151 1407 habendus,
3174 1353 3283 1400 728.
3308 1352 3384 1399 Ad
3404 1367 3687 1411 supernam
3712 1355 3787 1400 vi-

2147 1419 2250 1461 tam
2284 1416 2538 1474 aspiranti
2567 1420 2756 1463 acerba
2783 1416 2892 1461 vita
2919 1422 3016 1468 est,
3047 1414 3156 1460 545.
3190 1415 3233 1460 Α
3276 1416 3380 1462 Deo
3412 1416 3571 1462 vitam
3605 1422 3789 1463 extor-

2146 1490 2308 1537 quere
2338 1479 2535 1524 bonum
2568 1482 2664 1529 est.
2697 1478 2804 1523 383.
2828 1476 2930 1523 Pro
2962 1478 3069 1523 vita
3098 1480 3297 1523 aeterna
3326 1476 3505 1523 nullus
3533 1478 3684 1525 labor
3708 1485 3787 1524 est

2146 1539 2491 1593 recusandus,
2524 1540 2631 1585 636.
2664 1537 2799 1586 Vitas
2829 1548 3040 1585 aeterna:
3088 1537 3288 1590 laudes,
3340 1537 3445 1584 803.
3479 1538 3787 1596 Asperiori-

2146 1600 2267 1646 vitae
2286 1601 2577 1662 ostentatio
2608 1613 2785 1662 prava,
2820 1604 2929 1647 701.
2962 1598 3096 1646 Vitae
3140 1598 3387 1647 humanas
3428 1600 3782 1657 imbecillitas,

2145 1664 2253 1722 319.
2285 1660 2419 1709 Vita:
2450 1660 2721 1709 mutandas
2753 1662 3100 1722 propositum.
3146 1674 3240 1707 cur
3272 1674 3300 1706 a
3335 1661 3515 1722 multis
3540 1662 3782 1713 dilatum.

2145 1721 2251 1769 399.
2285 1722 2458 1770 Vitam
2490 1724 2705 1771 alterius
2735 1721 3070 1784 perscrutari,
3115 1728 3359 1769 extremas
3406 1721 3786 1771 illiberalitatis

2145 1788 2239 1831 est.
2274 1787 2380 1832 436.

2206 1844 2348 1893 Vitia
2376 1846 2626 1893 virtutum
2662 1844 2967 1893 nominibus
2986 1849 3194 1896 ornata.
3224 1844 3332 1891 722.
3355 1844 3551 1892 Vitium
3577 1845 3787 1892 silentio

2143 1920 2521 1966 compressum,
2555 1908 2773 1955 morbus
2802 1906 2990 1959 latens,
3020 1906 3126 1954 599.
3155 1906 3409 1954 Vitiorum
3440 1908 3591 1968 origo
3620 1907 3785 1968 Spiris

2143 1970 2230 2013 tus
2260 1970 2431 2015 sancti
2461 1968 2713 2021 exclusio.
2746 1968 2852 2015 809.
2895 1968 2940 2015 Α
2969 1968 3158 2015 vitiosa
3205 1968 3594 2016 consuetudine
3626 1983 3785 2017 nemo

2143 2034 2316 2091 potest
2349 2044 2622 2091 emergere
2653 2028 2753 2076 nisi
2785 2030 2877 2077 Dei
2911 2032 3159 2085 potentia,
3190 2029 3300 2077 594.

2205 2090 2519 2153 Vituperare
2550 2093 2890 2153 innocentem
2926 2092 2981 2137 in
3012 2092 3178 2139 Deum
3210 2104 3427 2153 peccare
3455 2095 3551 2148 est,
3584 2091 3698 2140 823.

2204 2151 2511 2200 VocatioLis
2536 2152 2727 2200 divinae
2764 2153 3085 2212 praestantia,
3119 2156 3165 2200 3.

2203 2214 2457 2262 Voluntas
2488 2220 2567 2261 est
2593 2215 2848 2262 naturalis
2877 2228 2936 2261 ac
2964 2213 3045 2261 sui
3072 2214 3209 2275 juris
3229 2214 3511 2274 appetitio,
3538 2214 3651 2263 821.
3684 2215 3787 2263 Vo-

2141 2272 2397 2322 luntatem
2429 2278 2482 2322 in
2517 2275 2769 2323 omnibus
2799 2277 3051 2335 expendit
3073 2272 3236 2327 Deus.
3267 2272 3377 2322 636.

2201 2337 2455 2396 Voluptas
2470 2336 2675 2399 diaboli
2690 2338 2897 2392 hamus,
2914 2336 3022 2385 337.
3041 2336 3299 2384 Malorum
3318 2339 3642 2399 metropolis,
3664 2342 3785 2386 648.

2138 2394 2444 2446 Perniciosa
2472 2403 2569 2452 est,
2601 2398 2707 2445 337.

2204 2459 2333 2507 Vota
2362 2460 2624 2522 explenda
2653 2463 2795 2520 sunt,
2831 2461 2940 2509 702.

2926 2580 2976 2640 Z

2195 2708 2477 2818 facbggizas
2507 2708 2728 2756 Joannis
2757 2711 2908 2769 pater
2938 2706 3130 2755 Christi
3186 2722 3346 2757 causa
3375 2709 3427 2757 in
3461 2712 3670 2774 templo
3707 2727 3791 2761 ne-

2195 2808 2198 2817 .
2226 2785 2303 2818 us.
2433 2807 2444 2818 .

2136 2784 2303 2825 catus,
2334 2784 2444 2818 ωι.

788 2913 3680 2941 ..ἡὴ-σ-η--η-ΨἭ-ικζεπεπ

1390 3057 1936 3192 ORDO
2032 3064 2755 3191 BEBUM

1056 3313 1320 3422 QUXE
1376 3314 1488 3395 IN
1546 3313 1784 3396 HOC
1845 3311 2184 3398 ΤΟΜΟ
2247 3310 3094 3400 CONTINENTUR.

742 3692 795 3739 S.
832 3692 1133 3740 JOANNES
1167 3692 1629 3741 DAMASCE'NUS.
1714 3754 1719 3757 1

429 3777 645 3825 SACRA
679 3778 1083 3829 PARALLELA.
1116 3780 1512 3840 (Con!iuuatio.)

1004 3887 1289 3935 LITTERA
1318 3891 1373 3933 Θ.

429 3972 532 4019 Τιτ.
564 3972 602 4018 I.
631 3997 694 4008 —
719 3973 791 4020 De
824 3973 1003 4021 divina
1033 3972 1388 4022 institutione.
1979 3977 2007 4023 9

427 4034 531 4081 Τιτ.
569 4034 629 4081 Il.
661 4060 723 4069 —
754 4034 824 4097 De
858 4036 1164 4084 sacriﬁciis:
1194 4041 1246 4084 et
1274 4036 1416 4097 quod
1450 4034 1774 4084 adulterinas
1804 4034 2007 4084 hostias

376 4096 512 4143 Deus
544 4108 652 4142 non
682 4096 941 4144 admittat.
1292 4096 1299 4097 7
1979 4100 2007 4146 9

432 4156 536 4220 Τιτ.
567 4156 651 4220 III.
687 4184 743 4193 —
769 4157 841 4206 De
873 4158 1068 4207 divinis
1099 4159 1363 4207 oraculis:
1397 4163 1450 4207 et
1476 4158 1616 4220 quod
1649 4172 1710 4206 ea
1740 4158 1926 4207 audire
1958 4160 2011 4206 et

371 4216 613 4280 meditari
646 4224 906 4280 oporteat.
1492 4216 1508 4220 ⁷
1950 4221 2004 4268 11

430 4279 536 4326 Τιτ.
568 4279 653 4326 IV.
685 4279 741 4315 μ
774 4281 843 4328 De
870 4281 1066 4328 divinis
1096 4282 1378 4339 mysteriis.
1952 4282 2006 4330 15

428 4340 535 4388 Τιτ.
567 4341 629 4389 ν.
664 4368 720 4376 -
745 4342 814 4390 De
838 4342 899 4389 iis
922 4344 1010 4404 qui
1043 4344 1094 4389 in
1119 4342 1427 4398 afﬂictione,
1451 4346 1502 4391 et
1531 4344 1689 4398 curis,
1710 4345 1762 4391 et
1780 4356 2005 4391 mmrore

368 4406 669 4449 versantur.
1946 4405 2004 4453 19

424 4463 530 4510 Τιτ.
563 4463 647 4509 VI.
673 4489 736 4499 —
760 4464 830 4512 De
863 4467 1051 4519 morte,
1083 4468 1135 4511 et
1169 4465 1436 4513 infernum
1471 4469 1628 4513 statu.
1942 4466 2004 4515 27

423 4525 667 4588 Tur._VII.
693 4551 755 4561 —
779 4527 847 4573 De
871 4528 1092 4575 mortuis
1117 4540 1128 4575 :
1161 4531 1211 4574 et
1240 4528 1381 4588 quod
1405 4540 1585 4573 eorum
1615 4540 1773 4574 causa
1804 4539 1911 4574 non
1936 4530 2003 4575 sit

364 4586 674 4643 lugendum.
1256 4586 1268 4588 “
1940 4588 2001 4638 27

420 4649 522 4695 Τιτ.
556 4647 684 4695 VIII.
718 4675 775 4682 —
807 4648 877 4696 De
908 4652 1093 4704 morte,
1126 4652 1177 4697 et
1204 4649 1425 4697 mortuis
1456 4652 1618 4697 metu.
1942 4650 2000 4698 43

424 4710 530 4756 Τιτ.
562 4709 647 4755 ΙΧ.
683 4737 738 4744 --
770 4708 842 4755 De
876 4710 1023 4755 mari.
1941 4712 2000 4757 45

420 4771 522 4817 Τιτ.
555 4770 617 4817 X.
650 4797 707 4805 —-
738 4770 809 4817 De
844 4770 1066 4818 ﬁliabus.
1939 4772 1999 4820 50

422 4832 531 4880 Τιτ.
564 4832 649 4879 XI.
678 4857 741 4868 —
769 4833 917 4890 Quod
952 4833 1151 4881 nemini
1181 4836 1376 4880 temere
1401 4832 1670 4882 ﬁdendum
1694 4834 1777 4881 sit.
1938 4838 1992 4881 51

421 4895 524 4941 Tir.
558 4893 667 4941 XII.
699 4921 755 4929 —
787 4895 859 4941 De
892 4908 1064 4943 messe
1093 4899 1143 4942 et
1171 4895 1456 4943 vindemia.
1936 4895 1992 4942 51

418 4957 522 5004 Τιτ.
551 4955 677 5004 XIII.
708 4982 771 4992 —
794 4956 867 5004 De
895 4958 1255 5005 venatoribus.
1938 4958 1991 5006 51

1005 5069 1276 5118 LITTERA
1310 5070 1349 5117 Ι.

392 5162 523 5269 hTir.
558 5162 596 5209 Ι.
634 5191 690 5199 -
724 5166 792 5213 De
823 5165 1193 5215 curationibus
1225 5166 1376 5214 factis
1406 5180 1436 5214 a
1465 5167 1688 5214 Domino
1719 5170 1770 5215 et
1813 5182 1841 5215 a
1868 5181 1992 5269 pro;

430 5239 454 5267 P.
486 5239 546 5269 IS.
1933 5248 1958 5269 ,ι

350 5225 546 5284 phetis.
1869 5225 1883 5229 ’
1933 5229 1987 5277 51

414 5286 523 5333 Τιτ.
556 5285 616 5332 ΙΙ.
647 5312 709 5323 -
739 5288 808 5335 De
839 5288 1165 5348 supellectile
1201 5302 1352 5335 sacra
1381 5292 1435 5335 et
1468 5289 1611 5351 quod
1643 5289 1843 5336 homini
1883 5292 1991 5351 pri-

348 5353 470 5393 vato
500 5362 593 5393 vas
624 5363 833 5396 sacrum
864 5354 1085 5406 tangere
1117 5362 1224 5396 non
1258 5351 1428 5398 liceat.
1932 5351 1989 5399 58

411 5410 511 5455 Τιτ.
545 5408 721 5474 ιιιη-
752 5410 823 5456 De
850 5412 1270 5474 supplicantibus
1296 5426 1307 5459 :
1332 5417 1384 5458 et
1411 5412 1552 5474 quod
1577 5412 1989 5474 supplicationes

351 5470 746 5532 deprecantium
784 5472 965 5519 audire
996 5478 1259 5532 oporteat.
1430 5470 1443 5474 ’
1645 5470 1657 5474 ⁷
1681 5470 1695 5473 “
1930 5478 1987 5522 59

412 5531 632 5597 Τιτ.-Ιν,
654 5559 707 5597 —_
738 5532 811 5580 De
841 5531 1146 5595 sequali’tate
1174 5547 1183 5579 ί
1207 5541 1257 5581 et
1286 5534 1430 5595 quod
1460 5535 1650 5597 cuique
1680 5548 1777 5596 pro
1798 5538 1987 5583 merito

350 5592 417 5639 sit
450 5593 814 5641 tribuendum.
906 5592 919 5595 ⁷
1302 5592 1318 5595 “
1566 5592 1579 5597 ’
1684 5592 1695 5596 ’
1928 5601 1985 5645 59

408 5653 515 5701 Τιτ.
547 5656 606 5704 ν.
640 5680 703 5691 -
732 5658 803 5704 De
834 5655 1050 5704 medicis
1080 5660 1131 5704 et
1161 5656 1439 5705 medicina.
1925 5663 1983 5707 62

2181 3689 2898 3739 T1r.VI.—Deindumentis:
2919 3689 3171 3752 quodque
3192 3690 3526 3750 sumptuosis
3541 3692 3793 3739 vestibus

2120 3755 2214 3805 uti,
2252 3766 2349 3800 nec
2379 3753 2499 3805 viri.
2536 3765 2635 3799 nec
2665 3752 2920 3799 mulieres
2954 3751 3202 3799 debeant.
3729 3755 3789 3800 62

2179 3815 2285 3861 Τιτ.
2304 3813 2415 3860 VII.
2432 3839 2491 3849 —
2512 3814 2583 3861 De
2604 3812 2907 3875 aequalitate
2929 3827 2941 3869 ;
2961 3813 3213 3875 quodque
3232 3812 3417 3861 eodem
3440 3814 3623 3874 gradu
3641 3816 3790 3876 apud

2116 3877 2281 3925 Deum
2318 3888 2504 3924 omnes
2534 3880 2679 3923 sunt.
3730 3876 3790 3924 645

2750 3970 3023 4018 LlTTERA
3057 3969 3124 4017 Κ.

2178 4063 2289 4110 Τιτ.
2320 4064 2357 4109 Ι.
2384 4089 2442 4097 -
2468 4062 2541 4109 De
2569 4058 2797 4109 Judiciis
2826 4059 2916 4107 Dei
2941 4071 2952 4105 :
2976 4064 3028 4107 et
3056 4058 3198 4121 quod
3234 4059 3452 4107 moleste
3488 4058 3642 4108 ferre
3669 4075 3786 4109 non

2115 4128 2377 4196 oporteat,
2402 4124 2446 4169 si
2490 4122 2618 4183 justi
2673 4121 3499 4196 calamitatibuslconﬁictentur,
3548 4122 3784 4196 injustis

2116 4183 2289 4234 autem
2322 4197 2573 4245 prospere
2603 4184 2784 4245 omnia
2811 4183 3119 4231 succedant.
3170 4244 3179 4245 ί
3416 4244 3423 4245 ί
3721 4184 3782 4232 66

2174 4247 2280 4294 Τιτ.
2308 4248 2366 4293 ll.
2391 4243 2544 4293 —'De
2567 4243 2895 4293 detractione
2919 4258 2931 4300 ;
2961 4249 3014 4291 et
3042 4244 3184 4306 quod
3207 4244 3463 4292 detractio
3486 4249 3576 4291 est
3608 4245 3790 4293 falsus

2113 4322 2285 4357 sermo
2320 4308 2575 4355 adversus
2608 4307 2837 4367 aliquem
2874 4310 3133 4366 prolatus.
3459 4365 3489 4367 _7
3724 4312 3779 4355 7t

2174 4370 2277 4418 TIT.
2305 4369 2392 4415 III.
2415 4396 2470 4403 —
2499 4370 2569 4415 De
2590 4365 2828 4427 tempore
2848 4381 2858 4413 :
2877 4365 3134 4429 quodque
3154 4372 3362 4429 tempus
3380 4365 3784 4429 redimendum

2114 4432 2199 4484 sit.
2232 4434 2390 4493 atque
2421 4430 2602 4477 omnia
2630 4443 2728 4477 suo
2776 4432 3013 4490 tempore
3053 4427 3107 4477 et
3158 4428 3379 4476 dicenda
3410 4431 3461 4474 et
3510 4427 3787 4477 facienda

2111 4492 2237 4541 sint.
2306 4492 2315 4493 ί
3720 4496 3783 4540 74

2170 4556 2273 4602 Τιτ.
2307 4554 2389 4601 IV.
2424 4580 2472 4587 —
2512 4553 2581 4600 De
2632 4552 3011 4611 adulatoribus,
3046 4556 3098 4599 et
3128 4551 3390 4613 parasitis,
3425 4564 3486 4598 ac
3518 4554 3741 4599 scurris
3771 4568 3782 4599 :

2109 4617 2249 4678 quod
2283 4630 2373 4678 eos
2402 4615 2583 4678 fugere
2605 4616 2874 4678 ‘opo‘rteat.
3714 4615 3780 4678 75

2169 4678 2279 4725 Τιτ.
2312 4676 2375 4723 V.
2406 4674 2483 4713 -ί
2498 4676 2566 4722 De
2599 4674 2823 4722 furibus.
3711 4677 3779 4722 79

2168 4739 2275 4803 Τιτ.
2295 4738 2393 4803 _V_I_.
2427 4765 2475 4772 ——
2509 4736 2901 4803 _De_pecoribus
2930 4739 2982 4803 et
3011 4748 3193 4803 eorum
3225 4750 3369 4784 cura.
3486 4796 3500 4803 _
3621 4798 3654 4803 __
3713 4738 3779 4803 79

2165 4802 2267 4849 Τιτ.
2295 4798 2405 4848 VII.
2428 4824 2491 4835 —
2509 4799 2580 4845 De
2598 4796 2886 4859 jactatione
2916 4801 2970 4844 et
2994 4796 3220 4859 elatione
3246 4813 3257 4844 :
3290 4802 3342 4844 et
3362 4796 3501 4858 quod
3533 4798 3693 4845 nulla
3716 4802 3776 4845 in

2105 4874 2160 4908 re
2194 4862 2353 4923 hujus
2388 4861 2507 4923 vitm
2538 4858 2754 4922 gloriari
2786 4864 2944 4923 atque
2976 4858 3151 4923 extolli
3184 4863 3471 4923 oporteat,
3566 4919 3579 4923 _
3712 4864 3778 4907 79

2128 4919 2280 4995 ,Τιτῖ
2308 4921 2442 4970 VIII.
2488 4919 2650 4968 —'De
2702 4921 2941 4981 corporis
2987 4919 3384 4981 pulchritudine
3427 4922 3480 4967 et
3531 4919 3773 4995 elegan-

2102 4986 2271 5094 ιιιὲΪ¹ιτ.
2304 5045 2391 5092 ΙΧ.
2421 5070 2485 5081 —
2513 5044 2583 5091 De
2617 5043 2682 5090 iis
2712 5041 2799 5103 qui
2833 5056 2887 5089 se
2921 5040 3219 5089 insolenter
3242 5042 3461 5103 jactant.

2158 5108 2271 5179 ςΓξτ.
2300 5107 2532 5184 Χ.-Δ1)θ
2555 5104 2921 5184 superioribus
2944 5119 2956 5162 ;
2984 5108 3035 5151 et
3056 5106 3200 5165 quod
3232 5118 3349 5151 CIII]
3376 5104 3773 5184 superioribus

2099 5170 2316 5217 minime
2351 5166 2780 5215 contendendum
2811 5168 2893 5211 sit.
3704 5168 3771 5213 83

2160 5230 2271 5301 Τιτ.
2304 5229 2480 5301 XI_._—
2506 5227 2579 5301 _De
2603 5228 2807 5288 judicio
2840 5232 2891 5273 et
2914 5226 3288 5301 justiti_a.D‘ei:
3323 5230 3376 5274 et
3408 5226 3557 5286 quod
3592 5242 3771 5301 suum

2100 5294 2293 5352 cuique
2325 5291 2540 5345 tribuat,
2574 5304 2671 5337 nec
2702 5302 2954 5348 personas
2983 5291 3225 5347 accipiat.
3705 5294 3771 5333 8:1

2159 5354 2260 5401 Τιτ.
2293 5352 2404 5399 XII.
2432 5378 2494 5388 —
2530 5352 2598 5398 De
2629 5352 2789 5397 corde
2823 5363 2956 5408 puro
2988 5354 3039 5396 et
3068 5348 3415 5398 conscientia.
3704 5352 3771 5399 B7

2158 5416 2262 5462 Τιτ.
2294 5414 2426 5461 XIII.
2458 5439 2519 5450 —
2552 5414 2622 5460 De
2656 5412 2789 5459 mala
2818 5388 3162 5458 eonscientia.
3700 5418 3771 5461 91')

2730 5506 3015 5555 LITTERA
3048 5508 3107 5555 Α.

2095 5661 2126 5709 b
2155 5600 2256 5647 Τιτ.
2290 5598 2329 5646 Ι.
2365 5622 2428 5633 -
2456 5597 2528 5645 De
2563 5595 2975 5657 argutatoribus,
3002 5597 3056 5642 et
3084 5594 3224 5641 circa
3252 5594 3407 5643 ﬁdem
3433 5596 3773 5705 aunbigenﬁ?

2133 5675 2210 5707 us.
2652 5704 2655 5705 ,
3697 5692 3717 5705 ι
