4160 6370
310 430 421 487 755

1544 456 1555 465 -
1606 433 1663 486 Β.
1706 425 2015 485 JOANNIS
2048 424 2471 482 DAMASCENI

3643 422 3760 482 ’156

315 558 663 616 hominibus
694 563 785 615 est
814 560 1196 615 conversatus
1225 558 1292 626 ",
1348 573 1457 631 per
1498 559 1755 613 mortem
1804 552 1975 629 quasi

2090 566 2216 611 ποις
2248 550 2675 629 συνανεστράιρη,
2736 554 2815 624 τῷ
2863 549 3079 625 θανάτῳ
3118 551 3446 629 χρησαμένη
3498 549 3758 627 κλίματι,

319 666 427 722 per
458 649 681 705 scalam
707 666 775 704 ex
794 655 950 705 terra
974 650 1033 703 in
1057 648 1270 705 omium
1294 647 1575 721 perrexit.
1602 645 1985 701 Hodieterre—

324 741 464 796 stris
496 756 723 805 mensa,
759 757 888 811 quae
923 739 1221 794 cmlestem
1253 737 1383 792 vitm
1439 753 1657 809 panem
1704 734 1981 791 divinita-

326 831 470 885 tisve
501 829 654 885 883
686 829 1006 884 carbonem
1041 829 1169 883 sine
1230 828 1578 899 nuptiarum
1626 841 1743 880 usu
1790 829 1981 897 gesta-

323 924 505 987 verat,
533 936 563 974 e
589 924 744 975 terra
764 918 825 972 in
857 917 1071 973 coelum
1095 917 1373 973 subvecta
1403 922 1511 983 est,
1546 916 1767 986 Deique
1798 919 1982 986 porta)

325 1010 399 1065 ad
425 1010 717 1063 orientem
751 1008 979 1080 positae,
1015 1008 1305 1063 caelorum
1335 1012 1522 1081 portas
1554 1005 1793 1061 elevatae
1819 1007 1980 1060 sunt.

323 1098 507 1152 Hodie
539 1115 609 1152 ex
641 1098 907 1153 terrestri
935 1097 1289 1164 Jerusalem,
1333 1097 1539 1152 civitas
1570 1095 1673 1151 Dei
1721 1094 1985 1149 animata

320 1188 395 1243 ad
427 1204 750 1259 supernam
781 1188 1113 1243 Jerusalem
1138 1186 1483 1243 reducitur:
1527 1190 1586 1240 et
1632 1202 1763 1256 qua;
1817 1199 1982 1239 crea-

320 1283 467 1333 turm
485 1279 684 1333 omnis
702 1278 1169 1350 primogenitum
1191 1277 1685 1351 unigenitumque
1698 1291 1768 1330 ex
1786 1276 1981 1340 Patre,

319 1368 785 1439 primogenitum
810 1384 880 1422 ex
901 1368 1098 1439 seipsa
1129 1373 1188 1421 et
1205 1367 1583 1439 unigenitum
1605 1370 1979 1436 conceperat,

320 1457 382 1511 in
406 1457 946 1529 primogenitorum
969 1457 1237 1512 Ecclesia
1256 1460 1682 1511 commoratur.
1703 1457 1852 1510 Area
1879 1453 1981 1509 Dei

319 1546 589 1602 animata
616 1552 676 1602 et
695 1547 1005 1601 rationalis
1026 1546 1099 1601 ad
1126 1546 1257 1601 Filii
1279 1546 1370 1602 sui
1394 1546 1663 1616 requiem
1697 1543 1979 1600 transfer-

319 1641 439 1692 tur.
500 1636 763 1691 Paradisi
814 1637 973 1692 fores
1023 1641 1388 1704 reserantur,
1450 1640 1509 1690 et
1553 1650 1761 1690 arvum
1820 1633 1980 1705 quod

321 1724 509 1779 Deum
541 1722 696 1789 tulit,
732 1723 1066 1794 excipiunt;
1127 1740 1200 1778 ex
1241 1739 1359 1794 quo
1409 1724 1787 1794 sempiternas
1845 1723 1978 1778 vitea

318 1812 549 1885 lignum
581 1812 905 1883 pullulans,
939 1812 1207 1868 Christus
1264 1812 1574 1876 nimirum.
1624 1816 1978 1868 cunctorum

317 1904 451 1959 vitm
501 1909 727 1971 auctor,
787 1905 916 1958 Evaa
963 1903 1452 1973 inobedientiam,
1512 1918 1845 1974 necemque
1903 1901 1977 1957 ab

317 1995 543 2052 Adamo
576 1996 807 2051 illatam
867 1996 1152 2051 enecavit.
1204 1996 1427 2068 Specus
1473 1995 1756 2059 excisum,
1807 2010 1982 2050 mons

318 2106 441 2145 non
470 2095 761 2158 exsectus,
788 2106 857 2145 ex
878 2106 995 2161 quo
1019 2090 1171 2161 lapis
1193 2089 1360 2145 nulla
1379 2104 1667 2146 manuum
1688 2103 1801 2161 ope
1816 2087 1985 2143 avul-

317 2197 441 2247 sus,
474 2186 665 2235 totum
693 2186 991 2235 terrarum
1022 2180 1228 2235 orbem
1272 2178 1559 2251 implevit.
1611 2177 1841 2234 Thorus
1888 2176 1983 2233 di-

312 2271 463 2325 vina)
501 2270 672 2325 Verbi
705 2270 1119 2338 humanitatis,
1154 2270 1217 2325 in
1251 2268 1683 2343 gloriosissimo
1706 2269 1981 2340 sepulcro

313 2360 475 2415 velut
504 2360 567 2415 in
598 2359 862 2415 thalamo
880 2360 1237 2430 requiescit:
1270 2375 1343 2413 ex
1372 2375 1489 2430 quo
1522 2359 1595 2414 ad
1617 2359 1885 2430 nuptiale
1915 2359 1978 2414 in

313 2452 479 2507 caelis
511 2452 773 2523 positum
808 2450 1153 2506 cubiculum
1176 2450 1391 2522 migrat
1414 2467 1428 2518 ;
1460 2449 1561 2505 ubi
1584 2465 1720 2505 cum
1746 2450 1893 2505 Filio
1921 2453 1982 2504 et

316 2543 437 2596 Deo
468 2547 671 2614 aperte
704 2548 1025 2613 regnatura
1056 2546 1145 2595 est
1170 2557 1184 2595 :
1205 2556 1272 2596 ac
1304 2539 1667 2611 sepulcrum,
1689 2540 1848 2595 utiis
1873 2537 1977 2611 qui

315 2631 379 2686 in
412 2632 586 2686 terris
624 2636 827 2703 agunt,
860 2630 1108 2686 thalami
1140 2630 1271 2685 loco
1305 2635 1483 2698 esset,
1517 2629 1782 2697 reliquit.
1816 2629 1977 2685 Itane

312 2737 449 2777 vero
481 2721 822 2792 sepulcrum
855 2720 1155 2776 thalamus
1185 2720 1322 2775 est?
1348 2720 1432 2775 ita
1456 2735 1722 2791 prorsus,
1753 2734 1824 2775 ac
1846 2719 1979 2774 tha—

313 2810 471 2866 lamo
502 2811 710 2882 quovis
740 2810 1035 2865 illustrius
1061 2827 1074 2864 :
1096 2825 1219 2865 non
1250 2809 1378 2865 auri
1396 2808 1976 2881 splendoribus,non

312 2901 540 2973 argenti
573 2900 864 2963 claritate.
887 2915 1008 2955 non
1039 2899 1307 2971 lapidum
1338 2898 1668 2971 fulgoribus
1716 2898 1972 2980 micans,

310 3004 434 3043 non
464 2989 671 3044 sericis
700 2988 940 3059 pannis,
966 2993 1025 3042 et
1049 2987 1345 3043 contextis
1370 3003 1439 3043 ex
1457 3002 1602 3043 auro
1625 2991 1686 3042 et
1708 3000 1977 3058 purpura

312 3077 576 3133 vestibus
616 3081 987 3144 exornatum,
1022 3076 1127 3131 sed
1156 3075 1428 3132 radiante
1459 3076 1741 3132 divinitus
1773 3076 1973 3148 splen-

315 3183 461 3239 pore
492 3165 852 3221 sanctissimi
886 3166 1172 3237 Spiritus:
1206 3180 1329 3222 non
1382 3181 1699 3237 corporum
1744 3180 1975 3222 connu-

317 3256 487 3312 bium
518 3260 691 3310 terrm
720 3255 1106 3321 amatoribus,
1141 3253 1245 3310 sed
1276 3255 1350 3310 iis
1389 3256 1489 3326 qui
1540 3254 1759 3327 Spiritu
1791 3255 1971 3310 vincti

2011 1950 2059 2018 Β

2091 640 2258 714 γῆθεν
2314 639 2391 703 εἰς
2459 639 2726 715 οὐρανοὺς
2786 641 3163 720 ἀνεφοίτησεν.
3226 644 3478 719 Σήμερον
3537 645 3574 714 ὴ
3635 640 3759 698 ἐπί-

2093 751 2243 804 γειος
2296 730 2556 806 τράπεζα,
2613 734 2650 805 ἡ
2707 734 2799 788 τὸν
2869 732 3124 810 οὐράνιον
3193 741 3296 805 τῆς
3370 741 3515 806 ζωῆς
3591 739 3756 811 ἄρτον

2093 820 2184 874 τὸν
2216 827 2318 890 τῆς
2364 821 2623 894 θεότητος
2682 823 2922 897 ἄνθρακα
2979 824 3373 900 άπειρογάμως
3427 825 3758 902 βαστάσασα,

2094 908 2201 965 ἀπὸ
2231 917 2336 986 γῆς
2368 914 2510 985 ῇρθη
2536 912 2672 989 πρὸς
2727 910 3013 987 οὐρανούς,
3065 913 3159 969 καὶ
3205 918 3275 988 τῇ
3327 916 3443 970 κατ’
3492 915 3764 981 ἀνατολὰς

2090 1003 2190 1055 τοῦ
2219 1004 2353 1056 Θεοῦ
2381 1000 2555 1073 πύλῃ,
2604 1000 2776 1058 πύλαι
2825 1001 3058 1078 οὐρανοῦ
3106 1002 3447 1080 ἐπήρθησαν.
3499 1008 3756 1083 Σήμερον

2094 1088 2155 1143 ἐκ
2181 1096 2281 1159 τῆς
2330 1088 2573 1167 ἐπιγείου
2629 1090 2997 1168 Ἰερουσαλὴμ
3053 1094 3089 1163 ἡ
3149 1092 3316 1157 πόλις
3371 1097 3469 1150 τοῦ
3525 1098 3660 1150 Θεοῦ
3717 1096 3755 1166 ἦ

2093 1175 2347 1255 ἔμψυχος
2402 1180 2541 1257 πρὸς
2594 1182 2696 1251 τὴν
2752 1179 2864 1238 ἄνω
2920 1182 3292 1258 Ἰερουσαλὴμ
3381 1185 3755 1259 μετατίθεται,

2091 1267 2304 1324 καὶτὸν
2338 1269 2689 1343 πρωτὸτοκον
2734 1272 2913 1341 πάσης
2969 1270 3218 1342 κτίσεως,
3277 1272 3371 1330 τὸν
3428 1272 3493 1330 ἆκ
3544 1275 3759 1351 Πατρὸς

2096 1364 2387 1434 μονογενῆ,
2419 1359 2776 1435 πρωτότοκον
2840 1360 2892 1432 ἐξ
2941 1360 3111 1431 αὐτῆς
3164 1369 3433 1438 μονογενί
3481 1366 3754 1441 κυήσασα,

2091 1444 2145 1501 ἐν
2171 1451 2241 1521 τῇ
2287 1446 2592 1522 Ἐκκλησία
2647 1454 2758 1506 τῶν
2816 1452 3190 1525 πρωτοτόκων
3247 1452 3552 1525 αὐλίζεται,
3596 1455 3689 1511 καὶ
3719 1458 3757 1527 ἡ

2089 1531 2327 1601 κιϐωτὸς
2360 1538 2569 1616 Κυρίου
2598 1541 2634 1609 ἡ
2667 1539 2921 1617 ἔμψυχός
2968 1562 3030 1598 τι
3080 1541 3170 1598 καὶ
3221 1542 3426 1619 λογικὴ
3472 1546 3608 1621 πρὸς
3653 1547 3757 1617 τὴν

2089 1630 2187 1683 τοῦ
2243 1628 2372 1684 Υίοῦ
2452 1628 2751 1686 ἀνάπαυσιν
2842 1632 3242 1705 μετανίσταται.
3321 1632 3501 1690 Πύλαι
3581 1655 3758 1711 παρα-

2091 1713 2272 1773 δείσου
2322 1718 2661 1795 ἀνοίγονται,
2721 1726 2814 1777 καί
2864 1723 2965 1792 τήν
3045 1723 3312 1802 θεοφόρον
3385 1722 3755 1801 ὑποδέχονται

2089 1802 2350 1885 ἄρουραν,
2380 1807 2433 1881 ἐξ
2461 1812 2530 1879 ἧς
2550 1811 2615 1866 τὸ
2641 1817 2744 1880 τῆς
2771 1810 2998 1869 αἰωνίου
3031 1816 3177 1883 ζωῆς
3209 1812 3371 1885 ξύλον
3437 1812 3753 1890 βλαστῆσαν

2086 1897 2188 1967 τήν
2221 1899 2504 1975 παρακοήν
2534 1901 2634 1969 τῆς
2666 1898 2811 1964 Εὔας
2840 1901 2930 1958 καὶ
2979 1903 3081 1972 τήν
3125 1903 3386 1980 νέκρωσιν
3430 1908 3528 1960 τοῦ
3575 1903 3756 1980 Ἀδάμ

2092 1983 2404 2047 διαλέλυκε.
2437 1990 2670 2066 Χριστὸς
2724 1992 2904 2062 οὗτος,
2938 1992 2968 2048 6
2995 2000 3098 2063 τῆς
3144 1999 3293 2064 ζωῆς
3339 1999 3449 2050 τῶν
3502 1996 3755 2052 ἁπάντων

2089 2074 2283 2148 αἴτιος,
2344 2078 2537 2156 ἄντρον
2601 2079 3021 2156 λελαξευμινον,
3080 2080 3209 2160 ὅρος
3269 2083 3334 2139 τὸ
3402 2081 3759 2160 ἀλατόμητον

2090 2164 2442 2244 ὑποδέχεται,
2488 2168 2540 2241 ἐξ
2593 2170 2657 2226 οὗ
2717 2170 2873 2236 λίθος
2923 2176 3132 2250 χειρῶν
3185 2174 3308 2229 ἄνευ
3363 2175 3599 2249 τμηθεὶς
3652 2177 3755 2246 τήν

2088 2255 2420 2331 οἷκουμάνην
2452 2258 2799 2337 ἐπλήρωσαν·
2831 2263 2868 2332 ἡ
2900 2262 3105 2325 παστὰς
3134 2266 3235 2329 τῆς
3269 2261 3418 2329 θείας
3442 2268 3544 2320 τοῦ
3575 2264 3755 2341 Λόγου

2088 2347 2435 2421 σαρκώστως,
2494 2350 2571 2404 ὡς
2623 2349 2676 2406 ἐν
2733 2350 2967 2427 θαλάμῳ
3017 2357 3099 2425 τῷ
3184 2352 3504 2410 πανευκλειῖ
3552 2355 3753 2411 ἀναπέ-

2085 2457 2285 2495 παυται
2322 2441 2500 2517 τάφῳ,
2556 2440 2675 2497 ὅθεν
2718 2442 2858 2518 πρὸς
2904 2443 2997 2501 τὸν
3055 2442 3308 2521 οὐράνιον
3359 2445 3557 2501 ἀνίεισι
3611 2468 3752 2521 νυμ-

2085 2533 2260 2603 φῶνα,
2290 2534 2371 2602 τῷ
2418 2531 2528 2603 Υἱῷ
2574 2530 2665 2587 καὶ
2723 2537 2842 2607 Θιῷ
2895 2531 3182 2607 ἇριδήλως
3238 2531 3739 2609 συμϐασιλεύουσα,

2081 2618 2174 2674 καὶ
2201 2619 2294 2674 τὸν
2333 2619 2503 2699 τάφον
2553 2619 2803 2679 παστάδα
2847 2628 2966 2686 τοῖς
3022 2623 3112 2680 ἰπὶ
3169 2627 3274 2701 γῆς
3322 2624 3744 2685 καταλέλοιπεν.

2083 2706 2335 2765 Παστάδα
2390 2711 2484 2766 τὸν
2538 2710 2749 2790 τάφον;
2810 2712 2915 2769 Ναὶ
2993 2712 3270 2777 παστάδος
3350 2716 3536 2787 πάσης
3617 2737 3757 2773 παν-

2082 2796 2467 2875 αγλαὲστερον,
2499 2799 2564 2856 οὗ
2622 2806 2832 2878 χρυσοῦ
2889 2803 3316 2879 περιλάμψεσιν,
3358 2804 3460 2861 οὐκ
3509 2804 3750 2883 ἀργύρου

2083 2889 2371 2964 φανότητι,
2422 2890 2515 2946 καὶ
2575 2890 2745 2956 λίθων
2799 2890 3094 2970 διαυγτίαις
3146 2894 3579 2971 άστράπτουσαν,
3658 2897 3751 2953 καὶ

2081 2985 2276 3056 σειρῶν
2302 2982 2530 3055 νήμασι,
2563 2981 2655 3038 καὶ
2714 2987 3079 3059 χρυσονήστῳ
3141 2984 3352 3056 ἐσθῆτι,
3402 2986 3496 3043 καὶ
3544 2988 3751 3065 ἁλουρ-

2079 3066 2194 3144 γίδι
2251 3069 2629 3147 κεκλωσμένῃ,
2688 3071 2835 3130 ἀλλὰ
2919 3075 3170 3153 θιφεγγεῖ
3243 3073 3407 3152 αἶ’γλῃ
3460 3080 3560 3133 τοῦ
3616 3097 3745 3133 παν.

2078 3158 2236 3235 αγίου
2270 3159 2604 3235 Πνεῦματος·
2664 3162 2727 3219 οὗ
2786 3165 3061 3239 σωμάτων
3123 3167 3410 3246 συνάφειαν
3466 3172 3587 3231 τοῖς
3639 3172 3747 3245 γῆς

2079 3247 2351 3323 ἐρασταῖς,
2402 3257 2519 3314 τοῖς
2573 3248 2630 3308 δὶ
2682 3250 2928 3328 δεσμίοις
2982 3259 3080 3311 τοῦ
3138 3256 3458 3331 Πνεῦματος
3548 3260 3746 3334 ψυχῶν

316 3352 476 3412 sunt,
502 3345 839 3401 animarum
863 3351 1204 3401 sanctarum
1226 3344 1404 3400 vitam
1428 3344 1723 3416 prmbens,
1745 3344 1975 3400 scilicet

2088 3338 2255 3394 ὁσίων
2285 3342 2432 3411 ζωὴν
2472 3343 2852 3419 προξενοῦσαν,
2911 3346 3050 3419 πρὸς
3112 3347 3244 3403 Θεὸν
3298 3347 3477 3419 πάσης
3532 3347 3741 3421 ἀμείνω

311 3436 623 3492 meliorem
653 3436 934 3491 omnibus
965 3435 1417 3506 suavioremque
1440 3434 1595 3506 apud
1628 3434 1813 3490 Deum
1846 3440 1968 3491 sta-

311 3530 460 3581 tum.
498 3525 847 3598 Sepulcrum
879 3525 991 3581 hoc
1022 3525 1152 3596 ipsa
1179 3525 1363 3581 Edem
1398 3525 1719 3580 formosius
1769 3530 1879 3590 est,
1910 3530 1971 3581 et

311 3632 387 3670 ne
417 3614 743 3670 blanditias
775 3631 923 3685 quas
953 3631 1017 3669 ιιι
1049 3614 1155 3669 illa
1178 3614 1367 3669 hostis
1397 3613 1688 3677 adhibuit,
1712 3628 1968 3669 comme-

309 3721 564 3771 morem,
596 3704 919 3777 egregium,
946 3709 1014 3759 ut
1043 3704 1127 3759 sic
1159 3704 1392 3775 loquar,
1438 3703 1782 3771 consilium,
1815 3703 1966 3758 invi-

306 3795 489 3862 diam,
520 3794 813 3862 fraudem,
869 3795 1157 3857 remissus
1216 3796 1344 3849 Eva;
1393 3794 1680 3862 animum,
1734 3793 1968 3850 suasio-

303 3901 465 3951 nem,
483 3884 720 3940 dulcem
740 3884 919 3939 simul
931 3889 1108 3956 atque
1123 3900 1387 3940 amaram
1401 3900 1740 3955 escam,per
1756 3900 1960 3956 quam,

303 3974 524 4029 amissa
556 3980 778 4043 mente,
811 3975 1126 4047 conjugem
1156 3990 1393 4046 quoque
1436 3989 1505 4030 ea
1537 3974 1834 4045 spoliavit.
1867 3975 1962 4030 in-

298 4064 1293 4131 obedientiam,exsilium,mortem
1308 4064 1964 4133 edisserens,solemni-

298 4159 481 4210 tatem
514 4154 770 4209 tristitiao
802 4159 1221 4227 argumentum
1254 4153 1549 4209 efﬁciam:
1599 4153 1713 4208 hoc
1761 4154 1959 4225 sepul-

297 4261 486 4310 crum,
520 4244 791 4314 inquam,
825 4261 894 4298 ex
926 4248 1085 4298 terra
1114 4243 1368 4299 mortale
1398 4256 1616 4314 corpus
1647 4242 1722 4298 ad
1780 4243 1961 4299 cmlos

2079 3428 2173 3484 καὶ
2192 3429 2525 3508 γλυκυτέραν
2557 3436 2906 3493 κατάστασιν.
2932 3437 3107 3501 Οὗτος
3151 3439 3180 3493 6
3210 3439 3379 3517 τάφος
3424 3445 3526 3510 τῆς
3575 3438 3744 3515 Ἐδὶμ

2074 3519 2425 3597 ὡραιότερος·
2455 3523 2549 3581 καὶ
2577 3524 2667 3581 ἳνα
2701 3527 2777 3601 μὴ
2812 3526 2959 3605 λέγω
2988 3530 3089 3600 τὴν
3123 3530 3177 3586 ἐν
3233 3530 3414 3607 ἐκείνη
3461 3535 3561 3587 τοῦ
3610 3529 3742 3588 δυσ-

2076 3614 2273 3697 μενοῦς
2305 3607 2534 3684 εὔνοιαν,
2566 3615 2664 3684 τήν
2716 3619 2997 3693 χρηστὴν,
3050 3618 3124 3673 ’ἶν’
3172 3618 3347 3683 οὓτως
3396 3619 3558 3692 εἴπω,
3604 3642 3743 3697 συμ-

2072 3694 2303 3787 βουλὴν,
2332 3701 2427 3757 τὸν
2455 3704 2677 3782 φθόνον,
2705 3707 2807 3775 τὴν
2854 3707 3090 3781 ἀπάτην,
3142 3714 3245 3781 τῆς
3288 3705 3429 3773 Εὔας
3474 3712 3578 3780 τὴν
3627 3694 3738 3787 μα-

2071 3786 2370 3876 λακότητα,
2426 3793 2527 3862 τήν
2583 3795 2939 3869 πιθανότητα,
2990 3798 3053 3854 τὸ
3126 3796 3303 3875 γλυκὺ
3380 3799 3469 3855 καὶ
3538 3786 3736 3876 πικρὸν

2069 3874 2285 3956 δέλεαρ,
2320 3877 2391 3936 δι’
2414 3885 2482 3951 ἧς
2522 3880 2735 3957 ἐκλάπη
2765 3885 2859 3941 τὸν
2890 3890 3039 3957 νοῦν,
3066 3874 3157 3944 καί
3205 3889 3299 3945 τὸν
3347 3889 3597 3966 ὁμόζυγα
3643 3874 3737 3947 κι-

2067 3966 2267 4048 κλοφε,
2326 3972 2427 4040 τήν
2487 3974 2796 4047 παρακοήν,
2851 3978 2955 4047 τήν
3015 3977 3252 4054 ὲξορίαν,
3311 3980 3404 4035 τὸν
3485 3980 3736 4053 θάνατον,

2068 4055 2156 4149 ἴνα
2188 4061 2265 4132 μή
2295 4065 2464 4117 ταῦτα
2522 4061 2700 4138 λίγων
2757 4065 2858 4135 τὴν
2918 4067 3112 4142 ἑορτὴν
3174 4067 3383 4126 ἰκτιλῶ
3437 4072 3737 4149 κατηφείας

2068 4148 2347 4204 ὑπόθεσιν·
2387 4150 2548 4215 οὗτος
2580 4153 2689 4209 άπὸ
2727 4162 2834 4231 γῆς
2887 4160 3049 4230 σῶμα
3107 4158 3302 4230 θνητὸν
3360 4157 3441 4222 εἷς
3504 4148 3735 4237 οὐρανὸν

2070 4238 2418 4328 μετεώρισενσ
2454 4240 2631 4314 ἐκείνη
2665 4240 2724 4299 δὶ
2757 4245 2955 4320 ὑψόθεν
3007 4249 3122 4321 (67)
3183 4247 3260 4311 είς
3298 4255 3402 4325 γῆν
3452 4249 3546 4304 τὸν
3607 4271 3735 4328 γεν-

299 4334 659 4389 sublevavit:
716 4331 821 4387 illa
877 4348 1013 4388 vero
1073 4350 1143 4388 ex
1192 4332 1313 4389 alto
1364 4333 1426 4388 in
1460 4338 1680 4387 terram
1723 4333 1959 4406 generis

2083 4327 2246 4403 ἱρχην
2278 4332 2611 4407 κατήγαγεν.
2646 4333 2715 4392 Ἦ
2774 4336 2880 4411 γὰρ
2926 4337 3029 4391 οὐκ
3078 4335 3133 4392 ἐν
3184 4335 3343 4413 αὐτῇ.
3398 4344 3473 4410 Γῆ
3520 4340 3586 4413 εἴ,
3626 4327 3734 4397 καὶ

298 4425 485 4478 nostri
517 4428 829 4495 parentem
861 4423 1123 4478 deduxit.
1157 4424 1391 4479 Etenim
1422 4423 1484 4478 in
1517 4422 1646 4494 ipsa
1676 4422 1801 4491 ille,
1854 4423 1956 4495 qui

2083 4415 2143 4480 ιίς
2202 4424 2310 4493 γῆν
2368 4420 2662 4496 άπιλεύσῃ,
2721 4424 2751 4480 6
2807 4426 2924 4481 κατ’
3003 4424 3190 4482 εἰκόνα
3269 4427 3414 4492 θείαν
3488 4431 3736 4506 γεγονὼς

295 4513 370 4568 ad
396 4513 716 4585 imaginem
738 4513 840 4567 Dei
862 4513 1054 4569 factus
1076 4519 1187 4579 est,
1213 4514 1777 4570 condemnationem
1800 4512 1958 4568 hanc

2083 4508 2479 4585 ιατακίκριταις
2515 4512 2688 4575 Οὗτος
2720 4513 2748 4568 6
2777 4513 2947 4593 τάφος
3002 4521 3106 4585 τῆς
3161 4514 3332 4572 πάλαι
3385 4525 3593 4589 σκηνῆς
3637 4539 3724 4575 τι·

294 4604 561 4675 accepit:
600 4604 770 4658 Terra
801 4619 872 4671 es,
907 4610 958 4657 et
990 4605 1046 4658 in
1079 4610 1284 4660 terram
1332 4605 1621 4659 reverteris
1652 4603 1691 4657 ί.
1742 4602 1954 4674 Sepul-

2083 4597 2359 4687 ιιώτερος,
2408 4600 2509 4669 τήν
2571 4600 2802 4678 λογικήν
2852 4624 2913 4660 τε
2968 4605 3056 4661 καὶ
3121 4602 3400 4682 ἔμψυχον,
3455 4609 3728 4687 θεοφεγγῆ

293 4711 460 4749 crum
491 4694 604 4749 hoc
635 4693 880 4764 antiquo
900 4698 989 4748 est
1010 4693 1398 4750 tabernaculo
1421 4692 1948 4766 pretiosius,ratio-

2083 4687 2293 4764 ιυχνίαν
2326 4686 2641 4765 δεξάμενος,
2682 4693 2775 4749 καὶ
2834 4696 2935 4766 τὴν
2984 4697 3274 4774 ζωηφόρον
3323 4684 3729 4774 τράπεζαζηού

290 4787 449 4853 nale,
482 4789 541 4840 et
570 4783 925 4852 animatum,
958 4800 1029 4839 ac
1060 4783 1348 4840 divinitus
1374 4783 1784 4839 illuminatum
1814 4799 1960 4839 can-

2083 4779 2309 4853 ιαρποῦς
2348 4781 2680 4857 προθέσεως,
2742 4782 2873 4841 ἀλλ’
2917 4784 3193 4861 οὐράνιον,
3240 4786 3304 4845 οῦ
3349 4791 3458 4865 πῦρ
3513 4788 3726 4859 ὑλικὸν,

290 4874 603 4930 delabrum
633 4872 971 4943 includens,
1005 4878 1064 4929 et
1092 4889 1364 4929 mensam
1411 4873 1593 4929 vitam
1640 4872 1954 4942 ferentem,

2083 4868 2189 4925 ur
2255 4867 2421 4927 ἄϋλον
2481 4867 2779 4945 δεξαμινην
2828 4877 2935 4949 πῦρ
2990 4882 3093 4945 τῆς
3142 4876 3421 4948 θεότητος.
3483 4878 3660 4943 Οὗτος
3697 4879 3727 4935 6

291 4982 422 5036 quas
453 4981 575 5020 non
607 4980 825 5037 panem
855 4963 1303 5035 propositionis,
1336 4964 1440 5020 sed
1462 4964 1764 5020 ccelestem
1791 4980 1805 5031 ;
1832 4979 1955 5019 non

2083 4959 2234 5034 τάφος
2263 4963 2363 5026 τῆς
2395 4966 2697 5033 Μωσαϊκῆς
2745 4958 2988 5020 κιϐωτοῦ
3044 4960 3405 5042 ὀλϐιώτερος,
3457 4966 3726 5045 εὐμοιρή-

289 5055 487 5127 ignem
517 5053 772 5109 materia
801 5059 1196 5122 constantem,
1233 5053 1338 5109 sed
1364 5069 1502 5109 eum
1548 5054 1652 5125 qui
1702 5051 1955 5110 materia

2083 5070 2159 5113 τας
2186 5049 2249 5105 οὐ
2279 5052 2432 5115 σκιάς
2460 5050 2551 5107 καὶ
2599 5053 2825 5123 τύπους,
2878 5052 3006 5111 ἀλλ’
3054 5054 3224 5126 αὐτὴν
3278 5058 3378 5126 τὴν
3437 5055 3722 5129 ἀλήθειαν.

288 5146 452 5199 omni
485 5144 758 5215 superior
787 5148 896 5209 est,
930 5142 1174 5199 Deitatis
1205 5143 1513 5215 nimirum,
1532 5142 1812 5216 suscepit.
1846 5142 1950 5197 Se-

2083 5136 2335 5212 Εδείξατο
2357 5141 2458 5219 γὰρ
2486 5144 2589 5214 τὴν
2619 5139 2926 5217 ἀκίϐδηλον
2971 5146 3063 5201 καὶ
3112 5143 3416 5222 χρυσοειδῆ
3461 5148 3721 5221 στάμνον,

284 5234 559 5307 pulcrum
582 5233 696 5288 hoc
717 5232 932 5304 Moysis
962 5247 1099 5287 arca
1119 5232 1669 5305 fortunatius,quod
1680 5248 1803 5288 non
1817 5248 1948 5287 um-

2083 5230 2155 5300 τὴν
2186 5232 2250 5286 τὸ
2279 5232 2536 5307 οὐράνιον
2584 5234 2758 5308 μάννα
2808 5238 3334 5315 καρποφορήσασαν,
3385 5238 3571 5292 πλάκα
3623 5232 3725 5312 ἔμ-

284 5323 421 5379 bras
451 5329 511 5379 et
540 5323 781 5395 ﬁguras,
817 5322 922 5377 sed
965 5322 1273 5379 veritatem
1304 5324 1493 5395 ipsam
1528 5323 1804 5379 sortitum
1835 5325 1944 5377 est.

2083 5339 2259 5397 ιυχον,
2319 5325 2491 5399 Λόγον
2571 5329 2705 5380 Θεοῦ
2792 5323 3047 5400 δακτύλῳ
3131 5331 3211 5401 τῷ
3293 5326 3721 5404 παναλκεστάτῳ

284 5413 529 5483 Recepit
558 5412 719 5467 enim
761 5412 1058 5467 sinceram
1111 5429 1476 5485 aureamque
1524 5429 1761 5483 urnam,
1812 5428 1944 5483 quae

2083 5410 2330 5486 Ινεῦματι
2410 5410 2707 5487 δεξαμένην
2768 5416 3291 5495 σαρκωθησόμενον,
3361 5417 3540 5496 Λόγον
3626 5420 3719 5475 τὸν

352 5608 398 5645 '9
426 5610 681 5666 Baruch.
716 5626 800 5682 ιιι,
830 5611 919 5667 38.
998 5608 1022 5644 ⁴
1051 5612 1195 5667 Gen.
1230 5629 1315 5684 ιιι,
1351 5616 1438 5671 l9.

354 5783 472 5856 (67)
503 5781 807 5852 Sangerm.
844 5780 1145 5855 ὑψωθεῖσα.
