4160 6428
424 441 540 499 757

1338 445 1649 501 HOMILIA
1688 439 1768 499 ῙῙῙ
1803 441 1882 497 IN
1918 436 2432 496 DOBMI’I'IONEM
2468 440 2533 492 Β.
2572 441 2643 494 ν.
2686 440 2961 495 ΜΑΒΙΕ.

3759 445 3870 501 758

430 564 822 638 ένυπὸστατον,
850 567 916 623 τὸ
964 570 1203 644 χρυσοῦν
1265 568 1648 643 θυμιατήριον,
1698 566 1795 635 τὴν
1825 565 1918 621 τὸν
1951 565 2094 618 θεῖον

2211 562 2450 618 caeleste
2479 578 2658 620 mana
2684 563 3005 635 produxit:
3041 563 3307 622 tabulam
3352 567 3702 638 animatum,
3732 587 3866 643 qua

425 659 680 726 κυήσασα
741 653 1001 732 ἄνθρακα,
1077 656 1168 712 καὶ
1245 661 1420 712 πᾶσαν
1472 660 1574 728 τήν
1631 655 1803 712 κτίσιν
1858 649 2086 710 εὐωδιά-

435 763 623 805 σασαν.

497 1016 573 1092 γ’.
608 1013 959 1092 Φευγέτωσαν
1005 1009 1284 1088 δαίμονες,
1317 1013 1732 1084 ὀλολυζέτωσαν
1777 1013 2090 1086 τρισάθλιοι

425 1105 757 1181 Νεστώριοι,
791 1103 865 1167 ὡς
893 1103 1175 1179 πρόπαλαι
1236 1105 1288 1160 οἳ
1348 1103 1665 1181 Αἲγὺπτιοι,
1702 1103 1793 1159 καὶ
1827 1104 1855 1158 6
1879 1099 2088 1157 τούτων

434 1192 666 1273 ἔξαρχος
724 1196 751 1250 6
801 1192 918 1256 νέος
971 1197 1196 1269 Φαραώ,
1258 1195 1286 1249 6
1345 1194 1542 1270 πικρὸς
1595 1191 1850 1266 ἀλάστωρ
1882 1191 2092 1248 καίτύ-

428 1304 625 1360 ραννος
679 1285 812 1357 (68).
865 1286 954 1356 Τῷ
1012 1283 1166 1358 βυθῷ
1221 1282 1322 1358 γὰρ
1379 1285 1479 1352 τῆς
1540 1282 1897 1360 βλασφημιας
1957 1301 2092 1336 κατ-

421 1374 753 1448 εχώσθησαν
809 1373 1001 1446 Ἡμεῖς
1064 1371 1121 1428 δὲ
1180 1373 1231 1428 οἱ
1290 1374 1552 1437 σωθέντες
1605 1367 1876 1447 ἀϐρὸχοις
1907 1372 2090 1442 ποσὶν,

417 1465 510 1519 καὶ
569 1465 672 1534 τήν
729 1461 980 1539 ἁλμυρὰν
1036 1469 1139 1532 τῆς
1196 1458 1442 1525 ἀσεϐείας
1507 1457 1839 1538 ὑπερϐάντες
1886 1459 2094 1526 θάλασ-

418 1573 539 1623 σαν,
573 1550 790 1627 ᾅσωμεν
819 1555 887 1627 τῇ
922 1552 1109 1627 Μητρὶ
1164 1555 1263 1608 τοῦ
1324 1556 1458 1608 Θεοῦ
1517 1549 1668 1626 ᾠδὴν
1723 1553 1831 1621 τὴν
1864 1549 2091 1623 ἐξόδιον.

423 1643 641 1720 Δῖρέτω
672 1644 898 1717 Μαριάμ
953 1643 988 1712 ἡ
1042 1641 1346 1714 Ἐκκλησία.
1401 1647 1526 1705 ταῖς
1585 1641 1746 1718 χερσὶ
1773 1643 1834 1696 τὸ
1866 1641 2091 1715 τύμπα-

420 1752 541 1803 νον,
599 1733 692 1787 καὶ
752 1730 1020 1807 έξαρχέτω
1104 1729 1252 1805 ᾠδήν
1314 1733 1416 1802 τήν
1478 1731 1714 1808 έόρτιον.
1797 1730 2090 1807 Ἐξίτωσαν

421 1819 522 1879 τοῦ
555 1824 922 1895 πνευματικοῦ
956 1822 1177 1898 Ἰσραὴλ
1238 1823 1292 1877 αἱ
1350 1822 1588 1886 νεάνιδες
1623 1822 1760 1896 μετά
1787 1823 2090 1896 τυμπάνων

2209 651 2466 706 Verbum
2483 654 2584 707 Dei
2605 653 2810 726 digito,
2835 654 3202 710 validissimo
3224 657 3430 727 utique
3453 657 3693 729 Spiritu,
3725 661 3868 715 Ver-

2201 740 2342 795 bum
2394 742 2727 798 subsistens
2772 744 3210 800 incarnandum
3281 748 3555 818 excepit;
3615 765 3865 804 aureum

2204 829 2599 899 thuribulum,
2634 832 2794 902 quod
2819 833 3084 889 divinum
3117 835 3439 891 carbonem
3477 839 3732 910 peperit,
3763 839 3866 895 bo-

2202 934 2402 990 noque
2433 920 2614 975 odore
2646 927 2921 978 naturam
2951 925 3292 980 universam
3324 927 3596 998 replevit.

2275 1011 2328 1064 3.
2345 1010 2562 1081 Fugam
2576 1010 2868 1081 arripiant
2884 1011 3209 1081 daimones,
3227 1016 3737 1086 quemadmodum
3752 1034 3859 1073 an-

2203 1097 2454 1169 tiquitus
2483 1100 2735 1171 IEgyptii
2761 1115 2775 1156 :
2809 1102 3068 1173 ejulatus
3097 1104 3278 1160 edant
3307 1105 3632 1162 miserrimi
3663 1109 3864 1162 homi-

2200 1205 2347 1244 num
2365 1190 2718 1258 Nestoriani,
2739 1205 3066 1263 eorumque
3087 1195 3384 1267 princeps,
3393 1197 3599 1267 junior
3615 1199 3866 1269 Pharao,

2205 1279 2566 1334 suavissimus
2581 1279 2744 1334 orbis
2760 1280 3154 1352 depOpulator
3171 1289 3230 1338 et
3247 1288 3862 1355 tyrannus.Profundo

2203 1385 2464 1440 namque
2499 1369 2890 1440 blasphemiae
2921 1371 3213 1443 absorptse
3251 1381 3409 1429 sunt.
3445 1376 3560 1430 Nos
3588 1391 3724 1432 vero
3757 1379 3860 1448 qui

2204 1460 2381 1513 siccis
2413 1460 2668 1530 pedibus
2702 1461 2909 1516 salvati
2942 1478 3168 1529 sumus,
3201 1462 3544 1535 salsumque
3575 1466 3866 1521 884im-

2204 1549 2447 1620 pietatis
2463 1564 2626 1605 mare
2640 1551 3048 1620 transivimus,
3071 1553 3168 1608 Dei
3192 1555 3368 1608 matri
3397 1555 3704 1609 excedenti
3723 1571 3865 1611 can-

2202 1639 2388 1694 ticum
2420 1639 2826 1696 decantemus.
2847 1643 3044 1709 Maria,
3068 1643 3185 1698 sive
3212 1644 3497 1708 Ecclesia,
3515 1651 3864 1718 tympanum

2204 1728 2480 1784 manibus
2509 1735 2724 1796 sumat,
2757 1730 3152 1802 festivumque
3186 1732 3303 1788 diei
3341 1734 3639 1789 canticum
3691 1751 3864 1790 exor-

2203 1817 2440 1873 diatur:
2477 1818 2762 1890 spiritalis
2795 1821 3032 1876 Israelis
3070 1822 3286 1892 puella)
3318 1824 3553 1879 choreis
3599 1831 3864 1896 perstre-

421 1913 514 1967 καὶ
547 1916 735 1987 χαρῶν
795 1909 1192 1981 ἀλαλάζουσαι.
1251 1911 1510 1976 Βασιλεῖς
1547 1919 1652 1982 τῆς
1709 1920 1812 1990 γῆς
1841 1912 1932 1967 καὶ
1961 1933 2084 1985 κρι-

2203 1914 2412 1980 pentes
2443 1914 2673 1963 exeant.
2705 1911 2892 1981 Reges
2928 1915 3101 1965 terra;
3153 1917 3212 1965 et
3245 1912 3502 1983 judices,
3557 1930 3677 1969 una
3723 1931 3861 1970 cum

411 2004 500 2058 ταὶ
537 2001 628 2056 σὺν
661 1998 916 2077 ἄρχουσι,
974 1999 1244 2057 νεανίσκοι
1297 2003 1384 2057 καὶ
1446 2004 1728 2077 παρθένοι,
1791 1997 2090 2079 πρεσϐύται

415 2091 553 2167 μετὰ
580 2091 880 2166 νεωτέρων,
909 2091 1011 2160 τὴν
1064 2094 1328 2147 Θεοτόκον
1385 2093 1750 2167 ὑμνείτωσαν,
1795 2090 2089 2169 σύλλογοι,

417 2173 508 2239 καὶ
539 2182 699 2260 λόγοι
729 2179 1091 2250 παντοδαποὶ,
1144 2181 1236 2238 καὶ
1297 2182 1461 2247 έθνῶν
1521 2182 1612 2238 καὶ
1665 2182 1816 2239 λαῶν
1845 2183 2091 2260 γλῶσσαιι

418 2269 695 2350 διάφοροι,
730 2271 877 2346 ᾆσμα
935 2269 1120 2327 καινὸν
1183 2271 1688 2349 μελουργείτωσαν.
1742 2270 2091 2348 Περιηχείτω

417 2363 528 2439 ἀὴρ
558 2369 950 2437 πνευματικοῖς
1009 2358 1192 2437 δόναξί
1247 2384 1308 2418 τι
1365 2363 1457 2418 καὶ
1520 2360 1804 2440 σάλπιγξι,
1853 2361 2090 2425 καὶτοῖς

414 2451 479 2508 ἐκ
537 2452 708 2528 πυρὸς
769 2451 1158 2528 ἀμαριόγμασιν
1213 2451 1426 2528 ἡμέραν
1481 2453 1854 2529 καινουργίτω
1900 2454 2089 2524 σωτή-

414 2562 558 2618 ριονο
594 2541 966 2621 Εὐφράνθητε,
1001 2540 1251 2615 οὐρανοὶ,
1284 2541 1375 2596 καὶ
1425 2543 1480 2597 αἱ
1510 2541 1734 2622 νεφέλαι
1771 2540 2088 2618 ῥανάτωσαν

416 2629 767 2710 ἀγαλλίασιν.
829 2633 1190 2708 Σκιρτήσατε,
1270 2631 1419 2708 κριοὶ
1493 2638 1595 2702 τῆς
1662 2629 1932 2700 ἐκλεκτῆς
1987 2630 2088 2686 τοῦ

420 2725 558 2777 Θεοῦ
589 2722 854 2794 ποίμνης,
889 2721 942 2776 οἱ
987 2721 1128 2775 θεῖοι
1174 2718 1502 2791 ἀπόστολοι,
1531 2721 1605 2783 ὡς
1637 2717 1737 2796 ὅρη
1777 2720 1965 2796 ὑψηλά
1995 2721 2085 2775 καὶ

422 2813 675 2887 μετέωρα
704 2815 824 2874 ταῖς
885 2807 1257 2886 ὑψηλοτάταις
1314 2810 1567 2886 θεωρίαις
1632 2807 1955 2884 ὑιῷοιόμενοι,
1989 2810 2080 2865 καὶ

421 2898 578 2976 ὄίρνες
635 2905 794 2969 Θεοῦ,
850 2898 982 2964 λαὸς
1040 2901 1212 2976 ἅγιος,
1269 2907 1371 2971 τῆς
1430 2897 1760 2970 Ἐκκλησίας
1791 2899 1858 2955 τὰ
1916 2900 2081 2976 θρέμ-

421 3013 589 3067 ματα,
626 2991 807 3068 ὥσπερ
846 2989 1034 3066 βουνοί
1065 2989 1202 3064 πρὸς
1257 2986 1324 3046 τὰ
1383 2987 1571 3063 ὑψηλὰ
1627 2986 1728 3065 ὅρη
1783 2991 1852 3064 τῇ
1883 3009 2082 3064 προαι-

421 3081 565 3160 ρέσει
600 3080 1026 3155 ἀνατεινόμενοι.
1061 3075 1274 3136 Βαϐαίῐ
1313 3074 1478 3156 βαϐαί
1504 3080 1516 3136 ί
1541 3079 1797 3151 τέθνηκεν
1828 3081 1864 3149 ἡ
1897 3080 2085 3156 πηγή-

418 3183 524 3246 τῆς
559 3178 729 3246 ζωῆς,
756 3175 791 3244 ἡ
817 3177 916 3229 τοῦ
964 3171 1174 3242 Κυρίου
1231 3193 1337 3246 μου
1397 3173 1603 3248 Μήτηρ
1630 3190 1644 3243 ;
1705 3169 1856 3227 Ἔδει
1887 3171 1988 3248 γάρ
2018 3170 2080 3226 τὸ

411 3264 476 3322 ἐκ
529 3271 633 3343 γῆς
691 3264 934 3319 συντεθὲν
989 3261 1384 3332 παλινοστῆσαι
1443 3261 1580 3338 πρὸς
1637 3261 1766 3336 γῆν,
1809 3259 1903 3316 καὶ
1936 3259 2079 3316 οὕτω

418 3361 821 3430 μεταναστῆσαι
851 3354 987 3428 πρὸς
1031 3352 1283 3428 οὐρανὸν,
1338 3351 1399 3408 ἐκ
1453 3357 1557 3421 τῆς
1610 3358 1716 3428 γῆς
1749 3345 1936 3406 λαϐὼν
1972 3353 2079 3429 (69)

402 3445 506 3518 τὴν
565 3442 952 3520 δεδωρημένην
1003 3441 1072 3519 τῇ
1116 3443 1187 3519 γῇ
1236 3446 1307 3518 τῇ
1356 3438 1634 3497 καταθέσει
1683 3444 1779 3497 τοῦ
1821 3443 2077 3513 σώματος

415 3536 800 3609 πανακήρατον
883 3534 1051 3603 ζωήν.
1133 3528 1283 3588 Ἔδει
1368 3530 1468 3606 γάρ
1555 3529 1793 3604 καθάπερ
1874 3529 2081 3604 χρυσὸν

417 3618 804 3681 ἀποϐαλοῦσαν
837 3623 898 3678 τὸ
927 3617 1132 3697 γεῶδες
1183 3621 1270 3677 καί
1323 3619 1575 3693 ἀλαμπὲς
1606 3622 1707 3684 τῆς
1739 3619 2079 3689 θνητότητος

420 3714 600 3791 πάχος
634 3714 704 3776 ὡς
760 3713 810 3768 έν
872 3711 1137 3788 χωνεύσει
1200 3715 1280 3784 τῷ
1332 3709 1545 3782 θανάτῳ
1596 3710 1699 3778 τὴν
1759 3705 1929 3782 σάρκα
1975 3706 2074 3785 ἀφ-

411 3815 606 3879 θαρτον
663 3804 751 3858 καὶ
825 3800 1085 3877 καθαρὰν,
1169 3803 1250 3874 τῷ
1332 3796 1515 3878 φέγγει
1595 3797 1695 3867 τῆς
1776 3795 2074 3875 ἀφθαρσίας

402 3891 794 3966 ἐκλάμπουσαν
831 3889 1185 3964 έξαγαστῆναι
1214 3888 1310 3942 τοῦ
1347 3887 1658 3960 μνήματος.

479 3979 540 4040 δ’.
585 3983 839 4057 Σήμερον
900 3979 1082 4056 ἀρχὴν
1141 3972 1413 4051 λαμϐάνει
1475 3972 1728 4051 δευτέρας
1787 3974 2068 4051 ὑπάρξεως

404 4071 511 4128 ὑπὸ
539 4076 636 4126 τοῦ
669 4070 860 4133 δόντος
891 4069 1027 4144 αὐτῇ
1075 4069 1174 4138 τὴν
1236 4067 1416 4144 ἀρχὴν
1449 4073 1549 4138 τῆς
1581 4067 1854 4141 προτέρας
1893 4063 2063 4138 ὑπεὶρ⁴

406 4162 559 4234 ξεως,
591 4164 626 4231 ἡ
659 4157 825 4216 δοῦσα
857 4157 1107 4232 δευτέρας
1148 4157 1355 4233 ἀρχὴν,
1413 4163 1513 4226 τῆς
1568 4159 1886 4230 σωματικῆς
1917 4152 2067 4231 λέγω

406 4252 706 4328 ὑπάρξεως,
736 4253 816 4322 τῷ
852 4248 927 4322 μή
963 4247 1225 4320 ἐσχηκότι
1267 4245 1448 4323 ἀρχὴν
1493 4246 1762 4322 χρονικὴν
1796 4252 1894 4316 τῆς
1928 4264 2066 4322 προ-

407 4339 564 4418 θέρας
599 4338 689 4394 καὶ
748 4335 931 4394 ἀϊδίου
989 4336 1288 4412 ὑπάρξεως,
1350 4334 1400 4390 εἲ
1454 4335 1543 4391 καὶ
1601 4336 1695 4391 τὸν
1729 4335 1937 4411 Πατέρα
1969 4335 2069 4410 ἀρ-

403 4432 516 4508 χῆν
579 4431 721 4505 εἶχεν
781 4429 857 4490 ὡς
916 4425 1092 4481 αἰτίαν
1151 4432 1251 4495 τῆς
1308 4425 1474 4480 αὐτοῦ
1555 4421 1700 4488 θείας
1759 4424 2062 4501 ὑπάρξεως.

400 4522 653 4592 Χαίροις,
688 4518 855 4590 Σιὼν,
887 4518 948 4572 τὸ
982 4517 1123 4570 θεῖον
1159 4511 1288 4587 ὅρος
1334 4517 1397 4570 τὸ
1455 4515 1632 4592 ἃγιον,
1666 4515 1718 4570 έν
1754 4517 1798 4589 ᾦ
1830 4517 2062 4591 κατῴκει

401 4609 466 4664 τὸ
499 4615 646 4674 θεῖον
680 4605 808 4686 ὅρος
860 4607 922 4662 τὸ
979 4603 1251 4682 ἔμψυχον·
1308 4607 1343 4676 ἡ
1401 4604 1489 4660 νέα
1522 4604 1756 4674 Βαιθὴλ,
1792 4604 1848 4661 ἐν
1880 4603 2058 4678 στήλη

2200 1997 2592 2069 principibus,
2619 1999 2896 2069 juvenes,
2917 2005 2978 2054 et
2999 2001 3281 2072 virgines,
3304 2017 3476 2057 senes
3501 2017 3635 2058 cum
3655 2005 3862 2076 junio~

2199 2087 2363 2142 ribus
2394 2088 2660 2159 Deiparm
2693 2088 2947 2160 hymnos
2985 2089 3226 2145 dicant:
3277 2097 3463 2147 cretus
3515 2093 3682 2162 item,
3733 2110 3863 2150 om-

2197 2178 2487 2248 niumque
2517 2193 2804 2250 generum
2836 2195 3167 2245 sermones,
3201 2185 3260 2235 et
3292 2182 3464 2236 variae
3495 2184 3770 2254 gentium
3805 2191 3866 2239 et

2197 2268 2556 2338 populorum
2577 2268 2794 2340 linguas
2814 2284 3032 2324 novum
3055 2271 3378 2325 concinant
3399 2273 3865 2346 canticum.Spi-—

2199 2357 2517 2412 ritualibus
2549 2358 2766 2413 fistulis
2798 2374 2865 2413 ac
2898 2358 3056 2413 tubis
3084 2375 3185 2413 aer
3215 2361 3439 2415 circum
3467 2370 3770 2432 personet,
3804 2368 3863 2418 et

2197 2446 2390 2519 igneis
2405 2445 2846 2518 splendoribus,
2869 2447 3191 2502 salutarem
3211 2447 3371 2503 diem
3389 2449 3496 2503 inn
3507 2454 3639 2504 ovet
3657 2449 3683 2504 ‘I
3705 2451 3860 2505 Gau-

2195 2535 2353 2603 dete,
2388 2536 2542 2603 caeli,
2577 2542 2635 2590 et
2663 2535 2854 2590 nubes
2889 2536 3187 2608 justitiam
3237 2538 3486 2609 pluant:
3542 2539 3854 2607 exsultate,

2197 2625 2369 2680 electi
2403 2626 2502 2680 Dei
2531 2627 2723 2698 gregis
2749 2626 2984 2688 arietes,
3019 2625 3202 2681 divini
3230 2629 3507 2699 apostoli,
3542 2630 3642 2700 qui
3693 2630 3857 2685 velut

2193 2715 2298 2770 alti
2331 2715 2740 2788 sublimesque
2773 2722 3005 2771 montes
3037 2717 3389 2773 celsissimis
3419 2719 3851 2790 speculationi-

2192 2806 2302 2861 bus
2325 2806 2540 2861 sublati
2569 2807 2709 2862 estis
2726 2821 2739 2874 ;
2756 2821 2997 2878 vosque,
3021 2808 3296 2879 agniDei,
3313 2810 3570 2880 populus
3584 2815 3849 2879 sanctus,

2192 2895 2475 2951 Ecclesiae
2505 2911 2740 2967 pecora,
2772 2897 3017 2952 collium
3053 2898 3242 2952 instar
3271 2898 3618 2954 inductione
3659 2901 3846 2956 animi

2189 2985 2264 3041 ad
2296 2987 2565 3041 excelsos
2595 2992 2832 3041 montes
2880 2987 3178 3059 attigistis.
3230 2988 3438 3058 Papa)!
3473 3005 3642 3060 papm
3672 2990 3682 3044 ι
3716 2990 3852 3047 fons

2189 3075 2344 3144 vitae,
2387 3076 2620 3131 Domini
2655 3078 2837 3131 Mater
2869 3076 3170 3131 moritur?
3213 3077 3535 3147 Oportebat
3565 3079 3748 3144 enim,
3785 3085 3852 3134 ut

2191 3166 2351 3238 quod
2375 3183 2404 3220 e
2435 3171 2593 3220 terra
2622 3166 2946 3221 conflatum
2979 3171 3106 3220 erat
3135 3167 3210 3220 ad
3259 3172 3478 3222 terram
3521 3174 3848 3224 revertere-

2195 3262 2314 3324 tur,
2347 3261 2524 3328 atque
2555 3257 2638 3310 ita
2665 3256 2725 3310 in
2758 3255 2973 3312 ccelum
2999 3257 3528 3324 transmitteretur,
3551 3263 3688 3330 post
3716 3274 3849 3314 cor-

2199 3347 2363 3418 poris
2382 3347 2616 3401 interra
2636 3345 3074 3418 depositionem
3098 3347 3484 3418 purissimam
3505 3348 3685 3403 vitam
3700 3350 3852 3404 acci-

2188 3435 2647 3507 piens.Decebat
2659 3437 2818 3492 enim
2832 3436 3433 3507 ut,quemadmodum
3449 3444 3849 3507 aurum,terra

2187 3526 2456 3600 deposita
2488 3533 2546 3582 et
2575 3527 2902 3599 caliginosa
2932 3528 3316 3583 mortalitatis
3360 3529 3538 3599 mole,
3571 3544 3750 3585 carne
3782 3531 3844 3586 in

2184 3623 2376 3673 morte
2406 3618 2567 3673 velut
2595 3618 2658 3672 in
2690 3618 2896 3673 fusura
2935 3619 3282 3690 incorrupta
3332 3635 3401 3674 ac
3448 3634 3617 3689 pura,
3663 3624 3843 3692 atque

2182 3708 2646 3780 incorruptionis
2683 3708 2912 3780 fulgore
2941 3709 3212 3764 rutilanti
3245 3723 3276 3763 e
3319 3715 3707 3766 monumento
3738 3726 3837 3766 re-

2183 3811 2431 3867 surgens
2463 3795 2838 3850 indueretur.

2248 3975 2301 4031 4.
2361 3973 2569 4041 Hodie,
2629 3989 2762 4044 quae
2807 3973 3015 4046 primm
3067 3975 3454 4044 exsistentiae,
3510 3977 3839 4051 corporalis

2179 4063 2428 4131 scilicet,
2448 4064 2814 4135 principium
2831 4065 2902 4119 ab
2918 4078 2984 4119 eo
2999 4067 3248 4137 accepit,
3267 4067 3367 4136 qui
3383 4069 3710 4138 temporale
3725 4069 3837 4123 ini-

2178 4155 2325 4210 tium
2356 4171 2478 4209 non
2502 4155 2712 4210 habuit
2731 4156 2948 4227 prioris
2963 4162 3022 4211 et
3043 4156 3424 4228 sempiternaa
3447 4174 3568 4212 sua:
3593 4164 3834 4214 exstan-

2178 4245 2410 4309 tiae,etsi
2431 4246 2663 4299 Patrem
2678 4245 3039 4316 principium
3054 4247 3311 4302 habebat
3323 4252 3608 4318 tanquam
3623 4249 3837 4303 divinas

2177 4351 2300 4388 suae
2335 4333 2644 4389 exstantiaa
2676 4340 2980 4390 auctorem
3012 4336 3139 4391 htDC
3164 4337 3442 4391 secundae
3475 4339 3836 4394 exsistentiaa

2173 4424 2415 4479 initium
2429 4424 2503 4479 ab
2519 4441 2587 4480 eo
2604 4425 2836 4496 accipit,
2866 4427 2965 4496 qui
2983 4426 3094 4498 ipsi
3113 4426 3353 4481 deditut
3375 4427 3632 4499 primum
3647 4429 3833 4484 exsis-

2172 4519 2344 4571 teret.
2372 4515 2592 4583 Gaude,
2617 4515 2779 4581 Sion,
2808 4514 3041 4571 divinus
3064 4534 3236 4571 mons
3260 4522 3318 4572 et
3339 4523 3602 4584 sanctus,
3631 4519 3692 4573 in
3715 4535 3832 4590 quo

2173 4620 2346 4661 mons
2362 4605 2596 4659 divinus
2612 4608 2670 4659 et
2691 4605 2989 4660 animatus
3012 4606 3326 4662 habitavit:
3353 4623 3502 4663 nova
3522 4609 3746 4677 Bethel,
3769 4610 3829 4665 in

398 4699 683 4770 ἧλειπται,
735 4697 1048 4774 ἀνθρωπίνη
1119 4693 1278 4773 ιρὺσις
1334 4695 1606 4772 χριομένη
1665 4689 1904 4767 θεότητι.
1968 4696 2060 4750 Ἐκ

2192 4711 2288 4767 [ua
2301 4695 2580 4751 columna
2593 4700 2773 4751 uncta
2791 4701 2898 4763 est,
2920 4696 3182 4752 humana
3199 4698 3484 4754 nimirum
3508 4704 3721 4755 natura
3739 4700 3831 4754 di-

404 4793 502 4843 σοῦ
561 4792 669 4862 (70)
722 4787 861 4864 πρὸς
919 4786 1170 4860 οὐράνιον
1249 4783 1386 4859 ὕψος
1447 4785 1826 4860 μετεώρισται,
1879 4785 1953 4846 ὡς
2010 4784 2059 4858 ἐξ

405 4877 629 4949 έλαίων,
665 4879 693 4934 ὁ
723 4876 924 4948 ταύτης
959 4876 1105 4940 Υἱὸς.
1155 4875 1562 4949 Ἐτοιμαζέσθω
1614 4873 1817 4954 νεφέλη
1853 4877 2064 4951 παγκά-

404 4971 568 5044 σμιός
595 4991 655 5025 τε
707 4967 796 5024 καὶ
853 4966 1234 5044 περικόσμιος,
1295 4965 1385 5022 καὶ
1444 4965 1658 5041 ἀνέμων
1709 4966 1973 5042 πτέρυγες
2005 4965 2064 5022 ἐκ

400 5065 509 5116 τῶν
542 5060 788 5135 περάτων
845 5065 945 5129 τῆς
1004 5063 1107 5132 γῆς
1164 5057 1301 5134 πρὸς
1362 5056 1505 5111 Σιὼν
1554 5055 1684 5119 τοὺς
1716 5054 2061 5119 ἀποστόλους

406 5145 844 5220 διαϐιϐάζουσαι.
901 5145 1058 5210 Τίνες
1117 5144 1232 5202 σ’ίδε
1289 5143 1419 5200 ὡσεέ
1485 5144 1705 5223 νεφέλαι
1763 5146 1854 5201 καὶ
1914 5146 2058 5202 ἀετοῖ

405 5242 659 5296 πέτανται
693 5240 829 5315 πρὸς
855 5239 917 5295 τὸ
951 5241 1152 5310 πτῶμα
1195 5235 1256 5291 τὸ
1300 5239 1402 5306 τῆς
1457 5235 1671 5291 πάντων
1721 5235 2061 5300 ἀναστάσεως

406 5329 578 5387 αἶ’τιον
637 5335 706 5406 τῇ
767 5330 949 5406 Μητρὶ
1007 5323 1108 5383 τοῦ
1183 5329 1316 5381 Θεοῦ
1387 5325 1909 5402 λειτουργήσοντεςς
1969 5325 2062 5390 Τίς

399 5421 534 5492 αὕτη
568 5424 602 5492 ἡ
638 5415 1001 5476 ἀναϐαίνουσα
1055 5414 1582 5490 λελευκανθισμένη,
1629 5415 1735 5487 ὅλη
1768 5414 1938 5488 καλὴ,
1973 5416 2059 5472 έκ-

403 5510 696 5586 λάμπουσα
770 5511 846 5574 ὡς
904 5508 1101 5580 ἦλιοςς
1183 5504 1500 5579 ’ᾼδάτωσαν
1574 5507 1628 5561 αἱ
1687 5506 1902 5583 κιθάραι
1962 5511 2060 5563 τοῦ

473 5746 584 5820 (68)
616 5745 745 5820 Seg.
800 5743 890 5799 καὶ
946 5737 1216 5820 δυσμενῂς
1268 5739 1564 5820 Νεστᾴριος
1599 5738 1627 5796 6
1658 5738 1940 5820 τύραννρς,
1970 5744 2051 5816 τῷ

407 5811 914 5894 βοθῷπῆςνμιαρᾶς
945 5811 1113 5870 αὑτοῦ
1147 5811 1501 5894 βλασφημίας
1529 5811 1925 5890 καταχωσθεῐς.

2175 4785 2417 4840 vinitate
2432 4790 2721 4857 peruncta
2748 4800 2760 4840 :
2782 4802 2851 4839 ex
2875 4792 2929 4840 te
2955 4785 3083 4857 ejus
3102 4785 3283 4841 Filius
3305 4788 3378 4843 ad
3410 4789 3710 4845 cmlestem
3731 4806 3832 4844 su-

2174 4878 2556 4948 blimitatem,
2586 4881 2754 4951 quasi
2781 4896 2851 4935 ex
2873 4880 3042 4936 olivis
3061 4887 3151 4936 est
3173 4887 3425 4938 evectus.
3455 4883 3832 4955 Praeparetur

2176 4970 2366 5024 nubes
2396 4970 2657 5025 universi
2691 4969 2872 5036 orbis,
2909 4976 2967 5025 et
3000 4987 3180 5043 supra
3209 4971 3524 5040 mundum,
3549 4978 3608 5027 et
3633 4978 3832 5028 vento-

2173 5075 2305 5114 rum
2338 5057 2446 5114 alae
2479 5076 2609 5130 qua:
2635 5058 2937 5131 apostolos
2961 5077 3030 5116 ex
3054 5064 3226 5115 terras
3250 5061 3468 5116 finibus
3494 5063 3553 5116 in
3572 5061 3708 5116 Sion
3732 5061 3832 5116 ad-

2173 5149 2406 5204 vehant.
2441 5149 2550 5214 Qui
2583 5154 2723 5203 sunt
2745 5149 2865 5215 isti,
2891 5150 2991 5221 qui
3017 5154 3300 5222 tanquam
3324 5149 3514 5206 nubes
3537 5157 3593 5206 et
3613 5152 3828 5223 aquila)

2174 5237 2247 5295 ad
2279 5255 2494 5310 corpus
2521 5239 3022 5295 resurrectionnis
3047 5241 3316 5296 omnium
3342 5257 3580 5296 causam
3609 5242 3828 5311 volant,

2175 5329 2276 5385 Dei
2309 5330 2476 5384 Matri
2509 5330 2906 5384 ministraturi
2930 5330 2956 5385 ?
2980 5347 3110 5401 qum
3135 5337 3223 5385 est
3252 5331 3365 5386 ista
3398 5348 3528 5403 qum
3561 5332 3830 5388 ascendit

2174 5418 2490 5474 dealbata?
2521 5423 2643 5473 tota
2674 5419 2943 5489 pulchra,
2972 5419 3361 5491 resplendens
3385 5426 3449 5475 ut
3480 5421 3567 5476 sol
3590 5422 3617 5476 ?
3647 5422 3828 5493 Spiri-

2175 5514 2268 5566 tus
2300 5508 2542 5566 citharm
2574 5509 2916 5577 concinant,
2951 5508 3290 5581 apostolica
3321 5510 3563 5585 linguae,
3597 5512 3828 5570 theolo-

2373 5742 2470 5825 '[ic
2506 5758 2755 5825 quoque
2773 5741 3034 5825 Seguerz,
3066 5740 3219 5825 forte
3244 5735 3440 5800 λαὸὀν.

2236 5811 2346 5888 (70)
2381 5811 2574 5871 Germ.
2608 5811 2661 5886 ἐξ
2690 5812 2774 5885 οὗ,
2810 5811 2894 5871 sic
2927 5812 3104 5870 Allat.
3137 5831 3208 5871 ea;
3235 5831 3365 5886 quo.
