4160 6400
390 410 503 467 759

385 551 597 608 gerum
628 535 886 592 vertices
916 534 1204 607 cymbalis
1233 538 1628 607 perstrepant.
1666 538 1775 593 Vas
1800 536 2038 593 electio-

2158 536 2491 611 Πνεύματος,
2560 534 2925 593 ἀποστολικαὶ
2998 534 3271 611 γλῶσσαι.

383 625 479 679 nis
500 625 857 681 Hierothéus
877 624 918 692 ³,
943 625 1143 680 divino
1165 624 1388 695 Spiritu
1412 632 1816 691 consecratus,
1841 626 2044 682 divina

384 714 610 770 unione
642 731 737 770 res
766 714 998 769 divinas
1029 714 1274 770 edoctus
1294 730 1648 787 passusque,
1676 721 1832 771 totus
1856 732 1886 770 e
1911 733 2045 771 cor-

388 821 534 877 pore
566 803 832 871 excedat,
868 809 1025 858 totus
1055 803 1308 858 liberam
1338 804 1524 859 animi
1556 805 1913 861 electionem
1957 822 2045 861 se-

393 910 585 965 quens
614 893 809 961 abeat,
840 892 1309 964 laudatoriisque
1330 893 1581 949 canticis
1597 894 1861 966 plaudat.
1889 897 2046 950 Gen-

388 987 481 1039 tes
527 998 736 1039 omnes
780 980 1059 1038 manibus
1100 981 1424 1053 plaudant:
1469 983 1786 1055 Deiparam
1835 1000 2044 1040 omnes

390 1071 661 1128 laudent.
693 1071 903 1143 Angeli
926 1070 1184 1126 obnoxio
1195 1071 1374 1127 morti
1395 1072 1627 1144 corpori
1649 1073 1926 1129 serviant.
1950 1073 2043 1128 Fi-

386 1161 487 1217 lias
518 1160 874 1229 Jerusalem,
897 1166 1269 1233 prmeuntem
1284 1162 1552 1234 reginam
1585 1162 1907 1234 sequimini
1937 1161 2046 1231 ’,et

378 1250 549 1306 velut
574 1250 862 1323 proximm
893 1250 983 1305 illi
1013 1251 1291 1323 virgines,
1325 1251 1548 1323 Spiritu
1571 1252 1935 1324 juvenantes
1968 1251 2044 1309 ad

387 1357 675 1413 sponsum
728 1340 910 1397 simul
956 1341 1393 1409 convehamini,
1448 1359 1483 1398 a
1534 1341 1757 1397 dextris
1806 1342 2041 1398 Domini

385 1430 672 1486 astiturm.
718 1430 1043 1498 Descende,
1076 1430 1396 1498 descende,
1430 1432 1699 1493 Domine.
1734 1432 1921 1499 Matri,
1957 1433 2042 1487 uti

385 1534 495 1590 par
525 1523 633 1585 est,
669 1518 870 1574 debita
902 1518 1322 1573 nutricationis
1355 1524 1468 1574 tuaa
1516 1519 1764 1590 praemia
1812 1519 2042 1591 persol-

387 1608 528 1663 vito.
557 1608 795 1663 Divinas
829 1608 1079 1665 extende
1111 1623 1365 1664 manus:
1397 1614 1730 1664 maternam
1779 1610 2042 1664 animam

388 1697 644 1769 suscipe,
679 1699 780 1769 qui
814 1698 1081 1770 paternis
1110 1697 1389 1753 manibus
1435 1697 1713 1770 spiritum
1760 1699 1824 1755 in
1869 1716 2043 1755 cruce

382 1785 710 1857 deposuisti
740 1787 933 1842 :dulci
957 1803 1086 1843 eam
1114 1804 1359 1843 susurro
1381 1788 1693 1859 compella.
1718 1790 1884 1855 Veni,
1911 1789 2045 1860 pul-

1680 413 1740 465 S.
1778 410 2086 470 JOANNIB
2117 415 2541 473 ΒΔΜΑΒΟΕΝΙ

3711 409 3829 485 τδο

3354 530 3815 604 Ἀλαλαζὲτωσαν

2150 622 2433 700 κύμϐαλα,
2465 627 2521 682 αἱ
2568 631 2676 681 τῶν
2719 623 2999 700 θεολόγων
3053 624 3372 701 ἀκρότητες,
3402 622 3465 679 τὸ
3499 627 3689 686 σκεῦος
3716 626 3821 693 τῆς

2150 716 2389 792 ἐκλογῆς
2422 716 2711 793 ’[ερόθεος,
2770 716 2799 770 6
2855 719 2937 787 τῷ
2992 714 3122 788 θείῳ
3180 713 3588 789 καθιερωμὲνος
3641 712 3825 769 Ι]νεύ-

2160 827 2313 879 ματι,
2348 807 2473 879 ὁτῇ
2532 804 2648 877 θείᾳ
2700 803 2889 860 ἐνώσει
2944 805 3014 859 τὰ
3068 808 3185 869 θεῖα
3240 804 3428 868 παθὼν
3478 801 3567 858 καὶ
3603 804 3820 876 μαθὼν,

2152 895 2285 959 ὅλος
2345 894 2638 966 ἑξιστάσθω
2698 897 2797 949 τοῦ
2874 894 3154 966 σώματος·
3214 892 3346 955 ὅλος
3404 890 3824 966 συνεκδημείτω

2149 988 2221 1050 τῇ
2282 985 2618 1061 προαιρέσει,
2678 983 2767 1039 καὶ
2825 980 3094 1058 κροτείτω
3143 987 3263 1045 τοῖς
3293 979 3611 1060 ἐφυμνίοις.
3643 980 3828 1039 Πάντα

2143 1076 2212 1131 τά
2263 1071 2394 1145 ἔθνη
2454 1079 2647 1150 χεῖρας
2706 1071 3094 1149 κροτείτωσαν,
3151 1073 3347 1136 πάντες
3405 1072 3507 1142 τὴν
3550 1072 3821 1128 Θεοτόκον

2149 1162 2516 1237 ὗμνείτωσαν.
2580 1160 2848 1239 Ἄγγελοι
2905 1162 3089 1234 θνητῷ
3151 1158 3649 1238 λειτουργοίτωσαν
3710 1161 3821 1215 σώ-

2152 1273 2302 1327 ματι.
2347 1252 2646 1327 Θυγατέρες
2705 1248 3094 1326 Ἰερουσαλὴμ,
3148 1249 3326 1305 ὀπίσω
3363 1256 3467 1319 τῆς
3528 1246 3821 1325 βασιλίδος

2147 1340 2580 1412 ἀκολουθήσατε,
2629 1341 2721 1396 καὶ
2766 1340 2841 1399 ὡς
2890 1337 3127 1410 πλησίον
3176 1337 3346 1408 αὐτῆς
3388 1337 3649 1413 παρθένοι
3690 1359 3815 1395 νεα-

2145 1430 2454 1504 νιευόμεναι
2508 1429 2785 1504 Πνεύματι
2842 1429 2981 1506 πρὸς
3062 1429 3154 1485 τὸν
3215 1428 3452 1505 νυμφίον
3527 1428 3818 1485 συναπενὲο

2147 1533 2343 1597 χθητε,
2402 1519 2464 1576 ἐκ
2506 1518 2711 1593 δεξιῶν
2786 1522 2884 1574 τοῦ
2960 1517 3233 1573 Δεσπότου
3305 1517 3816 1593 παραστησόμεναι.

2147 1610 2355 1674 Κάτιθι.
2434 1610 2638 1682 κάτιθι,
2718 1609 2981 1679 Δέσποτα,
3067 1611 3137 1681 τῇ
3222 1608 3407 1684 Μητρὶ
3484 1608 3816 1683 κατάχρεως

2147 1699 2437 1762 ἀποτιννὺς
2491 1700 2559 1755 τὰ
2635 1697 2973 1776 ὀφειλόμενα
3047 1697 3305 1773 θρέπτρα.
3384 1696 3542 1759 Θείας
3609 1695 3807 1753 ἀναπέ-

2143 1812 2305 1846 τασον
2365 1795 2581 1865 χεῖρας*
2639 1786 2783 1862 δέξαι
2840 1790 3026 1864 ψυχὴν
3091 1788 3392 1864 μητρικήν,
3450 1788 3478 1842 6
3516 1793 3812 1864 πατρικαῖς

378 1877 543 1943 chra,
576 1877 847 1948 proxima
877 1894 1031 1946 mea,
1066 1894 1202 1948 quia
1242 1877 1596 1949 virginitatis
1640 1878 1793 1935 885
1843 1879 2038 1935 forma

2151 1879 2309 1957 χερσὶ
2361 1877 2425 1935 τὰ
2482 1882 2699 1953 πνεῦμα
2751 1877 2837 1934 ἐπὶ
2896 1882 3130 1954 σταυροῦ
3187 1878 3587 1952 παραθέμενος,
3615 1876 3808 1956 φώνη-

378 1965 566 2021 solem
598 1966 794 2037 ipsum
827 1966 1251 2039 splendoribus
1301 1984 1569 2039 superas.
1623 1970 1757 2025 Tuae
1799 1985 2036 2026 mecum

387 2058 883 2127 communicasti;
915 2075 1075 2115 nunc
1109 2076 1381 2114 meorum
1412 2060 1709 2131 particeps
1740 2066 1888 2116 esto.
1929 2063 2043 2117 Ac-

389 2146 556 2214 cede,
582 2148 785 2215 Mater,
811 2147 883 2203 ad
902 2147 1118 2203 Filium
1143 2164 1157 2202 :
1175 2148 1305 2220 jam
1326 2164 1463 2205 cum
1487 2165 1555 2203 eo
1576 2150 1677 2220 qui
1701 2166 1770 2205 ex
1788 2155 1844 2206 te
1867 2157 2044 2206 natus

390 2240 502 2304 est,
537 2240 597 2291 et
638 2241 835 2291 tecum
888 2242 1211 2309 egestatem
1267 2237 1469 2305 subiit,
1519 2254 1771 2311 regnum
1822 2245 2042 2299 teneto.

383 2324 519 2393 Abi,
553 2325 831 2395 Domina,
862 2325 981 2396 abi,
1016 2343 1137 2383 non
1164 2328 1249 2383 uti
1282 2330 1492 2395 Moses,
1513 2329 1791 2397 ascende,
1817 2347 1886 2387 ac
1916 2347 2047 2387 mo-

384 2429 538 2469 rere.
574 2417 796 2470 Morere
836 2415 1038 2487 potius
1082 2416 1367 2487 primum,
1419 2417 1559 2473 dein
1592 2419 1867 2475 ascende.
1903 2421 2044 2476 Ani-

388 2520 549 2559 mam
580 2505 713 2560 Filii
741 2505 825 2561 tui
858 2504 1134 2561 manibus
1163 2522 1388 2577 repone
1408 2523 1429 2563 :
1477 2512 1652 2563 terrea
1683 2509 1843 2581 quod
1871 2516 2043 2566 terrae

385 2597 497 2660 est,
531 2592 753 2648 redde:
788 2609 928 2648 nam
957 2594 1070 2648 hoc
1103 2594 1283 2649 etiam
1311 2599 1508 2651 tecum
1542 2597 1724 2652 simul
1775 2597 2043 2654 subleva-

382 2681 566 2736 bitur.
603 2682 833 2749 Tollite,
867 2700 901 2739 ο
928 2682 1146 2754 popule
1182 2684 1304 2751 Dei,
1326 2684 1531 2741 oculos
1557 2703 1570 2753 ;
1598 2686 1808 2751 tollite,
1834 2693 2044 2744 etecce

384 2770 446 2825 in
483 2770 623 2826 Sion
667 2787 867 2828 arcam
914 2771 1149 2827 Domini
1201 2773 1303 2829 Dei
1355 2774 1664 2843 virtutum,
1711 2776 1805 2831 cui
1847 2778 2045 2848 reipsa

385 2860 642 2931 apostoli
674 2861 917 2929 quidem
948 2867 1169 2927 astant,
1201 2879 1418 2935 corpus
1449 2864 1609 2935 quod
1640 2865 1772 2920 vitae
1820 2867 2043 2938 princi-

383 2947 551 3020 pium
584 2955 642 3005 et
674 2950 775 3006 Dei
804 2952 1248 3023 receptaculum
1287 2953 1401 3008 fuit
1428 2952 1814 3011 funerantes:
1847 2957 2044 3027 angeli

385 3054 523 3094 vero
556 3040 920 3111 incorporali
948 3042 1352 3114 invisibilique
1402 3043 1633 3099 ratione
1680 3043 1898 3111 fovent,
1932 3047 2042 3103 Do-

383 3127 533 3183 mini
567 3130 656 3183 sui
683 3130 967 3185 Genitrici
988 3148 1108 3187 non
1136 3133 1266 3187 sine
1290 3132 1503 3188 timore
1525 3149 1832 3190 servorum
1856 3136 2047 3191 instar

382 3217 753 3273 assistentes.
786 3220 918 3291 Ipse
950 3237 1188 3291 quoque
1219 3222 1506 3277 Dominus
1547 3222 1735 3291 adest,
1768 3224 1871 3295 qui
1904 3224 2040 3280 ubi-

2148 1990 2242 2026 σον
2272 1969 2409 2045 πρὸς
2464 1966 2634 2037 αὐτὴν
2690 1966 2793 2038 θιδύ
2839 1988 2893 2023 τι
2946 1965 3272 2042 ψιθύρισμα.
3323 1963 3504 2038 Ἐλθὶ,
3544 1968 3582 2036 ἡ
3636 1964 3808 2037 καλή,

2150 2061 2185 2128 ἡ
2217 2057 2457 2130 πλησίον
2522 2078 2651 2131 μου,
2709 2058 2744 2126 ἡ
2802 2060 2881 2129 τῷ
2937 2054 3135 2112 κάλλει
3191 2059 3292 2122 τῆς
3350 2054 3644 2132 παρθενίας
3679 2055 3811 2131 ὑπὲρ

2148 2145 2312 2217 ⁴ἥλιον
2383 2144 2871 2223 μαρμαρύσσουσα.
2940 2143 3267 2207 Μετὲδωκάς
3337 2165 3433 2218 μοι
3500 2148 3607 2198 τῶν
3681 2148 3813 2199 σῶν’

2151 2232 2335 2311 δεῦρο,
2365 2238 2474 2289 τῶν
2526 2232 2673 2307 ἐμῶν
2729 2230 3165 2287 συναπόλαυσον·
3214 2228 3394 2307 δεῦρο,
3429 2233 3641 2307 Μῆτερ,
3674 2230 3814 2307 πρὸς

2145 2322 2239 2379 τὸν
2286 2323 2436 2378 Υἱόνο
2489 2319 2672 2399 δεῦρο,
2723 2315 3161 2395 συμϐασίλευσον
3209 2324 3288 2391 τῷ
3339 2318 3400 2374 ἐκ
3456 2322 3553 2374 σοῦ
3603 2319 3697 2374 σὺν
3730 2319 3819 2374 σοί

2147 2411 2557 2489 πτωχεύσαντι·
2592 2412 2811 2481 Ἄπιθι,
2844 2409 3140 2479 Δέσποινα,
3171 2406 3346 2482 ἄπιθι,
3380 2408 3443 2464 οὐ
3475 2410 3812 2479 Μωσαϊκῶς,

2148 2496 2342 2573 ἀνάϐα,
2372 2501 2464 2557 καὶ
2516 2498 2764 2559 τελεύτα.
2823 2497 3059 2556 Τελεύτα
3117 2496 3174 2553 δὲ
3230 2498 3469 2572 μᾶλλον,
3513 2497 3605 2553 καὶ
3637 2496 3808 2561 οὕτως

2147 2587 2424 2649 ἀνάϐαινε.
2456 2592 2660 2667 Ψυχὴν
2693 2590 2941 2666 παράθου
2986 2594 3108 2652 ταῖς
3156 2592 3254 2644 τοῦ
3299 2590 3428 2643 Υἱοῦ
3460 2608 3557 2643 σου
3591 2586 3796 2663 χερσίν.

2149 2678 2387 2745 Ἀπόδος
2417 2681 2480 2736 τὸ
2508 2684 2607 2736 τοῦ
2641 2680 2774 2755 χοὸς
2807 2683 2887 2751 τῷ
2936 2676 3057 2755 χοΐ,
3111 2679 3185 2740 ὡς
3229 2676 3314 2733 ὅτι
3346 2681 3509 2733 τοῦτο
3543 2696 3808 2753 συνεπαρ-

2149 2772 2392 2843 θήσεται.
2423 2775 2643 2846 Ἄρατε,
2704 2770 2733 2824 6
2787 2772 2885 2823 τοῦ
2944 2771 3080 2823 Θεοῦ
3134 2766 3449 2830 λαὸς,τοὺς
3484 2763 3806 2846 ὀφθαλμοὺς

2151 2862 2331 2934 ὑμῶν,
2362 2858 2528 2936 ἄρατε
2549 2861 2686 2934 (71).
2714 2855 2856 2915 Ἰδοὺ
2881 2857 2935 2913 ἐν
2961 2857 3106 2912 Σιὼν
3133 2859 3169 2927 ἡ
3194 2852 3429 2918 κιϐωτὸς
3449 2855 3653 2933 Κυρίου
3675 2857 3808 2911 Θεοῦ

2147 2954 2254 3006 τῶν
2290 2946 2594 3022 δυνάμεων,
2653 2948 2741 3004 καὶ
2801 2947 2970 3023 ταύτῃ
3032 2950 3365 3020 σωματικῶς
3413 2946 3465 3001 οἳ
3505 2945 3810 3001 ἀπόστολοι

2149 3041 2604 3114 παρειστήκεισαν
2636 3037 2699 3093 τὸ
2736 3037 3049 3112 ζωαρχικὸν
3096 3037 3187 3092 καὶ
3221 3033 3486 3112 θεοδόχον
3516 3040 3677 3108 σῶμα
3706 3051 3812 3106 κη-

2150 3126 2418 3190 δεύοντες.
2450 3127 2666 3189 Ἀὺλως
2713 3123 2771 3181 δὲ
2820 3127 2911 3182 καὶ
2965 3126 3214 3201 ἀοράτως
3266 3123 3614 3202 περίεπουσιν
3649 3123 3813 3202 ἅγγε-

2153 3230 2244 3273 Λοι
2276 3211 2453 3296 φόϐῳ,
2477 3219 2548 3292 τῇ
2579 3215 2761 3291 Μητρὶ
2791 3219 2890 3270 τοῦ
2929 3220 3079 3292 σφῶν
3113 3214 3386 3271 Δεσπότου
3417 3212 3810 3288 δουλοπρεπῶς

381 3322 501 3377 que
530 3324 796 3378 praesens
828 3314 939 3374 est,
965 3310 1168 3367 omnia
1189 3311 1498 3382 complens
1521 3316 1580 3367 et
1599 3312 1879 3368 universa
1893 3330 2037 3370 con-

2148 3285 2565 3382 παριξιτάμενοι.
2596 3304 2768 3368 Αὐτὸς
2819 3305 2848 3359 6
2898 3303 3101 3379 Κύριος
3158 3304 3434 3381 πάρεστιν,
3466 3304 3494 3360 6
3522 3312 3805 3383 πανταχοῦ

384 3396 606 3464 tinens,
638 3398 811 3468 cujus
830 3398 1034 3455 nullus
1064 3406 1155 3455 est
1182 3400 1351 3456 locus
1377 3417 1389 3455 :
1423 3401 1483 3456 in
1503 3401 1631 3473 ipso
1651 3404 1811 3458 enim
1840 3406 2043 3461 omnia

379 3493 544 3555 sunt,
574 3488 736 3543 velut
764 3488 825 3544 in
853 3490 1152 3558 Creatore,
1186 3492 1287 3563 qui
1321 3498 1535 3548 cuncta
1564 3492 1769 3548 condit
1799 3499 1859 3549 et
1887 3512 2041 3551 com-

376 3576 680 3649 plectitur.
729 3580 878 3635 Ecce
925 3580 1086 3653 virgo
1136 3579 1348 3636 Adami
1397 3581 1521 3636 filia
1562 3582 1785 3655 Deique
1836 3584 2036 3654 Mater,

381 3682 601 3738 corpus
650 3671 825 3723 terrm
874 3674 1120 3740 propter
1163 3669 1457 3725 Adamum
1506 3671 1725 3728 tradit:
1773 3673 2037 3730 animam

375 3772 519 3811 vero
550 3755 625 3811 ad
655 3756 927 3813 coalestes
959 3758 1131 3814 sedes
1162 3764 1406 3831 propter
1425 3760 1641 3815 Filium
1660 3762 2033 3818 transmittit.

380 3845 532 3901 Urbs
564 3851 771 3902 sancta
796 3848 1221 3915 sanctificetur,
1251 3865 1319 3904 ac
1350 3867 1485 3904 cum
1511 3850 1647 3906 aliis
1668 3850 2039 3907 benedictio-

378 3935 580 3999 nibus.
614 3936 1042 4008 sempiternam
1070 3936 1555 3995 benedictionem
1578 3940 1814 3997 referat.
1842 3941 2033 3997 Divini

377 4024 752 4082 tabernaculi
783 4042 1063 4098 pompam
1094 4027 1290 4099 angeli
1321 4029 1682 4100 praecedant,
1725 4035 1784 4086 et
1833 4031 2036 4103 sepul-

377 4131 548 4172 crum
581 4121 891 4186 apparent.
942 4116 1008 4171 ld
1054 4115 1283 4190 fulgore
1333 4117 1589 4189 Spiritus
1635 4119 2031 4176 honestetur:

374 4210 682 4277 unguenta
694 4210 1153 4277 componantur,
1173 4205 1393 4277 quibus
1415 4208 1806 4279 purissimum
1829 4209 2034 4267 odora-

374 4294 796 4365 tissimumque
820 4311 1037 4366 corpus
1059 4294 1434 4366 perfricetur.
1460 4296 1634 4351 Adsit
1653 4298 1813 4353 unda
1832 4298 2031 4370 limpi-

373 4383 609 4455 da,qum
622 4382 1102 4439 benedictionem
1115 4384 1433 4441 hauriatex
1448 4386 1843 4442 mundissimo
1856 4387 2034 4445 bene-

377 4471 853 4528 dictionisfonte.
878 4473 1145 4528 Exsultet
1166 4480 1322 4530 terra
1345 4474 1717 4547 depositione
1741 4479 2027 4549 corporis:

377 4560 614 4616 exsiliat
642 4576 744 4615 aer
772 4577 1023 4617 ascensu
1056 4563 1346 4634 Spiritus:
1381 4565 1611 4636 spirent
1653 4581 1812 4621 aurai
1858 4584 2031 4623 roru-

2144 3395 2353 3469 παρὼν,
2386 3394 2475 3450 καὶ
2506 3394 2572 3449 τὰ
2602 3395 2776 3449 πάντα
2818 3393 3076 3469 πληρῶν,
3135 3394 3225 3449 καὶ
3282 3392 3554 3471 περιέπων
3584 3395 3649 3451 τὸ
3676 3401 3800 3469 πᾶν,

2144 3484 2212 3538 οῦ
2241 3484 2409 3547 τόπος
2442 3481 2644 3547 οὐδείς.
2674 3486 2764 3540 Ἐν
2797 3481 2945 3555 αὐτῷ
2998 3483 3102 3560 γὰρ
3168 3483 3238 3538 τά
3293 3484 3467 3539 πάντα
3507 3483 3583 3547 ὠς
3636 3506 3805 3558 ποιη-

2145 3578 2283 3646 τικῷ
2325 3574 2414 3629 καὶ
2469 3594 2767 3646 συνεκτικῳ
2820 3571 3000 3646 ὰίτίῳ.
3062 3569 3206 3629 Ἰδοὺ
3245 3577 3281 3644 ἠ
3314 3573 3603 3648 παρθένος,
3636 3577 3671 3646 ἡ
3706 3588 3802 3640 θυι

2141 3664 2320 3740 γάτηρ
2352 3659 2533 3735 Ἀδάμ
2574 3663 2664 3718 καὶ
2727 3663 2929 3736 Μήτηρ
2991 3665 3146 3733 Θεοῦ,
3207 3658 3278 3717 δι’
3334 3659 3522 3737 Ἀδὰμ
3549 3665 3612 3719 τὸ
3643 3669 3801 3739 σῶμα

2140 3752 2497 3825 παραπέμπει
2523 3755 2594 3826 τῇ
2624 3754 2720 3827 γῇ,
2777 3752 2877 3821 τὴν
2937 3748 2998 3807 δὲ
3049 3751 3236 3828 ψυχὴν
3266 3750 3538 3828 οὐρανίαις
3575 3761 3797 3826 σκηναῖς

2140 3836 2234 3895 διὰ
2288 3842 2381 3896 τὸν
2441 3841 2565 3895 Υἱὸν
2624 3836 2969 3896 ἀναδίδωσιν.
3043 3841 3372 3917 Ἀγιαζὲσθω
3428 3841 3491 3897 τὸ
3549 3842 3681 3899 ἄστυ
3735 3844 3796 3900 τὸ

2139 3932 2318 4006 ἅγιον,
2350 3929 2441 3986 καὶ
2473 3928 2558 3985 ἐπ’
2615 3928 2899 4006 εὐλογίαις
2954 3929 3285 4003 καρπούσθω
3342 3929 3599 4007 εὐλογίαν
3659 3933 3798 3989 αἰώ-

2135 4041 2273 4080 νιον.
2337 4022 2422 4094 Τῇ
2482 4014 2730 4074 διαϐάσει
2780 4023 2878 4074 τοῦ
2925 4019 3076 4074 θείου
3147 4018 3505 4094 σκηνώματος
3582 4043 3797 4100 apo-no-

2139 4110 2476 4187 ρευέσθωσαν
2529 4106 2775 4185 ἄγγελοι,
2855 4107 2947 4164 καὶ
3004 4109 3096 4164 τὸν
3178 4108 3347 4188 τάφον
3409 4110 3799 4187 εὐτρεπιζέτω-

2138 4221 2251 4258 σαν.
2285 4198 2574 4272 Κοσμείτω
2613 4202 2810 4254 τοῦτον
2864 4196 3035 4274 αἶ’γλη
3092 4203 3191 4254 τοῦ
3254 4200 3588 4273 ΙΙνεύματος.
3625 4204 3797 4259 Ἐτοι-

2140 4288 2389 4363 μαζέσθω
2446 4288 2611 4365 μύρα,
2671 4287 2760 4343 καὶ
2818 4292 2899 4360 τῷ
2954 4287 3288 4362 παναμώμῳ
3348 4290 3440 4345 καὶ
3500 4290 3795 4349 πανευώδει

2139 4378 2544 4454 μυριζὲσθωσαν
2578 4382 2815 4452 σώματι.
2880 4374 3117 4455 Παρήτω
3173 4383 3320 4451 νᾶμα
3358 4377 3674 4458 εἱλικρινὲς,
3704 4385 3790 4439 καὶ

2133 4468 2379 4547 ἀρυέσθω
2448 4467 2700 4545 εὐλογίαν
2759 4467 2820 4525 ἐκ
2872 4476 2973 4538 τῆς
3055 4469 3334 4544 ἀκηράτου
3388 4477 3490 4541 τῆς
3549 4471 3799 4550 εὐλογίας

2132 4569 2341 4638 πηγῆς.
2371 4559 2760 4637 Ἀγαλλιάσθω
2789 4563 2825 4631 ἡ
2856 4567 2925 4636 γῆ
2956 4559 3027 4636 τῇ
3062 4560 3346 4625 καταθέσει
3386 4567 3484 4617 τοῦ
3517 4563 3790 4639 σώματος.

376 4650 556 4705 Ιεηιω
610 4649 924 4722 plenasque
970 4653 1195 4724 gratia:
1243 4653 1345 4708 Dei
1386 4653 1586 4709 Matris
1633 4671 2027 4713 conscensum

2144 4654 2274 4728 Ἀἠρ
2334 4655 2606 4728 σκιρτάτω
2663 4656 2732 4728 τῇ
2791 4647 3046 4708 ἀναϐάσει
3107 4657 3206 4709 τοῦ
3265 4655 3600 4730 ῙΙνεύματος.
3636 4657 3791 4714 Πνεί-

378 4745 652 4796 creatura
680 4740 874 4795 omnis
905 4740 1302 4810 concelebret,
1329 4742 1643 4814 juniorum
1663 4751 1849 4801 caztus
1863 4746 2029 4819 jubi-

2144 4765 2310 4800 τωσαν
2342 4742 2500 4820 αῦραι
2534 4739 2895 4819 δροσοειδεῖς,
2942 4742 3033 4798 καὶ
3083 4744 3313 4820 χάριτος
3345 4738 3603 4819 ἔμπλεοι.
3637 4750 3786 4805 Πᾶσα

376 4829 524 4897 lent,
550 4834 850 4884 oratorum
872 4829 1089 4903 linguae
1107 4831 1361 4903 hymnos
1381 4831 1656 4896 fundant,
1686 4835 2025 4906 sapientum

375 4918 559 4975 corda
601 4918 956 4975 miraculum
998 4919 1539 4994 philosophentur:
1586 4940 1761 4979 senes
1810 4926 2026 4982 canitie

370 5007 694 5065 venerandi
720 5009 949 5064 intenta
978 5010 1104 5065 acie
1136 5010 1576 5082 speculationes
1621 5013 1839 5069 edant:
1891 5016 2029 5070 uni-

368 5114 553 5154 versa:
583 5097 827 5153 demum
870 5098 1125 5154 conditae
1178 5115 1276 5154 res
1327 5100 1661 5172 symbolam
1716 5102 2029 5159 conferant

370 5204 562 5244 suam.
596 5189 714 5243 Nec
742 5203 882 5243 vero
905 5187 989 5243 sic
1011 5187 1330 5243 minimam
1349 5193 1526 5247 tantae
1551 5190 1859 5264 dignitatis
1889 5209 2027 5264 par-

368 5283 490 5335 tem
519 5278 837 5351 attingent.

440 5510 464 5545 ³
495 5510 738 5582 Dionys.
770 5512 848 5565 De
894 5510 1008 5567 div.
1057 5525 1206 5566 nom.
1257 5526 1386 5584 cap.
1463 5514 1484 5550 ³
1530 5513 1688 5571 Psal.
1737 5531 1886 5585 xLIv,
1938 5517 2025 5572 15.

447 5670 562 5742 (71)
589 5671 692 5750 llic
716 5672 905 5750 multa
932 5671 1111 5728 habet
1134 5673 1336 5750 Allatii
1372 5678 1704 5750 translatio,
1755 5696 1886 5750 quas
1917 5696 2028 5737 nec

377 5738 772 5814 Seguerianus
785 5738 2030 5823 codex,necvetustissimusSangermanen-

2133 4837 2169 4905 ἡ
2201 4834 2376 4897 κτίσις
2427 4832 2848 4909 πανηγυριζέτω
2895 4834 2996 4903 τήν
3047 4840 3147 4903 τῆς
3195 4838 3548 4913 Θεομήτορος
3573 4835 3784 4898 ἄνοδον.

2135 4922 2305 4998 Χοροὶ
2362 4923 2496 4979 νέων
2553 4920 2994 4993 ἀλαλαζὲτωσαν.
3050 4924 3362 4997 Ῥυήτωσαν
3412 4923 3657 5000 γλῶσσαι
3689 4928 3786 5005 ῥη-

2133 5014 2311 5091 τόρων
2341 5019 2460 5077 τοῖς
2494 5012 2802 5090 ἐφυμνίοις·
2834 5011 3050 5089 καρδίαι
3084 5021 3262 5093 σοφῶν
3308 5017 3370 5072 τὸ
3418 5022 3597 5093 θαῦμα
3628 5021 3786 5099 φιλο-

2137 5104 2489 5182 σοφείτωσαψ
2525 5100 2823 5181 πρεσϐῦται
2866 5106 2935 5180 τῇ
2984 5105 3157 5178 πολιᾷ
3202 5107 3265 5162 τὸ
3307 5104 3592 5184 αἰδέσιμον
3625 5109 3789 5189 ἔχον-

2133 5216 2246 5269 τες,
2329 5195 2536 5271 ἅτρεμα
2608 5194 2706 5259 τὰς
2777 5193 3009 5270 θεωρίας
3078 5197 3578 5276 καρποφρείτωσαν.
3641 5208 3789 5259 Πᾶσα

2135 5287 2171 5356 ἡ
2202 5284 2375 5349 κτίσις
2407 5284 2860 5361 συνεισενεγκάτω
2910 5285 3002 5339 τὸν
3055 5282 3264 5363 ἔρανον.
3326 5286 3456 5348 Οὐδ’
3515 5289 3657 5349 οὕτω
3686 5295 3786 5371 γὰρ

2135 5374 2196 5432 ἂν
2228 5374 2545 5433 πολλοστοῦ
2574 5374 2772 5451 μὲρους
2802 5381 2902 5447 τῆς
2930 5374 3080 5450 ἀξίας
3108 5375 3404 5454 ἐφίκοιντο.

2137 5680 2219 5755 sis
2242 5687 2652 5754 repraesentat,
2672 5686 3031 5755 acceptaque
3054 5690 3195 5741 sunt
3215 5703 3286 5742 ex
3307 5695 3454 5748 orat.
3470 5693 3508 5746 2
3528 5692 3778 5750 Andreae

2136 5754 2457 5828 Cretensis,
2490 5759 2549 5812 et
2578 5755 2675 5811 hic
2703 5771 3017 5829 perperam
3050 5755 3299 5817 intrusa.
