4160 6450
456 434 566 490 761

533 560 591 615 ε’.
627 561 809 624 Δεῦτε,
872 556 1066 621 πάντες
1121 565 1322 636 νοερῶς
1377 558 1728 634 ἐκδημοόσης
1809 555 2124 630 συνεκδημή
2158 560 2211 625 Α

456 669 664 721 σωμεν.
701 651 884 714 Δεῦτε,
919 649 1114 712 πάντες
1159 647 1386 721 καρδίας
1427 649 1582 722 πόθῳ
1640 651 1775 725 πρὸς
1824 647 1914 703 τὸν
1965 647 2128 721 τάφοι

455 736 730 811 κατιούσῃ
791 733 1240 811 συγκαταϐῶμεν.
1325 742 1852 815 Περιστοιχήσωμεν
1909 738 2000 792 τὸν
2053 737 2128 791 ἱε-

458 828 707 899 ρώτατον
741 820 1076 898 κράϐὄατον.
1109 829 1350 900 Ὕμνους
1383 828 1561 905 ἱεροὺς
1594 834 1837 901 ᾷσωμεν,
1897 824 2124 887 ὼδὲπως

460 913 868 989 μελῳδοῦντες·
921 921 1116 989 Χαῖρε,
1161 917 1608 992 κεχαριτωμένη,
1659 919 1687 972 ὁ
1733 918 1930 992 Κύριος
1992 916 2128 990 μετὰ

453 1009 578 1062 σοῦ.
614 1003 866 1076 Χαίροις,
899 1008 934 1074 ἡ
963 1007 1352 1081 προωρισμένη
1407 1009 1610 1084 Μήτηρ
1659 1012 1813 1064 Θεοῦ.
1869 1005 2122 1079 Χαίροις,

462 1096 501 1164 ἡ
533 1093 1020 1170 προεκλελεγμὲνη
1067 1098 1136 1168 τῇ
1180 1096 1287 1172 πρὸ
1324 1097 1538 1152 αἰώνων
1593 1095 1773 1173 βουλῇ
1816 1101 1913 1152 τοῦ
1964 1099 2121 1169 Θεοῦ,

451 1191 562 1260 γῆς
593 1183 868 1248 θειότατον
907 1183 1226 1260 βλάστημα,
1257 1187 1429 1258 πυρὸς
1465 1186 1610 1251 θείου
1668 1187 2119 1261 κατοικητήριον,

451 1275 774 1349 Ηνεόματος
825 1274 984 1350 ἁγίου
1035 1276 1330 1351 ἱερώτατον
1378 1276 1624 1351 ἄγαλμα,
1671 1275 1867 1341 ὕδατος
1918 1280 2122 1346 ζῶντος

450 1366 632 1439 πηγὴ,
664 1363 992 1439 παράδεισος
1021 1369 1124 1420 τοῦ
1150 1373 1248 1435 τῆς
1283 1373 1428 1436 ζωῆς
1460 1365 1648 1437 ξύλου,
1683 1367 1830 1430 θείου
1882 1363 2117 1443 βότρυος

442 1450 642 1525 κλῆμα
677 1453 948 1530 ,ἔμψυχον
1009 1456 1201 1530 νὲκταρ
1255 1456 1345 1510 καὶ
1396 1451 1697 1530 ἀμϐροσίαν
1753 1457 2115 1530 πηγάζοντος,

444 1545 702 1616 ποταμὸς
758 1544 985 1619 πλήρης
1064 1549 1174 1598 τῶν
1236 1545 1547 1619 ἀρωμάτων
1606 1550 1703 1600 τοῦ
1772 1547 2113 1620 ΙΙνεόματος,

451 1633 663 1708 ἄρουρα
716 1638 812 1690 τοῦ
871 1634 1018 1697 θείου
1086 1633 1382 1709 ἁστάχυος,
1467 1633 1623 1709 ῥόδον
1698 1640 1766 1708 τῇ
1855 1639 2117 1710 παρθενίᾳ

455 1725 770 1791 φανώτατον
829 1724 916 1778 καὶ
984 1725 1158 1779 πνέων
1243 1729 1312 1793 τῇ
1400 1723 1604 1797 εὐωδίᾳ
1679 1725 1776 1800 τῇς
1865 1728 2112 1802 χάριτος,

453 1817 641 1887 κρῖνον
696 1818 790 1868 τοῦ
848 1811 1140 1889 βασιλικοῦ
1227 1813 1634 1891 ἆμιριάσματος,
1710 1816 1880 1889 ἀμνάς
1933 1819 1967 1886 ἡ
2026 1839 2113 1872 τε·

451 1906 627 1958 κοῦσα
655 1903 746 1957 τὸν
780 1903 980 1975 ’Λμνὸν
1012 1906 1110 1956 τοῦ
1155 1907 1312 1971 Θεοῦ,
1356 1904 1447 1957 τὸν
1499 1902 1724 1977 αἶ’ροντα
1771 1905 1870 1973 τὴν
1933 1907 2112 1980 ἁμαρ-
2144 1932 2189 1996 Β

440 1993 564 2048 τίαν
615 1996 711 2046 τοῦ
761 1991 995 2064 κόσμου,
1040 1999 1140 2062 τῆς
1196 1992 1468 2068 σωτηρίας
1507 1995 1668 2064 ἡμῶν
1723 1992 2108 2070 ἐργαστήριον,

449 2078 762 2156 ἀγγελικῶν
822 2077 1089 2156 ὑπερτέρα
1140 2078 1442 2154 δυνάμεων,
1502 2079 1676 2152 δούλη
1736 2083 1826 2137 καὶ
1887 2085 2100 2156 μήτηρ.

437 2175 625 2238 Δεῦτε,
683 2171 776 2226 τὸν
836 2170 1005 2247 τάφον
1063 2172 1586 2246 περιστοιχήσωμεν
1644 2171 1736 2226 τὸν
1807 2172 2106 2245 ἀκήρατον,

430 2262 532 2316 καὶ
594 2259 736 2324 θείας
821 2260 1158 2334 ἀρυσώμαθα
1243 2261 1492 2335 χάριτος.
1578 2265 1756 2329 Δεῦτε,
1841 2265 2106 2338 ψυχικαῖς

443 2349 721 2426 ἀγκάλαις
772 2350 836 2404 τὸ
897 2351 1248 2424 ἆειπάρθενον
1325 2355 1486 2425 σῶμα
1560 2349 1936 2425 βαστάσωμεν,
2014 2353 2106 2406 καὶ

443 2438 883 2512 συνειοὲλθωμεν
914 2434 1069 2494 ἔνδον
1121 2444 1218 2494 τοῦ
1278 2443 1585 2513 μνήματος,
1643 2441 1732 2495 καὶ
1793 2461 2104 2514 συννεκρω-

438 2531 650 2601 Θῶμεν,
680 2533 797 2589 τοῖς
827 2529 923 2600 μὲν
972 2533 1070 2583 τοῦ
1121 2529 1376 2602 σώματος
1422 2529 1812 2603 ἀπογινόμενοι
1854 2529 2103 2600 πάθεσιν,

438 2623 710 2689 συζῶντες
740 2616 798 2673 δὲ
830 2620 975 2688 ζωὴν
1033 2619 1211 2688 ἀπαθῆ
1271 2620 1358 2673 καὶ
1409 2619 1707 2694 ἀκήρατον,
1759 2618 2103 2696 ἀκουτισφῶ-

441 2729 541 2781 μεν
599 2707 729 2770 τοὺς
789 2707 965 2772 θείους
1015 2706 1218 2780 ὕμνους
1273 2708 1323 2778 ἐξ
1379 2707 1562 2763 ἆῦλων
1619 2714 1727 2764 τῶν
1787 2709 2099 2784 ἀγγελικῶν

433 2799 676 2873 χειλέων
737 2797 1125 2872 προϊεμένους.
1189 2797 1545 2871 Εἲσέλθωμεν
1605 2801 2096 2872 προσκυνήσοντες,

430 2887 528 2943 καὶ
559 2891 772 2962 γνῶμεν
801 2891 898 2941 τοῦ
943 2887 1252 2961 μυστηρίου
1300 2888 1362 2941 τὸ
1421 2887 1590 2958 ξὲνον,
1652 2888 1726 2950 ὡς
1781 2889 1967 2962 ἦρται,
2025 2891 2100 2954 ὡς

431 2978 894 3052 μεμετεώρισται,
949 2977 1023 3039 ὡς
1075 2978 1213 3051 πρὸς
1274 2976 1500 3051 οὐρανὸν
1556 2976 1837 3048 εἶ’ληπται,
1894 2979 1970 3040 ὡς
2018 2983 2098 3050 τῷ

425 3066 546 3140 Υἱῷ
571 3067 757 3122 πασῶν
809 3065 1036 3141 ὕπερθεν
1102 3070 1208 3120 τῶν
1269 3067 1572 3141 ἀγγελικῶν
1627 3065 1954 3142 παρίσταται
2007 3069 2098 3123 τά·

420 3159 586 3230 ξεων·
621 3154 774 3211 οὐδὲν
807 3157 910 3232 γὰρ
947 3157 1109 3227 μέσον
1143 3158 1370 3230 Μητρὸς
1408 3157 1498 3211 καὶ
1553 3158 1702 3215 Υἱοῦ.
1755 3157 1964 3214 Τοῦτόν
2010 3179 2096 3212 σοι

415 3246 524 3303 τόν
553 3244 758 3319 ἐξόδιον
790 3244 958 3320 λόγον
1009 3247 1194 3320 τρίτον
1253 3244 1342 3300 ἐπὶ
1399 3252 1518 3308 τοῖς
1587 3244 1705 3300 δυσὶ
1763 3247 2092 3320 πεποίημαι,

1546 439 1915 495 LAUDATIO
1941 439 2000 492 S.
2039 435 2244 492 JOAN.
2284 434 2814 491 CHRYSOSTOMI.

3783 442 3894 498 762

2314 560 2366 611 5.
2399 557 2503 612 Eia
2532 558 2706 629 agite,
2738 576 2948 616 omnes
2977 575 3099 616 una
3129 576 3264 617 cum
3295 562 3550 619 abeunte
3581 565 3887 622 abeamus.

2240 647 2424 718 Agite,
2457 663 2666 702 omnes
2695 649 2993 705 desiderio
3020 651 3216 706 cordis
3247 669 3381 707 cum
3414 670 3483 708 ea
3513 671 3644 724 quae
3667 657 3726 710 in
3752 674 3888 712 mo-

2239 743 2594 790 numentum
2611 737 3383 808 descendit,descendamus
3410 760 3422 796 :
3447 744 3892 800 sanctissimum

2237 825 2545 897 grabatum
2581 826 3134 901 circumsepiamus.
3166 831 3376 886 Sacros
3405 831 3663 903 hymnos
3718 851 3897 890 cana-

2236 931 2392 976 mus,
2429 915 2541 970 hoc
2571 916 2748 970 modo
2780 919 3167 974 concinentes
3197 937 3210 975 :
3270 924 3409 988 Ave,
3461 925 3649 992 gratia
3697 923 3892 995 plena,

2233 1005 2493 1060 Dominus
2525 1007 2770 1060 tecum‘.
2822 1008 2960 1074 Ave,
3015 1026 3148 1080 quas
3201 1011 3629 1082 prmdestinata
3675 1031 3738 1070 es
3792 1017 3890 1072 Dei

2233 1095 2585 1152 Mater.Ave.
2610 1111 2742 1165 quas
2766 1097 3022 1152 consilio
3051 1099 3151 1152 Dei
3174 1106 3311 1154 ante
3339 1102 3557 1158 smcula
3574 1105 3891 1175 prmelecta

2233 1188 2343 1251 est,
2367 1189 2434 1238 ut
2453 1183 2719 1238 divinum
2743 1201 2987 1257 germen
3011 1203 3170 1242 esses
3197 1188 3378 1244 divini
3406 1192 3559 1264 ignis
3579 1192 3892 1252 habitacu-

2232 1271 2380 1327 lum.
2417 1272 2668 1342 Spiritus
2702 1275 2891 1328 sancti
2952 1283 3181 1332 sacrata
3233 1284 3470 1350 statuta,
3523 1297 3690 1352 aqum
3749 1286 3888 1341 vivas

2229 1362 2387 1424 fons,
2422 1362 2566 1434 ligni
2599 1364 2730 1417 vitm
2761 1364 3096 1434 paradisus,
3133 1367 3313 1421 divini
3364 1371 3584 1424 racemi
3634 1374 3886 1443 palmes,

2231 1467 2296 1506 ex
2317 1470 2434 1523 quo
2457 1460 2664 1508 nectar
2684 1457 3013 1511 animatum
3039 1462 3096 1511 et
3117 1458 3416 1515 ambrosia
3441 1462 3852 1530 proﬂuxerunt
3872 1483 3886 1521 :

2231 1542 2442 1597 ﬂuvius
2460 1550 2795 1600 aromatum
2815 1546 3067 1617 Spiritus
3085 1548 3322 1618 plenus,
3359 1556 3516 1605 terra
3534 1552 3746 1607 divina:
3771 1556 3890 1625 spi-

2227 1647 2332 1693 cae,
2364 1649 2500 1687 rosa
2531 1634 2865 1705 virginitate
2895 1636 3251 1703 clarissima,
3287 1644 3344 1692 et
3371 1640 3574 1710 gratias
3617 1641 3889 1714 fragran-

2225 1720 2366 1775 tiam
2396 1722 2649 1792 spirans,
2687 1724 2832 1793 regii
2859 1724 3194 1780 indumenti
3226 1727 3439 1795 lilium,
3471 1745 3624 1802 agna
3653 1733 3886 1803 Agnum

2224 1810 2324 1864 Dei
2360 1812 2600 1882 pariens
2623 1812 2932 1868 tollentem
2955 1821 3262 1885 peccatum
3287 1817 3516 1884 mundi,
3539 1820 3748 1875 salutis
3775 1839 3884 1877 no-

2224 1905 2360 1954 strm
2393 1903 2654 1969 ofﬁcina,
2685 1905 2970 1976 angelicis
3000 1906 3394 1976 potestatibus
3416 1908 3752 1973 sublimior,
3777 1929 3887 1967 ari-

2221 1989 2359 2043 cilla
2393 1995 2676 2046 etmater.
2703 1993 2891 2064 Agite,
2917 1993 3378 2050 mundissimum
3404 1998 3745 2068 sepulcrum
3769 2001 3882 2056 cir-

2219 2079 2592 2145 cumdemus,
2639 2081 3024 2154 divinumque
3057 2084 3196 2138 inde
3227 2088 3478 2157 gratiam
3512 2088 3878 2148 hauriemus.

2217 2169 2409 2240 Agite,
2438 2170 2600 2224 ulnis
2634 2172 2817 2225 animi
2849 2189 3065 2243 corpus
3096 2180 3395 2244 perpetua;
3425 2177 3746 2249 virginitati
3764 2181 3877 2236 ad-

2217 2256 2444 2312 dictum
2503 2264 2824 2330 gestemus,
2860 2261 2918 2315 in
2976 2269 3432 2318 monumentum
3485 2265 3874 2338 introeamus,

2218 2359 2458 2416 unaque
2511 2348 2860 2414 moriamur,
2894 2349 3184 2405 abdicatis
3215 2353 3457 2421 quidem
3489 2356 3760 2425 corporis
3791 2357 3880 2411 af-

2219 2433 2494 2500 fectibus,
2531 2435 2685 2491 886
2719 2438 2897 2492 simul
2931 2455 3067 2494 vero
3100 2456 3234 2494 cum
3268 2457 3336 2496 ea
3360 2441 3511 2495 nulli
3539 2443 3681 2502 labi.
3723 2446 3877 2500 nulli

2213 2523 2352 2577 vitio
2384 2524 2703 2580 obnoxiam
2735 2527 3021 2582 ducentes
3062 2528 3242 2584 vitam
3271 2547 3284 2597 ;
3337 2530 3569 2586 divinos
3619 2533 3876 2604 denique

2215 2613 2478 2668 canticos
2516 2631 2586 2669 ex
2608 2616 2894 2687 angelicis
2925 2617 3104 2673 labiis
3127 2619 3277 2673 nulli
3301 2622 3567 2676 materiae
3591 2623 3876 2695 subjectis

2213 2703 2432 2756 effusos
2464 2702 2797 2760 audiamus.
2831 2706 3207 2761 Introeamus
3225 2707 3548 2763 adoraturi.
3573 2713 3874 2782 mySterii-

2211 2807 2325 2860 que
2359 2791 2678 2846 novitatem
2710 2809 3160 2864 cognoscamus,
3195 2801 3260 2850 ut
3290 2796 3465 2863 elata,
3497 2803 3564 2852 ut
3615 2799 3870 2868 sublata,

2209 2885 2275 2933 ut
2301 2879 2359 2933 in
2393 2881 2608 2936 caelum
2633 2881 2830 2937 delata
2860 2889 2969 2947 est,
3003 2890 3068 2938 ut
3089 2885 3234 2939 Filio
3258 2903 3436 2957 super
3457 2904 3664 2942 omnes
3687 2905 3870 2962 ange-

2207 2967 2403 3022 lorum
2435 2970 2658 3025 classes
2689 2978 2878 3026 astat:
2940 2973 3094 3027 nihil
3143 2975 3301 3029 enim
3353 2977 3509 3030 inter
3553 2978 3764 3032 Filium
3812 2984 3871 3034 et

2207 3059 2450 3112 Matrem
2484 3060 2664 3114 medii
2698 3067 2805 3115 est.
2842 3063 3002 3116 Hanc
3035 3063 3105 3117 ad
3137 3068 3190 3118 te
3222 3064 3292 3117 de
3319 3070 3416 3118 tuo
3448 3066 3607 3120 exitu
3631 3068 3865 3124 tertiam

2207 3149 2537 3203 orationem
2570 3156 2703 3220 post
2734 3150 2882 3205 duas
2912 3151 3060 3206 alias
3093 3151 3294 3214 habui,
3317 3170 3454 3208 cum
3477 3171 3712 3210 summa
3728 3174 3869 3229 erga

2212 3237 2560 3292 Trinitatem
2586 3241 2920 3295 reverentia
2943 3247 3000 3294 et
3022 3241 3342 3311 desiderio,
3371 3244 3466 3297 cui
3498 3260 3567 3298 ex
3599 3247 3865 3316 compla-

433 3305 636 3412 Μῆτερ
667 3333 828 3406 Θεοῦ,
859 3333 1008 3390 αἰδοῖ
1034 3336 1122 3391 καὶ
1150 3335 1307 3408 πόθῳ
1336 3338 1436 3405 τῆς
1483 3333 1716 3407 Τριάδος
1816 3334 2086 3410 ἐλειτούρ·

2214 3329 2328 3383 cito
2360 3330 2574 3396 Patris,
2607 3337 2664 3385 et
2684 3331 2936 3402 Spiritus
2967 3333 3184 3388 virtute
3209 3305 3582 3403 min'istrasti,
3609 3305 3864 3393 Verbum

431 3446 614 3503 γησας
641 3425 711 3496 τῇ
735 3427 976 3498 πατρικῇ
1006 3421 1246 3494 εὐδοκίᾳ,
1277 3424 1365 3479 καὶ
1397 3428 1466 3497 τῇ
1502 3422 1728 3496 δυνάμεὶ
1785 3430 1882 3479 τοῦ
1928 3425 2102 3480 Πνεῦ-

443 3536 635 3589 ματος,
683 3515 775 3569 τὸν
833 3510 1070 3588 ἄναρχον
1127 3514 1324 3588 Λόγον,
1382 3515 1482 3583 τὴν
1541 3511 1950 3586 παντοδύναμον
2003 3519 2100 3571 τοῦ

442 3608 579 3660 Θεοῦ
609 3601 869 3677 δεξαμένη
901 3602 1090 3680 σοφίαν
1120 3603 1210 3658 καὶ
1244 3600 1496 3675 δύναμιν.
1531 3603 1706 3678 Δέχου
1763 3604 1943 3658 τοίνυν
1995 3606 2096 3674 τήν

447 3693 774 3765 προθυμίαν,
805 3695 906 3762 τήν
940 3690 1171 3765 δύναμιν
1211 3693 1632 3767 ὑπεραίρουσαν,
1663 3692 1752 3747 καὶ
1795 3689 1948 3748 δίδου
1993 3696 2093 3762 τὴν

438 3781 734 3856 σωτηρίαν,
768 3780 952 3838 παθῶν
1008 3785 1262 3857 ψυχικῶν
1311 3780 1702 3854 ἀλλοτρίωσιν,
1758 3783 1932 3837 νόσων
1984 3804 2096 3838 σω-

432 3877 679 3947 ματικῶν
741 3870 1006 3949 λόφωσιν,
1070 3869 1435 3945 περιστάσεων
1496 3869 1674 3939 λύσιν,
1739 3870 1860 3946 βίου
1915 3871 2094 3946 γαλη-

422 3963 582 4018 ναίαν
635 3963 982 4032 κατάστασιν,
1044 3961 1330 4038 φωτισμὸν
1392 3960 1727 4034 Πνεῦματος·
1787 3960 1878 4016 τὸν
1950 3963 2088 4037 πρὸς

416 4055 520 4110 τὸν
581 4054 672 4108 σὸν
734 4053 859 4108 Υἱὸν
917 4052 1086 4115 πόθον
1139 4051 1525 4126 ἐκπύρσευσον,
1585 4049 1869 4126 εὐάρεστον
1942 4051 2088 4122 αὐτῷ

415 4145 519 4200 τὸν
557 4144 672 4219 βίον
703 4145 867 4216 ἡμῶν
919 4141 1280 4212 κατάστησον,
1343 4141 1417 4203 ὡς
1472 4138 1533 4195 ἂν
1577 4141 1664 4195 καὶ
1724 4148 1824 4210 τῆς
1881 4139 2082 4196 ἐκεῖθεν

415 4235 691 4309 τυχόντες
756 4231 1184 4306 μακαριότητος,
1237 4235 1307 4304 τῇ
1367 4232 1495 4285 Υἱοῦ
1545 4228 1671 4305 δόξῃ
1733 4231 1968 4306 ὁρῶντες
2027 4252 2085 4287 σε

417 4323 916 4395 ἐξαστρᾶπτουσαν,
964 4322 1168 4394 ὕμνους
1228 4320 1406 4394 ἱεροὺς
1457 4319 1888 4394 ἀναπέμψωμεν,
1945 4321 2082 4376 αῗωη

411 4414 552 4474 νίως
587 4411 1021 4489 εὐφραινόμενοι,
1055 4409 1107 4465 ἐν
1169 4409 1437 4480 ἐκκλησίᾳ
1495 4408 1863 4483 ἑορταζόντων
1916 4409 2080 4480 ἀξίως

406 4509 518 4560 τοῦ
551 4503 890 4575 ΙΙνεύματος,
921 4506 1002 4572 τῷ
1035 4498 1124 4555 διὰ
1177 4504 1274 4554 σοῦ
1314 4501 1415 4568 τήν
1467 4499 1738 4572 σωτηρίαν
1785 4502 1945 4572 ἡμῶν
1997 4501 2077 4556 οἱ·

406 4590 820 4664 κοδομῆσαντι,
855 4594 1070 4664 Χριστῷ
1099 4593 1176 4660 τῷ
1207 4589 1319 4660 Υἱῷ
1345 4591 1442 4642 τοῦ
1471 4592 1604 4642 Θεοῦ
1633 4587 1722 4641 καὶ
1755 4593 1872 4661 Θεῷ
1893 4590 2072 4661 ἡμῶν·

2208 3419 2488 3490 principii
2511 3437 2740 3492 expers.
2767 3422 3361 3494 omnipotentemque
3378 3425 3478 3479 Dei
3506 3425 3860 3497 sapientiam

2209 3513 2265 3562 et
2296 3507 2639 3564 facultatem
2694 3511 3064 3583 excipiendo.
3115 3513 3403 3568 Conatum
3458 3514 3658 3585 itaque
3708 3516 3862 3572 vires

2206 3613 2370 3652 meas
2404 3599 2790 3654 excedentem
2844 3602 3104 3673 suscipe,
3153 3603 3656 3678 salutem’przebe,
3690 3606 3859 3660 vitio-

2201 3703 2334 3740 rum
2375 3687 2558 3742 animi
2612 3689 3062 3759 alienationem,
3114 3692 3536 3764 aegritudinum
3591 3695 3856 3766 corporis

2201 3776 2483 3844 quietem,
2518 3777 2995 3832 adversariorum
3029 3797 3277 3835 casuum
3309 3781 3696 3847 solutionem,
3721 3783 3853 3838 vitae

2200 3865 2586 3935 tranquillam
2604 3867 3294 3940 conditionem,Spiritus
3326 3871 3851 3928 illuminationem.

2196 3955 2475 4009 Amorem
2508 3957 2569 4010 in
2601 3957 2814 4012 Filium
2849 3963 3012 4012 tuum
3045 3960 3325 4021 accende,
3359 3961 3537 4016 vitam
3585 3969 3852 4018 nostram

2195 4061 2327 4114 qua)
2360 4045 2448 4099 illi
2481 4053 2646 4117 grata
2677 4047 2772 4103 sit.
2807 4047 3075 4112 institue,
3107 4054 3176 4102 ut
3202 4048 3503 4104 beatitatis
3533 4067 3663 4120 qua:
3693 4051 3850 4121 apud

2193 4132 2389 4204 ipsum
2422 4140 2530 4202 est,
2564 4135 2885 4207 participes
2916 4136 3076 4201 facti,
3113 4142 3167 4191 te
3215 4138 3342 4192 Nati
3375 4139 3459 4193 tui
3508 4139 3696 4210 gloria
3743 4157 3847 4196 re-

2193 4224 2612 4295 splendentem
2637 4227 3172 4294 intuentes,sacros
3194 4230 3448 4301 hymnos
3482 4231 3844 4300 emittamus,

2191 4320 2415 4370 aeterna
2444 4315 2866 4382 oblectatione,
2898 4317 2961 4372 in
2995 4333 3200 4372 eorum
3232 4324 3547 4386 conventu,
3604 4320 3705 4391 qui
3740 4338 3844 4392 pro

2188 4404 2474 4476 dignitate
2497 4406 2749 4477 Spiritus
2765 4406 2917 4462 festa
2937 4407 3261 4476 celebrant,
3288 4409 3348 4464 in
3370 4409 3531 4464 illius
3554 4410 3845 4466 honorem

2188 4493 2290 4564 qui
2318 4511 2425 4564 per
2452 4500 2507 4549 te
2540 4496 2793 4550 salutem
2828 4503 3093 4552 nostram
3129 4504 3219 4553 est
3278 4505 3579 4570 operatus,
3631 4500 3845 4556 Christi

2186 4583 2287 4636 Dei
2320 4583 2474 4652 Filii,
2508 4584 2602 4639 cui
2634 4585 2821 4656 gloria
2853 4592 2912 4640 et
2940 4587 3258 4657 imperium
3293 4605 3426 4642 cum
3459 4589 3630 4643 Patre
3676 4590 3842 4660 prin-

407 4683 464 4754 ᾧ
497 4684 531 4750 ἡ
593 4679 721 4754 δόξα
777 4680 870 4734 καὶ
919 4679 982 4734 τὸ
1029 4680 1246 4752 κράτος,
1308 4677 1400 4731 σὺν
1457 4681 1536 4748 τῷ
1593 4677 1820 4752 ἀνάρχῳ
1881 4682 2072 4754 ΙΙατρί,

2220 4671 2323 4742 ipii
2366 4674 2590 4740 nescio,
2652 4675 3146 4746 sanctissimoque
3197 4683 3255 4731 et
3311 4677 3538 4732 vivitico
3597 4679 3838 4749 Spiritu,

401 4772 504 4826 καὶ
552 4771 631 4844 τῷ
685 4770 931 4846 παναγίῳ
986 4769 1076 4824 καὶ
1141 4771 1399 4840 ζωοποιῷ
1458 4767 1752 4840 Πνεόματι,
1805 4774 1921 4842 νῦν,
1980 4775 2071 4826 καὶ

403 4860 517 4926 ἀεὶ,
548 4862 636 4916 καὶ
672 4860 747 4922 είς
802 4859 931 4921 τοὺς
989 4859 1304 4930 σύμπαντας
1361 4858 1453 4914 καὶ
1502 4857 1900 4930 ἀτελευτήτους
1937 4859 2074 4915 αἰῶ·-

402 4970 510 5011 νας
541 4954 647 5005 τῶν
681 4949 918 5006 αἰώνων.
953 4950 1151 5023 Ἀμήν.

1184 5054 1292 5110 IA'.

403 5148 516 5200 Τοῦ
575 5143 884 5221 ὲνλιὲιγίοιςΔ
918 5144 1343 5221 Πατρός-ἡμῶν
1404 5143 1654 5221 ξίωάννου
1709 5149 1807 5221 τοῦ
1886 5154 2068 5221 Δαμα.

482 5219 683 5286 σκηνοῦ
732 5212 1043 5289 ’ἐγκώμιον
1113 5214 1190 5278 εἷς
1228 5212 1338 5270 ’τὸν
1395 5212 1546 5290 ἅγιον
1600 5217 1860 5290 Ἰωάννην
1919 5212 2067 5298 Χρυ-

480 5290 640 5344 σόστο
652 5309 752 5362 μον
780 5290 916 5362 (72).

478 5403 540 5457 α’.
573 5393 722 5452 Ἔδει
756 5395 876 5469 μὶν,
911 5392 955 5450 ὦ
988 5395 1214 5466 Ἰωάννη
1266 5395 1570 5472 πάγχρυσε,
1618 5395 1746 5462 τοὺς
1793 5403 1902 5455 τῶν
1955 5402 2062 5458 σῶν

474 5549 496 5585 ⁵
527 5551 663 5606 Luc.
696 5567 737 5615 1,
772 5550 862 5603 28.

473 5707 588 5777 (72)
622 5709 704 5762 Ex
732 5707 1125 5763 lllustrissimi
1161 5710 1272 5763 DD.
1309 5709 1563 5764 Mauritii
1597 5711 1670 5765 Le
1697 5711 1930 5774 Tellier.
1960 5730 2057 5770 ar-

397 5780 768 5852 chiepiscopi
799 5781 1129 5849 Remensis,
1148 5781 1348 5837 codice
1372 5781 1473 5852 qui
1497 5783 1732 5839 transiit
1751 5785 1813 5839 in
1839 5784 2060 5843 Biblio-

2185 4777 2345 4816 nunc
2378 4767 2438 4816 et
2469 4780 2724 4836 semper,
2759 4765 2902 4819 etin
2952 4767 3176 4833 omnia,
3231 4772 3288 4822 et
3337 4767 3576 4824 infinita
3623 4769 3841 4824 szecula

2185 4851 2556 4908 saeculorum.
2590 4857 2802 4910 Amen.

2954 5055 3054 5110 XI.

2179 5156 2372 5212 Sancti
2427 5159 2614 5214 Patris
2670 5162 2848 5214 nostri
2899 5163 3132 5216 Joannis
3184 5163 3502 5217 Damasceni
3541 5163 3720 5218 oratio
3775 5164 3836 5217 in

2453 5230 2670 5286 Iaudem
2699 5235 2879 5287 sancti
2907 5235 3138 5289 Joannis
3166 5234 3552 5304 Chrysostomi.

2250 5411 2300 5465 1.
2332 5410 2582 5466 Necesse
2614 5411 2858 5482 quidem
2913 5419 3060 5480 erat,
3109 5431 3142 5469 ο
3185 5415 3464 5486 Joannes,
3513 5414 3615 5486 qui
3672 5420 3831 5471 totus

2166 5718 2707 5801 thecamllegia‘mk.‘
2727 5722 3070 5801 orationem
3102 5723 3256 5801 hanc
3315 5726 3564 5783 Savilius
3597 5727 3828 5801 habuit,

2174 5796 2233 5846 et
2262 5791 2620 5849 Allatius'ad
2647 5793 2731 5848 Cl.
2765 5793 3093 5850 Aubertum
3127 5797 3394 5854 miserat.
