4160 6408
360 373 468 432 763

1640 378 1703 431 8.
1737 373 2048 430 JOANNIB
2081 372 2504 428 DAMASCENI

3671 377 3784 453 76¢

364 515 580 557 aureus
609 515 694 566 es.
725 516 830 558 eos
859 501 961 574 qui
992 501 1198 558 laudes
1230 505 1360 556 tuas
1389 498 1586 556 dicere
1619 497 2006 572 aggrederen-

2123 491 2415 568 ἐγκωμίων
2475 491 2852 568 πειρωμένους
2910 491 3262 570 ἐφάπτεσθαι,
3316 497 3575 575 γλώσσης
3645 519 3784 577 χρυ-

363 593 478 658 tur,
500 607 744 647 auream
767 592 1025 665 linguam
1053 598 1275 653 nactos,
1301 605 1639 645 sermonem
1657 606 1800 645 auro
1819 588 2014 642 [luen-

365 685 483 735 tem
513 682 798 752 proferre.
851 684 973 735 lmo
1035 687 1134 736 tua
1190 680 1379 753 ipsius
1435 697 1572 736 voce
1633 697 1782 752 opus
1839 679 2014 746 foret,

365 771 586 842 quippe
610 789 742 842 quae
770 771 898 826 sola
929 771 1019 825 sui
1052 770 1239 841 ipsius
1273 771 1639 842 prmconium
1673 770 1848 842 digne
1879 785 2012 840 pos-

368 865 458 914 set
489 861 752 932 exsequi.
797 861 1146 930 Quanquam
1199 860 1260 915 id
1319 860 1560 932 quidem
1608 859 1803 916 hodie.
1861 858 2014 914 Olim

365 949 606 1021 quippe,
642 949 988 1020 priusquam
1022 965 1092 1004 ex
1121 949 1231 1005 hac
1261 949 1378 1006 vita
1411 950 1721 1015 transires,
1754 963 1891 1005 cum
1922 948 2017 1003 in-

361 1044 452 1094 ter
472 1039 745 1093 homines
770 1038 1002 1094 telluris
1033 1039 1264 1095 incolas
1297 1040 1476 1096 simul
1507 1041 1751 1100 viveres,
1775 1039 1894 1094 tuis
1920 1052 2016 1092 re-

360 1132 451 1182 cte
481 1127 656 1182 factis
687 1127 983 1183 oblivione
1015 1130 1375 1201 suppressis,
1404 1129 1464 1184 in
1494 1129 1706 1202 primis
1736 1127 2015 1200 alloquiis

359 1231 429 1272 ea
445 1217 644 1271 statim
669 1218 756 1272 sui
784 1218 971 1289 ipsius
997 1220 1332 1275 accusatrix
1363 1225 1506 1275 erat.
1533 1221 1626 1275 Sic
1654 1219 1814 1274 enim
1850 1234 2012 1274 com-

358 1312 630 1378 paratum
663 1312 773 1374 est,
803 1313 869 1363 ut
901 1309 1271 1380 sapientibus
1300 1310 1439 1365 viris
1472 1309 1658 1381 proba
1705 1325 1816 1364 sua
1860 1307 2012 1363 faci-

357 1414 506 1452 nora
539 1397 783 1465 lateant,
807 1415 882 1454 ne
913 1400 973 1454 id
1005 1399 1163 1470 quod
1197 1406 1354 1468 sunt,
1412 1399 1852 1455 existimatione
1911 1397 2016 1453 de-

358 1487 523 1542 fluat.
559 1489 705 1552 Quia
732 1506 866 1544 vero
898 1490 1042 1561 ipsa:
1065 1505 1302 1561 quoque
1320 1490 1786 1546 balbutientium
1810 1504 2017 1560 puero-

355 1593 489 1632 rum
547 1591 718 1633 voces
765 1585 945 1651 grata)
1004 1580 1350 1650 parentibus
1401 1582 1666 1651 ipsorum
1715 1579 2012 1644 accidunt,

355 1666 597 1737 Deoque
648 1667 881 1723 minuta
909 1668 1026 1723 duo
1061 1674 1201 1724 sunt
1245 1670 1599 1740 acceptiora.
1651 1685 1831 1740 quam
1884 1682 2015 1738 quas

353 1755 620 1826 apulenti
653 1757 1073 1830 magniﬁcique
1106 1759 1378 1814 homines
1400 1757 2012 1830 praestant(quoniam

2120 584 2247 654 σέης
2303 584 2732 659 εὖμοιρηκότας,
2795 582 2961 661 λόγον
3041 586 3335 664 προφέρειν
3412 588 3784 666 χρυσόῤῥοον.

2119 673 2242 729 Ἐπί
2277 671 2334 728 δὲ
2364 673 2582 737 τούτοις
2603 674 2701 740 τήν
2755 674 2852 742 σὴν
2913 671 3018 728 ἔδει
3073 680 3325 750 παρεῖναι
3375 679 3580 753 φωνήνο
3638 679 3780 753 μόνη

2117 764 2218 839 γὰρ
2251 764 2312 818 ἄν
2343 763 2538 833 ἑαυτῆς
2597 761 2759 833 ἀξίως
2806 767 2906 828 τῆς
2957 763 3230 842 εὐφημίας
3281 767 3776 842 καταστοχάσαιτο,

2117 853 2207 908 καὶ
2235 851 2402 908 ταῦτά
2430 873 2493 928 γε
2522 856 2636 908 νῦν.
2673 853 2766 908 Σοὶ
2799 853 2899 928 γὰρ
2929 851 3009 926 τῷ
3057 851 3146 909 ἐπὶ
3195 858 3302 929 γῆς
3355 855 3462 929 πρὸ
3511 853 3783 931 ἐκδημίας

2119 936 2594 1015 συμϐιετεόσαντι,
2655 937 2802 1012 λήθη
2861 945 2971 997 τῶν
3018 945 3475 1019 κατορθουμένων
3523 944 3576 1002 ἐν
3622 967 3780 1023 πρω-

2121 1029 2409 1107 τολογίαις
2439 1031 2635 1098 ἑαυτῆς
2703 1032 2919 1107 ὑπῆρχε
2957 1034 3291 1110 πατήγορος.
3347 1035 3783 1109 ’Λποκρύπτεται

2119 1122 2220 1198 γάρ
2251 1144 2371 1188 πως
2416 1126 2535 1186 τοῖς
2596 1128 2791 1200 σοφοῖς
2847 1122 2914 1178 τὰ
2969 1127 3115 1203 σφῶν
3174 1126 3647 1199 κατορθωμάτων,
3710 1129 3788 1191 ὡς

2119 1211 2181 1269 ἄν
2219 1213 2294 1286 μή
2324 1211 2612 1289 παραρῥυῇ
2644 1212 2706 1268 τὸ
2732 1213 2865 1268 εἶναι
2921 1217 3000 1284 τῷ
3053 1211 3264 1269 οἴεσθαι
3317 1212 3444 1270 ἀλλ’
3503 1215 3619 1272 ἐπεὶ
3678 1239 3788 1273 παι

2119 1301 2278 1380 τράσι
2309 1301 2445 1380 φίλα
2473 1301 2663 1357 καὶτᾶ
2691 1306 2799 1357 τῶν
2851 1300 3060 1359 παίδων
3119 1301 3497 1378 ψελλίσματα,
3543 1307 3635 1362 καὶ
3688 1304 3787 1363 δύο

2121 1392 2312 1449 λεπτὰ·
2374 1393 2434 1449 οὐ
2495 1389 2721 1465 δυνάμει
2795 1390 2920 1468 γὰρ,
3007 1393 3324 1467 προαιρέσει
3413 1392 3472 1450 δὲ
3558 1393 3780 1470 μᾶλλον

2120 1486 2321 1562 κρίνειν
2352 1490 2521 1541 ταῦτα
2548 1483 2775 1558 πέφυκε·
2832 1485 2969 1559 πρὸς
3021 1483 3079 1540 δὲ
3124 1485 3218 1540 καὶ
3279 1483 3548 1565 φιλοθέου
3595 1485 3792 1557 ἀνδρὸς

2122 1577 2440 1651 προτροπὴν
2497 1573 2596 1630 οὐκ
2651 1573 2950 1629 ἀπωστέον·
3015 1571 3227 1638 αἰδοῖος
3282 1575 3385 1651 γάρ
3475 1577 3632 1640 οὗτος
3689 1579 3784 1633 καὶ

2121 1666 2352 1741 χάριτας
2384 1665 2466 1721 ὅτι
2498 1663 2755 1726 πλείστας
2813 1664 2952 1739 πρὸς
3007 1666 3170 1737 ἡμῶν
3223 1665 3609 1740 ὀφειλόμενος·
3668 1672 3780 1724 τῶν

2125 1757 2221 1830 μὲν
2255 1755 2436 1831 λόγων
2466 1755 2797 1833 ἐφάπτομαιο
2833 1753 2960 1810 ἀλλ’
3018 1753 3118 1810 οὐκ
3170 1753 3384 1826 ἀνέδην,
3417 1754 3544 1812 οὐδὲ
3589 1779 3785 1812 συστο-

351 1861 472 1901 non
504 1863 575 1902 ex
606 1848 891 1917 potentia,
925 1848 1028 1903 sed
1060 1865 1131 1903 ex
1187 1849 1486 1904 voluntate
1535 1865 1605 1904 ea
1651 1847 1804 1904 solet
1851 1846 2006 1902 msti-

2123 1845 2226 1914 λῆς
2259 1844 2403 1921 ἄτερ,
2437 1842 2584 1901 ἀλλὰ
2607 1849 2688 1918 τῷ
2718 1841 2824 1900 δέει
2886 1845 2980 1918 μὲν
3035 1835 3490 1917 συστελλόμενος,
3536 1847 3627 1903 καὶ
3681 1868 3780 1901 σου

351 1937 559 2008 mare),
582 1935 687 1992 sed
703 1954 813 1992 nec
843 1938 1101 2011 religiosi
1134 1956 1272 2012 erga
1304 1940 1487 1994 Deum
1537 1939 1665 2008 viri,
1699 1937 1802 2009 qui
1833 1952 2000 1993 reve-

349 2026 545 2082 rentia
574 2027 762 2082 multa
792 2028 1004 2100 dignus
1065 2034 1174 2096 est,
1225 2029 1661 2100 multiplicique
1712 2027 1884 2082 titulo
1933 2027 2006 2083 de

351 2114 528 2171 nobis
556 2115 708 2172 bene
741 2118 1203 2189 meritus.jussa
1249 2118 1623 2190 repudianda
1671 2123 1852 2174 sunt:
1908 2134 2008 2174 ea-

349 2211 593 2277 propter
617 2205 853 2262 dicendi
885 2207 1124 2262 initium
1141 2207 1377 2275 faciam,
1398 2225 1516 2263 non
1537 2214 1736 2264 tamen
1761 2213 2006 2276 temere,

351 2312 462 2351 nec
495 2301 616 2352 tota
647 2297 940 2366 libertate,
975 2298 1079 2353 sed
1111 2299 1426 2353 cohibente
1450 2304 1636 2362 metu,
1670 2297 2006 2352 divinorum

351 2391 608 2450 tuorum,
643 2403 1069 2458 sacrorumque
1093 2387 1588 2444 documentorum
1611 2387 1907 2460 primitias
1924 2385 2007 2442 of-

345 2476 494 2531 fero.
529 2477 667 2531 Mihi
707 2477 1002 2548 siquidem
1029 2484 1446 2550 argumentum
1497 2476 1652 2532 istud
1694 2476 2010 2546 evolventi,

351 2566 400 2622 si
432 2565 782 2638 dignitatem
815 2567 946 2638 ejus
976 2573 1287 2623 assecutus
1320 2585 1441 2634 ero,
1467 2568 1626 2624 haud
1651 2584 1862 2640 parum
1886 2566 2012 2622 lau-

351 2653 443 2708 dis
473 2653 750 2720 accedet;
785 2654 878 2709 sin
909 2660 1109 2710 autem
1141 2657 1270 2728 ejus
1297 2657 1636 2712 obtinendas
1661 2657 1855 2728 impar
1877 2672 2009 2711 sum

349 2742 612 2814 (quando
644 2743 754 2798 hoc
776 2761 893 2800 non
927 2746 1046 2817 pati
1071 2747 1355 2801 eximium
1375 2747 1547 2814 foret,
1570 2747 1717 2818 quin
1741 2763 1851 2801 nec
1872 2763 2012 2817 pos-

2114 1939 2223 1990 τῶν
2252 1939 2359 1989 σῶν
2411 1935 2566 1990 θείων
2619 1955 2682 1990 τε
2734 1933 2826 1989 καὶ
2884 1935 3044 2010 ἱερῶν
3104 1931 3453 2012 διδαγμάτων
3513 1937 3778 2014 προφέρω

2113 2024 2181 2080 τὰ
2235 2024 2536 2097 ἀκροθίνια,
2589 2025 2777 2081 Ἔσται
2833 2027 2938 2100 γὰρ
3000 2044 3094 2098 μοι
3179 2025 3439 2097 τοιαύτην
3519 2026 3773 2082 ὑπόθεσιν

2117 2114 2469 2185 ἀνελίττοντι,
2526 2113 2681 2191 ἐγγὺς
2739 2115 2834 2188 μὲν
2889 2114 3038 2186 ἀξίας
3098 2112 3419 2188 ἐληλυθότι,
3477 2116 3584 2192 οὐχ
3627 2118 3774 2174 ὁτο-

2119 2205 2234 2280 χὼν
2267 2199 2512 2272 ἔπαινος,
2574 2203 2958 2280 ἀπολειφθέντι
3016 2202 3074 2260 δὲ
3126 2212 3348 2275 ταύτης,
3384 2205 3414 2261 ὅ
3444 2207 3520 2279 μὴ
3581 2209 3772 2264 παθεῖν

2118 2292 2355 2367 ἄριστον,
2387 2292 2516 2350 ἀλλ’
2543 2292 2865 2370 ἀμήχανον,
2898 2293 3192 2368 συγγνώμη
3244 2295 3382 2370 ἥττῃ
3445 2292 3630 2369 δικαίᾳ
3674 2318 3777 2354 κα·

2117 2384 2510 2457 θυποκόψαντι,
2569 2382 2660 2438 καὶ
2714 2404 2807 2457 μοι
2869 2380 3018 2438 δίδου
3074 2385 3176 2452 τήν
3233 2386 3542 2458 πυρίπνουν
3609 2389 3768 2462 χάριν

2115 2478 2212 2530 τοῦ
2243 2473 2582 2546 ΙΙνεόματος.
2605 2474 2840 2546 Χριστοῦ
2886 2472 2988 2547 γὰρ
3032 2473 3122 2528 καὶ
3169 2474 3334 2536 αὐτὸς
3386 2474 3761 2551 ἐχρημάτισας

2116 2563 2316 2638 στόμα,
2346 2563 2548 2637 ἐξάγων
2583 2562 2631 2636 ἐξ
2659 2561 2881 2635 ἀναξίου
2912 2561 3086 2634 ἄξιον⁴
3141 2562 3252 2638 οὐχ
3296 2559 3390 2619 ἕνα
3437 2585 3544 2620 που
3575 2566 3609 2636 ἢ
3641 2563 3762 2620 δύο*

2115 2657 2277 2710 τοῦτο
2308 2653 2413 2727 γάρ
2442 2649 2500 2706 ἄν
2532 2673 2617 2715 τις
2647 2654 2817 2727 τυχὸν
2848 2653 2938 2708 καὶ
2969 2656 3079 2708 τῶν
3110 2652 3335 2708 πολλῶν
3361 2650 3621 2730 δράσειεν·
3648 2651 3770 2712 ἀλλ’

2121 2749 2305 2806 οἴκους
2337 2742 2526 2814 ὅλους,
2556 2741 2645 2797 καὶ
2673 2740 2737 2812 δή
2750 2763 2909 2816 μους,
2943 2741 3034 2797 καὶ
3063 2739 3244 2800 ἄστεα.

349 2831 565 2903 sibile),
593 2833 824 2888 veniam
858 2851 997 2908 rogo
1029 2835 1339 2908 indulgeas
1379 2837 1547 2899 mihi,
1599 2837 1701 2908 qui
1744 2837 2003 2892 victorias
2035 2819 2077 2885 (Ἰ

337 2923 517 2996 justas
547 2923 768 2978 collum
801 2925 1073 2995 subjicio,
1105 2927 1551 2999 ferventemque
1581 2927 1729 2984 881
1768 2928 2020 2998 Spiritus
2050 2926 2298 2999 gratiam
2330 2924 2661 2996 impertire.
2694 2926 2837 2979 Nam
2869 2924 3086 2980 Christi
3127 2941 3364 2996 quoque
3411 2943 3477 2981 os
3527 2927 3772 2982 effectus

347 3029 430 3080 es,
460 3013 560 3083 qui
593 3029 663 3067 ex
689 3013 933 3086 indigno
967 3015 1210 3087 dignum
1243 3016 1590 3082 extraxeris,
1641 3032 1762 3071 non
1814 3031 2005 3071 unum
2057 3015 2382 3071 alterumve
2430 3015 2736 3072 hominem
2781 3015 2963 3087 (quod
3019 3014 3109 3071 vel
3142 3031 3172 3070 e
3203 3015 3409 3072 multis
3465 3015 3773 3090 quispiam

345 3101 735 3172 praastiterit),
768 3103 871 3158 sed
903 3109 963 3159 et
987 3105 1247 3160 familias
1278 3106 1559 3178 integras,
1591 3106 1937 3178 plebesque,
1967 3122 2035 3162 ac
2064 3106 2351 3161 civitates.

416 3210 467 3261 2.
503 3208 811 3264 Enimvero
843 3216 964 3265 ate
1014 3211 1140 3282 ipse
1185 3213 1384 3268 statim
1427 3230 1692 3278 exorsus,
1745 3213 2003 3286 teipsum

348 3313 584 3368 quoque
616 3313 812 3354 veram
861 3300 1210 3367 Jerusalem,
1262 3301 1559 3358 civitatem
1609 3303 1712 3357 Dei
1760 3302 2006 3358 viventis

346 3387 564 3454 fecisti,
593 3405 710 3459 quo
746 3388 928 3444 divini
958 3391 1214 3462 Spiritus
1261 3390 1635 3448 domicilium
1690 3392 2002 3460 evaderes;

345 3481 590 3548 tumque
615 3477 761 3533 adeo
784 3479 1004 3551 ubique
1028 3486 1344 3549 terrarum,
1371 3481 1628 3538 Orientis
1645 3482 2004 3538 Occidentis-

346 3583 461 3637 que
493 3571 737 3630 tractus.
771 3569 973 3624 Austri
1018 3570 1182 3635 item,
1245 3577 1302 3626 et
1348 3569 1781 3644 Septentrionis
1829 3573 2002 3642 fines,

344 3656 525 3712 verbo
558 3663 906 3730 pervagatus
938 3676 1022 3727 es,
1054 3666 1121 3715 ut
1160 3661 1232 3717 de
1284 3667 1341 3716 te
1394 3678 1682 3734 perquam
1733 3663 2002 3734 apposite

344 3748 814 3817 praenuntiatum
839 3750 918 3803 sit
937 3747 1201 3805 divinum
1224 3751 1372 3806 illud
1387 3753 1748 3828 sanctissimi
1768 3752 2003 3808 Davidis

347 3835 629 3892 effatum:
676 3837 741 3892 In
773 3855 982 3894 omnem
1032 3846 1236 3895 terram
1285 3843 1456 3897 exivit
1496 3829 1916 3910 sonus'eorum,
1949 3849 2003 3897 et

352 3926 412 3978 in
440 3929 574 3996 ﬁnes
603 3929 750 3982 orbis
780 3935 946 3986 terra:
965 3930 1130 3985 verba
1160 3946 1346 3986 eorum
1373 3931 1416 3986 ⁵.
1468 3931 1651 3988 Fuisti
1702 3932 2001 4004 siquidem

343 4014 626 4071 alumnus
653 4018 892 4088 Christi,
925 4020 1025 4090 qui
1057 4021 1185 4092 ipsa
1209 4037 1345 4076 vere
1375 4022 1670 4094 sapientia
1700 4027 1808 4089 est,
1853 4022 2000 4077 sub-

343 4110 506 4160 stans
546 4106 647 4160 Dei
677 4113 735 4162 et
762 4109 955 4164 Patris
986 4111 1170 4165 virtus
1199 4108 1242 4178 ⁶,
1278 4113 1550 4183 ejusque,
1581 4118 1872 4183 quantum
1898 4129 2000 4183 pe.

341 4211 449 4250 nes
472 4200 528 4250 te
562 4201 706 4265 erat,
744 4199 990 4270 vestigia
1015 4200 1366 4271 premendo.
1399 4201 1663 4257 imitator
1719 4202 1910 4257 factus
1942 4219 2004 4257 es

345 4285 658 4356 Dei,juxta
680 4293 857 4358 atque
884 4288 1111 4344 homini
1136 4291 1423 4363 possibile
1447 4297 1555 4347 est.
1578 4293 1660 4346 Tu
1692 4293 1852 4347 enim
1887 4297 2006 4347 ter-

345 4373 541 4428 minos
571 4373 1002 4448 columnasque
1033 4385 1282 4447 naturaa,
1317 4381 1511 4436 omnis
1542 4397 1756 4452 nempe
1773 4380 2006 4437 virtutis

2187 3212 2256 3288 β’.
2287 3211 2622 3284 Ἀρξάμενος
2651 3209 2750 3286 γὰρ
2810 3211 2862 3282 ἐξ
2929 3211 3143 3280 ἑαυτοῦ,
3191 3212 3284 3266 καὶ
3338 3213 3535 3267 σαυτὸν
3602 3210 3776 3278 ὅντως

2111 3298 2476 3376 Ἰερουσαλὴμ
2505 3301 2905 3363 κατασκευάσας
2935 3297 3098 3356 πόλιν
3124 3304 3258 3356 Θεοῦ
3293 3305 3492 3371 ζῶντος
3543 3301 3626 3366 εἷς
3675 3321 3776 3357 κα-

2108 3392 2470 3465 τοικητήριον
2501 3391 2648 3455 θείου
2673 3390 3008 3464 Πνεόματος,
3057 3389 3372 3466 πανταχόσε
3411 3398 3536 3466 γῆς,
3597 3392 3774 3454 Ἐώας

2107 3502 2167 3537 τε
2200 3481 2290 3536 καὶ
2346 3481 2631 3554 Ἑσπερίου
2688 3479 2919 3552 λήξεως,
2979 3480 3222 3555 Ἄρκτου
3277 3501 3338 3537 τε
3392 3481 3484 3537 καὶ
3541 3486 3774 3554 Μεσημ-

2109 3565 2264 3644 ϐρίας
2294 3568 2532 3638 ἐπῆλθες
2561 3574 2641 3642 τῷ
2670 3567 2824 3646 λόγῳ
2848 3569 2913 3625 τὰ
2973 3570 3208 3645 πάρατα,
3261 3571 3336 3631 ὡς
3383 3571 3474 3626 καὶ
3541 3569 3630 3626 ἐπὶ
3689 3570 3774 3626 σοὶ

2109 3659 2501 3716 εὐστοχώτατα
2530 3657 2801 3734 λεχθῆναι
2831 3663 2929 3714 τοῦ
2957 3659 3246 3723 θεσπεσίου
3298 3654 3464 3715 Δαϐἰδ
3512 3659 3577 3716 τὸ
3629 3665 3772 3725 θεῖον

2107 3750 2588 3825 προαναφώνημαο
2671 3747 2768 3812 Εἰς
2844 3754 3016 3803 πᾶσαν
3089 3750 3189 3818 τήν
3273 3756 3375 3825 γῆν
3459 3747 3686 3822 ἐξῆλθεν
3743 3750 3772 3805 ὁ

2107 3840 2346 3917 φθόγγος
2379 3835 2580 3909 αὐτῶν,
2631 3835 2724 3892 καὶ
2777 3835 2854 3900 εἷς
2909 3837 2980 3892 τὰ
3035 3838 3243 3911 πέρατα
3289 3844 3391 3907 τῆς
3439 3836 3768 3910 οἰκουμένης

2103 3930 2172 3985 τὰ
2203 3929 2422 4004 ῥήματα
2453 3927 2653 3984 αὐτῶν.
2687 3928 2970 3997 Φοιτητής
2996 3927 3104 4002 γὰρ
3160 3928 3392 4002 γέγονας
3440 3930 3542 3993 τῆς
3594 3923 3762 3990 ὅντως

2108 4016 2435 4096 αὖτοσοφίας
2461 4021 2560 4072 τοῦ
2617 4019 2875 4093 Χριστοῦ,
2921 4023 3024 4086 τῆς
3070 4020 3169 4072 τοῦ
3225 4021 3361 4073 Θεοῦ
3403 4017 3493 4072 καὶ
3556 4017 3770 4092 Πατρὸς

2108 4105 2467 4162 ἐνυποστάτου
2499 4105 2804 4180 δυνάμεως,
2851 4107 2942 4161 καὶ
2990 4110 3183 4162 τοῦτον
3235 4105 3614 4183 ἷχνηλατήσας
3669 4106 3767 4176 ὅση

2111 4193 2362 4269 δύναμις,
2391 4194 2481 4250 καὶ
2543 4196 2796 4270 μιμητὴς
2847 4200 2981 4250 Θεοῦ
3033 4195 3332 4269 γενόμενος
3377 4196 3451 4258 ὡς
3496 4195 3769 4271 ἀνθρώπῳ

2113 4283 2359 4342 δυνατόν.
2415 4285 2491 4340 Σὺ
2548 4286 2756 4361 πέρατα
2810 4285 2912 4362 γάρ
2969 4285 3038 4340 τὰ
3091 4292 3192 4355 τῆς
3247 4285 3460 4364 φύσεως
3541 4283 3771 4361 Γάδειρα

2113 4381 2291 4446 πάσης
2322 4376 2516 4450 ἀρετῆς
2556 4373 2701 4430 ἰδέαν
2751 4373 2839 4429 ἐπὶ
2891 4378 2973 4447 τῷ
3025 4375 3310 4451 βαθυτάτῳ
3368 4372 3612 4448 θεμελίῳ
3673 4377 3768 4442 τῆς

348 4463 652 4533 specimen
689 4467 954 4521 struxisti
1011 4469 1072 4523 in
1122 4469 1589 4541 profundissimo
1648 4470 2005 4527 humilitatis

2116 4465 2490 4526 ταπεινώσεως
2547 4463 2932 4537 ᾠκοδόμησας,
2994 4461 3064 4518 δι’
3122 4466 3189 4532 ἧς
3247 4463 3416 4538 γόνης
3471 4462 3560 4517 καὶ
3640 4464 3770 4524 Θεὸς

345 4551 756 4620 fundamento,
791 4573 898 4628 per
931 4574 1107 4628 quam
1141 4559 1350 4629 solam,
1386 4567 1444 4616 et
1472 4559 1698 4616 salvare
1731 4563 1883 4616 Deus
1905 4578 2005 4616 vo—

347 4641 480 4704 luit,
514 4648 572 4696 et
601 4643 794 4699 salvus
826 4647 893 4701 tit
925 4648 1119 4704 homo.
1149 4649 1389 4705 Nullum
1413 4651 1632 4722 quippe
1655 4650 1908 4708 fulcrum
1936 4669 2004 4708 ea

347 4731 579 4786 ﬁrmius
611 4739 717 4788 est.
752 4737 856 4791 Ast
887 4737 1286 4795 humilitatem
1319 4757 1387 4796 ex
1419 4741 1534 4797 fide
1567 4741 1858 4810 originem
1881 4748 2000 4798 tra-

345 4819 488 4876 here
523 4823 751 4878 nemini
783 4843 904 4881 non
943 4828 1323 4901 perspicuum
1375 4836 1480 4886 est.
1536 4831 1788 4897 Quinam
1839 4833 1998 4887 enim

345 4910 540 4966 divino
568 4914 801 4968 numini
836 4915 1026 4971 subsit
1054 4917 1291 4989 aliquis,
1326 4919 1387 4974 ni
1418 4925 1578 4976 certo
1612 4921 1813 4977 credat
1833 4921 2002 4976 altis-

347 5002 565 5059 simum
592 5021 722 5060 esse
754 5006 1019 5063 divinum
1052 5026 1276 5066 numen
1297 5011 1326 5067 ?

413 5112 467 5168 3.
500 5114 678 5184 Atqui
710 5115 1015 5172 Sermonis
1041 5118 1234 5174 cultor
1257 5136 1392 5175 cum
1425 5136 1608 5186 esses,
1654 5137 1999 5178 sermonum

344 5218 582 5273 quoque
616 5203 829 5274 plenus
861 5204 1047 5275 fuisti,
1083 5207 1300 5279 quibus
1349 5210 1612 5268 divinum
1665 5213 1997 5269 subsisten-

343 5296 584 5363 temque
609 5293 711 5347 Dei
745 5300 803 5348 et
832 5297 1022 5351 Patris
1048 5297 1416 5356 Sermonem.
1445 5303 1749 5374 suppetias
1773 5303 1999 5361 ferente

342 5381 586 5450 Spiritu,
619 5382 1194 5442 consubstantialem
1227 5405 1355 5445 esse
1373 5390 1532 5446 Patri
1553 5392 2002 5464 prmdicastimt

344 5471 542 5526 unitas
571 5473 875 5530 adoranda
905 5477 966 5532 in
998 5479 1282 5535 Trinitate
1313 5482 1511 5552 palam
1572 5483 1996 5553 innotesceret,

344 5570 457 5612 nec
486 5576 607 5615 non
638 5563 892 5621 Trinitas
943 5567 1016 5622 ad
1069 5569 1314 5625 unitatis
1362 5588 1659 5628 summam
1708 5580 1995 5646 revocata,

415 5752 436 5788 ⁸
467 5755 621 5812 Psal.
651 5763 813 5831 xvni,
845 5764 875 5815 5
903 5779 917 5833 ;
950 5765 1117 5820 Rom.
1150 5782 1208 5836 χ,
1244 5767 1329 5824 18.
1406 5770 1429 5806 ⁸
1458 5773 1480 5826 Ι
1512 5772 1641 5829 Cor.
1676 5789 1714 5844 ι,
1750 5773 1839 5829 24.

2115 4553 2304 4624 σώζειν
2338 4551 2621 4625 εὐδόκησε,
2653 4554 2744 4609 καὶ
2802 4555 3090 4627 ἅνθρωπος
3137 4554 3387 4622 σώζεται.
3441 4549 3615 4609 Οὐδὲν
3666 4553 3769 4627 γάρ

2109 4645 2313 4713 ταύτης
2342 4644 2741 4721 ἀσφαλέστερον
2775 4637 3021 4718 ἔρεισμα.
3088 4643 3154 4698 Ἦ
3209 4641 3266 4698 δὲ
3316 4641 3641 4704 ταπείνωσις
3693 4642 3770 4704 ὡς

2113 4731 2173 4788 ἐκ
2202 4734 2436 4794 πίστεως
2466 4735 2626 4788 παντί
2659 4752 2764 4787 που
2815 4729 3009 4802 δῆλον.
3073 4735 3195 4789 [law
3249 4733 3351 4807 γὰρ
3401 4728 3461 4788 ὅν
3511 4751 3594 4794 τις
3639 4741 3768 4794 καο-

2109 4817 2351 4892 υποϐαίη
2381 4821 2462 4896 τῷ
2489 4821 2782 4898 κρείττονι,
2817 4823 2893 4896 μή
2931 4821 3222 4884 πιστεύσας
3255 4820 3340 4877 ὅτι
3388 4820 3645 4898 κρείττων
3679 4818 3765 4874 καὶ

2110 4910 2336 4987 ὕψιστος
2362 4938 2376 4983 ;

2181 5127 2250 5202 γ’.
2285 5125 2472 5202 Λόγων
2509 5124 2567 5182 δὲ
2604 5125 2831 5204 πλήρης
2888 5125 2964 5188 ὡς
3021 5125 3204 5201 Λόγου
3266 5126 3604 5202 θεραπευτής
3659 5124 3772 5201 έγε-

2107 5215 2308 5294 γόνεις,
2342 5209 2410 5270 δι’
2444 5215 2517 5270 ὧν
2544 5216 2634 5271 τὸν
2679 5217 2821 5271 θεῖον
2859 5216 3053 5290 Λόγον,
3115 5215 3202 5270 καὶ
3257 5214 3620 5272 ὲνυπόστατον
3673 5219 3768 5271 τοῦ

2110 5310 2243 5362 Θεοῦ
2273 5307 2362 5360 καὶ
2406 5308 2641 5383 Ματρὸς,
2701 5303 2790 5361 διὰ
2851 5305 3165 5378 ίΙνεόματος
3215 5309 3293 5378 τῷ
3353 5305 3522 5383 Πατρὶ
3573 5305 3770 5382 ἐκήρυ-

2110 5399 2199 5470 ξας
2261 5395 2582 5467 ὁιιοούσιον,
2641 5392 2844 5471 γονάδα
2904 5399 3089 5473 σαφῶς
3172 5393 3368 5451 εἰδέναι
3456 5395 3508 5452 ἐν
3583 5393 3773 5471 Τριαδι

2108 5486 2614 5561 προσκυνουμένην,
2673 5487 2762 5541 καὶ
2820 5483 3031 5558 Τριάδα
3081 5484 3158 5549 είς
3218 5482 3428 5560 μονάδα
3513 5487 3774 5564 ἀνακεφα-

2111 5573 2470 5650 λαιουμένην,
2504 5573 2808 5654 παράδοξόν
2859 5596 2979 5631 τινα
3027 5575 3289 5656 φέρουσαν
3331 5576 3433 5646 τήν
3482 5570 3666 5630 ἕνωσίν
3716 5595 3774 5630 τε
