4160 6416
316 420 449 477 765

1429 416 1799 476 LAUDATIO
1831 418 1893 474 8.
1931 414 2135 470 JOAN.
2173 413 2694 469 CHRYSOSTOMI.

3659 415 3770 475 766

312 544 428 601 καὶ
461 542 752 618 διαίρεσιν.
785 538 923 599 Ούτε
946 543 1008 600 τὸ
1063 543 1261 598 ἱνιαῖον
1324 544 1758 619 συγκεχυμένον,
1789 537 1911 595 οὔτε
1939 539 1996 594 τὸ

2120 553 2250 609 quas
2280 537 2567 592 unionem
2591 537 3159 610 distinctionemque
3182 537 3445 596 humano
3476 548 3651 616 captu
3667 563 3766 603 su-

315 636 555 711 τρισσὸν
594 630 664 687 δι’
698 630 880 705 ἅμπαξ
924 630 1324 708 διαιρούμενονο
1384 632 1437 688 ἰν
1498 634 1704 708 θατέρῳ
1762 627 1819 685 δὲ
1878 649 2000 684 συν-

325 724 682 800 τηρούμενον
718 723 965 795 θάτερον,
1015 722 1067 778 ἰν
1124 727 1194 797 τῇ
1255 724 1444 779 ἑνώσει
1505 725 1597 796 μὶν
1655 725 1755 792 τῆς
1809 718 1999 781 ούσίας

329 820 450 871 τῶν
485 813 834 869 ὑποστάσεων
860 812 924 867 τὸ
954 811 1153 868 ἐδιαῖὸν
1194 834 1252 868 τε
1307 814 1397 868 καὶ
1452 819 1553 883 τῆς
1586 812 1797 889 φύσεως
1828 812 2001 885 ἀπαρ-

330 904 646 962 ἆλλακτον.
705 906 883 957 Ταῦτα
931 908 1105 957 πᾶσαν
1163 904 1265 971 τὴν
1331 900 1655 975 οἰκουμένην
1736 897 1999 969 ἐδίδαξας,

347 996 477 1068 μίαν
509 993 741 1064 ϐιότητα
767 990 1199 1066 τρισυπόστατον
1232 991 1284 1048 ἐν
1322 997 1420 1066 μιᾷ
1475 996 1582 1047 τῶν
1639 990 1811 1059 αὐτῆς
1867 990 1998 1044 ὑπο-

338 1085 581 1139 στάσεων
616 1081 819 1142 ὁλικῶς
876 1082 1013 1152 ἡμῖν
1068 1082 1497 1151 κοινωνήσασανο
1560 1081 1596 1149 ἠ
1655 1077 1714 1134 δὲ
1772 1078 1911 1133 ἐστιν
1971 1077 2000 1131 ὁ

338 1174 757 1235 1’ἱὸςτοῦΘεο’ύ
811 1169 905 1224 καὶ
962 1170 1162 1246 Λόγος,
1225 1171 1252 1225 ὁ
1312 1170 1525 1239 ἀπαθὴς
1572 1171 1791 1242 παθητῇ
1847 1167 1999 1246 φύσει

341 1262 650 1335 ἑνούμενος,
707 1260 799 1315 καὶ
853 1263 1022 1314 ταῦτα
1102 1258 1268 1315 οἱονεὶ
1328 1258 1707 1336 ὑφιστάμενος,
1761 1258 1853 1313 καὶ
1903 1260 2001 1313 τοῦ

337 1353 470 1408 εἶναι
520 1350 858 1425 ἀρχόμενος,
914 1348 1285 1425 σαρκούμενός
1338 1370 1397 1404 τε
1441 1349 1533 1403 καὶ
1588 1348 1999 1423 παχυνόμενος,

341 1441 433 1497 καὶ
468 1438 737 1501 ὁάπλοῦς
791 1443 860 1514 τῇ
920 1438 1074 1515 φύσει
1140 1438 1351 1513 φύσεως
1407 1438 1721 1514 προσλήψει
1762 1438 2000 1501 συντιθὲ-

344 1552 531 1605 μενος,
589 1531 679 1585 καὶ
740 1526 941 1606 διφυὴς
997 1526 1223 1598 ἀληθῶς
1276 1528 1704 1605 γνωριζόμενος,
1773 1528 1848 1591 ὡς
1904 1525 1999 1581 δύο

337 1620 528 1696 φύσεις
559 1619 737 1695 φὲρων
765 1618 899 1691 μετά
956 1619 1053 1685 τὴν
1118 1614 1336 1685 ἕνωσιν,
1394 1617 1445 1689 ἐξ
1476 1616 1549 1671 ὧν
1602 1614 1655 1672 ἓν
1692 1616 1831 1672 ἐστιν
1866 1618 1998 1692 ἅπερ

337 1709 688 1785 κηρύττεται·
717 1710 943 1769 τελείως
1007 1704 1240 1783 ἔχουσαν
1300 1708 1530 1777 ἑκάστην
1587 1708 1723 1762 κατὰ
1750 1707 1840 1762 τὸν
1871 1705 1997 1781 ὅρον

346 1821 403 1856 τε
431 1800 519 1854 καὶ
551 1798 711 1874 λόγον
741 1802 830 1853 τὸν
865 1799 1086 1867 ἑαυτῆς,
1115 1799 1215 1866 τήν
1278 1798 1374 1871 μὲν
1432 1794 1670 1872 ἄναρχόν
1701 1817 1761 1852 τε
1798 1796 1890 1851 καὶ
1939 1797 1999 1850 ἄ-

339 1911 579 1959 κτιστον,
611 1889 711 1956 τήν
743 1885 799 1942 δὲ
828 1889 1117 1963 ἠργμένην
1146 1908 1206 1943 τε
1261 1888 1353 1942 καὶ
1385 1886 1733 1960 ἐκτισμένην·
1764 1886 1866 1956 τὴν
1904 1886 1996 1959 μὶν

339 1980 549 2046 ἀπαθῆ,
586 1976 842 2050 ἂόρατον,
904 1976 1107 2054 ἀναφῆ,
1162 1977 1588 2054 ἆπερίγραπτον,
1645 1978 1745 2045 τήν
1780 1974 1837 2031 δὲ
1894 1996 2001 2031 πα-

336 2070 514 2139 θητήν
543 2088 603 2123 τε
631 2066 724 2123 καὶ
756 2066 1066 2140 ὁρωμένην,
1098 2068 1187 2121 καὶ
1222 2068 1421 2136 ἀπτήν,
1474 2068 1565 2122 καὶ
1598 2067 1996 2143 περιγραπτήν’

328 2157 635 2226 θελητιγ.ὴν
689 2157 969 2232 ἑκατέραν,
1055 2156 1146 2212 καὶ
1204 2156 1570 2229 αὐτεξούσιον,
1628 2157 1719 2210 καὶ
1775 2155 2001 2231 ἐνεργη·

325 2248 520 2317 τικήν,
557 2246 715 2309 αύτὸς
774 2250 937 2301 τοῦτο
998 2245 1217 2300 κάκεῖνο
1275 2250 1475 2315 τελῶν,
1534 2247 1561 2300 ὁ
1613 2247 1690 2309 εἷς
1746 2246 2001 2321 Χριστὸς,

324 2338 427 2392 καὶ
460 2337 603 2403 Υἱὸς,
657 2337 748 2392 καὶ
805 2336 1028 2410 Κύριος·
1077 2342 1180 2403 τῆς
1234 2336 1329 2408 μὲν
1390 2337 1697 2411 ὁργανικῶς
1751 2333 2000 2408 λειτουρ-

324 2426 608 2504 γησάσης,
638 2430 739 2500 τῇς
785 2422 843 2480 δὲ
901 2423 1235 2487 δεσποτικῶς
1297 2424 1686 2500 ἐνεργησάσης’
1748 2425 2001 2499 ἑκατέρας

328 2518 442 2585 τὴν
498 2515 701 2571 οἷκείαν
760 2514 1035 2591 ἐνέργειαν
1092 2536 1151 2571 τε
1197 2515 1287 2570 καὶ
1362 2504 1705 2585 αὐτεξούσιον
1787 2514 1999 2583 κίνησιν

328 2605 602 2682 ἐχούσης·
627 2607 797 2662 αὐτοῦ
826 2603 884 2660 δὲ
911 2610 1008 2660 τοῦ
1049 2606 1167 2667 ἑνὸς
1221 2608 1383 2660 τοῦτο
1439 2606 1657 2661 κάκεῖνο
1686 2604 2000 2673 τελοῦντος,

331 2694 411 2753 δι’
434 2696 642 2772 ἀμφοῖν
671 2698 771 2765 τὴν
805 2698 968 2769 ἡμῶν
1012 2695 1482 2770 κατεργασαμένου
1542 2696 1813 2771 σωτήριον
1875 2694 1999 2749 ἂνα-

332 2786 594 2855 καίνισιν,
629 2786 709 2862 ἐφ’
742 2787 786 2859 ᾧ
817 2790 1115 2860 συμπαθῶς
1146 2785 1333 2841 ἑαυτὸν
1364 2786 1649 2840 κεκένωκε.

2112 630 2402 700 perierem
2434 631 2672 699 habeat,
2712 630 2939 686 unitate
2990 632 3231 702 quidem
3265 634 3653 704 confusionis,
3710 643 3768 695 et

2112 721 2370 774 ternario
2404 720 2710 775 divisionis
2735 728 2973 792 experte
2996 739 3239 793 prorsus
3254 724 3761 795 persistente.Quo

2110 810 2178 864 fit
2197 814 2262 863 ut
2290 810 2541 864 alterum
2574 810 2633 864 in
2665 811 2850 866 altero
2870 811 2946 865 sit
2977 813 3237 879 salvum;
3269 814 3330 869 in
3355 814 3576 869 unione
3598 816 3763 871 scili-

2109 905 2205 953 cet
2233 899 2583 953 substantias
2612 900 2809 954 unitas
2863 917 3277 971 personarum,
3312 908 3370 958 et
3397 910 3627 960 naturas
3659 922 3767 977 per

2110 989 2311 1044 omnia
2341 988 2752 1046 conformitas.
2779 990 2911 1045 Haec
2955 991 3208 1047 docuisti
3260 994 3463 1049 orbem
3524 996 3767 1052 univer-

2111 1096 2265 1146 sum,
2297 1079 2579 1134 deitatem
2610 1095 2793 1134 unam
2824 1080 2885 1134 in
2916 1082 3104 1135 tribus
3134 1083 3573 1155 hypostasibus,
3628 1102 3760 1157 quas

2109 1168 2171 1223 in
2202 1169 2612 1239 hypostasium
2647 1184 2890 1223 suarum
2922 1185 3041 1225 una
3070 1170 3245 1241 plene
3265 1174 3437 1227 nobis
3468 1174 3763 1245 perfecte-

2110 1274 2225 1328 que
2249 1258 2686 1313 communicata
2718 1258 2815 1313 sit.
2869 1258 3003 1313 Haec
3059 1266 3259 1316 autem
3318 1262 3421 1316 Dei
3475 1262 3657 1320 Filius
3707 1270 3768 1321 et

2110 1348 2366 1402 Verbum
2402 1353 2491 1402 est
2518 1348 2619 1419 qui
2652 1365 2787 1403 cum
2821 1348 3067 1403 minime
3098 1352 3219 1421 pati
3251 1358 3469 1423 posset,
3504 1371 3638 1409 cum
3661 1372 3765 1425 pa-

2110 1437 2263 1493 tibili
2296 1443 2510 1492 natura
2562 1439 2873 1510 copulatus
2904 1439 3035 1506 fuit,
3081 1456 3391 1511 unumque
3426 1449 3484 1497 et
3512 1444 3669 1498 idem
3702 1461 3769 1500 ac

2111 1527 2241 1598 ipsa
2269 1527 2447 1582 veluti
2470 1527 2824 1595 subsistens,
2859 1534 3067 1584 etesse
3100 1530 3417 1602 incipiens,
3469 1538 3775 1604 assumpta

2111 1634 2310 1685 carne,
2360 1618 2629 1673 crassitie
2680 1619 2927 1673 vestitus
2974 1619 3107 1675 fuit.
3162 1622 3327 1677 Unde
3382 1639 3513 1677 cum
3558 1628 3773 1679 natura

2111 1708 2364 1779 simplex
2395 1713 2812 1773 esset,naturm
2845 1711 3224 1781 susceptione
3243 1714 3611 1785 compositus
3635 1729 3770 1769 eva-

2112 1799 2210 1866 sit,
2242 1798 2499 1869 duplicis
2542 1814 2747 1853 revera
2801 1805 3032 1853 naturaa
3090 1801 3407 1869 exsistens,
3471 1809 3767 1875 quatenus

2111 1894 2357 1943 naturas
2388 1888 2534 1943 duas
2562 1893 2698 1959 post
2725 1890 3057 1945 unitionem
3072 1892 3318 1962 gerit,ex
3342 1893 3561 1964 quibus
3582 1910 3770 1949 unum

2111 1980 2237 2050 ipse
2271 1983 2379 2040 est.
2412 1994 2543 2049 quas
2604 1994 2732 2033 esse
2790 1978 3151 2050 prmdicatur
3184 1982 3304 2036 :ita
3336 1986 3401 2037 ut
3447 1989 3767 2054 utramque

2112 2068 2329 2124 habeat
2360 2069 2687 2123 secundum
2721 2070 3033 2139 utriusque
3068 2070 3479 2127 deﬁnitionem
3504 2079 3561 2129 et
3585 2074 3770 2129 ratio-

2111 2174 2250 2214 nem
2285 2175 2297 2225 ;
2325 2173 2507 2213 unam
2531 2158 2771 2228 quidem
2804 2160 3085 2231 principii
3119 2167 3421 2231 expertem
3457 2164 3769 2219 etincrea-

2111 2252 2255 2313 tam,
2291 2248 2593 2319 inceptam
2624 2248 2874 2303 alteram
2907 2254 2965 2302 et
2992 2256 3252 2305 creatam
3280 2267 3292 2305 :
3324 2269 3506 2307 unam
3530 2253 3768 2325 impati-

2112 2337 2874 2410 bilem,invisibilem,tangi
2911 2339 3197 2407 nesciam,
3232 2357 3298 2395 ac
3325 2342 3766 2411 circumscribi;

2112 2428 2361 2483 alteram
2412 2428 2741 2499 patibilem,
2788 2428 3235 2499 aspectabilem,
3290 2432 3661 2488 tractabilem
3713 2437 3773 2489 et

2113 2518 2626 2588 circumscriptam
2654 2534 2668 2571 :
2700 2521 3019 2588 utramque
3046 2519 3370 2589 voluntate,
3406 2521 3637 2577 arbitrii
3697 2523 3769 2578 li-

2112 2607 2361 2674 bertate,
2395 2612 2454 2662 et
2482 2607 2826 2679 operatione
2869 2609 3245 2677 instructam,
3280 2615 3345 2665 ut
3385 2612 3510 2682 ipse
3568 2613 3679 2667 hoc
3713 2617 3774 2669 et

2112 2696 2263 2751 illud
2295 2695 2554 2759 exsistat,
2591 2697 2859 2751 Christus
2890 2713 3067 2765 unus,
3094 2698 3395 2770 Filiusque
3459 2705 3515 2756 et
3572 2702 3771 2756 Domi-

2114 2802 2226 2841 nus
2262 2804 2275 2851 ;
2309 2786 2411 2841 illa
2442 2786 2826 2840 instrumenti
2860 2802 3025 2843 more
3052 2787 3571 2855 ministrante,hac
3593 2789 3769 2846 herili

329 2883 632 2951 potestate
663 2883 910 2951 agente;
946 2884 1197 2949 utraque
1228 2878 1469 2932 demum
1503 2877 1807 2948 propriam
1860 2876 2157 2931 actionem
2207 2876 2583 2946 liberumque
2641 2882 2868 2930 motum
2930 2882 3275 2943 exserente;
3310 2885 3604 2949 quatenus
3636 2880 3765 2952 ipse

328 2977 495 3016 unus
529 2960 724 3015 hocet
752 2958 903 3013 illud
932 2959 1183 3024 exsistit,
1218 2963 1278 3013 et
1332 2975 1440 3029 per
1468 2964 1789 3029 utrumque
1835 2958 2158 3013 salutarem
2217 2957 2665 3013 renovationem
2724 2963 2990 3013 nostram
3039 2959 3310 3030 patravit,
3362 2961 3533 3033 cujus
3576 2963 3767 3035 gratia

332 3052 603 3122 seipsum
636 3050 1158 3105 commiseratione
1190 3054 1386 3105 motus
1417 3049 1741 3104 exinanivit
1763 3049 1805 3105 ⁷.

413 3145 485 3206 δ’.
513 3151 699 3205 Ταῦτα
739 3146 924 3221 μαθὼν
974 3144 1243 3220 ἐδίδαξας,
1298 3146 1387 3202 καὶ
1442 3147 1660 3211 τούτοις
1706 3142 1995 3201 ἐποικοδο-
2030 3148 2073 3215 C

345 3242 466 3313 μεῖν
498 3239 733 3307 τὴντῶν
768 3238 1003 3313 ἀρίστων
1062 3234 1235 3313 ἔργων
1293 3242 1581 3313 χρυσαυγῆ
1636 3256 1697 3292 τε
1751 3237 1843 3292 καὶ
1903 3237 2000 3311 ἆρ-

336 3334 651 3407 γυροφεγγῆ
686 3326 1031 3401 εὐπρέπειαν
1067 3328 1142 3388 ὡς
1186 3325 1246 3382 ἃν
1312 3328 1386 3397 μὴ
1446 3331 1526 3400 τῷ
1581 3332 1812 3403 κριτικῷ
1868 3326 2001 3403 πυρὶ

335 3417 747 3487 πλησιάσαντες
830 3413 1205 3495 φρυγανώδεις
1293 3413 1443 3479 ὄντες
1554 3416 1990 3491 ἀναλωθείημεν·

331 3505 506 3563 πλέον
542 3504 719 3562 δὲκαὶ
751 3504 923 3562 πλέον
979 3504 1407 3581 καθαρθείημεν,
1461 3504 1838 3578 δαπανώμενοι
1902 3507 1997 3580 μὲν

336 3596 469 3652 ὅσον
492 3592 783 3667 κίϐδηλον,
816 3596 905 3651 καὶ
936 3596 1163 3671 καθαροὶ
1200 3600 1424 3671 καθαρῷ
1452 3600 1531 3668 τῷ
1591 3599 1848 3671 μυροῦντι
1908 3595 1999 3650 καὶ

331 3688 549 3741 ὓεοῦντι
581 3686 1041 3756 συναιωνίζοντες.
1101 3685 1198 3747 Τίς
1260 3705 1353 3759 μοι
1387 3683 1510 3754 δοίη
1571 3684 1820 3760 γλῶσσαν
1849 3684 1995 3755 ἀξίαν

330 3783 441 3847 τῆς
471 3775 741 3853 εὐφημίας
777 3796 791 3847 ;
825 3776 922 3839 Τίς
958 3796 1026 3849 με
1067 3774 1182 3845 θείη
1244 3774 1343 3830 ἂνὰ
1399 3772 1609 3848 ἡμέραν
1654 3775 1754 3843 τὴν
1786 3768 1995 3847 ἔμπρο-

330 3878 479 3935 σθεν,
513 3865 601 3921 ὅτε
629 3865 789 3942 ηὸγει
822 3870 928 3939 πῦρ
981 3867 1125 3919 θεῖον
1184 3861 1570 3940 γλωσσοειδῶς
1627 3861 1996 3936 τυπούμενον,

329 3955 418 4034 ἐφ’
451 3956 699 4030 ἑκάτερόν
730 3976 789 4011 τε
816 3960 925 4010 τῶν
990 3954 1312 4010 ἀποστόλων
1372 3951 1624 4017 ὲνοειδῶς
1678 3953 1769 4008 καὶ
1818 3952 1994 4008 πολυ-

336 4052 526 4120 μερῶς
584 4047 1016 4121 ἀναπαυόμενον,
1051 4047 1126 4110 ὡς
1173 4044 1232 4101 ἄν
1286 4047 1349 4101 τὸ
1406 4046 1605 4100 ἑνιαῖον
1664 4042 1840 4119 δόγμα
1894 4051 1997 4115 τῆς

328 4139 573 4199 πίστεως
606 4136 659 4192 ἐν
692 4133 1061 4211 πολυσχεδὲσι
1100 4136 1379 4213 γλώσσαις
1433 4135 1834 4212 καταγγελθείη
1871 4157 1998 4189 συν-

330 4228 460 4301 άγον
515 4227 590 4289 εἷς
644 4225 698 4281 ἓν
756 4228 823 4282 τά
882 4224 1169 4299 διεστῶτα,
1230 4226 1629 4296 καταλυθείσης
1661 4232 1759 4295 τῆς
1818 4224 1995 4281 πολυ-

329 4315 563 4392 σχιδοῦς
593 4316 834 4387 πλάνης,
866 4317 1003 4391 πρὸς
1041 4313 1108 4385 ἤν
1166 4321 1347 4377 κακῶς
1379 4315 1706 4386 ὡμονόησαν
1737 4316 1788 4370 oi
1820 4313 1989 4370 πάλαι

327 4408 862 4482 πυργοποιήσαντες,
924 4406 1014 4461 καὶ
1074 4407 1264 4479 μισθὸν
1312 4400 1512 4460 ἔλαϐον
1588 4408 1689 4470 τῆς
1746 4401 1994 4467 ἀσεϐείας

2184 3148 2238 3201 4.
2269 3148 2402 3202 Haec
2428 3163 2561 3202 cum
2595 3147 2929 3211 didicisses,
2964 3148 3239 3216 docuisti,
3284 3154 3352 3205 ut
3383 3151 3441 3205 in
3490 3151 3582 3207 liis
3615 3167 3766 3223 quo-

2112 3253 2229 3308 que
2260 3236 2413 3292 888
2449 3253 2695 3292 aureum
2725 3243 2783 3292 et
2825 3243 3172 3310 argenteum
3217 3241 3578 3314 Optimorum
3612 3259 3763 3315 ope-

2110 3343 2243 3382 rum
2262 3328 2540 3383 decorem
2572 3334 3123 3396 θχεῑνυεῑρωιιε,ηε
3137 3330 3186 3384 si
3216 3330 3447 3403 stipulas
3478 3348 3766 3401 essemus,

2110 3418 2545 3489 adjudicialem
2574 3419 2771 3491 ignem
2786 3435 2921 3473 cum
2943 3419 3766 3491 accedemus,consumamur;

2110 3507 2254 3578 quin
2294 3509 2483 3581 magis
2551 3508 2857 3579 magisque
2909 3525 3249 3581 purgemur,
3305 3516 3392 3577 ut,
3451 3510 3766 3583 absumpto

2109 3597 2400 3668 quidquid
2434 3597 2641 3653 scoria:
2675 3598 2953 3669 supersit,
2987 3598 3350 3671 obtentaque
3372 3600 3765 3667 munditie,in

2109 3692 2400 3741 aeternum
2433 3704 2568 3742 cum
2614 3704 2681 3742 eo
2730 3688 3012 3757 vivamus,
3069 3690 3240 3760 cujus
3298 3689 3431 3762 igne
3491 3691 3763 3747 succensi

2109 3773 2441 3831 efﬁciemur
2467 3776 2717 3841 dii.Quis
2748 3778 2898 3831 mihi
2930 3778 3193 3850 linguam
3212 3779 3590 3851 tribuat,quzo
3610 3798 3766 3853 prae-

2108 3866 2296 3920 coniis
2329 3866 2445 3919 tuis
2477 3866 2853 3921 celebrandis
2886 3868 2962 3921 sit
2989 3867 3170 3939 digna
3197 3868 3224 3924 ?
3253 3869 3394 3933 Quis
3423 3887 3517 3924 me
3568 3876 3766 3927 trans-

2106 3956 2261 4010 ferre
2293 3956 2484 4011 valeat
2514 3973 2575 4010 ιη
2608 3957 2921 4027 pristinam
2964 3957 3129 4012 illam
3163 3958 3343 4025 diem,
3379 3977 3495 4030 qua
3525 3958 3761 4017 divinus

2105 4045 2208 4101 ille
2239 4045 2392 4117 ignis
2423 4046 2723 4117 inlinguza
2758 4046 3017 4117 speciem
3054 4047 3360 4119 ﬁguratus,
3395 4049 3455 4101 in
3510 4050 3762 4122 singulis

2108 4135 2397 4205 apostolis
2422 4150 2541 4189 una
2568 4134 2759 4190 forma
2790 4152 2855 4189 ac
2887 4136 3095 4190 multis
3137 4136 3326 4191 modis
3357 4137 3662 4207 requievit,
3697 4142 3764 4193 ut

2104 4241 2292 4280 unum
2320 4225 2457 4280 ﬁdei
2491 4224 2705 4298 dogma
2726 4225 3040 4297 multiplici
3058 4226 3262 4298 lingua
3276 4228 3758 4299 annuntiaretur,

2106 4316 2326 4371 coactis
2357 4315 2418 4369 in
2446 4331 2631 4370 unum
2667 4329 2797 4385 quas
2823 4314 3211 4382 dissidebant,
3250 4316 3563 4386 solutoque
3604 4318 3761 4372 mul-

2106 4406 2271 4461 tifido
2308 4422 2530 4471 errore,
2565 4406 2625 4460 in
2656 4422 2830 4476 quem
2866 4407 3352 4477 conspiraverant
3388 4408 3529 4461 olim
3578 4410 3758 4463 turris

325 4498 797 4573 τήνσυγχυτικήν
849 4504 949 4566 τῆς
1005 4495 1290 4571 γλώσσης,
1338 4494 1428 4550 καὶ
1487 4492 1558 4549 δι’
1615 4496 1788 4564 αὐτῆς
1844 4496 1985 4570 γνώ-

2108 4495 3105 4568 exstructores,acceptaimpietatis
3119 4496 3390 4552 mercede
3406 4497 3756 4553 confusione

332 4606 445 4660 μης
478 4584 738 4659 διαίρεσιν
775 4606 788 4657 ;
822 4586 923 4647 Τίς
959 4607 1051 4658 μοι
1082 4584 1286 4655 ταύτης
1325 4581 1587 4658 μεταδοίη
1646 4591 1747 4654 τῆς
1804 4582 1986 4661 γλώσ-

326 4699 430 4747 σης
461 4681 558 4731 τοῦ
593 4675 932 4747 ΙΙνεύματος,
967 4676 1041 4737 ὡς
1102 4674 1162 4729 ἄν
1220 4677 1287 4730 τά
1342 4672 1503 4731 τοῦδε
1548 4675 1644 4731 τοῦ
1676 4696 1986 4749 πνευματο-

324 4769 500 4844 φόρου
532 4766 730 4841 ἀνδρὸς
772 4769 840 4823 τὰ
902 4768 1036 4844 ὑπὲρ
1096 4768 1255 4833 φύσιν
1312 4767 1615 4843 ἐξαγγείλω
1648 4767 1985 4838 πλεονεκτή-

331 4879 477 4932 ματα
508 4876 523 4927 ;
557 4858 807 4920 Ὠκεανὸς
841 4855 1070 4913 ἐνταῦθα
1127 4858 1359 4931 παρήτω
1422 4856 1630 4933 λόγων,
1691 4858 1985 4930 νοημάτων

321 4971 383 5005 τε
416 4945 670 5019 ἄϐυσσος,
715 4945 842 5002 ἀλλ’
901 4946 1012 5002 οὐχ
1068 4946 1273 5001 ὑπείκει
1336 4945 1523 5024 λόγοις
1584 4950 1618 5018 ὴ
1678 4947 1843 5023 χάρις
1890 4951 1989 5003 τοῦ

322 5038 666 5112 Πνεύματος,
698 5039 755 5091 Ὁ
787 5036 891 5112 γάρ
953 5037 1077 5091 ἄνευ
1130 5041 1226 5091 τοῦ
1285 5036 1604 5110 Πνεύματος
1646 5036 1986 5112 βουλόμενος

323 5128 502 5203 λεγειν
530 5128 599 5182 τὰ
624 5132 721 5183 τοῦ
775 5125 1112 5200 Πνεύματος,
1176 5126 1357 5205 φωτὸς
1417 5123 1540 5181 ἄνευ
1603 5125 1824 5203 βλέπειν
1858 5147 1988 5203 προ-

326 5224 583 5295 αιρεῖται,
618 5218 707 5274 καὶ
739 5218 932 5273 σκότον
981 5217 1099 5292 ἔχει
1157 5215 1400 5293 ποδηγὸν
1458 5225 1560 5288 τῆς
1597 5218 1856 5294 ὁράσεως.
1892 5218 1984 5273 Διὸ

321 5309 490 5366 πάλιν
524 5310 660 5386 πρὸς
712 5309 869 5364 αὐτὸν
931 5308 1182 5381 ἐπάνειμι
1233 5309 1323 5362 τὸν
1384 5312 1476 5362 νῦν
1537 5307 1983 5383 εύφημούμενον,

322 5400 375 5473 ἐξ
402 5399 566 5455 αὐτοῦ
614 5400 688 5463 ὡς
722 5398 870 5454 θείου
928 5396 1259 5471 λαμπτῆρος
1314 5398 1406 5453 τὸν
1466 5398 1673 5473 λύχνον
1734 5398 1981 5453 ἀνάπτων

318 5498 426 5559 τῆς
452 5488 824 5564 γνώσεως,ὡς
854 5485 912 5543 ἄν
942 5488 1109 5549 αὐτὸς
1155 5489 1239 5559 εἳη
1298 5494 1398 5553 τῆς
1461 5486 1735 5567 εὐφημίας
1788 5489 1980 5553 ὑπόθε-

316 5601 423 5650 σις,
455 5579 545 5635 καὶ
576 5583 684 5636 τῶν
710 5577 943 5635 ἐπαίνων
976 5576 1255 5653 χορηγός.

392 5801 412 5839 ⁷
443 5800 705 5875 Philipp.
744 5817 804 5870 ιι,
839 5800 891 5854 6.

2100 4587 2463 4658 linguarum,
2501 4586 3055 4656 sententiarumque
3100 4586 3247 4641 adeo
3294 4587 3588 4643 discidio?
3617 4588 3759 4654 Quis

2100 4676 2393 4747 ejusmodi
2425 4675 2689 4747 linguam
2710 4674 2962 4746 Spiritus
2987 4676 3273 4731 concedat
3302 4677 3471 4744 mihi,
3505 4694 3622 4749 qua
3650 4677 3759 4732 viri

2100 4767 2281 4838 hujus
2314 4766 2535 4837 Spiritu
2568 4771 2772 4819 sancto
2792 4766 2954 4835 pleni
2977 4766 3415 4836 prmcellentias
3435 4773 3648 4823 natura
3662 4785 3758 4823 su-

2099 4855 2407 4911 blimiores
2430 4855 2713 4911 efferam?
2727 4871 3071 4910 sermonum
3087 4855 3233 4910 mihi
3259 4874 3515 4912 oceanus
3529 4858 3757 4913 utinam

2100 4947 2394 5014 afﬂueret,
2416 4946 2784 5018 abyssusque
2810 4946 3262 5001 sententiarum.
3302 4948 3513 5002 Verum
3534 4965 3755 5003 sermo-

2099 5038 2275 5093 nibus
2308 5037 2565 5091 obnoxia
2590 5053 2711 5090 non
2745 5040 2835 5091 est
2882 5036 3071 5107 gratia
3117 5038 3391 5109 Spiritus.
3442 5038 3550 5103 Qui
3593 5038 3755 5094 enim

2099 5128 2320 5199 Spiritu
2350 5142 2569 5181 vacuus
2596 5143 2727 5197 qum
2757 5125 3007 5197 Spiritus
3040 5131 3178 5181 sunt
3232 5127 3431 5197 eloqui
3476 5127 3753 5194 voluerit,

2099 5218 2257 5273 idem
2280 5218 2382 5272 ille
2416 5222 2752 5289 praestat,ac
2784 5217 2832 5271 si
2853 5216 2980 5272 sine
3014 5216 3381 5272 luceintueri
3412 5218 3752 5286 contendat,

2098 5324 2232 5364 cum
2252 5306 2480 5362 vivendi
2504 5306 2717 5361 ducem
2743 5307 2925 5361 alium
2950 5324 3069 5361 non
3092 5306 3306 5362 habeat
3323 5308 3437 5362 nisi
3456 5308 3753 5363 tenebras.

2096 5398 2383 5463 Quocirca
2404 5397 2477 5454 ad
2503 5414 2637 5452 eum
2658 5401 2945 5464 revertor,
2980 5414 3157 5469 quem
3176 5414 3333 5453 nunc
3362 5397 3603 5453 laudare
3628 5415 3763 5470 pro-

2096 5487 2548 5560 posui,accensa
2572 5503 2639 5542 ex
2672 5504 2739 5542 eo
2773 5487 3037 5542 scientias
3070 5487 3332 5555 lucerna,
3367 5487 3530 5542 velut
3563 5505 3632 5543 ex
3664 5487 3755 5543 di-

2094 5579 2231 5633 vina
2260 5578 2456 5633 facula
2476 5576 2757 5649 quadam,
2781 5582 2846 5631 ut
2871 5576 3029 5631 idem
3061 5576 3188 5648 ipse
3231 5582 3292 5632 et
3334 5576 3617 5634 laudandi
3649 5594 3749 5634 ar-

2092 5674 2443 5739 gumentum
2477 5668 2573 5738 sit,
2605 5667 2927 5723 etlaudum
2957 5666 3350 5724 ministrator.
