4160 6412
443 411 550 467 767

519 539 572 592 5.
616 535 832 607 Ecquis
893 534 1052 592 enim
1113 539 1231 590 tam
1301 533 1555 604 copiosas
1605 531 1899 589 facundia;
1964 529 2180 598 fuit,A

448 630 628 682 tanta;
660 625 993 698 prudentia)
1025 630 1084 680 et
1113 623 1450 696 sagacitatis
1484 640 1496 689 ;
1523 639 1776 694 quorum
1797 635 2108 692 compara-

455 716 535 772 tio
574 717 658 771 sic
691 717 819 774 sine
851 715 1296 786 comparatione
1325 719 1435 777 est,
1476 718 1543 766 ut
1571 712 1819 784 perinde
1877 711 1955 766 sit
2000 708 2108 763 ob-

457 823 697 862 scurum
727 811 858 860 utra
888 809 1053 876 parte
1105 802 1440 857 mirabilior
1468 802 1648 857 fuerit
1675 802 1701 857 ?
1730 801 1871 867 Quis
1917 799 2109 854 forma

451 897 736 951 virtutum
771 895 853 948 sic
887 891 1131 959 exstitit,
1155 899 1256 948 aut
1285 910 1551 964 unquam
1583 892 1862 954 innotuit,
1885 897 1950 945 ut
1979 905 2106 943 ver-

451 985 542 1041 bis
574 985 788 1054 quibus
821 983 1240 1036 institueretur
1267 999 1390 1037 non
1422 983 1749 1055 indiguerit
1769 982 1797 1036 ‘I
1825 982 1960 1052 quis
1980 996 2110 1034 ver-

445 1074 660 1129 borum
695 1072 916 1126 imbres
950 1072 1033 1127 sic
1097 1089 1367 1142 unquam
1426 1071 1744 1144 profudit?
1793 1088 1923 1142 qum
1972 1085 2110 1125 cum

448 1163 751 1218 actionum
775 1161 1148 1216 consectaria
1170 1161 1672 1226 essent,virtutem
1692 1178 1764 1215 ex
1793 1160 1913 1214 illis
1939 1175 2108 1215 acce-

448 1256 757 1324 perant,ut
779 1256 838 1305 et
867 1251 938 1305 de
971 1267 1040 1304 eo
1073 1251 1462 1322 pronuntiare
1485 1249 1846 1321 liceat,quod
1872 1249 2110 1303 divinus

449 1341 638 1395 Lucas
671 1340 744 1394 de
773 1342 912 1395 Jesu
935 1341 1053 1395 Deo
1079 1346 1282 1395 nostro
1311 1357 1322 1394 :
1358 1343 1486 1405 Qua:
1508 1342 1676 1410 carpit
1701 1343 1887 1408 facere
1917 1346 1967 1393 et
1999 1339 2108 1392 do-

447 1428 648 1485 ccre8:
684 1429 1174 1500 quandoquidem
1208 1429 1280 1483 ab
1314 1430 1461 1500 ipso,
1481 1435 1604 1483 tum
1638 1445 1786 1487 esse,
1810 1433 1932 1484 tum
1960 1427 2109 1482 bene

447 1537 577 1576 esse
592 1525 802 1574 nactus
835 1518 999 1572 erat?
1016 1519 1148 1588 quis
1166 1519 1248 1574 ita
1260 1519 1480 1573 actioni
1499 1524 1732 1573 contem
1745 1517 2110 1588 plationique

449 1609 613 1664 dedit
645 1624 913 1679 operam,
937 1615 1002 1662 ut
1031 1608 1276 1662 calcatis
1310 1607 1505 1662 carnis
1539 1607 1965 1678 voluptatibus,
2000 1623 2111 1660 ceu

449 1715 696 1770 corpore
728 1703 1107 1757 vacaret.una
1139 1703 1411 1766 cumpeo
1443 1697 1646 1752 divina
1664 1696 2114 1767 specularetur?

455 1789 587 1861 quis
610 1788 683 1843 ad
700 1787 874 1842 {idem
891 1804 1073 1858 opera
1087 1787 1170 1840 uti
1185 1787 1455 1842 membra
1477 1790 1742 1858 corporis
1760 1786 1831 1842 ad
1847 1787 2113 1842 animam

453 1876 536 1930 ita
557 1874 892 1945 composuit
909 1874 1281 1945 subjecitque
1300 1874 1326 1929 ?
1347 1875 1480 1945 quis
1511 1891 1691 1945 opera
1715 1874 1829 1929 fide
1869 1875 1952 1928 sic
1984 1873 2111 1928 ani-

454 1965 641 2020 mavit
661 1963 968 2034 vividaque
992 1963 1300 2019 reddidit?
1321 1981 1574 2035 quorum
1594 1963 1827 2019 scilicet
1857 1963 2113 2018 alterum

455 2056 582 2110 sine
614 2055 801 2109 altero
826 2054 1036 2108 inutile
1066 2054 1412 2125 nulliusque
1461 2053 1849 2110 emolumenti
1883 2054 1979 2117 sit,
2031 2059 2113 2107 ta-

451 2144 626 2200 metsi
657 2143 953 2214 quispiam
985 2144 1343 2198 antecellere
1400 2143 1602 2208 ﬁdem,
1663 2143 1821 2198 haud
1855 2142 2112 2198 absurde

456 2251 700 2305 prorsus
731 2232 1036 2288 concedat.
1073 2234 1214 2298 Quis
1246 2234 1330 2288 sic
1359 2234 1557 2306 gulam
1596 2234 1803 2304 procul
1837 2233 2111 2287 elimina-

1725 409 1788 462 Β.
1827 405 2130 462 JOANNIS
2165 403 2591 460 DAMASCBNI

3751 403 3874 459 768

2283 533 2340 586 ε’.
2375 526 2475 589 Τίς
2510 527 2604 600 μὶν
2637 525 2780 582 οὕτω
2810 525 2989 589 πολὺς
3020 526 3072 583 ἐν
3105 523 3258 603 λόγῳ
3295 524 3385 581 καὶ
3421 527 3590 602 μὲγας
3644 526 3697 582 ἐν
3726 549 3875 606 φρο-

2210 616 2488 690 νήσει,ὦν
2522 621 2557 689 ἡ
2591 621 2874 694 σύγκρισις
2935 619 3285 696 ἀσύγκριτος,
3344 619 3418 681 ὡς
3475 615 3682 690 ἄδηλον
3734 621 3875 675 εἶναι

2211 707 2432 782 ποτέρῳ
2495 706 2713 782 μᾶλλον
2770 709 2928 772 οὗτος
2983 709 3432 785 θαυμασιώτερος
3491 727 3506 779 ;
3554 709 3652 772 Τίς
3725 709 3877 764 οὕτω

2211 798 2383 860 τύπος
2413 797 2610 874 ἀρετῆς
2642 799 2711 868 ἦν
2743 799 2834 854 καὶ
2867 801 3171 874 ὁρώμενος,
3204 800 3278 861 ὡς
3316 799 3392 872 μὴ
3454 796 3661 863 δεῖσθαι
3701 797 3880 874 λόγου

2213 889 2348 964 πρὸς
2382 885 2659 942 παίδευσιν
2695 909 2710 958 ς
2743 887 2841 946 Τίς
2896 890 3076 964 λόγων
3135 885 3364 965 νιφάδας
3397 887 3577 964 ἐξέχεε
3631 893 3750 950 τοῖς
3779 885 3877 964 ἕρ-

2213 998 2336 1052 γοις
2397 975 2760 1054 ἐφεπομὲνας,
2817 977 2876 1032 ἐκ
2931 976 3139 1032 τούτων
3193 997 3252 1032 τε
3319 973 3710 1050 λᾶμϐανούσας
3765 979 3875 1047 τὴν

2217 1063 2470 1139 δύναμιν,
2505 1067 2579 1129 ὡς
2610 1067 2701 1122 καὶ
2733 1066 2821 1120 ἐπὶ
2851 1065 3051 1122 τούτου
3109 1065 3307 1141 λέγειν,
3341 1065 3414 1120 ὦν
3465 1065 3668 1141 ἤρξατο
3696 1071 3884 1121 ποιεῖν

2364 1155 2378 1176 \
2419 1151 2443 1172 κ
2521 1155 2532 1174 ι
2765 1153 2774 1170 ν
2931 1155 2945 1172 ι
3002 1157 3019 1180 θ
3159 1157 3182 1168 ς-
3313 1157 3336 1169 υ
3444 1174 3463 1186 _
3503 1157 3529 1170 ς.

2213 1175 2272 1210 τε
2294 1176 2380 1210 και
2415 1152 2710 1225 οιδασκειν,
2743 1155 2772 1209 ὁ
2822 1175 2948 1230 περι
3025 1157 3187 1224 Ιησου
3241 1174 3339 1209 του
3397 1159 3532 1208 Θεου
3593 1174 3699 1227 μου
3733 1161 3881 1209 Aou-

2215 1250 2312 1306 κᾶς
2344 1265 2507 1321 φησιν
2571 1243 2598 1298 ὁ
2657 1246 2961 1313 θεσπέσιος,
3011 1241 3060 1316 ἐξ
3120 1243 3182 1298 οὗ
3237 1243 3302 1297 τὸ
3353 1242 3508 1313 εἶναι,
3548 1242 3638 1297 καὶ
3695 1243 3759 1297 τὸ
3823 1243 3883 1297 εὗ

2217 1333 2351 1389 εἶναι
2383 1332 2734 1408 κεκλήρωται
2769 1352 2783 1402 ς
2815 1333 2906 1394 Τίς
2964 1335 3154 1406 πρᾶξιν
3215 1330 3424 1400 ἐπῆλθε
3477 1330 3570 1386 καί
3621 1331 3883 1408 θεωρίαν,

2217 1425 2416 1497 σαρκός
2443 1443 2504 1477 τε
2546 1420 2750 1492 ἡδονάς
2808 1423 3080 1492 πατήσας,
3140 1422 3214 1483 ὡς
3273 1418 3533 1496 ἄσαρκος,
3591 1419 3682 1475 καὶ
3741 1421 3887 1494 μετὰ

2219 1516 2354 1569 Θεοῦ
2383 1514 2450 1567 τὰ
2479 1514 2598 1568 θεῖα
2627 1511 3016 1585 σκεψάμενοςς
3069 1511 3168 1573 Τίς
3223 1509 3404 1567 πίστει
3463 1512 3541 1573 ὡς
3593 1514 3750 1586 ψυχῇ
3815 1513 3888 1566 τὰ

2219 1597 2346 1678 ἔργα
2406 1604 2494 1656 οἷα
2556 1599 2698 1674 μέλη
2758 1603 3014 1674 σώματος
3076 1600 3348 1662 εὐτάκτως
3413 1599 3709 1676 περιέθηκε
3782 1599 3883 1655 καὶ

2223 1693 2468 1764 ὑπέταξε,
2526 1692 2617 1746 καὶ
2676 1688 2804 1766 ἔργα
2872 1689 3051 1746 πίστει
3107 1689 3363 1765 ἐψύχωσε
3433 1689 3525 1746 καὶ
3611 1689 3888 1759 ὲζώωσεν,

2221 1780 2296 1835 ὦν
2329 1786 2555 1856 θάτερον
2590 1782 2817 1856 θατὲρου
2867 1779 3022 1856 δίχα,
3056 1781 3335 1855 ἄχρηστον
3361 1781 3452 1834 καὶ
3483 1780 3772 1851 ἀνόνητον,
3842 1779 3886 1834 εἰ

2221 1872 2312 1928 καί⁵
2341 1877 2408 1946 τῇ
2439 1872 2640 1944 πίστει,
2665 1873 2768 1928 οὐκ
2797 1873 2904 1928 ἀπὸ
2953 1877 3165 1927 σκοποῦ
3223 1869 3346 1942 δοίη
3403 1893 3492 1934 τις
3545 1872 3609 1928 τὸ
3677 1872 3888 1947 προτε-

2223 1984 2376 2039 ρημα
2432 1982 2446 2033 ;
2507 1963 2601 2025 Τίς
2658 1961 2801 2018 οὕτω
2857 1964 3294 2038 γαστριμαργίαν
3358 1963 3574 2033 ἐξέωσε,
3625 1959 3889 2018 δουλώσα

2220 2055 2320 2122 τὴν
2360 2049 2669 2118 δέσποιναν,
2725 2052 2817 2107 καὶ
2889 2054 3145 2131 φιμώσας
3203 2053 3619 2126 μαιμάσσουσαν
3673 2047 3884 2107 εὑσεῦει

2223 2140 2498 2218 λογισμῷ,
2543 2143 2902 2215 αὐτοκρατὴς,
2965 2142 3026 2197 ού
3084 2143 3422 2218 θεραπευτής
3475 2142 3680 2214 ταύτης
3730 2141 3887 2220 γενό-

2227 2253 2389 2306 μενος
2423 2254 2437 2302 ;

460 2325 561 2388 vit,
596 2324 791 2378 uthac
822 2323 968 2378 hera
999 2324 1264 2378 servituti
1289 2324 1649 2395 mancipata,
1682 2323 2144 2394 lascivienteque
2170 2323 2421 2393 frenata,
2456 2324 2735 2396 religioso
2769 2323 2970 2380 animo
3004 2323 3281 2380 dominus
3313 2324 3464 2397 ejus,
3497 2340 3619 2380 non
3651 2341 3884 2394 servus,

465 2416 712 2470 effectus
745 2412 866 2468 sit?

546 2506 598 2557 6.
631 2503 828 2557 Tantm
851 2518 985 2557 vero
1018 2503 1392 2558 continentia
1424 2503 1586 2558 illius
1607 2504 1968 2575 praestantiae
1989 2504 2120 2570 fuit,

471 2599 538 2648 ut
559 2592 948 2660 nesciret,an,
983 2593 1327 2663 quidve,aut
1357 2599 1646 2665 quantum
1680 2595 1793 2648 cibi
1826 2601 2122 2665 potusque

471 2683 830 2738 admitteret.
862 2684 1080 2736 Natura
1104 2683 1326 2754 quippe
1361 2683 1482 2738 fato
1515 2683 1770 2738 obnoxia
1795 2690 1904 2752 est,
1939 2690 1997 2738 et
2025 2701 2120 2739 ca-

467 2771 720 2827 runcula
751 2772 876 2826 haec
900 2771 1542 2843 ﬂuxa,m0bilisque,ac
1558 2773 1875 2843 spirituum
1902 2773 2120 2846 indiga.

467 2863 615 2928 Quia
649 2862 772 2916 fieri
805 2879 926 2916 non
956 2868 1168 2933 potest,
1228 2867 1293 2916 ut
1342 2863 1471 2916 sine
1520 2863 1914 2933 respiratione
1945 2864 2122 2918 vitam

467 2952 796 3016 trahamus,
827 2953 1186 3023 cmterisque
1216 2952 1464 3024 perinde
1499 2971 1646 3024 opus
1694 2959 1784 3008 est
1833 2954 2026 3024 nobis,
2059 2961 2125 3011 ut

468 3041 860 3112 indigentiam
893 3043 1303 3112 suppleamus.
1339 3043 1652 3097 Enimvero
1677 3044 1789 3098 tria
1820 3050 1962 3097 sunt
1991 3062 2124 3116 qua)

468 3137 846 3195 evacuantur,
881 3131 1593 3202 siccum,humidumque,
1625 3138 1683 3186 et
1704 3132 2127 3205 spiritus,quo-

465 3238 598 3275 rum
631 3221 922 3291 cujusque
957 3220 1172 3276 idonea
1194 3220 1504 3291 plenitudo
1535 3220 1902 3277 aConditore
1926 3239 2125 3280 rerum

465 3309 715 3364 definita
746 3315 853 3376 est,
884 3326 1001 3380 qua
1032 3315 1246 3364 natura
1294 3310 1560 3381 corporis
1597 3313 2016 3369 constituatur.
2050 3316 2124 3369 At

464 3415 600 3453 vero
633 3399 819 3471 gratia
852 3397 1103 3470 Spiritus
1134 3405 1363 3454 natura)
1396 3399 1670 3453 terminis
1703 3400 1970 3470 subjecta
2001 3419 2119 3458 non

468 3492 575 3541 est.
611 3489 729 3540 Non
759 3488 919 3540 enim
956 3489 1010 3540 in
1037 3485 1153 3540 solo
1196 3503 1346 3556 pane
1370 3489 1503 3541 vivit
1531 3487 1712 3554 homo,
1745 3489 1838 3542 sed
1869 3491 1921 3543 in
1974 3494 2125 3545 omni

464 3578 625 3631 verba
655 3577 805 3647 quod
844 3578 1102 3647 procedit
1151 3594 1220 3632 ea:
1273 3578 1424 3632 889
1479 3595 1572 3632 ore
1631 3580 1730 3633 Dei
1761 3581 1801 3634 θ.
1855 3582 1993 3646 Quis
2039 3583 2122 3638 sic

463 3665 664 3721 animo
698 3666 1197 3737 cogitationeque,
1221 3667 1442 3721 nedum
1474 3684 1721 3739 corpore
1753 3687 1935 3740 purus
1958 3673 2126 3735 sit,ut

469 3755 721 3810 deillius
753 3771 889 3827 erga
918 3755 1228 3811 libidinem
1252 3757 1686 3811 carnisobtusae
1719 3759 2124 3816 indolistesti-

467 3844 739 3900 monium
754 3844 906 3899 ferat
925 3862 938 3898 :
957 3861 1300 3916 quanquam
1327 3862 1394 3900 ea
1410 3845 1621 3901 obtusa
1643 3847 1817 3918 plane
1839 3866 1958 3904 non
1975 3857 2121 3918 erat;

467 3950 599 4005 qua)
624 3951 743 3989 non
775 3933 950 3988 bruta
973 3933 1247 4004 quwdam
1277 3951 1387 3990 nec
1427 3942 1654 3991 naturas
1687 3937 2006 3995 infirmitas
2038 3957 2125 3996 es-

467 4024 689 4087 set,sed
721 4024 1494 4097 continentiarationis,qua
1514 4045 1649 4098 pars
1671 4045 1789 4083 non
1811 4031 2123 4086 rationalis

468 4114 684 4168 animm
717 4120 1114 4186 regeretur,ut
1139 4114 1500 4170 desiderium
1517 4134 1693 4172 omne
1712 4119 2126 4176 intenderetur

471 4203 547 4257 ad
581 4203 762 4258 Deum
791 4210 1034 4274 propter
1064 4220 1241 4274 quem
1274 4211 1400 4259 erat
1430 4207 1707 4261 conditus
1743 4224 1756 4262 :
1791 4225 1922 4278 qum
1968 4209 2127 4263 volu-

469 4292 650 4364 ptatis
687 4293 1036 4347 suavitatem
1067 4310 1173 4347 ceu
1208 4293 1476 4348 fomitem
1508 4295 1767 4350 incendii
1807 4298 2122 4369 refugeret,

470 4381 782 4453 plurisque
830 4381 1054 4436 faceret
1125 4382 1357 4436 virtutis
1415 4384 1818 4455 asperitatem,
1878 4402 1996 4456 qua
2051 4387 2124 4441 ad

468 4469 971 4540 tranquillitatem
995 4475 1282 4525 aeternam
1317 4471 1761 4527 subveheretur.
1798 4474 1897 4528 His
1929 4491 2126 4529 assue-

468 4559 680 4618 factus.
705 4557 988 4628 paulatim
1011 4560 1463 4632 progrediendo,
1487 4563 1681 4633 seipso
1715 4563 1776 4616 in
1799 4563 1926 4618 dies
1943 4566 2128 4619 conti-

470 4647 712 4702 nentior
743 4648 1248 4712 evadebat,donec
1281 4652 1494 4706 alTectu
1528 4653 1968 4707 exercitationis
1998 4661 2124 4709 arte

2303 2503 2367 2566 ς’.
2429 2502 2531 2559 Καὶ
2585 2501 2747 2558 τόσον
2806 2502 2953 2576 αὑτῷ
3007 2505 3107 2573 τῆς
3164 2501 3478 2578 ἐγκρατείας
3555 2503 3618 2558 τὸ
3672 2505 3884 2578 περιὸν,

2233 2592 2306 2653 ὡς
2339 2589 2644 2660 λανθάνειν,
2696 2591 2804 2647 εἴτε
2841 2593 2931 2648 καὶ
2971 2592 3001 2647 δ
3055 2613 3132 2660 τι,
3184 2592 3275 2647 καὶ
3330 2590 3456 2647 ὅσον
3517 2594 3882 2669 προσεφέρετο

2237 2682 2494 2758 βρώσεώς
2521 2702 2578 2736 τε
2606 2681 2696 2736 καὶ
2727 2681 2957 2746 πόσεως.
2989 2687 3047 2736 Ἡ
3085 2682 3183 2755 μὶν
3221 2681 3321 2756 γάρ
3381 2681 3538 2760 φύσις
3597 2680 3881 2754 ἐπίκηρος,

2230 2770 2409 2826 καὶτὸ
2437 2772 2655 2847 σαρκίον
2716 2770 2935 2846 ῥευστὸν
2998 2771 3090 2827 καὶ
3149 2772 3496 2844 κινούμενον,
3555 2771 3646 2827 καὶ
3704 2771 3888 2849 ὥσπερ

2231 2859 2539 2933 πνεύματος
2582 2857 2774 2924 ἐνδεὲς
2838 2861 3112 2930 ἀναπνοῆς
3159 2861 3262 2938 γάρ
3319 2862 3444 2915 ἄνευ
3477 2864 3572 2935 ζῇν
3597 2865 3707 2916 τῶν
3741 2862 3891 2933 άμη-

2233 2951 2446 3026 χάνων,
2477 2949 2569 3004 καὶ
2599 2955 2707 3005 τῶν
2743 2950 2951 3006 λοιπῶν
3007 2950 3152 3005 οὕτω
3205 2951 3385 3026 χρεὼν
3439 2949 3889 3021 ἀναπληροῦσθαι

2232 3037 2332 3105 τὴν
2367 3032 2596 3093 ἔνδειαν.
2622 3038 2762 3113 Τρία
2781 3039 2884 3114 γὰρ
2915 3037 2982 3093 τά
3009 3038 3326 3112 κενούμενα,
3360 3038 3546 3113 ξηρὸν,
3600 3039 3690 3093 καὶ
3728 3039 3891 3115 ὑγρὸν

2233 3125 2324 3182 καὶ
2358 3131 2588 3199 πνεῦμαο
2633 3128 2707 3181 ὧν
2761 3127 2986 3183 ἑκάστου
3044 3130 3079 3198 ἡ
3138 3125 3496 3197 κατάλληλος
3555 3127 3894 3202 ἀναπλήρω-

2237 3237 2320 3278 σις
2344 3221 2590 3286 συνιστᾷν
2621 3214 2748 3272 τόδε
2795 3217 2858 3272 τὸ
2917 3222 3078 3291 σῶμα
3133 3221 3374 3294 φυσικῶς
3429 3217 3567 3291 πρὸς
3621 3221 3720 3272 τοῦ
3779 3217 3892 3273 κτί-

2237 3327 2425 3367 σαντος
2459 3306 2707 3378 ὥρισται.
2754 3304 2920 3362 ⁶ΑΛλ’
2964 3309 2999 3378 ἡ
3075 3306 3240 3383 χάρις
3290 3311 3389 3362 τοῦ
3445 3306 3762 3379 Πνεύματος
3786 3307 3895 3382 οὑχ

2241 3395 2445 3451 ὑπείκει
2479 3395 2691 3474 φύσεως
2733 3397 2906 3471 θροις.
2966 3398 3044 3454 Ού
3092 3398 3194 3472 γάρ
3282 3396 3333 3450 ἐν
3375 3394 3522 3472 ἄρτῳ
3583 3392 3736 3469 μόνῳ
3795 3399 3896 3467 ζή-

2232 3507 2378 3541 σεται
2467 3487 2496 3541 ὁ
2579 3484 2884 3555 ἅνθρωπος,
2967 3483 3096 3541 ἀλλ’
3152 3485 3240 3542 ἐπὶ
3307 3485 3468 3541 παντὶ
3526 3485 3734 3563 ῥήματι
3800 3486 3890 3541 ὲκ-

2230 3574 2592 3650 πορευομὲνῳ
2647 3573 2736 3631 διὰ
2794 3575 3064 3650 στόματος
3098 3579 3254 3633 Θεοῦ.
3311 3576 3400 3637 Τίς
3447 3575 3592 3631 οὕτω
3646 3576 3886 3652 καθαρός

2228 3665 2318 3721 καὶ
2345 3667 2532 3740 ψυχήν
2564 3665 2653 3720 καὶ
2714 3663 2951 3722 διάνοιαν
2984 3667 3120 3742 πρὸς
3173 3670 3253 3738 τῷ
3312 3666 3546 3738 σώματι,
3605 3665 3683 3728 ὠς
3742 3688 3888 3740 μαρ-

2229 3757 2504 3831 τυρεῖσθαι
2546 3757 2697 3828 αὐτῷ
2751 3757 2840 3811 καὶ
2902 3757 2966 3811 τὸ
3023 3756 3161 3832 πρὸς
3216 3756 3384 3828 μίξεις
3443 3753 3693 3826 ἠλίθιον;
3727 3754 3889 3813 Ἀλλ’

2232 3844 2329 3900 οὑκ
2358 3843 2580 3914 ἠλίθιον
2615 3844 2806 3908 8m»;-
2841 3844 2902 3900 οὐ
2933 3844 3040 3920 γὰρ
3098 3843 3324 3920 ἃλογον,
3377 3841 3502 3899 οὐδὲ
3551 3843 3764 3922 φύσεως
3820 3844 3888 3900 τὸ

2229 3934 2595 4011 ἀρῥώστημα,
2653 3931 2826 4009 λόγου
2887 3931 2945 3989 δὲ
3000 3933 3314 4007 ἐπικράτεια
3369 3936 3736 4008 ἡνιοχοῦντος
3821 3935 3887 3989 τὸ

2231 4024 2454 4100 ἄλογον,
2507 4024 2598 4079 καὶ
2646 4029 2818 4078 πᾶσαν
2849 4025 2949 4092 τήν
3000 4020 3176 4102 ἔφεσιν
3236 4025 3372 4098 πρὸς
3424 4024 3553 4078 Θεὸν
3584 4022 3886 4078 ἀνατείνον-

2227 4136 2344 4179 τος,
2372 4113 2453 4181 ἐφ’
2483 4115 2530 4186 ᾧ
2559 4113 2650 4168 καὶ
2705 4109 3175 4188 δεδημιούργητο,
3234 4114 3727 4190 ἀποστρεφομένου
3787 4112 3887 4185 μὲν

2227 4204 2290 4258 τὸ
2324 4202 2473 4258 λεῖον
2500 4209 2601 4271 τῆς
2630 4199 2836 4272 ἡδονῆς
2869 4201 2945 4263 ὠς
2977 4202 3147 4274 πυρὸς
3208 4201 3548 4274 ὑπέκκαυμα,
3581 4221 3888 4275 προαιρου-

2234 4295 2399 4365 μὲνου
2431 4289 2489 4346 δὲ
2517 4292 2577 4347 τὸ
2603 4291 2780 4367 τραχὺ
2809 4295 2910 4357 τῆς
2964 4291 3162 4366 ἀρετῆς
3210 4291 3373 4368 φέρον
3417 4294 3553 4367 πρὸς
3601 4290 3884 4366 ῥᾳστώνην

2231 4379 2429 4439 ἀΐδιον.
2467 4381 2656 4442 Οὕτως
2689 4381 2876 4436 ἑαυτὸν
2920 4382 3236 4450 συνεθίζων,
3297 4380 3357 4435 ἐκ
3412 4384 3611 4456 μικροῦ
3659 4375 3891 4456 προϐαί-

2230 4493 2357 4539 νων,
2410 4470 2694 4548 ὠσημέραι
2755 4470 2837 4526 ἀεὶ
2897 4470 3106 4546 ἐγίνετο
3191 4470 3384 4525 ἑαυτοῦ
3441 4469 3886 4544 ἐγκρατέστερος,

2230 4558 2333 4623 ἕως
2366 4561 2428 4616 τὸ
2475 4561 2647 4622 πάθος
2680 4560 2946 4632 ἐκοίμησε
2972 4559 3184 4627 τέλεον,
3243 4559 3513 4630 ἀσκητικῇ
3571 4557 3742 4632 τέχνῃ
3801 4578 3887 4612 τι·

2233 4649 2526 4712 θασσεύσας
2566 4649 2658 4704 καὶ
2719 4647 2920 4725 δράσας
2991 4650 3241 4728 ὑφηνιον,
3302 4648 3379 4710 εἷς
3434 4645 3543 4719 ἕξιν
3593 4653 3691 4704 τοῦ
3735 4645 3891 4711 ἔθους

471 4739 752 4800 cicurato,
775 4737 1077 4810 frenisque
1112 4739 1374 4798 subacto.
1412 4746 1777 4797 contractam
1801 4750 2118 4798 consuetu-

2231 4745 2305 4812 τῷ
2334 4740 2527 4816 χρόνῳ
2555 4739 2646 4794 καὶ
2673 4734 2958 4813 προϐάδην
3007 4738 3083 4801 εῗς
3147 4738 3304 4814 φύσιν
3333 4736 3652 4800 ἐλάσαντος.
3717 4737 3890 4798 Πόνος

471 4827 673 4882 dinem
706 4829 1064 4899 procedente
1084 4829 1424 4901 temporein
1441 4836 1713 4886 naturam
1739 4833 1976 4890 tandem
2005 4851 2127 4889 mu-

470 4923 641 4974 taret.
677 4917 864 4973 Labor
893 4919 1212 4990 siquidem,
1242 4920 1335 4975 cui
1363 4921 1629 4976 divinum
1661 4923 1951 4978 auxilium
1975 4924 2125 4995 aspi-

469 5008 708 5074 raverit,
741 5009 989 5064 affectus
1022 5009 1233 5064 sedare
1255 5016 1432 5065 natus
1468 5016 1577 5066 est.

540 5101 592 5152 ‘7.
623 5098 764 5163 Quis
797 5098 882 5154 sic
912 5098 1174 5154 avaritiae
1230 5101 1611 5169 renuntiavit,
1645 5119 1883 5174 unaque
1940 5119 2125 5174 pecu-

469 5188 812 5252 niis,utnon
837 5187 1058 5243 habere
1081 5188 1328 5260 perinde
1351 5207 1418 5245 ac
1445 5189 1599 5245 alter
1619 5191 1837 5246 habere
1851 5197 2124 5264 peropta-

468 5285 559 5333 ret
585 5276 612 5332 ?
632 5294 700 5333 ea
724 5277 942 5349 quippe
966 5294 1280 5348 pravorum
1303 5279 1486 5334 animi
1521 5285 1789 5334 motuum
1812 5280 2127 5336 fulcimen-

470 5374 596 5423 tum
631 5372 741 5430 est,
776 5367 1087 5422 exstinctio
1147 5368 1293 5439 spei,
1353 5369 1690 5424 adversaria
1749 5369 1907 5424 ﬁdei.
1963 5371 2128 5426 Unde

472 5457 693 5512 Paulus
724 5456 1059 5512 divinarum
1095 5457 1347 5528 Spiritus
1381 5458 1569 5512 sancti
1601 5475 1811 5514 vocum
1842 5458 1989 5529 lyra,
2019 5461 2130 5514 lin-

475 5561 725 5615 guarum
739 5547 1202 5618 apostolicarum
1215 5565 1279 5603 os
1294 5548 1982 5620 multisonum,apposite
1997 5567 2128 5608 eam

549 5762 574 5796 ⁸
603 5763 734 5816 Act.
769 5780 803 5828 ι,
840 5766 879 5819 l.
913 5767 934 5802 '
956 5767 1124 5823 Deut.
1150 5767 1264 5836 vin,
1300 5770 1330 5822 3
1363 5785 1376 5835 ;
1412 5768 1610 5823 Matth.
1645 5785 1716 5837 1v,
1749 5771 1801 5823 4.

2232 4832 2334 4906 γὰρ
2391 4827 2534 4892 θείας
2593 4827 2908 4903 ἐπικουρίας
2952 4827 3166 4896 τυχὼν,
3243 4827 3504 4894 ἀπάθειαν
3563 4828 3888 4904 χαρίζεσθαι

2233 4939 2458 4999 πεφυκε.

2307 5101 2368 5170 ζ’.
2426 5099 2523 5162 Τίς
2605 5097 2971 5178 φιλαργυρίαν
3052 5099 3481 5173 τῶνξκτημάτων
3541 5098 3889 5173 προαπεκτή-

2237 5211 2389 5260 σστο,
2425 5190 2538 5264 μεθ’
2567 5189 2633 5258 ἧς
2661 5189 2850 5244 καὶτὰ
2888 5190 3166 5262 κτήματα,
3199 5187 3344 5244 οὕτω
3401 5189 3648 5259 ποθήσας
3697 5188 3761 5241 τὸ
3812 5187 3885 5260 μὴ

2237 5278 2406 5357 ἔχειν,
2430 5279 2506 5343 ὡς
2535 5277 2717 5355 ἔτερος
2745 5279 2807 5333 τὸ
2864 5276 3056 5354 ἔχειν;
3110 5281 3228 5334 Τῶν
3284 5279 3470 5333 παθῶν
3539 5278 3594 5333 τὸ
3641 5271 3889 5352 ἔρεισμα,

2236 5377 2334 5440 τῆς
2369 5367 2594 5432 ἐλπίδος
2626 5369 2686 5424 τὸ
2718 5369 2989 5445 στὲρημα,
3020 5375 3121 5438 τῆς
3159 5368 3395 5432 πίστεως
3449 5371 3512 5422 τὸ
3569 5364 3888 5423 ἀντίπαλον.

2239 5459 2333 5514 Διὸ
2363 5460 2453 5515 καὶ
2487 5457 2703 5523 Παῦλος
2732 5460 2766 5528 ἡ
2801 5459 3133 5535 θεόφθογγος
3220 5457 3360 5531 λύρα
3408 5461 3506 5512 τοῦ
3555 5454 3889 5528 Πνεύματος,

2240 5556 2349 5608 τῶν
2380 5549 2764 5608 ἀποστολικῶν
2793 5547 3059 5626 γλωσσῶν
3091 5549 3154 5605 τὸ
3225 5548 3519 5624 ποΛύηχον
3549 5546 3749 5620 στόμα,
3781 5543 3893 5601 δευ-
