4160 6380
232 365 354 420 ’769

1334 362 1703 417 LAUDATIO
1738 363 1797 417 Β.
1837 361 2041 417 JOAN.
2079 363 2607 421 CHRYSOSTOMI.

3569 370 3678 425 770

242 491 409 565 τέραν
461 482 894 560 είδωλολατρίαν
960 483 1164 554 ταύτην
1242 484 1471 559 καιρίως
1528 484 1907 556 κατονομάζειη

2038 488 2195 558 ιρροι
2206 488 2286 542 lat
2298 489 2350 543 al
2361 495 2544 545 teram
2558 491 2831 547 idolo-rum
2844 494 3229 547 εθνυὶιιιιειιηίο.
3240 495 3381 549 Nam
3399 494 3669 567 quisquis

232 579 428 657 Ἀφεὶς
462 577 566 652 γὰρ
596 597 681 637 τις
712 578 812 640 τῆς
866 576 1013 639 θείας
1060 573 1330 649 προνοίας
1376 575 1584 651 ἀφεὶψαι
1613 581 1715 643 τῆς
1746 572 1907 628 ἐλπί-

243 668 339 731 δος
394 668 493 735 τὴν
542 662 808 739 ἄγκυραν,
865 668 971 719 τῶν
1029 666 1335 739 χρημάτων
1384 667 1453 736 τῇ
1508 661 1753 738 συλλογῇ
1782 661 1909 717 ἐπε-

243 755 501 834 ρείδεται.
535 758 718 812 Ταῦτα
746 753 917 817 τιθεὶς
978 753 1087 828 πρὸ
1142 757 1240 807 τοῦ
1296 752 1630 827 κρείττονος,
1663 752 1739 815 ὡς
1765 751 1907 815 ἀθα-

241 870 379 903 νατα
412 846 776 922 βιωσόμενος,
806 843 897 898 καὶ
932 843 1006 907 ὡς
1036 842 1279 899 θάλασσα
1319 844 1421 898 οὐκ
1451 841 1904 915 ἐμπιπλώμενος,

240 936 341 992 κᾶν
376 936 406 991 ὅ
436 958 489 991 τι
548 934 804 989 πλεῖστοι
859 938 1069 1009 χρυσοῦ
1121 932 1364 1005 ποταμοὶ
1418 931 1666 1006 εἷσρέωσί
1717 952 1775 986 τε
1816 930 1907 985 καὶ

255 1026 531 1101 μέγιστοι,
572 1021 680 1097 οὐχ
730 1020 910 1076 εἳλετο
966 1020 1193 1076 τούτουν
1247 1022 1275 1075 ὁ
1322 1025 1409 1075 νῦν
1463 1019 1907 1098 εὐφημούμενος,

243 1114 376 1171 ἀλλ’
408 1112 765 1185 ἀπωσάμενος
812 1109 1043 1182 ἅπαντα,
1084 1112 1276 1187 αὐχεῖν
1329 1108 1565 1185 πατρίδα
1596 1109 1791 1165 εὐκλεᾶ
1820 1109 1909 1165 καὶ

244 1203 547 1277 περίοπτον
606 1203 705 1271 τήν
738 1201 1035 1276 Ἀντιόχου
1067 1197 1233 1277 λέγω,
1285 1201 1375 1256 καὶ
1422 1203 1520 1270 τῆς
1554 1200 1691 1261 ἐώας
1724 1196 1910 1274 δεδεγ-

248 1293 419 1366 μένῃν
477 1289 607 1352 τοὺς
662 1288 872 1352 οἶάκας·
934 1292 1092 1365 γένος
1152 1289 1241 1344 καὶ
1322 1292 1462 1363 αἷμα
1518 1284 1910 1364 περίϐλεπτον²

244 1381 477 1457 χρυσὸν,
538 1382 796 1456 ἄργυρον,
855 1378 1039 1442 λίθους
1093 1378 1437 1451 πολυτελεῖς,
1499 1378 1726 1447 ἐσθῆτος
1783 1376 1907 1432 ὅσον

248 1469 502 1544 μαλακὸν
552 1470 645 1524 καὶ
703 1466 985 1545 περίδοξον
1047 1466 1245 1531 ἄλλοις
1307 1468 1740 1543 παραχωρήσας,
1772 1468 1908 1544 πρὸς

246 1557 309 1614 δέ
337 1559 429 1614 καὶ
460 1557 634 1633 λόγου
665 1558 830 1621 κλέος
863 1560 949 1613 καὶ
990 1555 1323 1615 δυναστείαν.

326 1650 400 1719 η’.
434 1653 607 1719 Φοιτᾷ
636 1648 769 1721 πρὸς
829 1645 1094 1704 Μελέτιον
1156 1650 1254 1716 τῆς
1312 1646 1644 1723 Ἀντιοχέων
1677 1645 1912 1716 Ἐκκλη-

254 1737 377 1799 σίας
409 1738 500 1792 τὸν
534 1734 819 1813 πρόεδρον,
880 1734 1049 1810 ἄνδρα
1108 1736 1392 1800 πλείστοις
1451 1738 1616 1801 θείοις
1653 1741 1913 1809 κομῶντα

255 1829 592 1903 χαρίσμασι,
631 1826 732 1901 βίῳ
786 1826 878 1881 καὶ
940 1825 1090 1901 λόγῳ
1148 1827 1308 1881 παντὶ
1357 1826 1819 1902 περιηχούμενον⁸
1854 1826 1913 1890 ὃς

248 1921 448 1970 τοῦτον
482 1914 767 1988 δεξάμενος
802 1915 920 1980 ἔτος
973 1937 1077 1970 που
1133 1916 1277 1971 ὁκτὼ
1308 1916 1396 1970 καὶ
1431 1914 1655 1971 δέκατον
1689 1913 1907 1991 ἄγοντα,

247 2003 485 2079 ἐραστής
517 2025 575 2058 τε
602 2009 700 2058 τοῦ
754 2004 998 2065 κάλλους
1048 2009 1150 2070 τῆς
1209 2005 1371 2059 αὐτοῦ
1422 2002 1645 2081 καρδίας
1678 2004 1908 2079 γενόμε-

248 2113 371 2161 νος,
404 2093 477 2154 ὡς
510 2087 904 2168 προδλεπτικῷ
959 2088 1169 2166 ὄμματι
1222 2094 1319 2161 τὴν
1358 2097 1455 2147 τοῦ
1485 2094 1606 2147 νέου
1637 2093 1909 2165 θεώμενος

249 2176 499 2253 ἔκϐασιν,
529 2186 646 2243 τοῖς
678 2202 737 2236 τε
766 2189 867 2250 τῆς
909 2177 1181 2244 εὐσεϐείας
1234 2182 1593 2257 στοιχειώσας
1623 2179 1910 2257 δόγμασιν,

244 2267 390 2340 ἦθός
444 2290 501 2325 τε
558 2272 647 2324 καὶ
704 2270 908 2347 τρόπον
967 2272 1167 2335 ἱκανῶς
1216 2271 1613 2344 ἀποσεμνύνας,
1654 2271 1744 2325 καὶ
1778 2289 1912 2342 προ-

244 2364 468 2437 γράψας
498 2361 562 2416 τὸ
614 2360 822 2423 κάλλος
875 2368 974 2431 τῆς
1031 2360 1315 2432 ἀΛηθείας,
1375 2360 1517 2416 οὕτω
1559 2358 1647 2415 διὰ
1678 2358 1913 2436 λουτροῦ

248 2451 683 2526 παλιγγενεσίας
720 2457 928 2530 μορφοῖ
984 2450 1038 2506 ἐν
1097 2450 1244 2523 αὐτῷ
1299 2452 1556 2526 Χριστὸν,
1585 2451 1675 2506 τὸν
1711 2451 1914 2525 ὡραῖον

247 2544 405 2619 παρὰ
447 2543 575 2605 τοὺς
626 2543 779 2608 υἱοὺς
824 2548 931 2598 τῶν
975 2543 1300 2618 ἀνθρώπων,
1360 2544 1437 2605 ὡς
1480 2542 1674 2599 κᾶλλει
1706 2539 1918 2614 ἐκλάμ-

250 2656 433 2690 ποντα
462 2639 562 2700 τῆς
594 2635 877 2705 θεότητος.
912 2636 1077 2690 Έτῶν
1136 2634 1203 2703 ἦν
1264 2635 1340 2697 ὠς
1370 2636 1661 2709 τριάκοντα
1690 2634 1779 2688 καὶ
1814 2633 1916 2687 οὕ-

255 2745 373 2787 τως
433 2726 548 2797 ἅμα
605 2723 657 2779 ἐν
718 2728 787 2798 τῇ
844 2722 1152 2794 τελειότητι
1201 2730 1302 2793 τῆς
1353 2744 1413 2778 τε
1460 2731 1780 2796 σωματικῆς
1829 2722 1920 2777 καὶ

258 2821 644 2887 πνευματικῆς
698 2813 921 2883 ἡλικίας
973 2812 1283 2890 γενόμενος,
1333 2812 1423 2867 καὶ
1472 2816 1578 2867 τῶν
1624 2812 1778 2867 θείων
1812 2811 1921 2866 λό-

257 2926 378 2978 γων
439 2904 791 2979 ἀναγνώστης
846 2904 1151 2979 προαχθεὶς
1225 2904 1366 2974 ὁμοῦ
1425 2902 1512 2957 καὶ
1573 2900 1922 2973 διδασκαλος,

259 2993 411 3070 ῥύμῃ
441 2992 589 3047 θείου
641 2989 842 3067 ἔρωτος
902 2993 1039 3064 πρὸς
1095 2992 1194 3061 τήν
1256 2989 1467 3066 ἔρημου
1520 2993 1922 3063 μετανίσταται,

259 3087 577 3160 σφριγῶσαν
633 3082 731 3150 τήν
795 3082 965 3153 σάρκα
1016 3080 1107 3135 καὶ
1162 3077 1498 3158 φλοιδοῦσαν
1553 3086 1673 3142 τοῖς
1731 3080 1923 3135 πάθεσι

258 3173 648 3246 καταμαραναι
684 3170 1044 3245 βουλόμενος,
1078 3170 1153 3232 ὡς
1200 3169 1261 3224 ἃν
1317 3171 1393 3242 μὴ
1425 3170 1486 3223 τὸ
1514 3175 1757 3245 κρεῖττον
1793 3167 1923 3225 δου-

2016 575 2230 631 divinze
2249 579 2632 649 providentiaa
2654 582 3106 653 apprehendere
3122 599 3403 638 ancoram
3420 602 3537 639 non
3564 604 3669 640 cu-

2010 673 2121 730 rat,
2158 667 2254 721 hic
2298 670 2593 740 congestis
2639 670 2862 726 divitiis
2920 672 3150 740 nititur,
3186 690 3333 744 quas
3364 674 3679 745 anteponit

2013 756 2273 823 Numini,
2299 774 2407 812 ceu
2439 765 2727 814 aeternum
2751 761 3010 817 victurus
3027 764 3105 817 sit
3134 779 3147 816 τ
3173 762 3277 818 sed
3308 780 3381 818 ne
3405 763 3454 817 is
3487 764 3669 818 maris

2012 845 2203 899 instar
2224 846 2528 917 impletur,
2546 851 2778 904 tametsi
2802 852 3111 923 complura
3134 852 3515 924 ingentiaque
3544 853 3674 909 auri

2014 931 2263 988 flumina
2290 934 2351 988 in
2384 934 2580 1005 ipsum
2625 939 2949 994 conﬂuant.
2986 942 3119 994 Haec
3164 958 3284 995 non
3337 940 3515 1012 elegit
3546 940 3668 1009 ille,

2014 1022 2185 1092 cujus
2203 1040 2363 1076 nunc
2381 1023 2587 1078 laudes
2606 1026 3007 1092 celebramus;
3031 1027 3133 1081 sed
3156 1030 3368 1099 spretis
3392 1029 3672 1083 omnibus

2014 1112 2266 1181 patriam
2289 1114 2862 1176 exornat,illustren1
2884 1124 2941 1169 et
2963 1117 3246 1188 inclytam
3273 1118 3671 1188 (Antiochiam

2015 1199 2350 1271 dico,cujus
2370 1204 2647 1276 regimini
2671 1205 2878 1259 Oriens
2900 1206 3189 1276 parebat),
3215 1224 3400 1279 genus
3430 1208 3675 1279 sangui-

2016 1307 2275 1362 nemquc
2308 1294 2719 1365 conspicuum,
2751 1311 2985 1362 aurum,
3010 1304 3342 1368 argentum,
3378 1297 3672 1368 pretiosos

2015 1380 2265 1451 lapides,
2290 1382 2537 1437 mollem
2560 1384 2837 1439 vestitum
2862 1384 3363 1455 splendidumque
3390 1386 3677 1456 relinquit

2016 1470 2173 1537 aliis,
2206 1471 2325 1525 imo
2358 1477 2415 1526 et
2445 1472 2803 1544 elegantiam
2829 1475 3065 1544 vimque
3102 1474 3419 1531 sermonis.

2088 1651 2140 1704 8.
2174 1650 2263 1705 Ad
2294 1652 2592 1707 Meletium
2625 1654 2816 1727 pergit
2839 1652 3225 1709 Antiochenaa
3259 1653 3537 1709 Ecclesia)
3569 1670 3679 1709 an—

2016 1738 2286 1805 tistitem,
2319 1740 2535 1796 divinis
2569 1741 2981 1813 compluribus
3014 1741 3305 1796 nitentem
3340 1741 3533 1807 donis,
3560 1742 3679 1796 vita

1944 1867 1988 1931 B
2020 1825 2409 1899 doctrinaque
2431 1829 2652 1900 ubique
2676 1830 2973 1885 celebrem
2996 1847 3009 1884 :
3036 1830 3136 1901 qui
3154 1831 3441 1884 Joannem
3469 1829 3678 1883 decem

2020 1920 2079 1971 et
2108 1921 2238 1971 octo
2271 1917 2508 1972 circiter
2536 1936 2727 1974 annos
2758 1925 2965 1974 natum
3015 1920 3282 1990 suscipit,
3320 1918 3514 1974 cordis
3546 1919 3677 1990 ejus

2019 2022 2219 2061 amore
2252 2008 2584 2078 perculsus,
2605 2028 2714 2066 ceu
2737 2010 2978 2082 juvenis
3005 2011 3228 2065 exitum
3260 2010 3507 2081 prmscio
3532 2026 3677 2064 con—

2022 2096 2173 2150 tuitu
2206 2104 2495 2152 cerneret.
2530 2101 2698 2155 Hunc
2744 2101 2993 2155 sincerae
3034 2100 3271 2170 pietatis
3302 2098 3678 2154 documentis

2023 2184 2364 2250 instituens,
2387 2188 2656 2243 moribus
2678 2189 2807 2260 ejus
2822 2189 2895 2244 ad
2920 2189 3249 2243 honestatis
3266 2188 3499 2260 regulas
3523 2204 3680 2243 com-

2023 2276 2255 2347 positis,
2288 2277 2551 2331 veritatis
2582 2279 2643 2332 in
2676 2295 2744 2333 eo
2796 2277 3305 2350 pulchritudinem
3337 2277 3678 2331 delineavit.

2026 2365 2145 2419 Hoc
2169 2365 2343 2419 modo
2373 2366 2673 2421 Christum
2708 2368 2769 2421 in
2801 2384 2869 2421 eo
2904 2384 3009 2438 per
3039 2366 3336 2420 lavacrum
3370 2382 3685 2437 regenera-

2025 2454 2206 2509 tionis
2238 2454 2485 2527 figurat;
2520 2456 3153 2527 speciosum,inquam,
3184 2455 3354 2509 illum
3388 2472 3507 2526 pra)
3542 2454 3682 2508 ﬁliis

2028 2544 2339 2598 hominum
2358 2546 2401 2580 ίι
2425 2552 2667 2616 propter
2698 2546 3081 2617 etfulgentem
3106 2544 3351 2599 Deitatis
3376 2544 3677 2599 decorem.

2027 2632 2288 2703 Triginta
2317 2634 2491 2687 annis
2539 2640 2735 2701 natus,
2784 2651 2919 2689 cum
2962 2634 3286 2705 perfectam
3321 2632 3586 2703 corporis
3628 2636 3688 2686 et

2030 2720 2213 2775 animi
2245 2727 2479 2777 astatem
2512 2728 2670 2777 esset
2719 2728 3045 2787 assecutus,
3081 2722 3156 2777 ad
3188 2722 3522 2776 divinorum
3558 2720 3686 2775 elo—

2033 2810 2307 2879 quiorum
2338 2810 2598 2877 lectoris,
2623 2812 2741 2866 imo
2771 2818 2829 2866 et
2859 2811 3181 2884 magisterii
3214 2816 3521 2882 promotus
3550 2827 3686 2881 gra-

2035 2898 2197 2961 dum,
2229 2899 2414 2953 divini
2448 2900 2667 2955 amoris
2699 2900 2966 2972 impulsu
3011 2901 3072 2955 in
3116 2901 3417 2955 desertum
3452 2900 3689 2969 migrat,

2034 2988 2391 3043 luxuriantis
2424 2990 2889 3061 ebullientisque
2938 2991 3135 3045 carnis
3172 2989 3693 3060 perturbationum

2037 3080 2607 3150 compescendarum
2630 3080 2849 3145 studio,
2872 3098 2947 3136 ne
2972 3098 3107 3151 pars
3131 3080 3323 3150 potior
3344 3077 3688 3150 ignobiliori

2037 3168 2305 3239 subjecta
2336 3170 2523 3224 ﬁeret.
2560 3170 2761 3224 Ambaa
2795 3169 3091 3240 siquidem
3132 3168 3416 3223 adversus
3450 3184 3510 3221 se
3544 3166 3695 3220 invi-

259 3239 584 3332 les‘i‘q'u'p
616 3239 1088 3339 χείρονα-’Ἄμφω
1117 3259 1218 3336 γὰρ
1266 3239 1390 3314 κατί
1436 3239 1702 3330 ἀλλῆλων
1737 3258 1924 3314 ἐπιθυ-

2039 3273 2167 3313 cem
2200 3259 2653 3330 concupiscunt,
2691 3260 3134 3330 destructioque
3184 3256 3550 3313 tabernaculi
3582 3255 3697 3309 im-

264 3357 385 3424 μεῖ,
414 3350 507 3405 καὶ
538 3352 573 3420 ἡ
608 3352 783 3428 φθορὰ
835 3354 931 3404 τοῦ
989 3350 1351 3421 σκηνώματος
1408 3347 1633 3411 εἳκότως
1672 3351 1741 3420 τῇ
1771 3352 1925 3424 ψυχῇ

260 3443 372 3510 τήν
407 3439 748 3515 ἐπικράτειαν
798 3437 1007 3494 δίδωσι·
1059 3439 1147 3492 καὶ
1196 3444 1314 3500 τοῖς
1366 3437 1538 3503 πελας
1576 3438 1932 3512 προσομιλή-

267 3552 370 3592 σας
406 3530 607 3603 ὃρεσιν,
668 3526 947 3605 ὁδηγεῖται
1008 3527 1145 3602 πρός
1198 3548 1319 3582 τινα
1372 3523 1703 3603 πρεσϐύτην,
1752 3527 1928 3602 Σύρον

273 3620 378 3692 μὲν
434 3619 535 3685 τὴν
590 3616 898 3684 διάλεκτον,
955 3618 1056 3686 τὴν
1139 3613 1196 3671 δὲ
1251 3620 1452 3691 γνῶσιν
1523 3615 1621 3671 οὐκ
1679 3614 1931 3687 ἰδιώτην,

272 3708 448 3781 ἄκραν
535 3706 939 3786 φιλοσοφοῦντα
1025 3705 1363 3781 ἐγκράτειαν,
1420 3706 1513 3760 καὶ
1579 3705 1779 3761 τούτου
1832 3706 1931 3773 τήν

270 3797 701 3873 σκληραγωγίαν
752 3798 998 3872 τέτρασιν
1081 3794 1538 3868 ἀποσμτέὶμενος
1594 3790 1784 3865 ἔτεσιν,
1844 3798 1934 3849 καὶ

275 3886 465 3956 πάσης
494 3885 823 3957 ἡδυπαθείας
877 3886 1008 3961 ῥᾶον
1067 3884 1506 3962 περιγενόμενος,
1568 3883 1731 3958 λόγον
1790 3882 1934 3958 ἔχων

272 3980 361 4048 τῷ
386 3975 540 4049 πόνῳ
592 3974 1111 4050 συναμιλλώμενον,
1164 3981 1263 4044 τῆς
1317 3972 1548 4044 ἀδηλίας
1575 3973 1937 4049 γλιχόμενος,

274 4065 541 4141 ἐσχατιᾶς
571 4088 718 4128 τινος
749 4067 962 4142 ἐγένετο
1003 4066 1294 4141 πάροικος,
1328 4062 1520 4138 ἄντρον
1555 4065 1745 4140 αὐχῶν
1776 4085 1942 4119 κατα-

271 4156 489 4231 γώγιον
549 4156 622 4219 ὡς
710 4156 906 4232 ἀρετῆς
991 4153 1330 4229 παλαίστραν
1418 4156 1507 4210 καὶ
1570 4156 1940 4227 κονιστήριον.

272 4247 448 4302 Ἔνθα
476 4244 677 4307 πόσους
731 4246 825 4316 μὶν
881 4242 1082 4310 ἄθλους
1142 4243 1380 4307 ὑποστὰς
1424 4243 1559 4298 κατὰ
1614 4244 1676 4299 τὸ
1728 4242 1942 4313 πλῆθος

267 4339 391 4390 ’τῶν
434 4331 638 4388 ὀδυνῶν
668 4334 770 4403 τὴν
800 4338 897 4388 τοῦ
930 4332 1245 4406 Πνεύματος
1274 4331 1619 4405 παράκλησιν
1670 4331 1942 4406 ἀντελαμ-

273 4421 451 4492 ϐανες
485 4424 653 4485 πόσας
688 4420 746 4477 δὲ
777 4417 1061 4485 ἀναϐάσεις
1116 4420 1167 4476 ἐν
1222 4424 1290 4495 τῇ
1349 4418 1549 4495 καρδίᾳ
1607 4422 1833 4492 θέμενος
1862 4426 1942 4493 τῷ

276 4511 557 4584 Πνεύματι
588 4512 969 4588 κατειργάζετο
1002 4533 1015 4580 ς
1076 4510 1136 4565 ἐκ
1194 4507 1476 4583 δυνάμεως
1525 4504 1838 4583 προϐαίνων
1869 4508 1944 4571 είς

281 4600 540 4674 δύναμιν,
594 4603 683 4656 καὶ
746 4598 816 4655 δι’
875 4602 1079 4675 ἀμφοῖν
1135 4599 1382 4669 πράξεώς
1439 4620 1496 4654 τε
1554 4598 1645 4653 καὶ
1690 4600 1945 4674 θεωρίας,

280 4688 427 4745 ἅπαν
458 4690 757 4765 Αίγύπτιον
804 4688 991 4763 νόημα
1038 4696 1136 4759 τῆς
1187 4691 1375 4764 ψυχῆς
1427 4686 1684 4764 ἐξορίζων
1712 4688 1801 4742 καὶ
1835 4689 1945 4742 σώ-

291 4801 489 4855 ματος.

358 4872 420 4927 θ“.
457 4873 698 4940 Μωϋσῆς
738 4891 820 4933 τις
876 4866 1051 4932 ἄλλος
1106 4870 1186 4942 τῷ
1244 4868 1350 4945 βίῳ
1409 4864 1811 4944 δεδωρημένος,
1843 4868 1941 4936 τήν

281 4958 574 5035 Αἰγύπτου
627 4958 1019 5015 καταλελοίπει
1077 4960 1168 5013 τὸν
1226 4956 1357 5033 τῇδε
1418 4957 1561 5033 βίον,
1618 4958 1705 5012 καὶ
1755 4957 1823 5012 τὰ
1849 4961 1946 5011 τοῦ

288 5051 439 5126 βίου,
472 5049 563 5105 καὶ
611 5049 816 5124 τρόπον
847 5048 970 5104 τινὰ
1027 5046 1128 5118 ἔξω
1183 5052 1281 5103 τοῦ
1344 5046 1465 5121 βίου
1494 5047 1807 5121 γενόμενος,
1841 5044 1947 5101 εἶδε

285 5142 422 5196 Θεὸν
478 5141 555 5203 ὡς
608 5140 661 5196 ἐν
725 5140 871 5216 βάτῳ
922 5144 1000 5210 τῷ
1056 5143 1253 5215 τραχεῖ
1278 5141 1375 5193 τοῦ
1424 5137 1546 5214 βίου
1575 5136 1944 5210 ἐκλάμποντα·

285 5232 380 5287 καὶ
441 5229 623 5307 ὣσπερ
670 5229 723 5301 ἐξ
782 5232 1018 5298 ἀκάνθης
1066 5230 1128 5284 τὸ
1188 5225 1371 5303 ῥόδον,
1430 5226 1603 5290 οὕτως
1663 5226 1723 5282 ἐκ
1769 5226 1948 5282 πόνων

287 5321 491 5396 ἀρετῆς
546 5322 709 5400 φυτὸν
770 5317 969 5382 εὐῶδες
1028 5319 1102 5380 εἰς
1160 5318 1337 5391 ὀσμὴν
1391 5321 1488 5372 τοῦ
1543 5321 1678 5372 Θεοῦ
1727 5316 1950 5395 φύεσθαι

284 5412 546 5485 πέφυκεν.
589 5410 749 5468 Οὕτω
794 5408 979 5472 λυθεὶς
1024 5412 1132 5463 τῶν
1176 5408 1551 5484 χαμαιζήλων
1585 5406 1831 5478 ἐννοιῶν,
1860 5406 1951 5461 καὶ

282 5501 445 5581 ἀφεὶς
502 5498 658 5573 δίκην
717 5498 974 5571 πηδίλων
1020 5499 1088 5553 τὰ
1145 5499 1315 5573 γήῖνα
1365 5495 1418 5552 ἐν
1478 5497 1633 5570 τόπῳ
1670 5501 1828 5569 Θεοῦ,
1872 5500 1954 5569 τῷ

362 5739 409 5775 ¹⁰
441 5737 657 5809 Ephes.
692 5754 745 5806 v,
773 5739 826 5793 5.
861 5736 904 5773 ¹¹
937 5732 1094 5791 Psal.
1126 5750 1275 5801 κων,
1310 5733 1363 5789 3.

2039 3347 2273 3419 perium
2323 3348 2385 3403 in
2439 3349 2702 3404 animam
2752 3348 3053 3404 transfert.
3102 3348 3286 3417 Igitur
3314 3347 3376 3401 in
3408 3345 3696 3418 proximis

2041 3438 2346 3492 montibus
2376 3455 2512 3493 cum
2535 3444 2890 3504 versaretur,
2914 3438 2988 3493 ad
3011 3437 3332 3509 quemdam
3356 3452 3560 3491 senem
3586 3433 3701 3489 du-

2044 3528 2217 3594 citur,
2243 3528 2340 3598 qui
2366 3528 2507 3599 Syra
2530 3530 2772 3599 quidem
2796 3529 3049 3583 dialecto
3073 3533 3360 3595 uteretur,
3388 3525 3491 3581 sed
3516 3526 3704 3580 scien-

2048 3617 2129 3671 tia
2160 3616 2474 3688 imperitus
2520 3636 2638 3672 non
2689 3623 2836 3681 erat,
2872 3634 3286 3689 supremaaque
3319 3614 3703 3671 continentia)

2046 3705 2276 3778 apicem
2308 3707 2650 3762 excoluerat
2692 3709 2879 3779 Hujus
2902 3708 3311 3763 austeritatem
3343 3721 3531 3761 annos
3557 3720 3703 3774 qua-

2048 3798 2181 3847 tuor
2210 3810 2344 3848 cum
2377 3795 2787 3865 expressisset,
2813 3796 3265 3866 omnigenaeque
3288 3791 3704 3848 delectationis

2048 3883 2319 3953 superior
2340 3884 2543 3951 evasit,
2563 3884 2793 3938 ratione
2817 3900 2952 3937 cum
2977 3882 3280 3937 laboribus
3312 3882 3434 3935 suis
3466 3879 3704 3949 conspi-

2049 3977 2239 4039 rante,
2295 3972 2674 4028 obscuritatis
2724 3972 3043 4035 desnderio,
3078 3977 3356 4026 extrema)
3394 3967 3705 4040 cujusdam

2050 4079 2166 4116 orae
2189 4062 2436 4117 colonus
2458 4063 2613 4117 890
2636 4062 2911 4129 efficitur,
2936 4067 3170 4117 antrum
3194 4059 3412 4116 habere
3444 4056 3705 4127 gestiens

2051 4153 2111 4206 in
2135 4152 2731 4213 diversorium.ve1uti
2756 4152 3097 4223 paleastram
3122 4150 3498 4219 stadiumque
3518 4147 3706 4200 virtu-

2050 4244 2145 4298 tis.
2182 4244 2334 4308 Quot
2363 4260 2496 4298 vero
2528 4244 2652 4297 illic
2683 4243 3011 4298 certamina
3041 4240 3208 4307 obiit,
3241 4245 3307 4294 ut
3334 4236 3708 4293 tantumdem

2053 4332 2381 4389 secundum
2414 4332 2861 4387 multitudinem
2902 4331 3199 4399 dolorum,
3232 4327 3709 4383 consolationum

2052 4425 2304 4495 Spiritus
2336 4424 2713 4495 perciperet?
2739 4428 2885 4495 quot
2915 4423 2976 4477 in
2999 4421 3177 4477 corde
3206 4420 3588 4475 ascensiones
3609 4434 3713 4489 po-

2054 4530 2228 4580 nens,
2254 4513 2473 4583 Spiritu
2501 4513 2969 4585 perliciebatur?
2999 4512 3071 4567 de
3096 4512 3309 4565 virtute
3342 4510 3402 4564 in
3434 4508 3711 4563 virtutem

1978 4619 2022 4683 υ
2056 4603 2565 4676 progrediebatur,
2592 4609 2655 4657 ut
2678 4619 2782 4673 per
2812 4610 3153 4672 utramque,
3183 4601 3478 4655 actionem
3501 4597 3632 4653 dico
3658 4601 3720 4651 et

2058 4692 2647 4763 contemplationem,
2675 4692 3077 4764 ZEgyptiacam
3108 4707 3347 4745 omnem
3373 4688 3557 4744 animi
3582 4703 3716 4742 cor-

2052 4782 2337 4854 porisque
2368 4782 2640 4836 exsulare
2666 4782 3092 4853 cogitationem
3125 4785 3380 4850 cogeret.

2128 4874 2181 4925 9.
2215 4871 2358 4925 Cum
2410 4886 2564 4938 vero,
2617 4886 2724 4924 ceu
2773 4872 2999 4941 Moyses
3047 4869 3199 4924 alter
3247 4868 3455 4922 huicce
3488 4863 3713 4919 mundo

2056 4977 2162 5033 pro
2195 4959 2412 5014 eximio
2463 4974 2711 5013 munere
2759 4958 2952 5024 datus,
2986 4961 3297 5030 Egyptum
3348 4954 3713 5024 reliquisset,

2057 5050 2211 5105 hanc
2240 5048 2445 5117 utique
2476 5047 2675 5108 vitam.
2710 5064 2961 5118 qumque
2984 5047 3056 5101 ad
3083 5047 3272 5117 ipsam
3309 5043 3709 5116 pertinent,ac

2058 5137 2235 5194 modo
2269 5135 2527 5207 quodam
2576 5137 2706 5189 vitaa
2765 5136 2944 5207 hujus
3004 5152 3208 5189 exsors
3257 5134 3501 5188 eli‘ectus
3535 5132 3715 5197 esset,

2060 5231 2245 5284 Deum
2277 5228 2423 5283 vidit
2452 5229 2514 5282 in
2563 5228 2810 5298 hujusce
2862 5226 3064 5281 saeculi
3112 5225 3432 5295 asperitate
3461 5221 3621 5275 velut
3651 5220 3715 5274 in

2057 5318 2210 5373 rubo
2235 5318 2771 5389 splendescentem.
2797 5314 3308 5381 Quemadmodum
3333 5312 3493 5367 enim
3516 5325 3717 5365 rosam

2062 5426 2133 5464 ex
2163 5408 2372 5479 spinis,
2407 5408 2491 5463 sic
2524 5424 2595 5462 ex
2643 5406 2949 5461 laboribus
3004 5404 3450 5460 suaveolentem
3480 5400 3713 5455 virtutis

2062 5498 2329 5569 plantam
2348 5497 2410 5552 in
2429 5496 2529 5552 Dei
2548 5497 2793 5553 odorem
2814 5494 3149 5568 germinare
3171 5496 3583 5565 comparatum
3605 5493 3717 5547 est.
