4160 6382
474 381 577 438 7⁸71

1764 380 1826 436 8.
1864 378 2173 436 JOANNIS
2202 379 2625 435 DAMASCENI

3793 386 3909 442 772

471 507 739 582 Abjectis
765 509 970 580 itaque
1001 506 1465 581 cogitationibus
1491 510 1827 577 exemptus,
1846 503 2133 560 terrenis-

2249 499 2375 576 ἰδίῳ
2401 506 2483 569 τῷ
2507 504 2742 578 γίνεται,
2773 502 2863 560 καὶ
2898 504 2998 579 ὁρᾷ
3036 505 3167 561 Θεὸν
3225 508 3302 570 ὡς
3359 503 3494 564 ἲδεῖν
3528 504 3778 579 δυνατὸν,
3808 509 3905 567 καὶ

481 615 598 670 que
625 599 808 669 rebus
837 600 1377 655 calceamentorum
1400 596 1591 653 instar
1612 594 1911 667 positis,in
1934 594 2131 650 locum

481 688 586 745 Dei
608 690 866 745 occurrit
888 690 1108 759 (mente
1131 703 1238 742 sua
1260 685 1509 757 scilicet)
1529 684 1631 739 ubi
1660 685 1845 740 Deum
1866 684 2134 739 intuetur

478 785 768 849 quantum
789 778 1006 833 intueri
1028 775 1311 849 possibile
1336 778 1711 831 est.Rursum
1732 790 1867 829 vero
1891 773 1952 829 in
1970 775 2135 846 [Egy-

474 875 645 942 ptum
672 874 915 935 remeat,
940 867 1227 940 populum
1250 866 1507 922 multum
1529 882 1642 922 nec
1663 864 1967 921 numerari
1988 864 2133 920 faci-

475 959 615 1027 lem,
638 976 705 1013 ex
728 959 853 1026 illa,
891 964 949 1013 et
971 974 1041 1013 ex
1064 974 1268 1014 amara
1294 957 1621 1013 Pharaonis
1651 955 1941 1028 principis
1972 954 2134 1011 orbis

476 1048 758 1104 servitute
786 1048 1186 1104 translaturus
1208 1048 1285 1104 ad
1308 1047 1602 1103 excelsam
1631 1053 1852 1101 terram
1879 1044 2134 1117 promis-

477 1138 686 1209 sionis,
709 1144 776 1193 ut
807 1137 1079 1194 traducat
1108 1155 1209 1195 eos
1241 1155 1348 1210 per
1378 1154 1540 1193 mare
1563 1136 1827 1193 Rubrum
1850 1152 2019 1207 aqua;
2043 1133 2137 1188 di-

473 1228 630 1284 vina)
662 1233 722 1284 et
750 1228 1079 1302 sanguinis,
1109 1228 1172 1283 in
1203 1228 1439 1284 deserto
1486 1225 2007 1300 perturbationum
2037 1241 2133 1281 va-

476 1335 586 1375 cuo
616 1324 939 1385 versantes,
960 1318 1063 1373 ubi
1093 1324 1296 1374 exacto
1323 1317 1584 1386 Amalec,
1611 1316 1888 1389 expansis
1911 1315 1972 1370 in
1999 1330 2136 1370 cru-

475 1409 561 1464 cis
591 1408 835 1465 modum
873 1409 1172 1475 manibus,
1233 1408 1307 1465 ad
1368 1409 1560 1464 instar
1616 1408 1781 1463 illius
1812 1406 1911 1478 qui
1944 1405 2135 1461 nostri

476 1502 667 1573 gratia
696 1518 911 1557 manus
944 1501 1224 1573 expandit
1253 1500 1315 1555 in
1356 1516 1552 1563 cruce,
1592 1497 1896 1554 victricem
1930 1515 1999 1554 ex
2028 1497 2134 1553 illo

477 1591 757 1646 virtutem
788 1591 1116 1647 obtineant.
1151 1590 1393 1646 Duobus
1444 1590 1624 1663 igitur
1652 1589 1827 1645 annis
1859 1590 1921 1643 in
1952 1602 2134 1660 specu

479 1682 1047 1751 moratus,coercitis
1074 1698 1181 1754 per
1199 1681 1429 1753 vigilias
1450 1680 1653 1736 anima
1670 1685 1729 1735 et
1749 1695 2133 1751 corpore,ceu

470 1769 599 1841 jam
626 1786 805 1826 carne
838 1771 993 1826 liber
1021 1776 1200 1839 esset,
1231 1769 1568 1825 divinorum
1601 1768 1977 1841 eloquiorum
2004 1773 2132 1823 stu-

478 1858 577 1914 dio
608 1865 667 1914 et
694 1859 1083 1917 meditatione
1141 1859 1540 1934 ignorantiam
1600 1875 1842 1915 omnem
1880 1857 2130 1930 pepulit,
2164 1899 2209 1965 Β

474 1964 627 2003 verae
656 1948 922 2005 scientia:
953 1949 1182 2005 lumine
1240 1950 1302 2004 in
1354 1953 1545 2006 semet
1572 1953 1830 2021 recepto.
1867 1948 1966 2003 Sin
1992 1963 2130 2003 vero

471 2036 783 2111 indulgere
816 2056 1024 2095 somno
1051 2056 1200 2112 opus
1246 2045 1393 2109 erat,
1419 2056 1537 2111 quo
1575 2045 1789 2094 natura
1819 2053 2122 2093 recreare-

477 2132 574 2183 tur
595 2135 1175 2201 sustentareturque,
1200 2129 1312 2185 hoc
1334 2129 1599 2185 ofﬁcium
1623 2135 1852 2184 natura)
1873 2127 1959 2183 sic
1980 2143 2135 2199 prm-

477 2218 692 2287 stabat,
725 2223 794 2273 ut
824 2219 928 2274 illo
957 2218 1225 2288 biennio,
1259 2236 1370 2275 nec
1398 2224 1594 2287 nocte,
1619 2235 1729 2273 nec
1756 2218 1853 2273 die
1883 2216 2134 2273 recuba-

478 2313 590 2363 ret.
624 2309 743 2364 Hac
771 2309 1002 2365 ratione
1060 2309 1362 2364 inferioris
1388 2308 1575 2380 partis
1606 2307 1889 2363 libidines
1919 2323 2133 2363 eneca-

478 2397 720 2467 bantur,
750 2398 1091 2455 lumborum
1136 2399 1381 2455 virtutes
1436 2398 1838 2466 solvebantur,
1865 2394 2134 2453 umbilici

478 2486 968 2561 exstinguebatur
1010 2494 1211 2560 mstus,
1266 2494 1332 2545 ut
1382 2488 1537 2544 nihil
1593 2487 1807 2544 virium
1864 2487 2132 2556 haberet,

480 2576 697 2650 quibus
719 2578 917 2651 juvari
942 2584 1165 2652 posset.

552 2798 637 2852 10.
669 2797 736 2853 In
767 2796 1022 2870 patriam
1054 2796 1255 2871 itaque
1303 2795 1566 2863 rediens,
1601 2794 1961 2868 presbyterii
1990 2810 2133 2868 gra-

480 2884 625 2941 dum
657 2885 892 2959 accipit.
926 2884 1190 2958 Cumque
1249 2890 1534 2957 tanquam
1574 2883 1723 2957 grati
1755 2882 1939 2939 animi
1972 2882 2135 2938 ﬁlius

478 2973 698 3030 nutrici
719 2975 896 3031 matri
913 2975 1331 3031 nutricationis
1347 2973 1595 3047 praemia
1614 2972 2134 3045 rependisset,Deo

480 3063 827 3138 providente
858 3064 932 3121 ad
964 3064 1200 3121 urbium
1232 3065 1569 3138 principem
1602 3062 1977 3128 transfertur,
2005 3078 2132 3119 ma-

479 3152 700 3227 gnique
732 3153 1034 3225 pontificis
1064 3153 1253 3210 ﬁliam
1283 3154 1449 3210 ducit
1476 3169 1745 3209 uxorem.
1771 3154 2024 3223 Equum
2053 3149 2136 3205 si-

476 3240 721 3312 quidem
754 3260 874 3299 non
915 3247 1060 3309 erat,
1105 3248 1172 3298 ut
1217 3243 1467 3316 insignis
1518 3241 1667 3298 adeo
1697 3239 2003 3314 religionis
2029 3239 2129 3295 lu-

476 3348 675 3398 cerna,
710 3332 773 3388 in
804 3350 923 3405 qua
950 3332 1156 3390 lumen
1202 3333 1455 3406 tempori
1497 3331 1666 3388 nullo
1717 3330 2043 3386 obnoxium
2073 3335 2133 3385 et

476 3425 768 3477 mternum
789 3422 1219 3494 requiescebat,
1245 3421 1354 3478 sub
1383 3422 1579 3479 modio
1604 3418 2133 3486 occultaretur,sed

477 3526 657 3584 super
680 3511 1107 3568 candelabrum
1137 3512 1439 3569 excelsum
1469 3511 1868 3583 omnibusque
1901 3509 2134 3582 conSpi-

478 3617 656 3657 cuum
689 3606 1068 3673 statueretur,
1090 3607 1155 3658 nt
1176 3618 1247 3658 ex
1272 3602 1394 3659 alta
1420 3601 1734 3676 positaque
1765 3600 1828 3655 in
1859 3597 2133 3655 meditul-

475 3689 557 3745 lio
590 3690 854 3762 specula,
887 3708 996 3747 ceu
1027 3692 1169 3748 tuba
1201 3709 1271 3748 ex
1301 3708 1446 3748 auro
1478 3690 1710 3756 ductili,
1744 3689 1821 3746 ad
1869 3687 2131 3745 universi

477 3784 743 3837 extrema
772 3798 1026 3853 quasque
1083 3787 1453 3857 personaret.
1515 3781 1658 3849 Quis
1690 3779 2016 3838 Ecclesiam
2048 3777 2133 3835 sic

472 3870 630 3926 rexit
645 3869 1146 3943 ordinavitque,et
1162 3872 1452 3928 humilem
1475 3870 1870 3927 nihilominus
1889 3885 2132 3927 sensum

469 3977 592 4033 pra;
625 3977 687 4017 se
713 3960 895 4017 tulit?
920 3962 1053 4033 quis
1074 3962 1227 4019 iram
1250 3962 1558 4032 animique
1583 3960 2026 4017 vehementiam
2048 3959 2132 4014 sic

471 4050 861 4123 compescuit,
893 4057 960 4108 ut
1001 4052 1528 4109 mansuetudinem
1577 4051 1653 4108 ad
1688 4050 1942 4124 justitiae
1972 4049 2133 4122 leges

473 4146 742 4197 exactam
764 4146 1120 4198 consecutus
1150 4147 1311 4199 esset
1336 4159 1351 4210 ;
1400 4159 1520 4214 qua
1547 4139 1843 4215 quidquid
1871 4139 2136 4195 obstaret

472 4230 699 4293 virtuti.
730 4231 1049 4305 refugeret,
1072 4232 1427 4305 justumque
1475 4232 1548 4290 ab
1594 4230 1837 4302 injustis
1866 4228 2135 4285 vindica-

472 4318 614 4377 ret?
643 4319 778 4392 quis
807 4320 1101 4378 charitate
1130 4321 1256 4392 illa,
1290 4337 1363 4377 ex
1414 4336 1535 4395 qua
1576 4318 1991 4376 misericordia
2019 4334 2132 4374 na-

476 4408 683 4478 scitur,
732 4409 986 4466 eximius
1032 4410 1181 4467 adeo
1229 4411 1385 4479 fuit;
1445 4410 1620 4483 cujus
1656 4408 1890 4464 virtutis
1920 4423 2134 4464 monu-

475 4503 681 4554 menta
733 4498 984 4555 animati
1041 4499 1199 4574 cippi
1254 4500 1551 4574 hodieque
1609 4498 1891 4574 gestant?
1928 4496 2133 4553 Omnis

475 4602 672 4643 sermo
702 4587 867 4645 illius
924 4588 997 4646 de
1056 4589 1467 4647 misericordia
1522 4594 1668 4657 erat,
1728 4588 1952 4662 quique
1993 4603 2131 4644 eum

2241 590 2407 648 min
2469 592 2548 654 εἷς
2606 592 2883 670 Αἴγυπτον
2942 596 3323 670 παραγίνεται,
3375 595 3567 670 πλήθη
3628 597 3816 655 πολλά
3845 621 3907 657 τε

2241 681 2331 737 καὶ
2362 680 2557 757 ἄπειρα
2587 681 2638 757 ἐξ
2690 683 2993 761 Αἰγύπτου,
3048 685 3141 741 καὶ
3197 693 3298 757 τῆς
3327 693 3550 764 πικρᾶς,
3580 686 3904 765 τυραννίδος

2248 772 2446 847 Φαραὼ
2474 776 2572 828 τοῦ
2599 774 3077 852 κοσμοκράτορας,
3133 776 3227 831 καὶ
3284 776 3422 854 πρὸς
3471 778 3575 848 τήν
3635 776 3748 834 ἅνω
3795 786 3906 856 γῆν

2240 868 2343 931 τῆς
2374 861 2702 939 ἐπαγγελίας
2736 864 3214 940 μεταστησόμενός
3268 887 3348 936 τε,
3406 866 3497 922 καὶ
3546 870 3906 941 μεταστήσων

2244 946 2335 1005 διὰ
2389 952 2663 1023 θαλάττης
2718 954 2982 1030 Ἐρυθρᾶς
3046 958 3144 1011 τοῦ
3228 954 3375 1021 θείου
3444 953 3641 1020 ὕδατός
3694 977 3755 1012 τε
3810 959 3904 1014 καὶ

2242 1037 2497 1113 α’ίματος,
2532 1041 2586 1097 ἐν
2617 1041 2810 1119 ἐρήμῳ
2866 1049 2974 1099 τῶν
3035 1049 3224 1109 παθῶν
3256 1044 3780 1121 πολιτευσαμένους,
3811 1048 3904 1104 καὶ

2243 1129 2498 1204 Ἀμαλήκ
2550 1130 2901 1198 ἐκκλίναντας
2981 1139 3188 1211 χειρῶν
3243 1133 3449 1192 ἐκτάσει
3521 1135 3901 1214 ἐπαιρομένων

2243 1218 2610 1296 σταυροειδῶς
2665 1223 2806 1298 πρὸς
2882 1224 2976 1279 τὸν
3035 1222 3087 1280 ἐν
3148 1229 3367 1300 σταυρῷ
3428 1224 3526 1292 τὰς
3582 1233 3775 1304 χεῖρας
3831 1226 3907 1285 δι’

2243 1311 2395 1382 ἡμᾶς
2444 1309 2771 1382 ἐκτείναντα,
2826 1311 2877 1386 ἐξ
2908 1313 3081 1369 αὐτοῦ
3131 1333 3190 1370 τε
3243 1312 3345 1385 τὴν
3396 1321 3769 1394 τροπαιοῦχον
3811 1315 3903 1375 δε-

2245 1396 2539 1474 δεγμένους
2594 1398 2846 1475 δύναμιν.
2903 1402 2991 1459 Ἐν
3037 1407 3120 1477 τῷ
3178 1404 3435 1479 σπηλαίῳ
3489 1407 3674 1462 τοίνυν
3720 1405 3902 1464 διττὸν

2243 1485 2363 1552 ἔτος
2395 1487 2701 1567 διατρίψας,
2730 1491 2822 1546 καὶ
2854 1489 3128 1569 ἄγρυπνον
3186 1495 3283 1563 τήν
3344 1496 3532 1571 ψυχὴν
3575 1495 3688 1565 ἅμα
3717 1498 3809 1553 καὶ
3837 1498 3901 1557 τὸ

2244 1584 2406 1654 σῶμα
2463 1578 2821 1659 διαφυλάξας,
2882 1585 2998 1638 οἷον
3078 1582 3311 1661 ἄσαρκος
3387 1590 3457 1661 τῇ
3516 1584 3719 1662 μελέτῃ
3789 1593 3900 1644 τῶν

2242 1670 2402 1725 θείων
2454 1666 2659 1746 λογίων
2736 1669 3229 1747 ἐνασχολούμενος,
3283 1680 3455 1731 πᾶσαν
3511 1675 3901 1753 ἐξωστράκισεν

2244 1757 2484 1837 ἄγνοιαν,
2536 1761 2601 1815 τὸ
2658 1764 2771 1838 φῶς
2815 1767 2915 1831 τῆς
2973 1761 3218 1834 ἀληθοῦς
3274 1763 3700 1839 εἶσοικισάμενος
3753 1769 3899 1844 γνώ-

2243 1870 2400 1914 σεως.
2436 1848 2503 1906 Εἴ
2530 1847 2587 1905 δὲ
2615 1851 2705 1905 γαὶ
2737 1850 2909 1907 ὕπνου
2943 1851 3278 1930 μεταλαχεῖν
3332 1850 3441 1911 ἔδει
3483 1856 3623 1932 πρὸς
3670 1857 3771 1926 τὴν
3806 1864 3903 1930 τῆς

2241 1938 2454 2018 φύσεως
2513 1938 2803 2011 ἆνακτησιν
2879 1939 2971 1997 καὶ
3045 1941 3372 2020 ἀνάῤῥωσιν,
3427 1938 3566 2001 ἔστω
3617 1947 3718 2016 τήν
3781 1946 3898 2003 λει-

2239 2027 2494 2106 τουργίαν
2523 2028 2695 2086 ἐτέλει
2723 2038 2825 2101 τῆς
2881 2031 3115 2107 φύσεως,
3175 2032 3250 2096 ὡς
3305 2034 3368 2089 τὸ
3415 2032 3595 2091 διττὸν
3626 2033 3749 2100 ἔτος
3783 2034 3903 2093 οὐδ’

2241 2118 2391 2181 ὅλως
2421 2118 2804 2190 ἀνακλιθῆναι,
2853 2120 2916 2176 οὐ
2960 2120 3191 2200 νύκτωρ,
3225 2121 3289 2178 οὗ
3320 2127 3440 2197 μεθ’
3469 2125 3702 2203 ἡμέραν.
3736 2125 3892 2185 Οὕτω

2240 2211 2526 2283 νεκροῦται
2611 2209 2679 2264 τὰ
2766 2210 3118 2287 ὑπογάστρια,
3206 2212 3297 2267 καὶ
3370 2218 3477 2268 τῶν
3533 2219 3743 2291 νεφρῶν
3800 2217 3895 2282 τὰς

2243 2294 2501 2372 δυνάμεις
2555 2296 2823 2370 ἐκλύεται,
2881 2300 2974 2355 καὶ
3030 2304 3139 2355 τῶν
3202 2299 3287 2356 ἐπ’
3345 2300 3604 2377 ὀμφαλοῦ
3661 2305 3893 2383 γαστρὸς

2239 2387 2341 2457 τὴν
2409 2386 2653 2461 πύρωσιν
2703 2384 3151 2466 παρασϐἐννυται,
3218 2390 3309 2446 καὶ
3396 2388 3587 2458 ἄτονος
3642 2395 3780 2473 πρὸς
3832 2395 3895 2451 τὸ

2243 2477 2418 2550 ἑαυτῷ
2448 2477 2811 2555 χρησιμεύειν
2840 2477 3073 2557 γίνεται.

2316 2786 2401 2843 ια’.
2434 2782 2597 2849 Αὖθίς
2629 2805 2688 2842 τε
2716 2783 2855 2862 πρὸς
2909 2787 3009 2857 τὴν
3069 2784 3311 2865 πατρίδα
3340 2789 3771 2863 παλινοστήσας,
3799 2792 3890 2849 καὶ

2239 2877 2340 2945 τῆς
2371 2874 2700 2948 Ἐκκλησίας
2760 2876 2813 2931 ἐν
2872 2871 3242 2955 πρεσϐυτέρου
3297 2876 3441 2955 τᾶξει
3466 2881 3779 2956 γινόμενος,
3808 2883 3897 2939 καὶ

2238 2964 2410 3041 ταύτῃ
2445 2965 2519 3028 ὡς
2553 2962 2850 3042 εὐγνώμων
2892 2972 3022 3029 παῖς
3078 2971 3114 3042 ᾖ
3170 2969 3376 3043 τιθηνῷ
3435 2972 3602 3045 μητρί
3638 2971 3895 3038 ἀποτίσας

2239 3053 2307 3113 τὰ
2353 3056 2611 3131 θρέπτρα,
2660 3055 2777 3129 θείᾳ
2831 3055 3063 3133 προνοίᾳ
3117 3058 3256 3133 πρὸς
3310 3060 3410 3128 τήν
3456 3056 3761 3136 ἁλουργίδα
3786 3068 3891 3119 τῶν

2240 3142 2457 3201 πόλεων
2493 3145 2901 3218 μετατάττεται,
2932 3145 3024 3203 καὶ
3073 3147 3174 3216 τὴν
3228 3148 3489 3225 θυγατέρα
3518 3155 3616 3206 τοῦ
3651 3151 3899 3227 μεγάλου

2243 3231 2544 3312 ἀρχιερέως
2570 3232 2922 3309 νυμφεύεται.
2967 3234 3046 3295 05
3102 3237 3207 3313 γὰρ
3262 3238 3364 3294 ὑπὸ
3400 3237 3591 3313 μόδιον
3624 3241 3893 3318 κρύπτεσο

2242 3326 2330 3379 θαι
2361 3323 2509 3379 ὅσιον
2570 3331 2833 3402 φωστῆρα
2886 3322 3121 3396 τοιόνδε,
3177 3325 3260 3405 ἐφ’
3316 3328 3362 3401 ᾧ
3421 3329 3483 3385 τὸ
3534 3329 3773 3407 ἄχρονον
3805 3331 3893 3389 καὶ

2241 3411 2418 3470 ἀίδιον
2449 3418 2565 3493 φῶς
2622 3414 3016 3485 ἀναπέπαυται,
3077 3413 3205 3472 ἀλλ’
3262 3415 3348 3474 ἐπὶ
3411 3416 3641 3495 λυχνίαν
3679 3419 3897 3496 ὑψηλὴν

2240 3504 2331 3561 καὶ
2379 3504 2677 3577 περίοπτον
2738 3503 3103 3575 ἀνατίθεσθαι,
3148 3503 3217 3561 ἷ¹ν¹
3269 3508 3343 3571 ὡς
3394 3506 3446 3580 ἐξ
3512 3509 3762 3569 ἀπόπτου
3806 3511 3895 3568 καὶ

2245 3591 2572 3669 μεσαιτάτης
2603 3601 2888 3667 περιωπῆς
2917 3592 3148 3673 σάλπιγξ
3198 3598 3287 3651 οἷα
3337 3596 3692 3673 χρυσήλατος
3725 3602 3896 3658 πάντα

2240 3682 2562 3760 περιηχήσῃ
2613 3682 2681 3737 τὰ
2731 3684 2961 3760 πέρατα.
3016 3683 3113 3748 Τίς
3171 3684 3348 3753 οὕτως
3386 3686 3718 3759 Ἐκκλησίαν
3754 3689 3897 3748 ἴθυνέ

2238 3793 2298 3828 τε
2327 3771 2416 3828 καὶ
2459 3769 2628 3846 ἔταξε,
2678 3773 2771 3828 καὶ
2829 3772 3120 3850 χθαμαλὸν
3183 3771 3494 3848 ἐπεδείξατο
3526 3781 3809 3856 φρόνημα,
3841 3780 3891 3838 ἐν

2244 3862 2443 3937 ὑψηλῷ
2469 3866 2567 3918 τοῦ
2618 3861 2929 3936 ἀξιώματος
2988 3873 3409 3941 προτερήματις
3457 3868 3542 3931 τίς
3596 3867 3771 3934 οὕτως
3802 3870 3893 3940 ὀρ-

2238 3951 2339 4026 γήν
2398 3951 2487 4006 καὶ
2547 3952 2716 4024 θυμὸν
2771 3951 3097 4028 ἡνιόχησεν,
3177 3955 3253 4018 ὠς
3329 3950 3557 4030 ἔννομον
3617 3959 3895 4032 πρᾳότητα

2241 4041 2564 4112 κτήσασθαι,
2623 4038 3033 4114 ἆποστυγοῦσαν
3097 4043 3194 4117 μὲν
3244 4050 3349 4101 πᾶν
3397 4046 3427 4102 ὃ
3471 4068 3526 4103 τι
3570 4055 3673 4119 τῆς
3699 4048 3893 4124 ἀρετῆς

2242 4128 2544 4215 ᾁντίθετον,
2575 4128 2666 4184 καὶ
2699 4125 3071 4187 διεκδικοῦσαν
3102 4129 3161 4188 δὲ
3191 4133 3241 4206 ἐξ
3273 4132 3471 4191 ἀδίκων
3501 4137 3595 4192 τὸν
3643 4134 3850 4194 δίκαιον
3879 4158 3894 4210 ;

2241 4217 2321 4282 τίς
2382 4215 2600 4297 ἀγάπης
2657 4217 2941 4291 τοσοῦτος,
3001 4219 3052 4292 ἐξ
3101 4224 3168 4292 ἧς
3227 4221 3381 4287 ἕλεος
3429 4224 3659 4304 φύεταις
3711 4228 3774 4282 οῦ
3800 4234 3899 4297 τῆς

2241 4306 2439 4382 ἀρετῆς
2525 4308 2695 4384 μέχρι
2767 4312 2860 4364 νῦν
2939 4304 3185 4387 ἔμψυχοι
3267 4312 3468 4384 στῆλαι
3523 4315 3593 4372 τὰ
3645 4311 3899 4390 σύμϐολα

2242 4395 2487 4477 φέρουσι.
2540 4401 2723 4475 Λόγος
2761 4399 2863 4475 γὰρ
2922 4404 3026 4465 πᾶς
3089 4400 3238 4475 αύτῷ
3292 4401 3452 4459 ἐλέου
3484 4404 3734 4481 ὑπῆρχεν
3770 4404 3902 4462 ὑπό·-

2241 4489 2409 4560 θεσις,
2441 4487 2517 4552 ὡς
2566 4486 2642 4551 είς
2699 4484 2805 4559 ἕξιν
2864 4487 3194 4561 ἐληλακέναι
3253 4494 3591 4566 συμπαθείας
3618 4495 3707 4551 καὶ
3744 4515 3904 4569 μετα-

2243 4573 2448 4640 δόσεως
2489 4576 2618 4642 τοὺς
2678 4581 2786 4633 τῶν
2842 4576 3051 4635 ἐκείνου
3110 4579 3392 4646 ἐπαίοντας
3448 4581 3648 4659 λόγων.
3681 4588 3905 4642 ’Έπεισε

475 4675 960 4735 verbifacientem
980 4679 1347 4746 audisset,ad
1367 4678 1638 4736 habitum
1663 4678 1950 4735 continuo
1970 4693 2131 4734 com-

2243 4666 2342 4743 γὰρ
2395 4670 2514 4739 Θεῷ
2568 4667 2637 4722 τὰ
2697 4666 2874 4723 οἰκεῖα
2928 4673 3148 4745 κιχρᾷν,
3233 4671 3445 4749 φθαρτᾶ
3506 4670 3756 4738 διδόντας
3809 4671 3897 4729 καὶ

477 4768 883 4827 miserationis
914 4771 1412 4845 liberalitatisque
1438 4769 1890 4844 provehebatur.
1917 4767 2135 4826 Suade-

471 4857 580 4927 bat
607 4858 754 4917 891
795 4877 903 4918 sua
923 4862 1042 4920 Deo
1063 4862 1345 4931 fenerari,
1377 4861 1793 4934 corruptibilia
1821 4866 1881 4917 et
1908 4857 2134 4915 caduca

474 4948 782 5023 largiendo
804 4950 917 5016 illi,
941 4952 1043 5024 qui
1066 4951 1486 5025 permanentia
1508 4956 1567 5009 et
1596 4952 1943 5023 incorrupta
1965 4948 2133 5006 vicis-

476 5037 591 5096 sim
613 5037 801 5110 daret,
828 5056 896 5098 ac
918 5040 1246 5098 recondere
1271 5041 1335 5099 in
1357 5041 1522 5098 castis
1550 5039 1952 5097 miserationis
1974 5053 2136 5111 penu

477 5128 637 5200 quod
662 5146 785 5187 non
807 5135 1287 5201 consumeretur,
1308 5148 1418 5189 nec
1440 5130 1792 5203 praedationi
1813 5128 2015 5185 furum
2038 5144 2138 5200 pa-

477 5223 664 5276 teret:
694 5224 764 5277 ut
788 5225 1035 5293 peccata
1092 5220 1489 5292 eleemosynis
1545 5224 1888 5294 purgarent,
1940 5223 1998 5273 et
2022 5217 2140 5273 ini-

478 5308 742 5381 quitates
759 5309 1177 5367 misericordia
1197 5326 1337 5384 erga
1357 5326 1604 5380 egenos:
1628 5308 1973 5381 frangerent
1988 5323 2141 5379 pau-

478 5397 723 5471 peribus
752 5416 972 5474 panem
1001 5399 1332 5458 secundum
1362 5398 1778 5471 praescriptum
1817 5397 2138 5470 Evangelii,

471 5487 944 5563 ,sitientibusque
973 5489 1257 5562 poculum
1284 5488 1534 5557 darent;
1576 5486 1877 5544 nudorum
1901 5486 2144 5543 nudita-

480 5580 602 5631 tem
628 5578 1186 5649 tegerent,vestibus
1220 5578 1536 5634 destitutos
1559 5575 2017 5644 induerent,sub
2041 5574 2137 5630 dio

2244 4755 2432 4833 ῥέοντα
2484 4755 2824 4832 ἂντιμετρεῖν
2898 4758 2966 4812 τὰ
3041 4758 3271 4831 ἑστῶτα,
3328 4760 3418 4816 καὶ
3478 4760 3745 4841 ἄφθαρτα,
3801 4760 3891 4819 καὶ

2243 4845 2585 4923 θησαυρίζειν
2630 4845 2684 4902 ἐν
2717 4846 2974 4923 οὐρανοῖς
3029 4856 3133 4916 τῆς
3191 4850 3531 4923 συμπαθείας
3576 4852 3670 4910 τὸν
3697 4848 3904 4926 ἔρανςν,

2242 4937 2308 4992 οὗ
2349 4933 2763 5009 δαπανώμενον.
2816 4934 2959 4995 Οὐδέ
3005 4937 3218 5016 κλέπτῃ
3272 4938 3616 5016 συλώμενον,
3668 4940 3907 5015 ἐλεημο-

2244 5026 2429 5090 σύναις
2477 5026 2574 5090 τὰς
2623 5027 2892 5103 ἁμαρτίας
2939 5027 3246 5106 καθαίρειν,
3293 5030 3386 5086 καὶ
3451 5031 3546 5095 τὰς
3593 5030 3809 5096 ἀδικίας
3855 5031 3906 5088 ἐν

2246 5116 2522 5191 οἷκτιμοῖς
2575 5118 2842 5189 πενήτων·
2902 5123 3133 5175 πεινῶσι
3201 5117 3549 5200 διαθρύπτειν
3600 5122 3693 5179 τὸν
3747 5120 3909 5199 ἄρτον

2248 5207 2641 5286 εῦαγγελικῶς,
2686 5207 2777 5265 καὶ
2834 5206 3033 5284 διψῶσι
3095 5207 3306 5269 διδόναι
3361 5214 3651 5288 ποτήριον·
3684 5216 3910 5291 γυμνῶν

2248 5295 2628 5376 περιστέλλειν
2687 5298 2787 5368 τὴν
2842 5298 3153 5376 γύμνωσιν,
3209 5302 3299 5358 καὶ
3358 5301 3651 5380 ἀμφιάζειν
3684 5301 3916 5376 ἀνείμο-

2248 5409 2363 5459 νας,
2423 5388 2512 5445 καὶ
2598 5385 2854 5464 ἀστέγους
2915 5389 3236 5468 ὑπαιθρίους
3311 5388 3551 5452 σκέπειν·
3633 5393 3913 5448 ποιεῖσθαι

2250 5476 2557 5535 νοσούντων
2614 5474 2919 5552 ἐπίσκεψιν,
2976 5484 3073 5534 καῖ
3123 5480 3261 5545 πρὸς
3323 5483 3563 5557 φρουρὰν
3617 5481 3711 5537 τὸν
3771 5476 3916 5537 πόδα

2253 5568 2567 5646 προίεσθαι,
2599 5570 2937 5640 καρποῦσθαι
2968 5572 3048 5641 τῷ
3080 5567 3221 5644 ἐλέῳ
3241 5570 3334 5625 τὸν
3369 5568 3545 5632 ἔλεον.

480 5670 723 5737 agentes
754 5667 1124 5741 colligerent,
1155 5666 1467 5724 visitarent
1496 5667 1791 5734 infirmos,
1824 5665 1898 5723 ad
1927 5663 2229 5722 custodias
2259 5659 2603 5718 conferrent
2639 5657 2875 5731 pedem,
2909 5664 2968 5715 et
2991 5659 3468 5719 misericordiam
3499 5660 3917 5720 misericordia

478 5754 881 5820 lucrarentur.
