  <div class='ocr_page' id='page_1' title='image "/cluster/home/n/w/nwhite01/storage/ocr_20150623/96:no.3/coo.31924054870005/404.png"; bbox 0 0 4160 6386; ppageno 0'>
   <div class='ocr_carea' id='block_1_1' title="bbox 396 387 518 443">
    <p class='ocr_par' dir='ltr' id='par_1_1' title="bbox 396 387 518 443">
     <span class='ocr_line' id='line_1_1' title="bbox 396 387 518 443; baseline 0 0"><span class='ocrx_word' id='word_1_1' title='bbox 396 387 518 443; x_wconf 83' lang='grc'>773</span> 
     </span>
    </p>
   </div>
   <div class='ocr_carea' id='block_1_2' title="bbox 405 597 2079 677">
    <p class='ocr_par' dir='ltr' id='par_1_2' title="bbox 405 597 2079 677">
     <span class='ocr_line' id='line_1_2' title="bbox 405 597 2079 677; baseline -0.003 -18"><span class='ocrx_word' id='word_1_2' title='bbox 405 604 677 677; x_wconf 73' lang='grc' dir='ltr'>ποίμνιον</span> <span class='ocrx_word' id='word_1_3' title='bbox 710 601 956 671; x_wconf 71' lang='grc' dir='ltr'>πέπεικε,</span> <span class='ocrx_word' id='word_1_4' title='bbox 988 601 1088 669; x_wconf 77' lang='grc' dir='ltr'>τὴν</span> <span class='ocrx_word' id='word_1_5' title='bbox 1120 600 1188 654; x_wconf 72' lang='grc' dir='ltr'>τὰ</span> <span class='ocrx_word' id='word_1_6' title='bbox 1229 601 1348 654; x_wconf 83' lang='grc' dir='ltr'>θεῖα</span> <span class='ocrx_word' id='word_1_7' title='bbox 1398 597 1694 674; x_wconf 81' lang='grc' dir='ltr'>σπλάγχνα</span> <span class='ocrx_word' id='word_1_8' title='bbox 1721 603 1829 654; x_wconf 83' lang='grc' dir='ltr'>τῶν</span> <span class='ocrx_word' id='word_1_9' title='bbox 1863 599 2079 677; x_wconf 77' lang='grc' dir='ltr'>οἰκτιρ-</span> 
     </span>
    </p>
   </div>
   <div class='ocr_carea' id='block_1_3' title="bbox 412 688 2076 768">
    <p class='ocr_par' dir='ltr' id='par_1_3' title="bbox 412 688 2076 768">
     <span class='ocr_line' id='line_1_3' title="bbox 412 688 2076 768; baseline -0.002 -19"><span class='ocrx_word' id='word_1_10' title='bbox 412 700 536 768; x_wconf 79' lang='grc' dir='ltr'>μῶν</span> <span class='ocrx_word' id='word_1_11' title='bbox 568 697 686 754; x_wconf 86' lang='grc' dir='ltr'>τοῖς</span> <span class='ocrx_word' id='word_1_12' title='bbox 719 688 912 766; x_wconf 73' lang='grc' dir='ltr'>ἔχουσι</span> <span class='ocrx_word' id='word_1_13' title='bbox 955 688 1241 744; x_wconf 88' lang='grc' dir='ltr'>κλείουσαν</span> <span class='ocrx_word' id='word_1_14' title='bbox 1278 710 1292 760; x_wconf 88' lang='grc'>;</span> <span class='ocrx_word' id='word_1_15' title='bbox 1352 695 1437 748; x_wconf 82' lang='grc' dir='ltr'>Ὡς</span> <span class='ocrx_word' id='word_1_16' title='bbox 1488 689 1589 763; x_wconf 64' lang='grc' dir='ltr'>γὰρ</span> <span class='ocrx_word' id='word_1_17' title='bbox 1649 688 1913 761; x_wconf 78' lang='grc' dir='ltr'>ἐποίησας</span> <span class='ocrx_word' id='word_1_18' title='bbox 1944 693 2076 763; x_wconf 82' lang='grc'>(73),</span> 
     </span>
    </p>
   </div>
   <div class='ocr_carea' id='block_1_4' title="bbox 413 777 2083 858">
    <p class='ocr_par' dir='ltr' id='par_1_4' title="bbox 413 777 2083 858">
     <span class='ocr_line' id='line_1_4' title="bbox 413 777 2083 858; baseline -0.004 -19"><span class='ocrx_word' id='word_1_19' title='bbox 413 780 556 839; x_wconf 81' lang='grc' dir='ltr'>ἔστω</span> <span class='ocrx_word' id='word_1_20' title='bbox 598 803 708 848; x_wconf 89' lang='grc' dir='ltr'>σοι,</span> <span class='ocrx_word' id='word_1_21' title='bbox 759 779 942 858; x_wconf 74' lang='grc' dir='ltr'>φησίν·</span> <span class='ocrx_word' id='word_1_22' title='bbox 993 780 1039 852; x_wconf 86' lang='grc' dir='ltr'>ᾦ</span> <span class='ocrx_word' id='word_1_23' title='bbox 1093 780 1274 855; x_wconf 71' lang='grc' dir='ltr'>μέτρῳ</span> <span class='ocrx_word' id='word_1_24' title='bbox 1328 784 1562 853; x_wconf 84' lang='grc' dir='ltr'>μετρεῖς,</span> <span class='ocrx_word' id='word_1_25' title='bbox 1615 777 2083 852; x_wconf 74' lang='grc' dir='ltr'>ἐντιμετρηθησο-</span> 
     </span>
    </p>
   </div>
   <div class='ocr_carea' id='block_1_5' title="bbox 416 866 2079 948">
    <p class='ocr_par' dir='ltr' id='par_1_5' title="bbox 416 866 2079 948">
     <span class='ocr_line' id='line_1_5' title="bbox 416 866 2079 948; baseline -0.003 -19"><span class='ocrx_word' id='word_1_26' title='bbox 416 876 588 948; x_wconf 80' lang='grc' dir='ltr'>μὲνῳ.</span> <span class='ocrx_word' id='word_1_27' title='bbox 655 872 868 946; x_wconf 71' lang='grc' dir='ltr'>Ἀφὲντι</span> <span class='ocrx_word' id='word_1_28' title='bbox 923 870 1027 945; x_wconf 77' lang='grc' dir='ltr'>γάρ</span> <span class='ocrx_word' id='word_1_29' title='bbox 1087 870 1433 948; x_wconf 68' lang='grc' dir='ltr'>ἀφεθήσεται.</span> <span class='ocrx_word' id='word_1_30' title='bbox 1491 868 1595 924; x_wconf 83' lang='grc' dir='ltr'>Καὶ</span> <span class='ocrx_word' id='word_1_31' title='bbox 1655 866 1894 942; x_wconf 75' lang='grc' dir='ltr'>ἔμπαλιν</span> <span class='ocrx_word' id='word_1_32' title='bbox 1944 869 2079 924; x_wconf 79' lang='grc' dir='ltr'>ἀκο-</span> 
     </span>
    </p>
   </div>
   <div class='ocr_carea' id='block_1_6' title="bbox 409 957 2080 1036">
    <p class='ocr_par' dir='ltr' id='par_1_6' title="bbox 409 957 2080 1036">
     <span class='ocr_line' id='line_1_6' title="bbox 409 957 2080 1036; baseline -0.003 -17"><span class='ocrx_word' id='word_1_33' title='bbox 409 961 615 1027; x_wconf 84' lang='grc' dir='ltr'>λουθία</span> <span class='ocrx_word' id='word_1_34' title='bbox 645 960 987 1035; x_wconf 75' lang='grc' dir='ltr'>πεφωνηκεν·</span> <span class='ocrx_word' id='word_1_35' title='bbox 1049 959 1150 1013; x_wconf 82' lang='grc' dir='ltr'>οὐκ</span> <span class='ocrx_word' id='word_1_36' title='bbox 1203 959 1530 1036; x_wconf 78' lang='grc' dir='ltr'>ἀφεθήσεται</span> <span class='ocrx_word' id='word_1_37' title='bbox 1564 957 1668 1033; x_wconf 69' lang='grc' dir='ltr'>γὰρ</span> <span class='ocrx_word' id='word_1_38' title='bbox 1719 957 1818 1012; x_wconf 82' lang='grc' dir='ltr'>οὐκ</span> <span class='ocrx_word' id='word_1_39' title='bbox 1848 957 2080 1035; x_wconf 69' lang='grc' dir='ltr'>ἀφιέντι.</span> 
     </span>
    </p>
   </div>
   <div class='ocr_carea' id='block_1_7' title="bbox 414 1046 2082 1129">
    <p class='ocr_par' dir='ltr' id='par_1_7' title="bbox 414 1046 2082 1129">
     <span class='ocr_line' id='line_1_7' title="bbox 414 1046 2082 1129; baseline -0.002 -23"><span class='ocrx_word' id='word_1_40' title='bbox 414 1053 516 1115; x_wconf 79' lang='grc' dir='ltr'>Τίς</span> <span class='ocrx_word' id='word_1_41' title='bbox 547 1052 764 1129; x_wconf 60' lang='grc' dir='ltr'>φθόνον,</span> <span class='ocrx_word' id='word_1_42' title='bbox 823 1047 914 1102; x_wconf 80' lang='grc' dir='ltr'>καὶ</span> <span class='ocrx_word' id='word_1_43' title='bbox 973 1049 1264 1126; x_wconf 86' lang='grc' dir='ltr'>βασκανίαν</span> <span class='ocrx_word' id='word_1_44' title='bbox 1322 1046 1624 1121; x_wconf 70' lang='grc' dir='ltr'>κατέκρινε,</span> <span class='ocrx_word' id='word_1_45' title='bbox 1677 1046 1767 1102; x_wconf 83' lang='grc' dir='ltr'>καὶ</span> <span class='ocrx_word' id='word_1_46' title='bbox 1825 1049 2082 1122; x_wconf 77' lang='grc' dir='ltr'>κατάκρι-</span> 
     </span>
    </p>
   </div>
   <div class='ocr_carea' id='block_1_8' title="bbox 419 1135 2082 1214">
    <p class='ocr_par' dir='ltr' id='par_1_8' title="bbox 419 1135 2082 1214">
     <span class='ocr_line' id='line_1_8' title="bbox 419 1135 2082 1214; baseline -0.004 -17"><span class='ocrx_word' id='word_1_47' title='bbox 419 1163 506 1197; x_wconf 85' lang='grc' dir='ltr'><strong>σιν</strong></span> <span class='ocrx_word' id='word_1_48' title='bbox 563 1138 816 1210; x_wconf 72' lang='grc' dir='ltr'>διδάξαςς</span> <span class='ocrx_word' id='word_1_49' title='bbox 866 1139 929 1192; x_wconf 88' lang='grc' dir='ltr'>τὸ</span> <span class='ocrx_word' id='word_1_50' title='bbox 996 1139 1308 1214; x_wconf 72' lang='grc' dir='ltr'>φθονεῖσθαι</span> <span class='ocrx_word' id='word_1_51' title='bbox 1381 1135 1640 1212; x_wconf 75' lang='grc' dir='ltr'>ἄριστονς</span> <span class='ocrx_word' id='word_1_52' title='bbox 1715 1137 1908 1213; x_wconf 86' lang='grc' dir='ltr'>ἀγατὸν</span> <span class='ocrx_word' id='word_1_53' title='bbox 1981 1137 2082 1213; x_wconf 74' lang='grc' dir='ltr'>γὰρ</span> 
     </span>
    </p>
   </div>
   <div class='ocr_carea' id='block_1_9' title="bbox 417 1225 2085 1307">
    <p class='ocr_par' dir='ltr' id='par_1_9' title="bbox 417 1225 2085 1307">
     <span class='ocr_line' id='line_1_9' title="bbox 417 1225 2085 1307; baseline -0.004 -21"><span class='ocrx_word' id='word_1_54' title='bbox 417 1232 560 1286; x_wconf 79' lang='grc' dir='ltr'>ἃπαν</span> <span class='ocrx_word' id='word_1_55' title='bbox 602 1229 906 1307; x_wconf 75' lang='grc' dir='ltr'>ἐτίφθονον.</span> <span class='ocrx_word' id='word_1_56' title='bbox 957 1227 1429 1302; x_wconf 82' lang='grc' dir='ltr'>Αὐτοκατάκριτον</span> <span class='ocrx_word' id='word_1_57' title='bbox 1483 1225 1541 1282; x_wconf 67' lang='grc' dir='ltr'>δὲ</span> <span class='ocrx_word' id='word_1_58' title='bbox 1587 1226 1722 1300; x_wconf 83' lang='grc' dir='ltr'>πρὸς</span> <span class='ocrx_word' id='word_1_59' title='bbox 1769 1231 1850 1298; x_wconf 81' lang='grc' dir='ltr'>τῷ</span> <span class='ocrx_word' id='word_1_60' title='bbox 1898 1225 2085 1300; x_wconf 73' lang='grc' dir='ltr'>αἰσχί-</span> 
     </span>
    </p>
   </div>
   <div class='ocr_carea' id='block_1_10' title="bbox 415 1313 2082 1396">
    <p class='ocr_par' dir='ltr' id='par_1_10' title="bbox 415 1313 2082 1396">
     <span class='ocr_line' id='line_1_10' title="bbox 415 1313 2082 1396; baseline -0.004 -20"><span class='ocrx_word' id='word_1_61' title='bbox 415 1343 532 1394; x_wconf 84' lang='grc' dir='ltr'>στῳ</span> <span class='ocrx_word' id='word_1_62' title='bbox 560 1320 623 1374; x_wconf 89' lang='grc' dir='ltr'>τὸ</span> <span class='ocrx_word' id='word_1_63' title='bbox 658 1318 923 1396; x_wconf 74' lang='grc' dir='ltr'>βάσκανον</span> <span class='ocrx_word' id='word_1_64' title='bbox 968 1317 1031 1371; x_wconf 87' lang='grc' dir='ltr'>τὸ</span> <span class='ocrx_word' id='word_1_65' title='bbox 1082 1319 1301 1372; x_wconf 66' lang='grc' dir='ltr'>πάντων</span> <span class='ocrx_word' id='word_1_66' title='bbox 1353 1320 1462 1371; x_wconf 82' lang='grc' dir='ltr'>τῶν</span> <span class='ocrx_word' id='word_1_67' title='bbox 1521 1318 1707 1371; x_wconf 81' lang='grc' dir='ltr'>παθῶν</span> <span class='ocrx_word' id='word_1_68' title='bbox 1749 1313 2082 1370; x_wconf 79' lang='grc' dir='ltr'>ἀδικώτατον</span> 
     </span>
    </p>
   </div>
   <div class='ocr_carea' id='block_1_11' title="bbox 411 1401 2085 1480">
    <p class='ocr_par' dir='ltr' id='par_1_11' title="bbox 411 1401 2085 1480">
     <span class='ocr_line' id='line_1_11' title="bbox 411 1401 2085 1480; baseline -0.004 -15"><span class='ocrx_word' id='word_1_69' title='bbox 411 1411 506 1465; x_wconf 68' lang='grc' dir='ltr'>καὶ</span> <span class='ocrx_word' id='word_1_70' title='bbox 540 1409 876 1464; x_wconf 78' lang='grc' dir='ltr'>είκαιότατον</span> <span class='ocrx_word' id='word_1_71' title='bbox 908 1407 971 1462; x_wconf 82' lang='grc' dir='ltr'>τὸ</span> <span class='ocrx_word' id='word_1_72' title='bbox 1000 1411 1095 1461; x_wconf 88' lang='lat'>105</span> <span class='ocrx_word' id='word_1_73' title='bbox 1147 1405 1336 1471; x_wconf 73' lang='grc' dir='ltr'>ἐλέους</span> <span class='ocrx_word' id='word_1_74' title='bbox 1377 1403 1699 1461; x_wconf 82' lang='grc' dir='ltr'>ἀντίπαλον·</span> <span class='ocrx_word' id='word_1_75' title='bbox 1748 1426 1898 1480; x_wconf 85' lang='grc' dir='ltr'>ειπερ</span> <span class='ocrx_word' id='word_1_76' title='bbox 1929 1401 2085 1467; x_wconf 79' lang='grc' dir='ltr'>ἕλεος</span> 
     </span>
    </p>
   </div>
   <div class='ocr_carea' id='block_1_12' title="bbox 425 1493 2086 1573">
    <p class='ocr_par' dir='ltr' id='par_1_12' title="bbox 425 1493 2086 1573">
     <span class='ocr_line' id='line_1_12' title="bbox 425 1493 2086 1573; baseline -0.003 -18"><span class='ocrx_word' id='word_1_77' title='bbox 425 1501 526 1573; x_wconf 73' lang='grc' dir='ltr'>μὶν</span> <span class='ocrx_word' id='word_1_78' title='bbox 561 1497 885 1573; x_wconf 72' lang='grc' dir='ltr'>ἀλλοτρίοις</span> <span class='ocrx_word' id='word_1_79' title='bbox 941 1501 1132 1559; x_wconf 78' lang='grc' dir='ltr'>κακοῖς</span> <span class='ocrx_word' id='word_1_80' title='bbox 1189 1495 1605 1572; x_wconf 83' lang='grc' dir='ltr'>ἐπαλγύνεσθαι,</span> <span class='ocrx_word' id='word_1_81' title='bbox 1669 1496 1887 1570; x_wconf 82' lang='grc' dir='ltr'>ἀγαθοῖς</span> <span class='ocrx_word' id='word_1_82' title='bbox 1941 1493 1996 1549; x_wconf 75' lang='grc' dir='ltr'>δὲ</span> <span class='ocrx_word' id='word_1_83' title='bbox 2023 1496 2086 1550; x_wconf 81' lang='grc' dir='ltr'>τὸ</span> 
     </span>
    </p>
   </div>
   <div class='ocr_carea' id='block_1_13' title="bbox 426 1579 2085 1666">
    <p class='ocr_par' dir='ltr' id='par_1_13' title="bbox 426 1579 2085 1666">
     <span class='ocr_line' id='line_1_13' title="bbox 426 1579 2085 1666; baseline -0.003 -22"><span class='ocrx_word' id='word_1_84' title='bbox 426 1590 717 1666; x_wconf 64' lang='grc' dir='ltr'>βασιανον,</span> <span class='ocrx_word' id='word_1_85' title='bbox 747 1587 858 1662; x_wconf 79' lang='grc' dir='ltr'>οὐχ</span> <span class='ocrx_word' id='word_1_86' title='bbox 887 1588 1079 1641; x_wconf 78' lang='grc' dir='ltr'>ἑαυτοῦ</span> <span class='ocrx_word' id='word_1_87' title='bbox 1128 1579 1304 1655; x_wconf 82' lang='grc' dir='ltr'>ἕνεκα,</span> <span class='ocrx_word' id='word_1_88' title='bbox 1360 1589 1460 1640; x_wconf 80' lang='grc' dir='ltr'>τοῦ</span> <span class='ocrx_word' id='word_1_89' title='bbox 1520 1583 1578 1639; x_wconf 75' lang='grc' dir='ltr'>δὶ</span> <span class='ocrx_word' id='word_1_90' title='bbox 1631 1583 1961 1660; x_wconf 79' lang='grc' dir='ltr'>πάσχοντος·</span> <span class='ocrx_word' id='word_1_91' title='bbox 1995 1585 2085 1640; x_wconf 87' lang='grc' dir='ltr'>καῖ</span> 
     </span>
    </p>
   </div>
   <div class='ocr_carea' id='block_1_14' title="bbox 427 1673 2085 1752">
    <p class='ocr_par' dir='ltr' id='par_1_14' title="bbox 427 1673 2085 1752">
     <span class='ocr_line' id='line_1_14' title="bbox 427 1673 2085 1752; baseline -0.002 -19"><span class='ocrx_word' id='word_1_92' title='bbox 427 1675 654 1752; x_wconf 74' lang='grc' dir='ltr'>αὔξησιν</span> <span class='ocrx_word' id='word_1_93' title='bbox 685 1680 954 1732; x_wconf 85' lang='grc' dir='ltr'>ποιεῖσθαι</span> <span class='ocrx_word' id='word_1_94' title='bbox 985 1680 1084 1742; x_wconf 77' lang='grc' dir='ltr'>τῆς</span> <span class='ocrx_word' id='word_1_95' title='bbox 1129 1673 1424 1746; x_wconf 81' lang='grc' dir='ltr'>τηκεδόνος</span> <span class='ocrx_word' id='word_1_96' title='bbox 1471 1682 1572 1746; x_wconf 78' lang='grc' dir='ltr'>τῆς</span> <span class='ocrx_word' id='word_1_97' title='bbox 1617 1674 1812 1730; x_wconf 67' lang='grc' dir='ltr'>ἑαυτοῦ</span> <span class='ocrx_word' id='word_1_98' title='bbox 1841 1679 1950 1730; x_wconf 82' lang='grc' dir='ltr'>τῶν</span> <span class='ocrx_word' id='word_1_99' title='bbox 1983 1673 2085 1730; x_wconf 84' lang='grc' dir='ltr'>ἀλ-</span> 
     </span>
    </p>
   </div>
   <div class='ocr_carea' id='block_1_15' title="bbox 425 1763 2088 1843">
    <p class='ocr_par' dir='ltr' id='par_1_15' title="bbox 425 1763 2088 1843">
     <span class='ocr_line' id='line_1_15' title="bbox 425 1763 2088 1843; baseline -0.003 -19"><span class='ocrx_word' id='word_1_100' title='bbox 425 1766 667 1843; x_wconf 83' lang='grc' dir='ltr'>λοτρίων</span> <span class='ocrx_word' id='word_1_101' title='bbox 695 1765 874 1822; x_wconf 80' lang='grc' dir='ltr'>καλῶν</span> <span class='ocrx_word' id='word_1_102' title='bbox 930 1766 1030 1834; x_wconf 81' lang='grc' dir='ltr'>τήν</span> <span class='ocrx_word' id='word_1_103' title='bbox 1089 1764 1406 1838; x_wconf 74' lang='grc' dir='ltr'>ἐπαύξησιν,</span> <span class='ocrx_word' id='word_1_104' title='bbox 1437 1766 1529 1819; x_wconf 85' lang='grc' dir='ltr'>τὸν</span> <span class='ocrx_word' id='word_1_105' title='bbox 1559 1763 1892 1838; x_wconf 79' lang='grc' dir='ltr'>κεκτημένον</span> <span class='ocrx_word' id='word_1_106' title='bbox 1943 1764 2088 1838; x_wconf 84' lang='grc' dir='ltr'>ἀμυ-</span> 
     </span>
    </p>
   </div>
   <div class='ocr_carea' id='block_1_16' title="bbox 422 1852 2166 1958">
    <p class='ocr_par' dir='ltr' id='par_1_16' title="bbox 422 1852 2166 1958">
     <span class='ocr_line' id='line_1_16' title="bbox 422 1852 2166 1958; baseline -0.002 -46"><span class='ocrx_word' id='word_1_107' title='bbox 422 1857 660 1930; x_wconf 87' lang='grc' dir='ltr'>νόμενον</span> <span class='ocrx_word' id='word_1_108' title='bbox 720 1855 1004 1933; x_wconf 83' lang='grc' dir='ltr'>πρότερον.</span> <span class='ocrx_word' id='word_1_109' title='bbox 1066 1856 1172 1910; x_wconf 83' lang='grc' dir='ltr'>Καὶ</span> <span class='ocrx_word' id='word_1_110' title='bbox 1244 1852 1538 1917; x_wconf 87' lang='grc' dir='ltr'>παιδεύσας</span> <span class='ocrx_word' id='word_1_111' title='bbox 1597 1855 1672 1928; x_wconf 76' lang='grc' dir='ltr'>μὴ</span> <span class='ocrx_word' id='word_1_112' title='bbox 1732 1854 1935 1930; x_wconf 84' lang='grc' dir='ltr'>κρίνειν</span> <span class='ocrx_word' id='word_1_113' title='bbox 1992 1856 2084 1909; x_wconf 86' lang='grc' dir='ltr'>τὸν</span> <span class='ocrx_word' id='word_1_114' title='bbox 2120 1893 2166 1958; x_wconf 75' lang='grc' dir='ltr'><strong>Β</strong></span> 
     </span>
     <span class='ocr_line' id='line_1_17' title="bbox 476 1941 2061 1958; baseline 0 0"><span class='ocrx_word' id='word_1_115' title='bbox 476 1946 490 1958; x_wconf 92' lang='grc'><strong><em>,</em></strong></span> <span class='ocrx_word' id='word_1_116' title='bbox 537 1944 560 1958; x_wconf 76' lang='lat'>..</span> <span class='ocrx_word' id='word_1_117' title='bbox 830 1945 844 1958; x_wconf 93' lang='lat'>.</span> <span class='ocrx_word' id='word_1_118' title='bbox 949 1944 973 1958; x_wconf 76' lang='lat'>..</span> <span class='ocrx_word' id='word_1_119' title='bbox 1121 1945 1134 1958; x_wconf 86' lang='lat'>.</span> <span class='ocrx_word' id='word_1_120' title='bbox 1299 1945 1376 1958; x_wconf 60' lang='grc' dir='ltr'>η.</span> <span class='ocrx_word' id='word_1_121' title='bbox 1566 1941 1590 1958; x_wconf 76' lang='grc'><strong>.</strong></span> <span class='ocrx_word' id='word_1_122' title='bbox 1695 1944 1706 1958; x_wconf 93' lang='grc'><em>.</em></span> <span class='ocrx_word' id='word_1_123' title='bbox 1933 1955 1946 1958; x_wconf 73' lang='grc'><em>,</em></span> <span class='ocrx_word' id='word_1_124' title='bbox 2039 1950 2061 1958; x_wconf 84' lang='grc'>-</span> 
     </span>
    </p>
   </div>
   <div class='ocr_carea' id='block_1_17' title="bbox 423 1941 2089 2020">
    <p class='ocr_par' dir='ltr' id='par_1_17' title="bbox 423 1941 2089 2020">
     <span class='ocr_line' id='line_1_18' title="bbox 423 1941 2089 2020; baseline -0.002 -20"><span class='ocrx_word' id='word_1_125' title='bbox 423 1944 751 2014; x_wconf 69' lang='grc' dir='ltr'>σῦνδουλον,</span> <span class='ocrx_word' id='word_1_126' title='bbox 814 1945 889 2007; x_wconf 83' lang='grc' dir='ltr'>ὡς</span> <span class='ocrx_word' id='word_1_127' title='bbox 948 1944 1008 1999; x_wconf 78' lang='grc' dir='ltr'>ἂν</span> <span class='ocrx_word' id='word_1_128' title='bbox 1067 1945 1144 2017; x_wconf 85' lang='grc' dir='ltr'>μή</span> <span class='ocrx_word' id='word_1_129' title='bbox 1205 1945 1522 2020; x_wconf 79' lang='grc' dir='ltr'>κριθείημεν</span> <span class='ocrx_word' id='word_1_130' title='bbox 1563 1941 1795 2008; x_wconf 88' lang='grc' dir='ltr'>δικαίοις</span> <span class='ocrx_word' id='word_1_131' title='bbox 1825 1950 2089 2017; x_wconf 76' lang='grc' dir='ltr'>σταθμοῖς</span> 
     </span>
    </p>
   </div>
   <div class='ocr_carea' id='block_1_18' title="bbox 418 2031 2090 2108">
    <p class='ocr_par' dir='ltr' id='par_1_18' title="bbox 418 2031 2090 2108">
     <span class='ocr_line' id='line_1_19' title="bbox 418 2031 2090 2108; baseline 0.001 -18"><span class='ocrx_word' id='word_1_132' title='bbox 418 2039 524 2090; x_wconf 83' lang='lat'>105</span> <span class='ocrx_word' id='word_1_133' title='bbox 587 2035 761 2107; x_wconf 80' lang='grc' dir='ltr'>μόνου</span> <span class='ocrx_word' id='word_1_134' title='bbox 817 2039 1008 2108; x_wconf 76' lang='grc' dir='ltr'>κριτοῦ</span> <span class='ocrx_word' id='word_1_135' title='bbox 1065 2035 1166 2101; x_wconf 75' lang='grc' dir='ltr'>τήν</span> <span class='ocrx_word' id='word_1_136' title='bbox 1229 2031 1387 2104; x_wconf 79' lang='grc' dir='ltr'>δίκην</span> <span class='ocrx_word' id='word_1_137' title='bbox 1445 2037 1584 2106; x_wconf 81' lang='grc' dir='ltr'>ἡμῖν</span> <span class='ocrx_word' id='word_1_138' title='bbox 1641 2032 2090 2092; x_wconf 75' lang='grc' dir='ltr'>ταλαντεύοντος⁴</span> 
     </span>
    </p>
   </div>
   <div class='ocr_carea' id='block_1_19' title="bbox 434 2119 2091 2200">
    <p class='ocr_par' dir='ltr' id='par_1_19' title="bbox 434 2119 2091 2200">
     <span class='ocr_line' id='line_1_20' title="bbox 434 2119 2091 2200; baseline -0.001 -22"><span class='ocrx_word' id='word_1_139' title='bbox 434 2122 581 2199; x_wconf 68' lang='grc' dir='ltr'>μηδὲ</span> <span class='ocrx_word' id='word_1_140' title='bbox 640 2125 897 2200; x_wconf 73' lang='grc' dir='ltr'>ἁρπάζειν</span> <span class='ocrx_word' id='word_1_141' title='bbox 952 2124 1016 2179; x_wconf 83' lang='grc' dir='ltr'>τὸ</span> <span class='ocrx_word' id='word_1_142' title='bbox 1070 2127 1166 2178; x_wconf 86' lang='lat'>105</span> <span class='ocrx_word' id='word_1_143' title='bbox 1225 2119 1489 2178; x_wconf 77' lang='grc' dir='ltr'>δεσπότου</span> <span class='ocrx_word' id='word_1_144' title='bbox 1546 2123 1779 2196; x_wconf 77' lang='grc' dir='ltr'>ἀξίωμα.</span> <span class='ocrx_word' id='word_1_145' title='bbox 1838 2125 1933 2184; x_wconf 82' lang='grc' dir='ltr'>Εἷς</span> <span class='ocrx_word' id='word_1_146' title='bbox 1986 2123 2091 2198; x_wconf 77' lang='grc' dir='ltr'>γὰρ</span> 
     </span>
    </p>
   </div>
   <div class='ocr_carea' id='block_1_20' title="bbox 431 2212 2093 2291">
    <p class='ocr_par' dir='ltr' id='par_1_20' title="bbox 431 2212 2093 2291">
     <span class='ocr_line' id='line_1_21' title="bbox 431 2212 2093 2291; baseline -0.001 -23"><span class='ocrx_word' id='word_1_147' title='bbox 431 2215 654 2290; x_wconf 81' lang='grc' dir='ltr'>κριτὴς,</span> <span class='ocrx_word' id='word_1_148' title='bbox 687 2215 746 2276; x_wconf 82' lang='grc' dir='ltr'>δς</span> <span class='ocrx_word' id='word_1_149' title='bbox 780 2213 840 2268; x_wconf 83' lang='grc' dir='ltr'>οὐ</span> <span class='ocrx_word' id='word_1_150' title='bbox 872 2212 1143 2287; x_wconf 85' lang='grc' dir='ltr'>κρίνεσθαι</span> <span class='ocrx_word' id='word_1_151' title='bbox 1189 2213 1444 2289; x_wconf 67' lang='grc' dir='ltr'>πέφυκεν,</span> <span class='ocrx_word' id='word_1_152' title='bbox 1498 2213 1571 2275; x_wconf 85' lang='grc' dir='ltr'>ὡς</span> <span class='ocrx_word' id='word_1_153' title='bbox 1627 2212 1792 2286; x_wconf 83' lang='grc' dir='ltr'>μόνος</span> <span class='ocrx_word' id='word_1_154' title='bbox 1823 2213 2093 2291; x_wconf 80' lang='grc' dir='ltr'>ἁμαρτίας</span> 
     </span>
    </p>
   </div>
   <div class='ocr_carea' id='block_1_21' title="bbox 429 2300 2092 2379">
    <p class='ocr_par' dir='ltr' id='par_1_21' title="bbox 429 2300 2092 2379">
     <span class='ocr_line' id='line_1_22' title="bbox 429 2300 2092 2379; baseline -0.001 -21"><span class='ocrx_word' id='word_1_155' title='bbox 429 2302 740 2378; x_wconf 71' lang='grc' dir='ltr'>ἕλεύθερος,</span> <span class='ocrx_word' id='word_1_156' title='bbox 789 2300 1087 2374; x_wconf 85' lang='grc' dir='ltr'>δεσπόζων,</span> <span class='ocrx_word' id='word_1_157' title='bbox 1135 2302 1196 2357; x_wconf 81' lang='grc' dir='ltr'>οὐ</span> <span class='ocrx_word' id='word_1_158' title='bbox 1246 2300 1660 2376; x_wconf 80' lang='grc' dir='ltr'>δεσποζόμενος.</span> <span class='ocrx_word' id='word_1_159' title='bbox 1690 2307 1901 2379; x_wconf 66' lang='grc' dir='ltr'>Ἀφετε,</span> <span class='ocrx_word' id='word_1_160' title='bbox 1938 2301 2092 2377; x_wconf 81' lang='grc' dir='ltr'>εὐαγ-</span> 
     </span>
    </p>
   </div>
   <div class='ocr_carea' id='block_1_22' title="bbox 424 2388 2092 2469">
    <p class='ocr_par' dir='ltr' id='par_1_22' title="bbox 424 2388 2092 2469">
     <span class='ocr_line' id='line_1_23' title="bbox 424 2388 2092 2469; baseline -0.001 -21"><span class='ocrx_word' id='word_1_161' title='bbox 424 2397 670 2469; x_wconf 83' lang='grc' dir='ltr'>γεΛικῶς</span> <span class='ocrx_word' id='word_1_162' title='bbox 718 2388 869 2461; x_wconf 74' lang='grc' dir='ltr'>ἐϐόα,</span> <span class='ocrx_word' id='word_1_163' title='bbox 919 2393 1009 2447; x_wconf 75' lang='grc' dir='ltr'>καὶ</span> <span class='ocrx_word' id='word_1_164' title='bbox 1059 2392 1411 2468; x_wconf 79' lang='grc' dir='ltr'>ἀφεθήσεσθε.</span> <span class='ocrx_word' id='word_1_165' title='bbox 1462 2393 1558 2456; x_wconf 82' lang='grc' dir='ltr'>Τίς</span> <span class='ocrx_word' id='word_1_166' title='bbox 1609 2392 1791 2463; x_wconf 83' lang='grc' dir='ltr'>λύπην</span> <span class='ocrx_word' id='word_1_167' title='bbox 1836 2393 2092 2447; x_wconf 80' lang='grc' dir='ltr'>ἀπώσατο</span> 
     </span>
    </p>
   </div>
   <div class='ocr_carea' id='block_1_23' title="bbox 422 2479 2090 2559">
    <p class='ocr_par' dir='ltr' id='par_1_23' title="bbox 422 2479 2090 2559">
     <span class='ocr_line' id='line_1_24' title="bbox 422 2479 2090 2559; baseline -0.001 -23"><span class='ocrx_word' id='word_1_168' title='bbox 422 2483 533 2552; x_wconf 74' lang='grc' dir='ltr'>τήν</span> <span class='ocrx_word' id='word_1_169' title='bbox 590 2484 728 2558; x_wconf 86' lang='grc' dir='ltr'>πρὸς</span> <span class='ocrx_word' id='word_1_170' title='bbox 787 2484 1012 2537; x_wconf 62' lang='grc' dir='ltr'>θάνατον</span> <span class='ocrx_word' id='word_1_171' title='bbox 1069 2480 1298 2559; x_wconf 79' lang='grc' dir='ltr'>ἄγουσαν</span> <span class='ocrx_word' id='word_1_172' title='bbox 1353 2489 1444 2537; x_wconf 85' lang='grc' dir='ltr'><strong>καί</strong></span> <span class='ocrx_word' id='word_1_173' title='bbox 1506 2481 1688 2553; x_wconf 80' lang='grc' dir='ltr'>Λύπην</span> <span class='ocrx_word' id='word_1_174' title='bbox 1748 2479 1954 2553; x_wconf 77' lang='grc' dir='ltr'>ἐδίδαξε</span> <span class='ocrx_word' id='word_1_175' title='bbox 1989 2483 2090 2551; x_wconf 76' lang='grc' dir='ltr'>τὴν</span> 
     </span>
    </p>
   </div>
   <div class='ocr_carea' id='block_1_24' title="bbox 426 2571 2094 2648">
    <p class='ocr_par' dir='ltr' id='par_1_24' title="bbox 426 2571 2094 2648">
     <span class='ocr_line' id='line_1_25' title="bbox 426 2571 2094 2648; baseline 0 -22"><span class='ocrx_word' id='word_1_176' title='bbox 426 2571 710 2645; x_wconf 74' lang='grc' dir='ltr'>θυμηδίας</span> <span class='ocrx_word' id='word_1_177' title='bbox 770 2571 1068 2648; x_wconf 74' lang='grc' dir='ltr'>πρόξενον,</span> <span class='ocrx_word' id='word_1_178' title='bbox 1127 2573 1200 2625; x_wconf 82' lang='grc' dir='ltr'>ὧν</span> <span class='ocrx_word' id='word_1_179' title='bbox 1257 2573 1293 2644; x_wconf 74' lang='grc' dir='ltr'>ἡ</span> <span class='ocrx_word' id='word_1_180' title='bbox 1359 2571 1453 2645; x_wconf 73' lang='grc' dir='ltr'>μὲν</span> <span class='ocrx_word' id='word_1_181' title='bbox 1511 2571 1587 2634; x_wconf 83' lang='grc' dir='ltr'>ὡς</span> <span class='ocrx_word' id='word_1_182' title='bbox 1645 2573 1840 2636; x_wconf 68' lang='grc' dir='ltr'>πένθος</span> <span class='ocrx_word' id='word_1_183' title='bbox 1889 2579 1989 2641; x_wconf 77' lang='grc' dir='ltr'>τῆς</span> <span class='ocrx_word' id='word_1_184' title='bbox 2033 2571 2094 2626; x_wconf 81' lang='grc' dir='ltr'>ἐκ</span> 
     </span>
    </p>
   </div>
   <div class='ocr_carea' id='block_1_25' title="bbox 425 2661 2092 2738">
    <p class='ocr_par' dir='ltr' id='par_1_25' title="bbox 425 2661 2092 2738">
     <span class='ocr_line' id='line_1_26' title="bbox 425 2661 2092 2738; baseline -0.001 -20"><span class='ocrx_word' id='word_1_185' title='bbox 425 2665 568 2718; x_wconf 69' lang='grc' dir='ltr'>Θεοῦ</span> <span class='ocrx_word' id='word_1_186' title='bbox 601 2662 888 2738; x_wconf 80' lang='grc' dir='ltr'>ἁμαρτίας,</span> <span class='ocrx_word' id='word_1_187' title='bbox 935 2664 1231 2738; x_wconf 81' lang='grc' dir='ltr'>σωτήριος·</span> <span class='ocrx_word' id='word_1_188' title='bbox 1292 2662 1445 2736; x_wconf 73' lang='grc' dir='ltr'>εἶ’περ</span> <span class='ocrx_word' id='word_1_189' title='bbox 1502 2661 1829 2737; x_wconf 79' lang='grc' dir='ltr'>ἁμαρτάνειν</span> <span class='ocrx_word' id='word_1_190' title='bbox 1851 2665 1914 2716; x_wconf 85' lang='grc' dir='ltr'>τὸ</span> <span class='ocrx_word' id='word_1_191' title='bbox 1945 2661 2092 2716; x_wconf 89' lang='grc' dir='ltr'>ἀπο-</span> 
     </span>
    </p>
   </div>
   <div class='ocr_carea' id='block_1_26' title="bbox 428 2749 2094 2830">
    <p class='ocr_par' dir='ltr' id='par_1_26' title="bbox 428 2749 2094 2830">
     <span class='ocr_line' id='line_1_27' title="bbox 428 2749 2094 2830; baseline -0.001 -23"><span class='ocrx_word' id='word_1_192' title='bbox 428 2757 728 2828; x_wconf 73' lang='grc' dir='ltr'>τυγχάνειν</span> <span class='ocrx_word' id='word_1_193' title='bbox 781 2753 832 2807; x_wconf 65' lang='lat' dir='ltr'>oi.</span> <span class='ocrx_word' id='word_1_194' title='bbox 889 2756 1056 2807; x_wconf 76' lang='grc' dir='ltr'>ταῦτα</span> <span class='ocrx_word' id='word_1_195' title='bbox 1109 2749 1276 2807; x_wconf 77' lang='grc' dir='ltr'>δεινοῖ</span> <span class='ocrx_word' id='word_1_196' title='bbox 1328 2749 1696 2830; x_wconf 72' lang='grc' dir='ltr'>διειλήφασινο</span> <span class='ocrx_word' id='word_1_197' title='bbox 1725 2755 1760 2822; x_wconf 75' lang='grc' dir='ltr'>ἡ</span> <span class='ocrx_word' id='word_1_198' title='bbox 1794 2749 1850 2806; x_wconf 76' lang='grc' dir='ltr'>δὲ</span> <span class='ocrx_word' id='word_1_199' title='bbox 1878 2751 1948 2826; x_wconf 73' lang='grc' dir='ltr'>τῇ</span> <span class='ocrx_word' id='word_1_200' title='bbox 1974 2773 2094 2807; x_wconf 84' lang='grc' dir='ltr'>στε-</span> 
     </span>
    </p>
   </div>
   <div class='ocr_carea' id='block_1_27' title="bbox 430 2837 2094 2920">
    <p class='ocr_par' dir='ltr' id='par_1_27' title="bbox 430 2837 2094 2920">
     <span class='ocr_line' id='line_1_28' title="bbox 430 2837 2094 2920; baseline -0.001 -23"><span class='ocrx_word' id='word_1_201' title='bbox 430 2844 592 2920; x_wconf 85' lang='grc' dir='ltr'>ρήσει</span> <span class='ocrx_word' id='word_1_202' title='bbox 623 2846 732 2897; x_wconf 83' lang='grc' dir='ltr'>τῶν</span> <span class='ocrx_word' id='word_1_203' title='bbox 763 2839 980 2912; x_wconf 76' lang='grc' dir='ltr'>ἡδονῶν</span> <span class='ocrx_word' id='word_1_204' title='bbox 1022 2837 1508 2915; x_wconf 77' lang='grc' dir='ltr'>ἐπισυμϐαίνουσα,</span> <span class='ocrx_word' id='word_1_205' title='bbox 1543 2840 1888 2920; x_wconf 79' lang='grc' dir='ltr'>θυμόφθορος</span> <span class='ocrx_word' id='word_1_206' title='bbox 1921 2839 2094 2904; x_wconf 77' lang='grc' dir='ltr'>ὅντως</span> 
     </span>
    </p>
   </div>
   <div class='ocr_carea' id='block_1_28' title="bbox 425 2927 2093 3008">
    <p class='ocr_par' dir='ltr' id='par_1_28' title="bbox 425 2927 2093 3008">
     <span class='ocr_line' id='line_1_29' title="bbox 425 2927 2093 3008; baseline -0.001 -20"><span class='ocrx_word' id='word_1_207' title='bbox 425 2933 530 2988; x_wconf 79' lang='grc' dir='ltr'>καὶ</span> <span class='ocrx_word' id='word_1_208' title='bbox 564 2927 736 3008; x_wconf 71' lang='grc' dir='ltr'>ἄρδην</span> <span class='ocrx_word' id='word_1_209' title='bbox 795 2936 908 3006; x_wconf 70' lang='grc'>(74)</span> <span class='ocrx_word' id='word_1_210' title='bbox 966 2929 1280 3006; x_wconf 80' lang='grc' dir='ltr'>εὐδόκιμος.</span> <span class='ocrx_word' id='word_1_211' title='bbox 1344 2932 1422 2989; x_wconf 80' lang='grc' dir='ltr'>Ού</span> <span class='ocrx_word' id='word_1_212' title='bbox 1479 2931 1582 3008; x_wconf 74' lang='grc' dir='ltr'>γὰρ</span> <span class='ocrx_word' id='word_1_213' title='bbox 1643 2930 1808 3000; x_wconf 75' lang='grc' dir='ltr'>ἐστιν,</span> <span class='ocrx_word' id='word_1_214' title='bbox 1841 2932 1939 2986; x_wconf 73' lang='grc' dir='ltr'>οὐκ</span> <span class='ocrx_word' id='word_1_215' title='bbox 1983 2931 2093 2987; x_wconf 77' lang='grc' dir='ltr'>ἔστι</span> 
     </span>
    </p>
   </div>
   <div class='ocr_carea' id='block_1_29' title="bbox 426 3017 2096 3098">
    <p class='ocr_par' dir='ltr' id='par_1_29' title="bbox 426 3017 2096 3098">
     <span class='ocr_line' id='line_1_30' title="bbox 426 3017 2096 3098; baseline -0.001 -20"><span class='ocrx_word' id='word_1_216' title='bbox 426 3021 622 3091; x_wconf 72' lang='grc' dir='ltr'>λύπήν</span> <span class='ocrx_word' id='word_1_217' title='bbox 681 3017 978 3095; x_wconf 72' lang='grc' dir='ltr'>συμϐῆναι,</span> <span class='ocrx_word' id='word_1_218' title='bbox 1079 3021 1164 3076; x_wconf 79' lang='grc' dir='ltr'>ἐπὶ</span> <span class='ocrx_word' id='word_1_219' title='bbox 1225 3023 1472 3094; x_wconf 74' lang='grc' dir='ltr'>στερήσει</span> <span class='ocrx_word' id='word_1_220' title='bbox 1529 3019 1782 3098; x_wconf 71' lang='grc' dir='ltr'>ἐφέσεως.</span> <span class='ocrx_word' id='word_1_221' title='bbox 1835 3019 1934 3076; x_wconf 74' lang='grc' dir='ltr'>ΟἹα</span> <span class='ocrx_word' id='word_1_222' title='bbox 1978 3021 2096 3077; x_wconf 87' lang='grc' dir='ltr'>τοί-</span> 
     </span>
    </p>
   </div>
   <div class='ocr_carea' id='block_1_30' title="bbox 427 3109 2096 3189">
    <p class='ocr_par' dir='ltr' id='par_1_30' title="bbox 427 3109 2096 3189">
     <span class='ocr_line' id='line_1_31' title="bbox 427 3109 2096 3189; baseline 0.002 -22"><span class='ocrx_word' id='word_1_223' title='bbox 427 3134 533 3168; x_wconf 83' lang='grc' dir='ltr'>νυν</span> <span class='ocrx_word' id='word_1_224' title='bbox 586 3115 619 3182; x_wconf 81' lang='grc' dir='ltr'>ἡ</span> <span class='ocrx_word' id='word_1_225' title='bbox 671 3110 872 3189; x_wconf 68' lang='grc' dir='ltr'>ἔφεσις,</span> <span class='ocrx_word' id='word_1_226' title='bbox 920 3109 1107 3166; x_wconf 76' lang='grc' dir='ltr'>τοιάδε</span> <span class='ocrx_word' id='word_1_227' title='bbox 1186 3111 1275 3166; x_wconf 76' lang='grc' dir='ltr'>καὶ</span> <span class='ocrx_word' id='word_1_228' title='bbox 1355 3119 1456 3181; x_wconf 79' lang='grc' dir='ltr'>τῆς</span> <span class='ocrx_word' id='word_1_229' title='bbox 1522 3111 1784 3187; x_wconf 78' lang='grc' dir='ltr'>ἀστοχίας</span> <span class='ocrx_word' id='word_1_230' title='bbox 1833 3114 1867 3182; x_wconf 75' lang='grc' dir='ltr'>ἡ</span> <span class='ocrx_word' id='word_1_231' title='bbox 1923 3110 2096 3183; x_wconf 87' lang='grc' dir='ltr'>λύπη.</span> 
     </span>
    </p>
   </div>
   <div class='ocr_carea' id='block_1_31' title="bbox 430 3198 2097 3278">
    <p class='ocr_par' dir='ltr' id='par_1_31' title="bbox 430 3198 2097 3278">
     <span class='ocr_line' id='line_1_32' title="bbox 430 3198 2097 3278; baseline -0.001 -20"><span class='ocrx_word' id='word_1_232' title='bbox 430 3203 646 3278; x_wconf 71' lang='grc' dir='ltr'>ἀγαθῆς</span> <span class='ocrx_word' id='word_1_233' title='bbox 682 3203 780 3274; x_wconf 71' lang='grc' dir='ltr'>μὲν</span> <span class='ocrx_word' id='word_1_234' title='bbox 813 3200 1030 3277; x_wconf 85' lang='grc' dir='ltr'>ἀρίστη,</span> <span class='ocrx_word' id='word_1_235' title='bbox 1059 3199 1246 3262; x_wconf 85' lang='grc' dir='ltr'>ἀλλως</span> <span class='ocrx_word' id='word_1_236' title='bbox 1275 3198 1330 3256; x_wconf 62' lang='grc' dir='ltr'>δὲ</span> <span class='ocrx_word' id='word_1_237' title='bbox 1362 3199 1622 3277; x_wconf 68' lang='grc' dir='ltr'>ἐχούσης,</span> <span class='ocrx_word' id='word_1_238' title='bbox 1655 3199 1842 3264; x_wconf 74' lang='grc' dir='ltr'>ἄλλως</span> <span class='ocrx_word' id='word_1_239' title='bbox 1872 3198 2097 3278; x_wconf 74' lang='grc' dir='ltr'>ἔχουσα.</span> 
     </span>
    </p>
   </div>
   <div class='ocr_carea' id='block_1_32' title="bbox 1493 383 2772 444">
    <p class='ocr_par' dir='ltr' id='par_1_32' title="bbox 1493 383 2772 444">
     <span class='ocr_line' id='line_1_33' title="bbox 1493 383 2772 444; baseline 0.002 -6"><span class='ocrx_word' id='word_1_240' title='bbox 1493 383 1864 442; x_wconf 77' lang='lat' dir='ltr'>LAUDATIO</span> <span class='ocrx_word' id='word_1_241' title='bbox 1899 389 1957 442; x_wconf 82' lang='lat' dir='ltr'>S.</span> <span class='ocrx_word' id='word_1_242' title='bbox 1995 386 2201 442; x_wconf 77' lang='lat' dir='ltr'><strong>JOAN.</strong></span> <span class='ocrx_word' id='word_1_243' title='bbox 2240 387 2772 444; x_wconf 73' lang='lat' dir='ltr'>CHRYBOSTOMI.</span> 
     </span>
    </p>
   </div>
   <div class='ocr_carea' id='block_1_33' title="bbox 488 506 2158 581">
    <p class='ocr_par' dir='ltr' id='par_1_33' title="bbox 488 506 2158 581">
     <span class='ocr_line' id='line_1_34' title="bbox 488 506 2158 581; baseline -0.002 -12"><span class='ocrx_word' id='word_1_244' title='bbox 488 513 576 569; x_wconf 85' lang='grc' dir='ltr'>ια’.</span> <span class='ocrx_word' id='word_1_245' title='bbox 639 513 822 580; x_wconf 81' lang='grc' dir='ltr'>Μῆνιν</span> <span class='ocrx_word' id='word_1_246' title='bbox 883 506 940 565; x_wconf 72' lang='grc' dir='ltr'>δὲ</span> <span class='ocrx_word' id='word_1_247' title='bbox 995 509 1080 571; x_wconf 88' lang='grc' dir='ltr'>τίς</span> <span class='ocrx_word' id='word_1_248' title='bbox 1137 509 1418 577; x_wconf 77' lang='grc' dir='ltr'>ἀπώσατο,</span> <span class='ocrx_word' id='word_1_249' title='bbox 1470 509 1562 564; x_wconf 81' lang='grc' dir='ltr'>καὶ</span> <span class='ocrx_word' id='word_1_250' title='bbox 1619 510 1953 574; x_wconf 76' lang='grc' dir='ltr'>ἀπωθεῖσθαι</span> <span class='ocrx_word' id='word_1_251' title='bbox 2012 509 2074 566; x_wconf 85' lang='grc' dir='ltr'>τὸ</span> <span class='ocrx_word' id='word_1_252' title='bbox 2108 518 2158 581; x_wconf 79' lang='grc' dir='ltr'><strong>Α</strong></span> 
     </span>
    </p>
   </div>
   <div class='ocr_carea' id='block_1_34' title="bbox 3735 389 3848 448">
    <p class='ocr_par' dir='ltr' id='par_1_34' title="bbox 3735 389 3848 448">
     <span class='ocr_line' id='line_1_35' title="bbox 3735 389 3848 448; baseline 0.035 -5"><span class='ocrx_word' id='word_1_253' title='bbox 3735 389 3848 448; x_wconf 71' lang='grc'>’774</span> 
     </span>
    </p>
   </div>
   <div class='ocr_carea' id='block_1_35' title="bbox 2264 513 3836 591">
    <p class='ocr_par' dir='ltr' id='par_1_35' title="bbox 2264 513 3836 591">
     <span class='ocr_line' id='line_1_36' title="bbox 2264 513 3836 591; baseline 0.005 -25"><span class='ocrx_word' id='word_1_254' title='bbox 2264 517 2346 568; x_wconf 80' lang='lat' dir='ltr'>ll.</span> <span class='ocrx_word' id='word_1_255' title='bbox 2381 514 2524 578; x_wconf 90' lang='lat' dir='ltr'>Quis</span> <span class='ocrx_word' id='word_1_256' title='bbox 2555 520 2756 570; x_wconf 89' lang='lat' dir='ltr'>autem</span> <span class='ocrx_word' id='word_1_257' title='bbox 2789 513 3165 570; x_wconf 83' lang='lat' dir='ltr'>iracundiam</span> <span class='ocrx_word' id='word_1_258' title='bbox 3198 513 3284 570; x_wconf 91' lang='lat' dir='ltr'>sic</span> <span class='ocrx_word' id='word_1_259' title='bbox 3311 513 3526 589; x_wconf 89' lang='lat' dir='ltr'>abegit,</span> <span class='ocrx_word' id='word_1_260' title='bbox 3559 518 3836 591; x_wconf 77' lang='lat' dir='ltr'>gregique</span> 
     </span>
    </p>
   </div>
   <div class='ocr_carea' id='block_1_36' title="bbox 2190 603 3846 676">
    <p class='ocr_par' dir='ltr' id='par_1_36' title="bbox 2190 603 3846 676">
     <span class='ocr_line' id='line_1_37' title="bbox 2190 603 3846 676; baseline 0.002 -18"><span class='ocrx_word' id='word_1_261' title='bbox 2190 603 2427 676; x_wconf 92' lang='lat' dir='ltr'>abigere</span> <span class='ocrx_word' id='word_1_262' title='bbox 2461 605 2778 676; x_wconf 79' lang='lat' dir='ltr'>persuasit,</span> <span class='ocrx_word' id='word_1_263' title='bbox 2805 622 2922 676; x_wconf 90' lang='lat' dir='ltr'>qua</span> <span class='ocrx_word' id='word_1_264' title='bbox 2945 603 3146 660; x_wconf 85' lang='lat' dir='ltr'>divina</span> <span class='ocrx_word' id='word_1_265' title='bbox 3169 605 3594 660; x_wconf 69' lang='lat' dir='ltr'>misericordia:</span> <span class='ocrx_word' id='word_1_266' title='bbox 3619 609 3846 663; x_wconf 83' lang='lat' dir='ltr'>viscera</span> 
     </span>
    </p>
   </div>
   <div class='ocr_carea' id='block_1_37' title="bbox 2190 692 3849 765">
    <p class='ocr_par' dir='ltr' id='par_1_37' title="bbox 2190 692 3849 765">
     <span class='ocr_line' id='line_1_38' title="bbox 2190 692 3849 765; baseline 0.002 -19"><span class='ocrx_word' id='word_1_267' title='bbox 2190 692 2262 746; x_wconf 91' lang='lat' dir='ltr'>iis</span> <span class='ocrx_word' id='word_1_268' title='bbox 2296 693 2393 763; x_wconf 87' lang='lat' dir='ltr'>qui</span> <span class='ocrx_word' id='word_1_269' title='bbox 2428 709 2495 747; x_wconf 90' lang='lat' dir='ltr'>ea</span> <span class='ocrx_word' id='word_1_270' title='bbox 2530 699 2667 747; x_wconf 89' lang='lat' dir='ltr'>sunt</span> <span class='ocrx_word' id='word_1_271' title='bbox 2697 693 2930 764; x_wconf 84' lang='lat' dir='ltr'>perciti,</span> <span class='ocrx_word' id='word_1_272' title='bbox 2964 694 3373 749; x_wconf 83' lang='lat' dir='ltr'>clauduntur?</span> <span class='ocrx_word' id='word_1_273' title='bbox 3395 695 3538 750; x_wconf 84' lang='lat' dir='ltr'>Nam</span> <span class='ocrx_word' id='word_1_274' title='bbox 3564 695 3849 765; x_wconf 86' lang='lat' dir='ltr'>quemad-</span> 
     </span>
    </p>
   </div>
   <div class='ocr_carea' id='block_1_38' title="bbox 2191 781 3849 855">
    <p class='ocr_par' dir='ltr' id='par_1_38' title="bbox 2191 781 3849 855">
     <span class='ocr_line' id='line_1_39' title="bbox 2191 781 3849 855; baseline 0.001 -19"><span class='ocrx_word' id='word_1_275' title='bbox 2191 782 2434 836; x_wconf 83' lang='lat' dir='ltr'>modum</span> <span class='ocrx_word' id='word_1_276' title='bbox 2484 781 2694 837; x_wconf 80' lang='lat' dir='ltr'>feceris</span> <span class='ocrx_word' id='word_1_277' title='bbox 2746 783 2900 847; x_wconf 92' lang='lat' dir='ltr'>aliis,</span> <span class='ocrx_word' id='word_1_278' title='bbox 2950 783 3178 838; x_wconf 89' lang='lat' dir='ltr'>accidet</span> <span class='ocrx_word' id='word_1_279' title='bbox 3223 784 3346 850; x_wconf 90' lang='lat' dir='ltr'>tibi,</span> <span class='ocrx_word' id='word_1_280' title='bbox 3399 784 3596 855; x_wconf 84' lang='lat' dir='ltr'>inquit</span> <span class='ocrx_word' id='word_1_281' title='bbox 3645 785 3726 850; x_wconf 73' lang='grc' dir='ltr'>ης</span> <span class='ocrx_word' id='word_1_282' title='bbox 3789 787 3849 838; x_wconf 91' lang='lat' dir='ltr'>et</span> 
     </span>
    </p>
   </div>
   <div class='ocr_carea' id='block_1_39' title="bbox 2194 873 3847 944">
    <p class='ocr_par' dir='ltr' id='par_1_39' title="bbox 2194 873 3847 944">
     <span class='ocr_line' id='line_1_40' title="bbox 2194 873 3847 944; baseline 0.001 -18"><span class='ocrx_word' id='word_1_283' title='bbox 2194 890 2309 944; x_wconf 90' lang='lat' dir='ltr'>qua</span> <span class='ocrx_word' id='word_1_284' title='bbox 2343 889 2626 927; x_wconf 83' lang='lat' dir='ltr'>mensura</span> <span class='ocrx_word' id='word_1_285' title='bbox 2657 889 2898 928; x_wconf 90' lang='lat' dir='ltr'>mensus</span> <span class='ocrx_word' id='word_1_286' title='bbox 2931 873 3136 939; x_wconf 87' lang='lat' dir='ltr'>fueris,</span> <span class='ocrx_word' id='word_1_287' title='bbox 3178 874 3572 928; x_wconf 79' lang='lat' dir='ltr'>remetientur</span> <span class='ocrx_word' id='word_1_288' title='bbox 3618 873 3745 927; x_wconf 86' lang='lat' dir='ltr'>tibi.</span> <span class='ocrx_word' id='word_1_289' title='bbox 3783 873 3847 928; x_wconf 90' lang='lat' dir='ltr'>Ei</span> 
     </span>
    </p>
   </div>
   <div class='ocr_carea' id='block_1_40' title="bbox 2195 961 3847 1034">
    <p class='ocr_par' dir='ltr' id='par_1_40' title="bbox 2195 961 3847 1034">
     <span class='ocr_line' id='line_1_41' title="bbox 2195 961 3847 1034; baseline 0.002 -19"><span class='ocrx_word' id='word_1_290' title='bbox 2195 962 2414 1034; x_wconf 86' lang='lat' dir='ltr'>quippe</span> <span class='ocrx_word' id='word_1_291' title='bbox 2442 963 2541 1034; x_wconf 89' lang='lat' dir='ltr'>qui</span> <span class='ocrx_word' id='word_1_292' title='bbox 2563 961 2878 1030; x_wconf 88' lang='lat' dir='ltr'>dimiserit,</span> <span class='ocrx_word' id='word_1_293' title='bbox 2901 962 3249 1018; x_wconf 84' lang='lat' dir='ltr'>dimittetur.</span> <span class='ocrx_word' id='word_1_294' title='bbox 3277 965 3344 1018; x_wconf 86' lang='lat' dir='ltr'>Et</span> <span class='ocrx_word' id='word_1_295' title='bbox 3366 980 3436 1018; x_wconf 82' lang='lat' dir='ltr'>ex</span> <span class='ocrx_word' id='word_1_296' title='bbox 3454 963 3847 1034; x_wconf 75' lang='lat' dir='ltr'>consequenti</span> 
     </span>
    </p>
   </div>
   <div class='ocr_carea' id='block_1_41' title="bbox 2195 1051 3847 1125">
    <p class='ocr_par' dir='ltr' id='par_1_41' title="bbox 2195 1051 3847 1125">
     <span class='ocr_line' id='line_1_42' title="bbox 2195 1051 3847 1125; baseline 0.002 -20"><span class='ocrx_word' id='word_1_297' title='bbox 2195 1051 2410 1106; x_wconf 88' lang='lat' dir='ltr'>iterum</span> <span class='ocrx_word' id='word_1_298' title='bbox 2453 1052 2770 1106; x_wconf 79' lang='lat' dir='ltr'>clamavit:</span> <span class='ocrx_word' id='word_1_299' title='bbox 2819 1069 2939 1106; x_wconf 91' lang='lat' dir='ltr'>non</span> <span class='ocrx_word' id='word_1_300' title='bbox 2981 1052 3403 1108; x_wconf 86' lang='lat' dir='ltr'>dimittendum</span> <span class='ocrx_word' id='word_1_301' title='bbox 3450 1071 3578 1108; x_wconf 89' lang='lat' dir='ltr'>esse</span> <span class='ocrx_word' id='word_1_302' title='bbox 3623 1053 3711 1108; x_wconf 89' lang='lat' dir='ltr'>illi</span> <span class='ocrx_word' id='word_1_303' title='bbox 3743 1053 3847 1125; x_wconf 85' lang='lat' dir='ltr'>qui</span> 
     </span>
    </p>
   </div>
   <div class='ocr_carea' id='block_1_42' title="bbox 2199 1141 3848 1215">
    <p class='ocr_par' dir='ltr' id='par_1_42' title="bbox 2199 1141 3848 1215">
     <span class='ocr_line' id='line_1_43' title="bbox 2199 1141 3848 1215; baseline 0.001 -19"><span class='ocrx_word' id='word_1_304' title='bbox 2199 1159 2315 1197; x_wconf 90' lang='lat' dir='ltr'>non</span> <span class='ocrx_word' id='word_1_305' title='bbox 2336 1141 2601 1196; x_wconf 88' lang='lat' dir='ltr'>dimittit.</span> <span class='ocrx_word' id='word_1_306' title='bbox 2625 1141 2839 1212; x_wconf 88' lang='lat' dir='ltr'>Ecquis</span> <span class='ocrx_word' id='word_1_307' title='bbox 2863 1141 3247 1198; x_wconf 85' lang='lat' dir='ltr'>invidentiam</span> <span class='ocrx_word' id='word_1_308' title='bbox 3264 1143 3586 1215; x_wconf 91' lang='lat' dir='ltr'>odiumque</span> <span class='ocrx_word' id='word_1_309' title='bbox 3609 1143 3691 1199; x_wconf 89' lang='lat' dir='ltr'>sic</span> <span class='ocrx_word' id='word_1_310' title='bbox 3710 1160 3848 1198; x_wconf 89' lang='lat' dir='ltr'>con-</span> 
     </span>
    </p>
   </div>
   <div class='ocr_carea' id='block_1_43' title="bbox 2195 1231 3846 1302">
    <p class='ocr_par' dir='ltr' id='par_1_43' title="bbox 2195 1231 3846 1302">
     <span class='ocr_line' id='line_1_44' title="bbox 2195 1231 3846 1302; baseline 0.001 -16"><span class='ocrx_word' id='word_1_311' title='bbox 2195 1232 2456 1299; x_wconf 90' lang='lat' dir='ltr'>demnet,</span> <span class='ocrx_word' id='word_1_312' title='bbox 2491 1237 2553 1286; x_wconf 91' lang='lat' dir='ltr'>ut</span> <span class='ocrx_word' id='word_1_313' title='bbox 2585 1231 2683 1302; x_wconf 91' lang='lat' dir='ltr'>qui</span> <span class='ocrx_word' id='word_1_314' title='bbox 2717 1231 3116 1285; x_wconf 86' lang='lat' dir='ltr'>condemnare</span> <span class='ocrx_word' id='word_1_315' title='bbox 3147 1232 3401 1287; x_wconf 88' lang='lat' dir='ltr'>alterum</span> <span class='ocrx_word' id='word_1_316' title='bbox 3425 1233 3669 1288; x_wconf 87' lang='lat' dir='ltr'>docuit?</span> <span class='ocrx_word' id='word_1_317' title='bbox 3696 1233 3846 1288; x_wconf 87' lang='lat' dir='ltr'>Invi-</span> 
     </span>
    </p>
   </div>
   <div class='ocr_carea' id='block_1_44' title="bbox 2194 1320 3844 1392">
    <p class='ocr_par' dir='ltr' id='par_1_44' title="bbox 2194 1320 3844 1392">
     <span class='ocr_line' id='line_1_45' title="bbox 2194 1320 3844 1392; baseline 0.002 -18"><span class='ocrx_word' id='word_1_318' title='bbox 2194 1321 2411 1375; x_wconf 67' lang='lat' dir='ltr'>dentiaa</span> <span class='ocrx_word' id='word_1_319' title='bbox 2443 1320 2742 1392; x_wconf 89' lang='lat' dir='ltr'>objectum</span> <span class='ocrx_word' id='word_1_320' title='bbox 2776 1337 2905 1375; x_wconf 88' lang='lat' dir='ltr'>esse</span> <span class='ocrx_word' id='word_1_321' title='bbox 2938 1338 3032 1376; x_wconf 91' lang='lat' dir='ltr'>res</span> <span class='ocrx_word' id='word_1_322' title='bbox 3063 1320 3288 1392; x_wconf 88' lang='lat' dir='ltr'>optima</span> <span class='ocrx_word' id='word_1_323' title='bbox 3319 1327 3427 1386; x_wconf 89' lang='lat' dir='ltr'>est,</span> <span class='ocrx_word' id='word_1_324' title='bbox 3453 1323 3590 1392; x_wconf 87' lang='lat' dir='ltr'>quia</span> <span class='ocrx_word' id='word_1_325' title='bbox 3621 1323 3844 1378; x_wconf 91' lang='lat' dir='ltr'>bonum</span> 
     </span>
    </p>
   </div>
   <div class='ocr_carea' id='block_1_45' title="bbox 2196 1409 3850 1483">
    <p class='ocr_par' dir='ltr' id='par_1_45' title="bbox 2196 1409 3850 1483">
     <span class='ocr_line' id='line_1_46' title="bbox 2196 1409 3850 1483; baseline 0.002 -19"><span class='ocrx_word' id='word_1_326' title='bbox 2196 1427 2372 1465; x_wconf 89' lang='lat' dir='ltr'>omne</span> <span class='ocrx_word' id='word_1_327' title='bbox 2389 1409 2734 1466; x_wconf 75' lang='lat' dir='ltr'>invidentim</span> <span class='ocrx_word' id='word_1_328' title='bbox 2756 1410 3081 1465; x_wconf 81' lang='lat' dir='ltr'>obnoxium</span> <span class='ocrx_word' id='word_1_329' title='bbox 3104 1414 3212 1465; x_wconf 90' lang='lat' dir='ltr'>est.</span> <span class='ocrx_word' id='word_1_330' title='bbox 3235 1413 3340 1465; x_wconf 82' lang='lat' dir='ltr'>Ast</span> <span class='ocrx_word' id='word_1_331' title='bbox 3362 1411 3685 1467; x_wconf 87' lang='lat' dir='ltr'>invidentia</span> <span class='ocrx_word' id='word_1_332' title='bbox 3702 1430 3850 1483; x_wconf 71' lang='lat' dir='ltr'>prm-</span> 
     </span>
    </p>
   </div>
   <div class='ocr_carea' id='block_1_46' title="bbox 2198 1499 3849 1572">
    <p class='ocr_par' dir='ltr' id='par_1_46' title="bbox 2198 1499 3849 1572">
     <span class='ocr_line' id='line_1_47' title="bbox 2198 1499 3849 1572; baseline 0.001 -17"><span class='ocrx_word' id='word_1_333' title='bbox 2198 1505 2286 1555; x_wconf 88' lang='lat' dir='ltr'>ter</span> <span class='ocrx_word' id='word_1_334' title='bbox 2316 1499 2573 1555; x_wconf 88' lang='lat' dir='ltr'>dedecus</span> <span class='ocrx_word' id='word_1_335' title='bbox 2593 1500 2788 1570; x_wconf 90' lang='lat' dir='ltr'>seipsa</span> <span class='ocrx_word' id='word_1_336' title='bbox 2811 1499 3172 1554; x_wconf 80' lang='lat' dir='ltr'>damnabilis</span> <span class='ocrx_word' id='word_1_337' title='bbox 3195 1504 3305 1566; x_wconf 89' lang='lat' dir='ltr'>est,</span> <span class='ocrx_word' id='word_1_338' title='bbox 3325 1500 3592 1555; x_wconf 90' lang='lat' dir='ltr'>omnium</span> <span class='ocrx_word' id='word_1_339' title='bbox 3614 1507 3849 1572; x_wconf 89' lang='lat' dir='ltr'>pertur-</span> 
     </span>
    </p>
   </div>
   <div class='ocr_carea' id='block_1_47' title="bbox 2195 1589 3850 1662">
    <p class='ocr_par' dir='ltr' id='par_1_47' title="bbox 2195 1589 3850 1662">
     <span class='ocr_line' id='line_1_48' title="bbox 2195 1589 3850 1662; baseline 0.001 -18"><span class='ocrx_word' id='word_1_340' title='bbox 2195 1589 2502 1645; x_wconf 88' lang='lat' dir='ltr'>bationum</span> <span class='ocrx_word' id='word_1_341' title='bbox 2520 1589 2899 1660; x_wconf 88' lang='lat' dir='ltr'>iniquissima</span> <span class='ocrx_word' id='word_1_342' title='bbox 2913 1589 3340 1644; x_wconf 59' lang='lat' dir='ltr'>misericordia</span> <span class='ocrx_word' id='word_1_343' title='bbox 3354 1589 3618 1645; x_wconf 87' lang='lat' dir='ltr'>hostis:si</span> <span class='ocrx_word' id='word_1_344' title='bbox 3635 1607 3850 1662; x_wconf 88' lang='lat' dir='ltr'>nempe</span> 
     </span>
    </p>
   </div>
   <div class='ocr_carea' id='block_1_48' title="bbox 2197 1678 3849 1742">
    <p class='ocr_par' dir='ltr' id='par_1_48' title="bbox 2197 1678 3849 1742">
     <span class='ocr_line' id='line_1_49' title="bbox 2197 1678 3849 1742; baseline 0.001 -8"><span class='ocrx_word' id='word_1_345' title='bbox 2197 1679 2608 1735; x_wconf 79' lang='lat' dir='ltr'>misericordia</span> <span class='ocrx_word' id='word_1_346' title='bbox 2640 1679 2700 1732; x_wconf 92' lang='lat' dir='ltr'>in</span> <span class='ocrx_word' id='word_1_347' title='bbox 2715 1679 2827 1733; x_wconf 90' lang='lat' dir='ltr'>hoc</span> <span class='ocrx_word' id='word_1_348' title='bbox 2849 1678 2961 1733; x_wconf 86' lang='lat' dir='ltr'>sita</span> <span class='ocrx_word' id='word_1_349' title='bbox 2985 1683 3091 1742; x_wconf 89' lang='lat' dir='ltr'>est,</span> <span class='ocrx_word' id='word_1_350' title='bbox 3117 1685 3181 1732; x_wconf 93' lang='lat' dir='ltr'>ut</span> <span class='ocrx_word' id='word_1_351' title='bbox 3201 1679 3534 1734; x_wconf 90' lang='lat' dir='ltr'>alienorum</span> <span class='ocrx_word' id='word_1_352' title='bbox 3555 1679 3849 1735; x_wconf 87' lang='lat' dir='ltr'>malorum</span> 
     </span>
    </p>
   </div>
   <div class='ocr_carea' id='block_1_49' title="bbox 2197 1768 3846 1840">
    <p class='ocr_par' dir='ltr' id='par_1_49' title="bbox 2197 1768 3846 1840">
     <span class='ocr_line' id='line_1_50' title="bbox 2197 1768 3846 1840; baseline 0 -16"><span class='ocrx_word' id='word_1_353' title='bbox 2197 1770 2460 1840; x_wconf 88' lang='lat' dir='ltr'>aliquem</span> <span class='ocrx_word' id='word_1_354' title='bbox 2491 1769 2710 1832; x_wconf 88' lang='lat' dir='ltr'>doleat,</span> <span class='ocrx_word' id='word_1_355' title='bbox 2741 1768 3067 1823; x_wconf 90' lang='lat' dir='ltr'>invidentia</span> <span class='ocrx_word' id='word_1_356' title='bbox 3085 1785 3218 1823; x_wconf 87' lang='lat' dir='ltr'>vero</span> <span class='ocrx_word' id='word_1_357' title='bbox 3241 1768 3554 1830; x_wconf 88' lang='lat' dir='ltr'>bonorum,</span> <span class='ocrx_word' id='word_1_358' title='bbox 3582 1786 3701 1824; x_wconf 90' lang='lat' dir='ltr'>non</span> <span class='ocrx_word' id='word_1_359' title='bbox 3727 1770 3846 1825; x_wconf 89' lang='lat' dir='ltr'>sui-</span> 
     </span>
    </p>
   </div>
   <div class='ocr_carea' id='block_1_50' title="bbox 2196 1857 3847 1930">
    <p class='ocr_par' dir='ltr' id='par_1_50' title="bbox 2196 1857 3847 1930">
     <span class='ocr_line' id='line_1_51' title="bbox 2196 1857 3847 1930; baseline 0 -16"><span class='ocrx_word' id='word_1_360' title='bbox 2196 1859 2382 1930; x_wconf 89' lang='lat' dir='ltr'>ipsius</span> <span class='ocrx_word' id='word_1_361' title='bbox 2415 1875 2614 1926; x_wconf 90' lang='lat' dir='ltr'>causa,</span> <span class='ocrx_word' id='word_1_362' title='bbox 2650 1857 2753 1913; x_wconf 90' lang='lat' dir='ltr'>sed</span> <span class='ocrx_word' id='word_1_363' title='bbox 2785 1859 2913 1929; x_wconf 86' lang='lat' dir='ltr'>ejus</span> <span class='ocrx_word' id='word_1_364' title='bbox 2945 1859 3046 1928; x_wconf 91' lang='lat' dir='ltr'>qui</span> <span class='ocrx_word' id='word_1_365' title='bbox 3078 1857 3150 1912; x_wconf 88' lang='lat' dir='ltr'>iis</span> <span class='ocrx_word' id='word_1_366' title='bbox 3181 1857 3476 1914; x_wconf 79' lang='lat' dir='ltr'>afﬁcitur:</span> <span class='ocrx_word' id='word_1_367' title='bbox 3524 1864 3702 1929; x_wconf 90' lang='lat' dir='ltr'>atque</span> <span class='ocrx_word' id='word_1_368' title='bbox 3736 1859 3847 1914; x_wconf 83' lang='lat' dir='ltr'>hoc</span> 
     </span>
    </p>
   </div>
   <div class='ocr_carea' id='block_1_51' title="bbox 2200 1947 3848 2020">
    <p class='ocr_par' dir='ltr' id='par_1_51' title="bbox 2200 1947 3848 2020">
     <span class='ocr_line' id='line_1_52' title="bbox 2200 1947 3848 2020; baseline 0 -17"><span class='ocrx_word' id='word_1_369' title='bbox 2200 1950 2446 2020; x_wconf 90' lang='lat' dir='ltr'>insuper</span> <span class='ocrx_word' id='word_1_370' title='bbox 2470 1954 2732 2020; x_wconf 73' lang='lat' dir='ltr'>prmstat,</span> <span class='ocrx_word' id='word_1_371' title='bbox 2765 1953 2831 2002; x_wconf 88' lang='lat' dir='ltr'>ut</span> <span class='ocrx_word' id='word_1_372' title='bbox 2877 1948 3121 2002; x_wconf 88' lang='lat' dir='ltr'>alterius</span> <span class='ocrx_word' id='word_1_373' title='bbox 3172 1947 3464 2002; x_wconf 90' lang='lat' dir='ltr'>bonorum</span> <span class='ocrx_word' id='word_1_374' title='bbox 3513 1948 3848 2004; x_wconf 88' lang='lat' dir='ltr'>accretione</span> 
     </span>
    </p>
   </div>
   <div class='ocr_carea' id='block_1_52' title="bbox 2200 2037 3853 2110">
    <p class='ocr_par' dir='ltr' id='par_1_52' title="bbox 2200 2037 3853 2110">
     <span class='ocr_line' id='line_1_53' title="bbox 2200 2037 3853 2110; baseline 0.001 -18"><span class='ocrx_word' id='word_1_375' title='bbox 2200 2039 2384 2092; x_wconf 84' lang='lat' dir='ltr'>invidi</span> <span class='ocrx_word' id='word_1_376' title='bbox 2415 2038 2578 2093; x_wconf 91' lang='lat' dir='ltr'>labes</span> <span class='ocrx_word' id='word_1_377' title='bbox 2623 2043 2682 2092; x_wconf 94' lang='lat' dir='ltr'>et</span> <span class='ocrx_word' id='word_1_378' title='bbox 2727 2037 2979 2110; x_wconf 82' lang='lat' dir='ltr'>languor</span> <span class='ocrx_word' id='word_1_379' title='bbox 3024 2042 3322 2106; x_wconf 82' lang='lat' dir='ltr'>augescat.</span> <span class='ocrx_word' id='word_1_380' title='bbox 3373 2037 3535 2092; x_wconf 85' lang='lat' dir='ltr'>Adeo</span> <span class='ocrx_word' id='word_1_381' title='bbox 3579 2044 3644 2093; x_wconf 91' lang='lat' dir='ltr'>ut</span> <span class='ocrx_word' id='word_1_382' title='bbox 3687 2038 3853 2109; x_wconf 90' lang='lat' dir='ltr'>prior</span> 
     </span>
    </p>
   </div>
   <div class='ocr_carea' id='block_1_53' title="bbox 2201 2126 3852 2198">
    <p class='ocr_par' dir='ltr' id='par_1_53' title="bbox 2201 2126 3852 2198">
     <span class='ocr_line' id='line_1_54' title="bbox 2201 2126 3852 2198; baseline 0.001 -16"><span class='ocrx_word' id='word_1_383' title='bbox 2201 2129 2302 2182; x_wconf 89' lang='lat' dir='ltr'>ille</span> <span class='ocrx_word' id='word_1_384' title='bbox 2332 2127 2684 2194; x_wconf 84' lang='lat' dir='ltr'>vindicetur,</span> <span class='ocrx_word' id='word_1_385' title='bbox 2719 2129 2818 2198; x_wconf 88' lang='lat' dir='ltr'>qui</span> <span class='ocrx_word' id='word_1_386' title='bbox 2867 2134 3073 2182; x_wconf 90' lang='lat' dir='ltr'>auctus</span> <span class='ocrx_word' id='word_1_387' title='bbox 3123 2126 3297 2182; x_wconf 89' lang='lat' dir='ltr'>bonis</span> <span class='ocrx_word' id='word_1_388' title='bbox 3340 2127 3538 2183; x_wconf 90' lang='lat' dir='ltr'>fuerit.</span> <span class='ocrx_word' id='word_1_389' title='bbox 3589 2127 3670 2181; x_wconf 85' lang='lat' dir='ltr'>Ad</span> <span class='ocrx_word' id='word_1_390' title='bbox 3725 2128 3852 2184; x_wconf 64' lang='lat' dir='ltr'>haec</span> 
     </span>
    </p>
   </div>
   <div class='ocr_carea' id='block_1_54' title="bbox 2201 2216 3848 2289">
    <p class='ocr_par' dir='ltr' id='par_1_54' title="bbox 2201 2216 3848 2289">
     <span class='ocr_line' id='line_1_55' title="bbox 2201 2216 3848 2289; baseline -0.001 -15"><span class='ocrx_word' id='word_1_391' title='bbox 2201 2234 2549 2274; x_wconf 87' lang='lat' dir='ltr'>conservum</span> <span class='ocrx_word' id='word_1_392' title='bbox 2574 2217 2975 2287; x_wconf 85' lang='lat' dir='ltr'>nonjudicare</span> <span class='ocrx_word' id='word_1_393' title='bbox 2992 2216 3244 2282; x_wconf 89' lang='lat' dir='ltr'>monuit,</span> <span class='ocrx_word' id='word_1_394' title='bbox 3267 2233 3340 2271; x_wconf 90' lang='lat' dir='ltr'>ne</span> <span class='ocrx_word' id='word_1_395' title='bbox 3356 2217 3538 2288; x_wconf 90' lang='lat' dir='ltr'>justis</span> <span class='ocrx_word' id='word_1_396' title='bbox 3556 2217 3848 2289; x_wconf 87' lang='lat' dir='ltr'>soliusju-</span> 
     </span>
    </p>
   </div>
   <div class='ocr_carea' id='block_1_55' title="bbox 2202 2306 3851 2378">
    <p class='ocr_par' dir='ltr' id='par_1_55' title="bbox 2202 2306 3851 2378">
     <span class='ocr_line' id='line_1_56' title="bbox 2202 2306 3851 2378; baseline 0 -16"><span class='ocrx_word' id='word_1_397' title='bbox 2202 2309 2350 2363; x_wconf 89' lang='lat' dir='ltr'>dicis</span> <span class='ocrx_word' id='word_1_398' title='bbox 2382 2307 2544 2362; x_wconf 88' lang='lat' dir='ltr'>illius</span> <span class='ocrx_word' id='word_1_399' title='bbox 2575 2307 2820 2362; x_wconf 88' lang='lat' dir='ltr'>calculis</span> <span class='ocrx_word' id='word_1_400' title='bbox 2844 2306 3207 2376; x_wconf 89' lang='lat' dir='ltr'>judicemur,</span> <span class='ocrx_word' id='word_1_401' title='bbox 3259 2323 3291 2361; x_wconf 89' lang='lat' dir='ltr'>a</span> <span class='ocrx_word' id='word_1_402' title='bbox 3323 2323 3440 2377; x_wconf 91' lang='lat' dir='ltr'>quo</span> <span class='ocrx_word' id='word_1_403' title='bbox 3484 2306 3851 2378; x_wconf 89' lang='lat' dir='ltr'>judiciorum</span> 
     </span>
    </p>
   </div>
   <div class='ocr_carea' id='block_1_56' title="bbox 2201 2396 3849 2468">
    <p class='ocr_par' dir='ltr' id='par_1_56' title="bbox 2201 2396 3849 2468">
     <span class='ocr_line' id='line_1_57' title="bbox 2201 2396 3849 2468; baseline -0.001 -15"><span class='ocrx_word' id='word_1_404' title='bbox 2201 2397 2536 2453; x_wconf 88' lang='lat' dir='ltr'>redduntur</span> <span class='ocrx_word' id='word_1_405' title='bbox 2586 2396 2763 2464; x_wconf 90' lang='lat' dir='ltr'>vices,</span> <span class='ocrx_word' id='word_1_406' title='bbox 2821 2412 2930 2450; x_wconf 93' lang='lat' dir='ltr'>nec</span> <span class='ocrx_word' id='word_1_407' title='bbox 2989 2396 3219 2450; x_wconf 89' lang='lat' dir='ltr'>Domini</span> <span class='ocrx_word' id='word_1_408' title='bbox 3273 2396 3413 2467; x_wconf 87' lang='lat' dir='ltr'>jura</span> <span class='ocrx_word' id='word_1_409' title='bbox 3471 2413 3849 2468; x_wconf 86' lang='lat' dir='ltr'>usurpemus.</span> 
     </span>
    </p>
   </div>
   <div class='ocr_carea' id='block_1_57' title="bbox 2201 2485 3856 2559">
    <p class='ocr_par' dir='ltr' id='par_1_57' title="bbox 2201 2485 3856 2559">
     <span class='ocr_line' id='line_1_58' title="bbox 2201 2485 3856 2559; baseline 0 -17"><span class='ocrx_word' id='word_1_410' title='bbox 2201 2487 2495 2555; x_wconf 79' lang='lat' dir='ltr'>Dimittite,</span> <span class='ocrx_word' id='word_1_411' title='bbox 2531 2486 2870 2559; x_wconf 90' lang='lat' dir='ltr'>evangelico</span> <span class='ocrx_word' id='word_1_412' title='bbox 2898 2502 3060 2541; x_wconf 86' lang='lat' dir='ltr'>more</span> <span class='ocrx_word' id='word_1_413' title='bbox 3093 2485 3408 2553; x_wconf 88' lang='lat' dir='ltr'>clamabat,</span> <span class='ocrx_word' id='word_1_414' title='bbox 3461 2492 3513 2540; x_wconf 83' lang='lat' dir='ltr'>et</span> <span class='ocrx_word' id='word_1_415' title='bbox 3542 2487 3856 2542; x_wconf 78' lang='lat' dir='ltr'>dimittetur</span> 
     </span>
    </p>
   </div>
   <div class='ocr_carea' id='block_1_58' title="bbox 2201 2576 3856 2649">
    <p class='ocr_par' dir='ltr' id='par_1_58' title="bbox 2201 2576 3856 2649">
     <span class='ocr_line' id='line_1_59' title="bbox 2201 2576 3856 2649; baseline -0.001 -15"><span class='ocrx_word' id='word_1_416' title='bbox 2201 2579 2353 2635; x_wconf 78' lang='lat' dir='ltr'>vobis</span> <span class='ocrx_word' id='word_1_417' title='bbox 2385 2580 2447 2632; x_wconf 73' lang='lat'>‘3.</span> <span class='ocrx_word' id='word_1_418' title='bbox 2485 2580 2787 2633; x_wconf 76' lang='lat' dir='ltr'>Mmrorem</span> <span class='ocrx_word' id='word_1_419' title='bbox 2822 2577 2922 2648; x_wconf 87' lang='lat' dir='ltr'>qui</span> <span class='ocrx_word' id='word_1_420' title='bbox 2973 2577 3046 2632; x_wconf 89' lang='lat' dir='ltr'>ad</span> <span class='ocrx_word' id='word_1_421' title='bbox 3092 2581 3401 2649; x_wconf 88' lang='lat' dir='ltr'>peccatum</span> <span class='ocrx_word' id='word_1_422' title='bbox 3445 2577 3628 2643; x_wconf 91' lang='lat' dir='ltr'>ducit,</span> <span class='ocrx_word' id='word_1_423' title='bbox 3677 2576 3856 2632; x_wconf 91' lang='lat' dir='ltr'>dolo-</span> 
     </span>
    </p>
   </div>
   <div class='ocr_carea' id='block_1_59' title="bbox 2201 2667 3854 2740">
    <p class='ocr_par' dir='ltr' id='par_1_59' title="bbox 2201 2667 3854 2740">
     <span class='ocr_line' id='line_1_60' title="bbox 2201 2667 3854 2740; baseline -0.001 -16"><span class='ocrx_word' id='word_1_424' title='bbox 2201 2685 2449 2740; x_wconf 89' lang='lat' dir='ltr'>remque</span> <span class='ocrx_word' id='word_1_425' title='bbox 2491 2667 2710 2734; x_wconf 90' lang='lat' dir='ltr'>docuit,</span> <span class='ocrx_word' id='word_1_426' title='bbox 2742 2683 2859 2738; x_wconf 92' lang='lat' dir='ltr'>quo</span> <span class='ocrx_word' id='word_1_427' title='bbox 2900 2667 3109 2722; x_wconf 68' lang='lat' dir='ltr'>laetitia</span> <span class='ocrx_word' id='word_1_428' title='bbox 3156 2667 3402 2738; x_wconf 90' lang='lat' dir='ltr'>paritur.</span> <span class='ocrx_word' id='word_1_429' title='bbox 3445 2668 3707 2732; x_wconf 86' lang='lat' dir='ltr'>Quorum</span> <span class='ocrx_word' id='word_1_430' title='bbox 3757 2668 3854 2724; x_wconf 89' lang='lat' dir='ltr'>hic</span> 
     </span>
    </p>
   </div>
   <div class='ocr_carea' id='block_1_60' title="bbox 2204 2755 3852 2830">
    <p class='ocr_par' dir='ltr' id='par_1_60' title="bbox 2204 2755 3852 2830">
     <span class='ocr_line' id='line_1_61' title="bbox 2204 2755 3852 2830; baseline -0.001 -18"><span class='ocrx_word' id='word_1_431' title='bbox 2204 2758 2444 2830; x_wconf 89' lang='lat' dir='ltr'>quidem</span> <span class='ocrx_word' id='word_1_432' title='bbox 2477 2756 2754 2814; x_wconf 87' lang='lat' dir='ltr'>salutaris</span> <span class='ocrx_word' id='word_1_433' title='bbox 2784 2755 2980 2810; x_wconf 90' lang='lat' dir='ltr'>luctus</span> <span class='ocrx_word' id='word_1_434' title='bbox 3005 2761 3094 2810; x_wconf 90' lang='lat' dir='ltr'>est</span> <span class='ocrx_word' id='word_1_435' title='bbox 3115 2755 3190 2810; x_wconf 89' lang='lat' dir='ltr'>ob</span> <span class='ocrx_word' id='word_1_436' title='bbox 3208 2762 3516 2827; x_wconf 86' lang='lat' dir='ltr'>peccatum</span> <span class='ocrx_word' id='word_1_437' title='bbox 3539 2773 3656 2827; x_wconf 92' lang='lat' dir='ltr'>quo</span> <span class='ocrx_word' id='word_1_438' title='bbox 3677 2757 3852 2812; x_wconf 90' lang='lat' dir='ltr'>aber-</span> 
     </span>
    </p>
   </div>
   <div class='ocr_carea' id='block_1_61' title="bbox 2203 2845 3858 2917">
    <p class='ocr_par' dir='ltr' id='par_1_61' title="bbox 2203 2845 3858 2917">
     <span class='ocr_line' id='line_1_62' title="bbox 2203 2845 3858 2917; baseline 0.001 -16"><span class='ocrx_word' id='word_1_439' title='bbox 2203 2853 2397 2902; x_wconf 88' lang='lat' dir='ltr'>ratum</span> <span class='ocrx_word' id='word_1_440' title='bbox 2423 2846 2535 2901; x_wconf 91' lang='lat' dir='ltr'>fuit</span> <span class='ocrx_word' id='word_1_441' title='bbox 2564 2863 2598 2902; x_wconf 91' lang='lat' dir='ltr'>a</span> <span class='ocrx_word' id='word_1_442' title='bbox 2631 2847 2767 2913; x_wconf 92' lang='lat' dir='ltr'>Deo,</span> <span class='ocrx_word' id='word_1_443' title='bbox 2789 2846 2928 2916; x_wconf 89' lang='lat' dir='ltr'>quia</span> <span class='ocrx_word' id='word_1_444' title='bbox 2953 2862 3199 2917; x_wconf 90' lang='lat' dir='ltr'>peccare</span> <span class='ocrx_word' id='word_1_445' title='bbox 3223 2845 3496 2900; x_wconf 87' lang='lat' dir='ltr'>excidere</span> <span class='ocrx_word' id='word_1_446' title='bbox 3519 2851 3628 2913; x_wconf 90' lang='lat' dir='ltr'>est,</span> <span class='ocrx_word' id='word_1_447' title='bbox 3649 2863 3858 2917; x_wconf 90' lang='lat' dir='ltr'>quem-</span> 
     </span>
    </p>
   </div>
   <div class='ocr_carea' id='block_1_62' title="bbox 2205 2935 3859 3006">
    <p class='ocr_par' dir='ltr' id='par_1_62' title="bbox 2205 2935 3859 3006">
     <span class='ocr_line' id='line_1_63' title="bbox 2205 2935 3859 3006; baseline -0.001 -14"><span class='ocrx_word' id='word_1_448' title='bbox 2205 2936 2524 2993; x_wconf 89' lang='lat' dir='ltr'>admodum</span> <span class='ocrx_word' id='word_1_449' title='bbox 2559 2936 2771 2990; x_wconf 89' lang='lat' dir='ltr'>harum</span> <span class='ocrx_word' id='word_1_450' title='bbox 2802 2952 3001 2990; x_wconf 91' lang='lat' dir='ltr'>rerum</span> <span class='ocrx_word' id='word_1_451' title='bbox 3034 2935 3208 3006; x_wconf 90' lang='lat' dir='ltr'>periti</span> <span class='ocrx_word' id='word_1_452' title='bbox 3240 2935 3536 3006; x_wconf 90' lang='lat' dir='ltr'>produnt:</span> <span class='ocrx_word' id='word_1_453' title='bbox 3589 2935 3691 2990; x_wconf 90' lang='lat' dir='ltr'>ille</span> <span class='ocrx_word' id='word_1_454' title='bbox 3721 2953 3859 2992; x_wconf 89' lang='lat' dir='ltr'>vero</span> 
     </span>
    </p>
   </div>
   <div class='ocr_carea' id='block_1_63' title="bbox 2207 3025 3856 3096">
    <p class='ocr_par' dir='ltr' id='par_1_63' title="bbox 2207 3025 3856 3096">
     <span class='ocr_line' id='line_1_64' title="bbox 2207 3025 3856 3096; baseline 0 -16"><span class='ocrx_word' id='word_1_455' title='bbox 2207 3043 2325 3082; x_wconf 89' lang='lat' dir='ltr'>una</span> <span class='ocrx_word' id='word_1_456' title='bbox 2339 3043 2471 3081; x_wconf 90' lang='lat' dir='ltr'>cum</span> <span class='ocrx_word' id='word_1_457' title='bbox 2485 3025 2950 3080; x_wconf 74' lang='lat' dir='ltr'>oblectationum</span> <span class='ocrx_word' id='word_1_458' title='bbox 2971 3025 3298 3096; x_wconf 82' lang='lat' dir='ltr'>privatione</span> <span class='ocrx_word' id='word_1_459' title='bbox 3312 3025 3856 3096; x_wconf 79' lang='lat' dir='ltr'>conﬂcitanimum,</span> 
     </span>
    </p>
   </div>
   <div class='ocr_carea' id='block_1_64' title="bbox 2209 3114 3859 3188">
    <p class='ocr_par' dir='ltr' id='par_1_64' title="bbox 2209 3114 3859 3188">
     <span class='ocr_line' id='line_1_65' title="bbox 2209 3114 3859 3188; baseline 0 -18"><span class='ocrx_word' id='word_1_460' title='bbox 2209 3122 2417 3186; x_wconf 90' lang='lat' dir='ltr'>estque</span> <span class='ocrx_word' id='word_1_461' title='bbox 2475 3133 2718 3188; x_wconf 88' lang='lat' dir='ltr'>prorsus</span> <span class='ocrx_word' id='word_1_462' title='bbox 2764 3114 3149 3170; x_wconf 87' lang='lat' dir='ltr'>illaudabilis.</span> <span class='ocrx_word' id='word_1_463' title='bbox 3202 3115 3374 3169; x_wconf 85' lang='lat' dir='ltr'>Nullo</span> <span class='ocrx_word' id='word_1_464' title='bbox 3421 3115 3638 3186; x_wconf 80' lang='lat' dir='ltr'>quippe</span> <span class='ocrx_word' id='word_1_465' title='bbox 3686 3121 3859 3186; x_wconf 90' lang='lat' dir='ltr'>pacto</span> 
     </span>
    </p>
   </div>
   <div class='ocr_carea' id='block_1_65' title="bbox 2212 3205 3862 3278">
    <p class='ocr_par' dir='ltr' id='par_1_65' title="bbox 2212 3205 3862 3278">
     <span class='ocr_line' id='line_1_66' title="bbox 2212 3205 3862 3278; baseline -0.001 -18"><span class='ocrx_word' id='word_1_466' title='bbox 2212 3206 2338 3261; x_wconf 83' lang='lat' dir='ltr'>fieri</span> <span class='ocrx_word' id='word_1_467' title='bbox 2375 3206 2561 3278; x_wconf 85' lang='lat' dir='ltr'>possit</span> <span class='ocrx_word' id='word_1_468' title='bbox 2592 3205 2860 3260; x_wconf 85' lang='lat' dir='ltr'>accidere</span> <span class='ocrx_word' id='word_1_469' title='bbox 2891 3221 3227 3269; x_wconf 63' lang='lat' dir='ltr'>maerorem,</span> <span class='ocrx_word' id='word_1_470' title='bbox 3256 3205 3368 3259; x_wconf 91' lang='lat' dir='ltr'>nisi</span> <span class='ocrx_word' id='word_1_471' title='bbox 3394 3205 3674 3260; x_wconf 84' lang='lat' dir='ltr'>frustrato</span> <span class='ocrx_word' id='word_1_472' title='bbox 3700 3205 3862 3260; x_wconf 84' lang='lat' dir='ltr'>desi-</span> 
     </span>
    </p>
   </div>
   <div class='ocr_carea' id='block_1_66' title="bbox 432 3269 2098 3370">
    <p class='ocr_par' dir='ltr' id='par_1_66' title="bbox 432 3291 2098 3370">
     <span class='ocr_line' id='line_1_67' title="bbox 432 3291 2098 3370; baseline -0.001 -21"><span class='ocrx_word' id='word_1_473' title='bbox 432 3293 667 3367; x_wconf 78' lang='grc' dir='ltr'>Ἀρίστη</span> <span class='ocrx_word' id='word_1_474' title='bbox 701 3291 758 3347; x_wconf 69' lang='grc' dir='ltr'>δὲ</span> <span class='ocrx_word' id='word_1_475' title='bbox 809 3296 916 3346; x_wconf 83' lang='grc' dir='ltr'>τῶν</span> <span class='ocrx_word' id='word_1_476' title='bbox 976 3291 1204 3370; x_wconf 66' lang='grc' dir='ltr'>ἐφέσεων</span> <span class='ocrx_word' id='word_1_477' title='bbox 1271 3293 1370 3363; x_wconf 84' lang='grc' dir='ltr'>μία</span> <span class='ocrx_word' id='word_1_478' title='bbox 1425 3292 1562 3367; x_wconf 86' lang='grc' dir='ltr'>πρὸς</span> <span class='ocrx_word' id='word_1_479' title='bbox 1593 3293 1656 3348; x_wconf 80' lang='grc' dir='ltr'>τὸ</span> <span class='ocrx_word' id='word_1_480' title='bbox 1691 3293 1852 3366; x_wconf 84' lang='grc' dir='ltr'>μόνον</span> <span class='ocrx_word' id='word_1_481' title='bbox 1886 3291 2098 3370; x_wconf 72' lang='grc' dir='ltr'>ἄριστον</span> 
     </span>
    </p>
   </div>
   <div class='ocr_carea' id='block_1_67' title="bbox 2209 3269 3865 3370">
    <p class='ocr_par' dir='ltr' id='par_1_67' title="bbox 2215 3269 3865 3368">
     <span class='ocr_line' id='line_1_68' title="bbox 2215 3269 3865 3368; baseline -0.002 -16"><span class='ocrx_word' id='word_1_482' title='bbox 2215 3269 2398 3352; x_wconf 70' lang='grc' dir='ltr'>(18Γὶοῖ</span> <span class='ocrx_word' id='word_1_483' title='bbox 2429 3295 2774 3368; x_wconf 91' lang='lat' dir='ltr'>Cujusmodi</span> <span class='ocrx_word' id='word_1_484' title='bbox 2807 3295 3006 3366; x_wconf 89' lang='lat' dir='ltr'>itaque</span> <span class='ocrx_word' id='word_1_485' title='bbox 3039 3294 3402 3349; x_wconf 86' lang='lat' dir='ltr'>desiderium</span> <span class='ocrx_word' id='word_1_486' title='bbox 3437 3299 3545 3359; x_wconf 89' lang='lat' dir='ltr'>est,</span> <span class='ocrx_word' id='word_1_487' title='bbox 3571 3293 3865 3366; x_wconf 85' lang='lat' dir='ltr'>ejusmodi</span> 
     </span>
    </p>
   </div>
   <div class='ocr_carea' id='block_1_68' title="bbox 429 3380 2103 3463">
    <p class='ocr_par' dir='ltr' id='par_1_68' title="bbox 429 3380 2103 3463">
     <span class='ocr_line' id='line_1_69' title="bbox 429 3380 2103 3463; baseline 0.001 -25"><span class='ocrx_word' id='word_1_488' title='bbox 429 3383 688 3441; x_wconf 85' lang='grc' dir='ltr'>νεύουσα.</span> <span class='ocrx_word' id='word_1_489' title='bbox 718 3388 837 3439; x_wconf 81' lang='grc' dir='ltr'>Τῶν</span> <span class='ocrx_word' id='word_1_490' title='bbox 871 3383 1126 3438; x_wconf 77' lang='grc' dir='ltr'>ἐναντίων</span> <span class='ocrx_word' id='word_1_491' title='bbox 1189 3380 1246 3438; x_wconf 73' lang='grc' dir='ltr'>δὲ</span> <span class='ocrx_word' id='word_1_492' title='bbox 1302 3383 1391 3438; x_wconf 84' lang='grc' dir='ltr'>καὶ</span> <span class='ocrx_word' id='word_1_493' title='bbox 1451 3384 1504 3438; x_wconf 78' lang='grc' dir='ltr'>αἱ</span> <span class='ocrx_word' id='word_1_494' title='bbox 1563 3383 1768 3463; x_wconf 66' lang='grc' dir='ltr'>ἐφέσεις</span> <span class='ocrx_word' id='word_1_495' title='bbox 1809 3384 2103 3445; x_wconf 86' lang='grc' dir='ltr'>ἀντίθετοι.</span> 
     </span>
    </p>
   </div>
   <div class='ocr_carea' id='block_1_69' title="bbox 440 3471 2102 3550">
    <p class='ocr_par' dir='ltr' id='par_1_69' title="bbox 440 3471 2102 3550">
     <span class='ocr_line' id='line_1_70' title="bbox 440 3471 2102 3550; baseline -0.001 -19"><span class='ocrx_word' id='word_1_496' title='bbox 440 3472 704 3545; x_wconf 75' lang='grc' dir='ltr'>Ἀκηδίις</span> <span class='ocrx_word' id='word_1_497' title='bbox 739 3471 796 3528; x_wconf 76' lang='grc' dir='ltr'>δὲ</span> <span class='ocrx_word' id='word_1_498' title='bbox 824 3474 887 3528; x_wconf 85' lang='grc' dir='ltr'>τὸ</span> <span class='ocrx_word' id='word_1_499' title='bbox 919 3471 1106 3529; x_wconf 71' lang='grc' dir='ltr'>ἄτονον</span> <span class='ocrx_word' id='word_1_500' title='bbox 1170 3473 1268 3528; x_wconf 77' lang='grc' dir='ltr'>οὐκ</span> <span class='ocrx_word' id='word_1_501' title='bbox 1324 3472 1556 3530; x_wconf 82' lang='grc' dir='ltr'>ἐτόνωσε</span> <span class='ocrx_word' id='word_1_502' title='bbox 1599 3476 1787 3550; x_wconf 78' lang='grc' dir='ltr'>μνήμῃ</span> <span class='ocrx_word' id='word_1_503' title='bbox 1823 3476 2052 3539; x_wconf 76' lang='grc' dir='ltr'>θανάτου</span> <span class='ocrx_word' id='word_1_504' title='bbox 2087 3493 2102 3545; x_wconf 88' lang='lat'><strong>;</strong></span> 
     </span>
    </p>
   </div>
   <div class='ocr_carea' id='block_1_70' title="bbox 443 3562 2102 3640">
    <p class='ocr_par' dir='ltr' id='par_1_70' title="bbox 443 3562 2102 3640">
     <span class='ocr_line' id='line_1_71' title="bbox 443 3562 2102 3640; baseline 0 -22"><span class='ocrx_word' id='word_1_505' title='bbox 443 3562 666 3634; x_wconf 69' lang='grc' dir='ltr'>διδάξας</span> <span class='ocrx_word' id='word_1_506' title='bbox 696 3565 868 3634; x_wconf 71' lang='grc' dir='ltr'>αὐτῆς</span> <span class='ocrx_word' id='word_1_507' title='bbox 898 3571 998 3632; x_wconf 83' lang='grc' dir='ltr'>τῆς</span> <span class='ocrx_word' id='word_1_508' title='bbox 1031 3567 1218 3639; x_wconf 77' lang='grc' dir='ltr'>ψυχῆς</span> <span class='ocrx_word' id='word_1_509' title='bbox 1267 3568 1705 3640; x_wconf 78' lang='grc' dir='ltr'>νευροτομοῦσαν</span> <span class='ocrx_word' id='word_1_510' title='bbox 1738 3566 1837 3634; x_wconf 77' lang='grc' dir='ltr'>τήν</span> <span class='ocrx_word' id='word_1_511' title='bbox 1873 3562 2102 3637; x_wconf 86' lang='grc' dir='ltr'>δύναμιν</span> 
     </span>
    </p>
   </div>
   <div class='ocr_carea' id='block_1_71' title="bbox 443 3649 2101 3728">
    <p class='ocr_par' dir='ltr' id='par_1_71' title="bbox 443 3649 2101 3728">
     <span class='ocr_line' id='line_1_72' title="bbox 443 3649 2101 3728; baseline -0.001 -20"><span class='ocrx_word' id='word_1_512' title='bbox 443 3653 815 3720; x_wconf 75' lang='grc' dir='ltr'>ἀποσείεσθαι,</span> <span class='ocrx_word' id='word_1_513' title='bbox 864 3655 952 3708; x_wconf 80' lang='grc' dir='ltr'>καὶ</span> <span class='ocrx_word' id='word_1_514' title='bbox 1013 3653 1214 3724; x_wconf 81' lang='grc' dir='ltr'>ταύτην</span> <span class='ocrx_word' id='word_1_515' title='bbox 1278 3654 1674 3716; x_wconf 86' lang='grc' dir='ltr'>ἀντεισοικίσας</span> <span class='ocrx_word' id='word_1_516' title='bbox 1728 3659 1874 3717; x_wconf 91' lang='grc' dir='ltr'>θεῖον</span> <span class='ocrx_word' id='word_1_517' title='bbox 1908 3649 2101 3728; x_wconf 73' lang='grc' dir='ltr'>φοϐον,</span> 
     </span>
    </p>
   </div>
   <div class='ocr_carea' id='block_1_72' title="bbox 444 3741 2101 3819">
    <p class='ocr_par' dir='ltr' id='par_1_72' title="bbox 444 3741 2101 3819">
     <span class='ocr_line' id='line_1_73' title="bbox 444 3741 2101 3819; baseline 0.001 -22"><span class='ocrx_word' id='word_1_518' title='bbox 444 3742 542 3797; x_wconf 73' lang='grc' dir='ltr'>καὶ</span> <span class='ocrx_word' id='word_1_519' title='bbox 573 3744 720 3817; x_wconf 86' lang='grc' dir='ltr'>πόθῳ</span> <span class='ocrx_word' id='word_1_520' title='bbox 767 3743 858 3798; x_wconf 83' lang='grc' dir='ltr'>τὸν</span> <span class='ocrx_word' id='word_1_521' title='bbox 918 3741 1051 3798; x_wconf 79' lang='grc' dir='ltr'>λαὸν</span> <span class='ocrx_word' id='word_1_522' title='bbox 1111 3742 1452 3819; x_wconf 85' lang='grc' dir='ltr'>παροτρύνας</span> <span class='ocrx_word' id='word_1_523' title='bbox 1503 3743 1638 3818; x_wconf 81' lang='grc' dir='ltr'>πρὸς</span> <span class='ocrx_word' id='word_1_524' title='bbox 1673 3743 1858 3819; x_wconf 79' lang='grc' dir='ltr'>εύχάς,</span> <span class='ocrx_word' id='word_1_525' title='bbox 1886 3744 1975 3798; x_wconf 83' lang='grc' dir='ltr'>καὶ</span> <span class='ocrx_word' id='word_1_526' title='bbox 2010 3743 2101 3818; x_wconf 64' lang='grc' dir='ltr'>ῥᾳ-</span> 
     </span>
    </p>
   </div>
   <div class='ocr_carea' id='block_1_73' title="bbox 445 3831 2098 3909">
    <p class='ocr_par' dir='ltr' id='par_1_73' title="bbox 445 3831 2098 3909">
     <span class='ocr_line' id='line_1_74' title="bbox 445 3831 2098 3909; baseline 0.002 -23"><span class='ocrx_word' id='word_1_527' title='bbox 445 3832 646 3907; x_wconf 78' lang='grc' dir='ltr'>θυμίαν</span> <span class='ocrx_word' id='word_1_528' title='bbox 707 3831 870 3908; x_wconf 75' lang='grc' dir='ltr'>ἄρδην</span> <span class='ocrx_word' id='word_1_529' title='bbox 929 3838 1036 3888; x_wconf 78' lang='grc' dir='ltr'>τῶν</span> <span class='ocrx_word' id='word_1_530' title='bbox 1097 3836 1290 3909; x_wconf 74' lang='grc' dir='ltr'>ψυχῶν</span> <span class='ocrx_word' id='word_1_531' title='bbox 1352 3833 1769 3904; x_wconf 79' lang='grc' dir='ltr'>ἐκτινάττεσθαι,</span> <span class='ocrx_word' id='word_1_532' title='bbox 1822 3833 1911 3888; x_wconf 72' lang='grc' dir='ltr'>καὶ</span> <span class='ocrx_word' id='word_1_533' title='bbox 1943 3835 2098 3889; x_wconf 84' lang='grc' dir='ltr'>παντῖ</span> 
     </span>
    </p>
   </div>
   <div class='ocr_carea' id='block_1_74' title="bbox 443 3920 2105 3998">
    <p class='ocr_par' dir='ltr' id='par_1_74' title="bbox 443 3920 2105 3998">
     <span class='ocr_line' id='line_1_75' title="bbox 443 3920 2105 3998; baseline -0.001 -20"><span class='ocrx_word' id='word_1_534' title='bbox 443 3923 621 3978; x_wconf 72' lang='grc' dir='ltr'>σθένει</span> <span class='ocrx_word' id='word_1_535' title='bbox 671 3925 766 3986; x_wconf 75' lang='grc' dir='ltr'>τάς</span> <span class='ocrx_word' id='word_1_536' title='bbox 813 3923 1018 3978; x_wconf 77' lang='grc' dir='ltr'>ὲαυτων</span> <span class='ocrx_word' id='word_1_537' title='bbox 1075 3921 1298 3998; x_wconf 82' lang='grc' dir='ltr'>καρδίας</span> <span class='ocrx_word' id='word_1_538' title='bbox 1339 3929 1545 3997; x_wconf 82' lang='grc' dir='ltr'>τηρεῖν,</span> <span class='ocrx_word' id='word_1_539' title='bbox 1579 3923 1655 3985; x_wconf 82' lang='grc' dir='ltr'>ὡς</span> <span class='ocrx_word' id='word_1_540' title='bbox 1688 3924 1746 3978; x_wconf 71' lang='grc' dir='ltr'>ἂν</span> <span class='ocrx_word' id='word_1_541' title='bbox 1798 3925 1874 3997; x_wconf 72' lang='grc' dir='ltr'>μὴ</span> <span class='ocrx_word' id='word_1_542' title='bbox 1909 3923 1980 3986; x_wconf 82' lang='grc' dir='ltr'>ὡς</span> <span class='ocrx_word' id='word_1_543' title='bbox 2016 3920 2105 3978; x_wconf 67' lang='grc' dir='ltr'>διὰ</span> 
     </span>
    </p>
   </div>
   <div class='ocr_carea' id='block_1_75' title="bbox 445 4006 2107 4088">
    <p class='ocr_par' dir='ltr' id='par_1_75' title="bbox 445 4006 2107 4088">
     <span class='ocr_line' id='line_1_76' title="bbox 445 4006 2107 4088; baseline 0 -22"><span class='ocrx_word' id='word_1_544' title='bbox 445 4009 687 4088; x_wconf 77' lang='grc' dir='ltr'>Θυρῖδων</span> <span class='ocrx_word' id='word_1_545' title='bbox 747 4017 911 4066; x_wconf 82' lang='grc' dir='ltr'>τινῶν</span> <span class='ocrx_word' id='word_1_546' title='bbox 973 4015 1079 4067; x_wconf 86' lang='grc' dir='ltr'>τῶν</span> <span class='ocrx_word' id='word_1_547' title='bbox 1138 4011 1438 4084; x_wconf 77' lang='grc' dir='ltr'>αἰσθήσεων</span> <span class='ocrx_word' id='word_1_548' title='bbox 1500 4006 1674 4086; x_wconf 74' lang='grc' dir='ltr'>ἀναϐῇ</span> <span class='ocrx_word' id='word_1_549' title='bbox 1735 4011 1960 4073; x_wconf 73' lang='grc' dir='ltr'>θάνατος</span> <span class='ocrx_word' id='word_1_550' title='bbox 2020 4010 2107 4066; x_wconf 82' lang='grc' dir='ltr'>ἐπ’</span> 
     </span>
    </p>
   </div>
   <div class='ocr_carea' id='block_1_76' title="bbox 441 4101 638 4164">
    <p class='ocr_par' dir='ltr' id='par_1_76' title="bbox 441 4101 638 4164">
     <span class='ocr_line' id='line_1_77' title="bbox 441 4101 638 4164; baseline 0.01 -7"><span class='ocrx_word' id='word_1_551' title='bbox 441 4101 638 4164; x_wconf 77' lang='grc' dir='ltr'>αὐτάς.</span> 
     </span>
    </p>
   </div>
   <div class='ocr_carea' id='block_1_77' title="bbox 2217 3383 3873 3458">
    <p class='ocr_par' dir='ltr' id='par_1_77' title="bbox 2217 3383 3873 3458">
     <span class='ocr_line' id='line_1_78' title="bbox 2217 3383 3873 3458; baseline -0.002 -17"><span class='ocrx_word' id='word_1_552' title='bbox 2217 3403 2453 3458; x_wconf 84' lang='lat' dir='ltr'>quoque</span> <span class='ocrx_word' id='word_1_553' title='bbox 2486 3403 2705 3441; x_wconf 70' lang='lat' dir='ltr'>mazror</span> <span class='ocrx_word' id='word_1_554' title='bbox 2719 3403 2838 3440; x_wconf 90' lang='lat' dir='ltr'>non</span> <span class='ocrx_word' id='word_1_555' title='bbox 2861 3385 3120 3440; x_wconf 73' lang='lat' dir='ltr'>obtentze</span> <span class='ocrx_word' id='word_1_556' title='bbox 3143 3385 3226 3438; x_wconf 87' lang='lat' dir='ltr'>rei</span> <span class='ocrx_word' id='word_1_557' title='bbox 3255 3383 3607 3440; x_wconf 70' lang='lat' dir='ltr'>desideratas</span> <span class='ocrx_word' id='word_1_558' title='bbox 3633 3401 3646 3439; x_wconf 90' lang='lat'><strong>:</strong></span> <span class='ocrx_word' id='word_1_559' title='bbox 3672 3401 3804 3455; x_wconf 67' lang='lat' dir='ltr'>quas</span> <span class='ocrx_word' id='word_1_560' title='bbox 3823 3383 3873 3439; x_wconf 89' lang='lat' dir='ltr'>si</span> 
     </span>
    </p>
   </div>
   <div class='ocr_carea' id='block_1_78' title="bbox 2215 3473 3871 3546">
    <p class='ocr_par' dir='ltr' id='par_1_78' title="bbox 2215 3473 3871 3546">
     <span class='ocr_line' id='line_1_79' title="bbox 2215 3473 3871 3546; baseline -0.001 -16"><span class='ocrx_word' id='word_1_561' title='bbox 2215 3476 2372 3530; x_wconf 89' lang='lat' dir='ltr'>bona</span> <span class='ocrx_word' id='word_1_562' title='bbox 2404 3481 2512 3542; x_wconf 90' lang='lat' dir='ltr'>est,</span> <span class='ocrx_word' id='word_1_563' title='bbox 2557 3475 2608 3530; x_wconf 92' lang='lat' dir='ltr'>is</span> <span class='ocrx_word' id='word_1_564' title='bbox 2659 3479 2749 3530; x_wconf 90' lang='lat' dir='ltr'>est</span> <span class='ocrx_word' id='word_1_565' title='bbox 2793 3475 3095 3546; x_wconf 86' lang='lat' dir='ltr'>optimus:</span> <span class='ocrx_word' id='word_1_566' title='bbox 3147 3474 3238 3528; x_wconf 90' lang='lat' dir='ltr'>sin</span> <span class='ocrx_word' id='word_1_567' title='bbox 3286 3473 3462 3528; x_wconf 89' lang='lat' dir='ltr'>aliter</span> <span class='ocrx_word' id='word_1_568' title='bbox 3510 3473 3746 3541; x_wconf 91' lang='lat' dir='ltr'>habeat,</span> <span class='ocrx_word' id='word_1_569' title='bbox 3795 3473 3871 3530; x_wconf 88' lang='lat' dir='ltr'>ad</span> 
     </span>
    </p>
   </div>
   <div class='ocr_carea' id='block_1_79' title="bbox 2213 3562 3870 3638">
    <p class='ocr_par' dir='ltr' id='par_1_79' title="bbox 2213 3562 3870 3638">
     <span class='ocr_line' id='line_1_80' title="bbox 2213 3562 3870 3638; baseline -0.001 -19"><span class='ocrx_word' id='word_1_570' title='bbox 2213 3583 2398 3638; x_wconf 89' lang='lat' dir='ltr'>genus</span> <span class='ocrx_word' id='word_1_571' title='bbox 2430 3565 2683 3619; x_wconf 90' lang='lat' dir='ltr'>alterum</span> <span class='ocrx_word' id='word_1_572' title='bbox 2717 3569 2963 3635; x_wconf 81' lang='lat' dir='ltr'>spectat.</span> <span class='ocrx_word' id='word_1_573' title='bbox 3009 3562 3447 3617; x_wconf 90' lang='lat' dir='ltr'>Desideriorum</span> <span class='ocrx_word' id='word_1_574' title='bbox 3487 3579 3672 3617; x_wconf 91' lang='lat' dir='ltr'>unum</span> <span class='ocrx_word' id='word_1_575' title='bbox 3706 3564 3870 3634; x_wconf 88' lang='lat' dir='ltr'>opti-</span> 
     </span>
    </p>
   </div>
   <div class='ocr_carea' id='block_1_80' title="bbox 2215 3653 3867 3729">
    <p class='ocr_par' dir='ltr' id='par_1_80' title="bbox 2215 3653 3867 3729">
     <span class='ocr_line' id='line_1_81' title="bbox 2215 3653 3867 3729; baseline -0.003 -17"><span class='ocrx_word' id='word_1_576' title='bbox 2215 3675 2379 3712; x_wconf 89' lang='lat' dir='ltr'>mum</span> <span class='ocrx_word' id='word_1_577' title='bbox 2414 3664 2520 3725; x_wconf 88' lang='lat' dir='ltr'>est,</span> <span class='ocrx_word' id='word_1_578' title='bbox 2556 3655 2714 3729; x_wconf 92' lang='lat' dir='ltr'>quod</span> <span class='ocrx_word' id='word_1_579' title='bbox 2747 3655 2818 3710; x_wconf 89' lang='lat' dir='ltr'>ad</span> <span class='ocrx_word' id='word_1_580' title='bbox 2853 3654 3000 3709; x_wconf 91' lang='lat' dir='ltr'>illud</span> <span class='ocrx_word' id='word_1_581' title='bbox 3031 3655 3216 3727; x_wconf 78' lang='lat' dir='ltr'>vergit</span> <span class='ocrx_word' id='word_1_582' title='bbox 3245 3654 3402 3726; x_wconf 90' lang='lat' dir='ltr'>quod</span> <span class='ocrx_word' id='word_1_583' title='bbox 3455 3653 3647 3709; x_wconf 89' lang='lat' dir='ltr'>solum</span> <span class='ocrx_word' id='word_1_584' title='bbox 3703 3654 3867 3728; x_wconf 88' lang='lat' dir='ltr'>opti-</span> 
     </span>
    </p>
   </div>
   <div class='ocr_carea' id='block_1_81' title="bbox 2216 3743 3870 3818">
    <p class='ocr_par' dir='ltr' id='par_1_81' title="bbox 2216 3743 3870 3818">
     <span class='ocr_line' id='line_1_82' title="bbox 2216 3743 3870 3818; baseline -0.002 -16"><span class='ocrx_word' id='word_1_585' title='bbox 2216 3765 2377 3818; x_wconf 90' lang='lat' dir='ltr'>mpm</span> <span class='ocrx_word' id='word_1_586' title='bbox 2411 3747 2505 3801; x_wconf 91' lang='lat' dir='ltr'>sit.</span> <span class='ocrx_word' id='word_1_587' title='bbox 2543 3744 2989 3800; x_wconf 87' lang='lat' dir='ltr'>Contrariorum</span> <span class='ocrx_word' id='word_1_588' title='bbox 3025 3761 3202 3814; x_wconf 89' lang='lat' dir='ltr'>porro</span> <span class='ocrx_word' id='word_1_589' title='bbox 3254 3743 3553 3799; x_wconf 89' lang='lat' dir='ltr'>desideria</span> <span class='ocrx_word' id='word_1_590' title='bbox 3597 3745 3870 3816; x_wconf 88' lang='lat' dir='ltr'>opposita</span> 
     </span>
    </p>
   </div>
   <div class='ocr_carea' id='block_1_82' title="bbox 2215 3831 3868 3905">
    <p class='ocr_par' dir='ltr' id='par_1_82' title="bbox 2215 3831 3868 3905">
     <span class='ocr_line' id='line_1_83' title="bbox 2215 3831 3868 3905; baseline -0.002 -16"><span class='ocrx_word' id='word_1_591' title='bbox 2215 3850 2450 3905; x_wconf 87' lang='lat' dir='ltr'>quoque</span> <span class='ocrx_word' id='word_1_592' title='bbox 2469 3838 2628 3888; x_wconf 90' lang='lat' dir='ltr'>sunt.</span> <span class='ocrx_word' id='word_1_593' title='bbox 2647 3832 2925 3903; x_wconf 77' lang='lat' dir='ltr'>Nunquid</span> <span class='ocrx_word' id='word_1_594' title='bbox 2941 3849 3060 3885; x_wconf 91' lang='lat' dir='ltr'>non</span> <span class='ocrx_word' id='word_1_595' title='bbox 3081 3831 3287 3886; x_wconf 91' lang='lat' dir='ltr'>mortis</span> <span class='ocrx_word' id='word_1_596' title='bbox 3305 3831 3716 3886; x_wconf 88' lang='lat' dir='ltr'>recordatione</span> <span class='ocrx_word' id='word_1_597' title='bbox 3735 3848 3868 3886; x_wconf 84' lang='lat' dir='ltr'>ace-</span> 
     </span>
    </p>
   </div>
   <div class='ocr_carea' id='block_1_83' title="bbox 2215 3920 3868 3994">
    <p class='ocr_par' dir='ltr' id='par_1_83' title="bbox 2215 3920 3868 3994">
     <span class='ocr_line' id='line_1_84' title="bbox 2215 3920 3868 3994; baseline -0.001 -16"><span class='ocrx_word' id='word_1_598' title='bbox 2215 3924 2326 3978; x_wconf 80' lang='lat' dir='ltr'>diae</span> <span class='ocrx_word' id='word_1_599' title='bbox 2356 3941 2459 3979; x_wconf 92' lang='lat' dir='ltr'>seu</span> <span class='ocrx_word' id='word_1_600' title='bbox 2496 3923 2751 3994; x_wconf 90' lang='lat' dir='ltr'>torporis</span> <span class='ocrx_word' id='word_1_601' title='bbox 2783 3921 3252 3976; x_wconf 87' lang='lat' dir='ltr'>imbecillitatem</span> <span class='ocrx_word' id='word_1_602' title='bbox 3303 3920 3638 3974; x_wconf 86' lang='lat' dir='ltr'>recreavit?</span> <span class='ocrx_word' id='word_1_603' title='bbox 3688 3937 3868 3991; x_wconf 90' lang='lat' dir='ltr'>quam</span> 
     </span>
    </p>
   </div>
   <div class='ocr_carea' id='block_1_84' title="bbox 2212 4009 3868 4086">
    <p class='ocr_par' dir='ltr' id='par_1_84' title="bbox 2212 4009 3868 4086">
     <span class='ocr_line' id='line_1_85' title="bbox 2212 4009 3868 4086; baseline -0.001 -19"><span class='ocrx_word' id='word_1_604' title='bbox 2212 4014 2436 4086; x_wconf 89' lang='lat' dir='ltr'>pellere</span> <span class='ocrx_word' id='word_1_605' title='bbox 2470 4012 2690 4074; x_wconf 88' lang='lat' dir='ltr'>docuit,</span> <span class='ocrx_word' id='word_1_606' title='bbox 2725 4029 2832 4067; x_wconf 91' lang='lat' dir='ltr'>ceu</span> <span class='ocrx_word' id='word_1_607' title='bbox 2856 4011 3090 4066; x_wconf 88' lang='lat' dir='ltr'>virtutis</span> <span class='ocrx_word' id='word_1_608' title='bbox 3108 4010 3323 4065; x_wconf 74' lang='lat' dir='ltr'>animm</span> <span class='ocrx_word' id='word_1_609' title='bbox 3356 4027 3566 4064; x_wconf 89' lang='lat' dir='ltr'>nervos</span> <span class='ocrx_word' id='word_1_610' title='bbox 3591 4009 3868 4065; x_wconf 85' lang='lat' dir='ltr'>exciden-</span> 
     </span>
    </p>
   </div>
   <div class='ocr_carea' id='block_1_85' title="bbox 2213 4099 3870 4171">
    <p class='ocr_par' dir='ltr' id='par_1_85' title="bbox 2213 4099 3870 4171">
     <span class='ocr_line' id='line_1_86' title="bbox 2213 4099 3870 4171; baseline -0.002 -14"><span class='ocrx_word' id='word_1_611' title='bbox 2213 4108 2354 4168; x_wconf 88' lang='lat' dir='ltr'>tem,</span> <span class='ocrx_word' id='word_1_612' title='bbox 2391 4103 2442 4157; x_wconf 90' lang='lat' dir='ltr'>ei</span> <span class='ocrx_word' id='word_1_613' title='bbox 2469 4101 2887 4157; x_wconf 84' lang='lat' dir='ltr'>substituendo</span> <span class='ocrx_word' id='word_1_614' title='bbox 2907 4102 3007 4155; x_wconf 89' lang='lat' dir='ltr'>Dei</span> <span class='ocrx_word' id='word_1_615' title='bbox 3035 4101 3328 4167; x_wconf 86' lang='lat' dir='ltr'>timorem,</span> <span class='ocrx_word' id='word_1_616' title='bbox 3353 4099 3760 4171; x_wconf 84' lang='lat' dir='ltr'>populumque</span> <span class='ocrx_word' id='word_1_617' title='bbox 3783 4116 3870 4154; x_wconf 87' lang='lat' dir='ltr'>ar-</span> 
     </span>
    </p>
   </div>
   <div class='ocr_carea' id='block_1_86' title="bbox 440 4187 3870 4265">
    <p class='ocr_par' dir='ltr' id='par_1_86' title="bbox 440 4187 3870 4265">
     <span class='ocr_line' id='line_1_87' title="bbox 440 4187 3870 4265; baseline -0.001 -18"><span class='ocrx_word' id='word_1_618' title='bbox 440 4191 688 4247; x_wconf 89' lang='lat' dir='ltr'>dentius</span> <span class='ocrx_word' id='word_1_619' title='bbox 721 4192 1055 4258; x_wconf 82' lang='lat' dir='ltr'>excitando,</span> <span class='ocrx_word' id='word_1_620' title='bbox 1093 4197 1216 4247; x_wconf 90' lang='lat' dir='ltr'>tum</span> <span class='ocrx_word' id='word_1_621' title='bbox 1246 4197 1312 4247; x_wconf 90' lang='lat' dir='ltr'>ut</span> <span class='ocrx_word' id='word_1_622' title='bbox 1340 4192 1673 4249; x_wconf 90' lang='lat' dir='ltr'>rationibus</span> <span class='ocrx_word' id='word_1_623' title='bbox 1703 4192 1915 4249; x_wconf 87' lang='lat' dir='ltr'>darent</span> <span class='ocrx_word' id='word_1_624' title='bbox 1943 4209 2206 4265; x_wconf 89' lang='lat' dir='ltr'>operam,</span> <span class='ocrx_word' id='word_1_625' title='bbox 2243 4197 2366 4245; x_wconf 90' lang='lat' dir='ltr'>tum</span> <span class='ocrx_word' id='word_1_626' title='bbox 2398 4195 2462 4245; x_wconf 93' lang='lat' dir='ltr'>ut</span> <span class='ocrx_word' id='word_1_627' title='bbox 2494 4206 2739 4245; x_wconf 82' lang='lat' dir='ltr'>excusso</span> <span class='ocrx_word' id='word_1_628' title='bbox 2771 4207 2842 4243; x_wconf 82' lang='lat' dir='ltr'>ex</span> <span class='ocrx_word' id='word_1_629' title='bbox 2872 4188 3088 4244; x_wconf 90' lang='lat' dir='ltr'>animis</span> <span class='ocrx_word' id='word_1_630' title='bbox 3121 4195 3377 4259; x_wconf 87' lang='lat' dir='ltr'>torpore,</span> <span class='ocrx_word' id='word_1_631' title='bbox 3407 4187 3685 4242; x_wconf 88' lang='lat' dir='ltr'>omnibus</span> <span class='ocrx_word' id='word_1_632' title='bbox 3729 4187 3870 4244; x_wconf 87' lang='lat' dir='ltr'>viri-</span> 
     </span>
    </p>
   </div>
   <div class='ocr_carea' id='block_1_87' title="bbox 434 4278 3213 4355">
    <p class='ocr_par' dir='ltr' id='par_1_87' title="bbox 434 4278 3213 4355">
     <span class='ocr_line' id='line_1_88' title="bbox 434 4278 3213 4355; baseline -0.001 -17"><span class='ocrx_word' id='word_1_633' title='bbox 434 4281 561 4338; x_wconf 83' lang='lat' dir='ltr'>bus</span> <span class='ocrx_word' id='word_1_634' title='bbox 591 4282 770 4338; x_wconf 89' lang='lat' dir='ltr'>corda</span> <span class='ocrx_word' id='word_1_635' title='bbox 800 4283 1227 4352; x_wconf 89' lang='lat' dir='ltr'>custodiamus,</span> <span class='ocrx_word' id='word_1_636' title='bbox 1255 4300 1328 4338; x_wconf 91' lang='lat' dir='ltr'>ne</span> <span class='ocrx_word' id='word_1_637' title='bbox 1361 4301 1467 4355; x_wconf 90' lang='lat' dir='ltr'>per</span> <span class='ocrx_word' id='word_1_638' title='bbox 1498 4301 1710 4338; x_wconf 88' lang='lat' dir='ltr'>sensus</span> <span class='ocrx_word' id='word_1_639' title='bbox 1743 4283 1902 4338; x_wconf 89' lang='lat' dir='ltr'>velut</span> <span class='ocrx_word' id='word_1_640' title='bbox 1930 4300 2036 4355; x_wconf 88' lang='lat' dir='ltr'>per</span> <span class='ocrx_word' id='word_1_641' title='bbox 2064 4283 2357 4339; x_wconf 83' lang='lat' dir='ltr'>fenestras</span> <span class='ocrx_word' id='word_1_642' title='bbox 2385 4281 2445 4335; x_wconf 92' lang='lat' dir='ltr'>in</span> <span class='ocrx_word' id='word_1_643' title='bbox 2478 4297 2545 4336; x_wconf 89' lang='lat' dir='ltr'>ea</span> <span class='ocrx_word' id='word_1_644' title='bbox 2571 4285 2879 4352; x_wconf 88' lang='lat' dir='ltr'>peccatum</span> <span class='ocrx_word' id='word_1_645' title='bbox 2912 4278 3213 4334; x_wconf 88' lang='lat' dir='ltr'>ascendat.</span> 
     </span>
    </p>
   </div>
   <div class='ocr_carea' id='block_1_88' title="bbox 523 4393 2186 4475">
    <p class='ocr_par' dir='ltr' id='par_1_88' title="bbox 523 4393 2186 4475">
     <span class='ocr_line' id='line_1_89' title="bbox 523 4393 2186 4475; baseline 0.001 -25"><span class='ocrx_word' id='word_1_646' title='bbox 523 4396 614 4471; x_wconf 82' lang='grc' dir='ltr'>ιβ’.</span> <span class='ocrx_word' id='word_1_647' title='bbox 648 4398 898 4472; x_wconf 78' lang='grc' dir='ltr'>Ἑρευνᾷν</span> <span class='ocrx_word' id='word_1_648' title='bbox 959 4398 1056 4461; x_wconf 70' lang='grc' dir='ltr'>τὰς</span> <span class='ocrx_word' id='word_1_649' title='bbox 1115 4396 1329 4475; x_wconf 74' lang='grc' dir='ltr'>Γραφάς</span> <span class='ocrx_word' id='word_1_650' title='bbox 1386 4393 1642 4468; x_wconf 80' lang='grc' dir='ltr'>ἐδίδαξεν,</span> <span class='ocrx_word' id='word_1_651' title='bbox 1705 4395 1976 4474; x_wconf 72' lang='grc' dir='ltr'>ἐξηγητὴς</span> <span class='ocrx_word' id='word_1_652' title='bbox 2018 4395 2186 4466; x_wconf 74' lang='grc' dir='ltr'>καῖί)</span> 
     </span>
    </p>
   </div>
   <div class='ocr_carea' id='block_1_89' title="bbox 434 4483 2112 4563">
    <p class='ocr_par' dir='ltr' id='par_1_89' title="bbox 434 4483 2112 4563">
     <span class='ocr_line' id='line_1_90' title="bbox 434 4483 2112 4563; baseline -0.001 -21"><span class='ocrx_word' id='word_1_653' title='bbox 434 4483 746 4557; x_wconf 71' lang='grc' dir='ltr'>’παιδευτής</span> <span class='ocrx_word' id='word_1_654' title='bbox 799 4485 1008 4542; x_wconf 88' lang='grc' dir='ltr'>τούτων</span> <span class='ocrx_word' id='word_1_655' title='bbox 1066 4488 1384 4563; x_wconf 82' lang='grc' dir='ltr'>γενόμενος,</span> <span class='ocrx_word' id='word_1_656' title='bbox 1442 4485 1531 4540; x_wconf 83' lang='grc' dir='ltr'>καὶ</span> <span class='ocrx_word' id='word_1_657' title='bbox 1585 4491 1915 4562; x_wconf 78' lang='grc' dir='ltr'>προφητικῷ</span> <span class='ocrx_word' id='word_1_658' title='bbox 1955 4487 2112 4541; x_wconf 75' lang='grc' dir='ltr'>πνεύο</span> 
     </span>
    </p>
   </div>
   <div class='ocr_carea' id='block_1_90' title="bbox 448 4573 2114 4654">
    <p class='ocr_par' dir='ltr' id='par_1_90' title="bbox 448 4573 2114 4654">
     <span class='ocr_line' id='line_1_91' title="bbox 448 4573 2114 4654; baseline 0.002 -25"><span class='ocrx_word' id='word_1_659' title='bbox 448 4596 586 4651; x_wconf 82' lang='grc' dir='ltr'>ματι</span> <span class='ocrx_word' id='word_1_660' title='bbox 641 4576 710 4632; x_wconf 71' lang='grc' dir='ltr'>τὰ</span> <span class='ocrx_word' id='word_1_661' title='bbox 765 4578 1114 4650; x_wconf 70' lang='grc' dir='ltr'>κεκρυμμένα</span> <span class='ocrx_word' id='word_1_662' title='bbox 1178 4577 1318 4654; x_wconf 73' lang='grc' dir='ltr'>βοὶοη</span> <span class='ocrx_word' id='word_1_663' title='bbox 1381 4573 1729 4650; x_wconf 75' lang='grc' dir='ltr'>διερευνήσας</span> <span class='ocrx_word' id='word_1_664' title='bbox 1789 4580 1884 4630; x_wconf 85' lang='lat'>105</span> <span class='ocrx_word' id='word_1_665' title='bbox 1941 4576 2114 4632; x_wconf 77' lang='grc' dir='ltr'>Μνεύ-</span> 
     </span>
    </p>
   </div>
   <div class='ocr_carea' id='block_1_91' title="bbox 445 4662 2114 4742">
    <p class='ocr_par' dir='ltr' id='par_1_91' title="bbox 445 4662 2114 4742">
     <span class='ocr_line' id='line_1_92' title="bbox 445 4662 2114 4742; baseline 0.001 -23"><span class='ocrx_word' id='word_1_666' title='bbox 445 4685 648 4740; x_wconf 83' lang='grc' dir='ltr'>ματος,</span> <span class='ocrx_word' id='word_1_667' title='bbox 707 4666 794 4721; x_wconf 81' lang='grc' dir='ltr'>καὶ</span> <span class='ocrx_word' id='word_1_668' title='bbox 855 4662 1146 4742; x_wconf 71' lang='grc' dir='ltr'>διαῤῥηξας</span> <span class='ocrx_word' id='word_1_669' title='bbox 1199 4671 1297 4722; x_wconf 87' lang='lat'>105</span> <span class='ocrx_word' id='word_1_670' title='bbox 1334 4667 1658 4742; x_wconf 78' lang='grc' dir='ltr'>γράμματος</span> <span class='ocrx_word' id='word_1_671' title='bbox 1697 4663 1760 4720; x_wconf 79' lang='grc' dir='ltr'>τὸ</span> <span class='ocrx_word' id='word_1_672' title='bbox 1789 4664 2114 4741; x_wconf 63' lang='grc' dir='ltr'>προκαλυμ-</span> 
     </span>
    </p>
   </div>
   <div class='ocr_carea' id='block_1_92' title="bbox 452 4753 2112 4830">
    <p class='ocr_par' dir='ltr' id='par_1_92' title="bbox 452 4753 2112 4830">
     <span class='ocr_line' id='line_1_93' title="bbox 452 4753 2112 4830; baseline 0.001 -22"><span class='ocrx_word' id='word_1_673' title='bbox 452 4775 554 4829; x_wconf 81' lang='grc' dir='ltr'>μα,</span> <span class='ocrx_word' id='word_1_674' title='bbox 586 4755 674 4810; x_wconf 80' lang='grc' dir='ltr'>καὶ</span> <span class='ocrx_word' id='word_1_675' title='bbox 720 4757 782 4810; x_wconf 87' lang='grc' dir='ltr'>τὸ</span> <span class='ocrx_word' id='word_1_676' title='bbox 831 4754 1040 4818; x_wconf 72' lang='grc' dir='ltr'>καλλος</span> <span class='ocrx_word' id='word_1_677' title='bbox 1103 4754 1472 4830; x_wconf 77' lang='grc' dir='ltr'>δημοσιεύσας</span> <span class='ocrx_word' id='word_1_678' title='bbox 1528 4755 1590 4810; x_wconf 83' lang='grc' dir='ltr'>τὸ</span> <span class='ocrx_word' id='word_1_679' title='bbox 1650 4753 1988 4820; x_wconf 76' lang='grc' dir='ltr'>ἒνιιιπόθετον⁹</span> <span class='ocrx_word' id='word_1_680' title='bbox 2022 4757 2112 4811; x_wconf 86' lang='grc' dir='ltr'>καὶ</span> 
     </span>
    </p>
   </div>
   <div class='ocr_carea' id='block_1_93' title="bbox 445 4842 2088 4924">
    <p class='ocr_par' dir='ltr' id='par_1_93' title="bbox 445 4842 2088 4924">
     <span class='ocr_line' id='line_1_94' title="bbox 445 4842 2088 4924; baseline 0 -26"><span class='ocrx_word' id='word_1_681' title='bbox 445 4847 621 4898; x_wconf 78' lang='grc' dir='ltr'>ταῦτα</span> <span class='ocrx_word' id='word_1_682' title='bbox 678 4844 853 4900; x_wconf 70' lang='grc' dir='ltr'>πάντα</span> <span class='ocrx_word' id='word_1_683' title='bbox 905 4845 1112 4924; x_wconf 68' lang='grc' dir='ltr'>ἀτύφῳ,</span> <span class='ocrx_word' id='word_1_684' title='bbox 1168 4845 1256 4902; x_wconf 80' lang='grc' dir='ltr'>καὶ</span> <span class='ocrx_word' id='word_1_685' title='bbox 1315 4842 1620 4918; x_wconf 80' lang='grc' dir='ltr'>ἀκενοδόξῳ</span> <span class='ocrx_word' id='word_1_686' title='bbox 1667 4849 1745 4918; x_wconf 81' lang='grc' dir='ltr'>τῷ</span> <span class='ocrx_word' id='word_1_687' title='bbox 1777 4847 2088 4922; x_wconf 74' lang='grc' dir='ltr'>φρονήματι</span> 
     </span>
    </p>
   </div>
   <div class='ocr_carea' id='block_1_94' title="bbox 444 4929 2111 5010">
    <p class='ocr_par' dir='ltr' id='par_1_94' title="bbox 444 4929 2111 5010">
     <span class='ocr_line' id='line_1_95' title="bbox 444 4929 2111 5010; baseline 0.001 -22"><span class='ocrx_word' id='word_1_688' title='bbox 444 4929 610 4988; x_wconf 77' lang='grc' dir='ltr'>Ἠδει</span> <span class='ocrx_word' id='word_1_689' title='bbox 658 4933 789 5008; x_wconf 76' lang='grc' dir='ltr'>γὰρ,</span> <span class='ocrx_word' id='word_1_690' title='bbox 848 4931 967 5008; x_wconf 73' lang='grc' dir='ltr'>ᾔδει</span> <span class='ocrx_word' id='word_1_691' title='bbox 1025 4940 1350 4990; x_wconf 84' lang='grc' dir='ltr'>καταπατεῖν</span> <span class='ocrx_word' id='word_1_692' title='bbox 1405 4935 1467 4990; x_wconf 88' lang='grc' dir='ltr'>τὸ</span> <span class='ocrx_word' id='word_1_693' title='bbox 1523 4935 1677 4989; x_wconf 81' lang='grc' dir='ltr'>κενὸν</span> <span class='ocrx_word' id='word_1_694' title='bbox 1739 4931 2011 5010; x_wconf 72' lang='grc' dir='ltr'>δοξάριον,</span> <span class='ocrx_word' id='word_1_695' title='bbox 2050 4934 2111 4990; x_wconf 86' lang='grc' dir='ltr'>τὸ</span> 
     </span>
    </p>
   </div>
   <div class='ocr_carea' id='block_1_95' title="bbox 445 5017 2114 5098">
    <p class='ocr_par' dir='ltr' id='par_1_95' title="bbox 445 5017 2114 5098">
     <span class='ocr_line' id='line_1_96' title="bbox 445 5017 2114 5098; baseline 0.001 -22"><span class='ocrx_word' id='word_1_696' title='bbox 445 5021 610 5076; x_wconf 85' lang='grc' dir='ltr'>κενὸν</span> <span class='ocrx_word' id='word_1_697' title='bbox 641 5017 748 5078; x_wconf 82' lang='grc' dir='ltr'>τῶν</span> <span class='ocrx_word' id='word_1_698' title='bbox 782 5023 962 5078; x_wconf 86' lang='grc' dir='ltr'>πόνων</span> <span class='ocrx_word' id='word_1_699' title='bbox 993 5023 1283 5098; x_wconf 81' lang='grc' dir='ltr'>ἀνάλωμα,</span> <span class='ocrx_word' id='word_1_700' title='bbox 1331 5025 1394 5080; x_wconf 89' lang='grc' dir='ltr'>τὸ</span> <span class='ocrx_word' id='word_1_701' title='bbox 1441 5029 1548 5078; x_wconf 76' lang='grc' dir='ltr'>τῶν</span> <span class='ocrx_word' id='word_1_702' title='bbox 1582 5023 1784 5096; x_wconf 78' lang='grc' dir='ltr'>ἀρετῶν</span> <span class='ocrx_word' id='word_1_703' title='bbox 1818 5022 1978 5095; x_wconf 82' lang='grc' dir='ltr'>λήϊον</span> <span class='ocrx_word' id='word_1_704' title='bbox 2013 5023 2114 5080; x_wconf 85' lang='grc' dir='ltr'>λυ-</span> 
     </span>
    </p>
   </div>
   <div class='ocr_carea' id='block_1_96' title="bbox 450 5111 2113 5192">
    <p class='ocr_par' dir='ltr' id='par_1_96' title="bbox 450 5111 2113 5192">
     <span class='ocr_line' id='line_1_97' title="bbox 450 5111 2113 5192; baseline 0.002 -27"><span class='ocrx_word' id='word_1_705' title='bbox 450 5111 810 5186; x_wconf 79' lang='grc' dir='ltr'>μαινόμενον.</span> <span class='ocrx_word' id='word_1_706' title='bbox 843 5115 1035 5190; x_wconf 83' lang='grc' dir='ltr'>Τιθρᾷν</span> <span class='ocrx_word' id='word_1_707' title='bbox 1083 5114 1186 5190; x_wconf 74' lang='grc' dir='ltr'>γὰρ</span> <span class='ocrx_word' id='word_1_708' title='bbox 1243 5111 1408 5182; x_wconf 75' lang='grc' dir='ltr'>οἶδεν,</span> <span class='ocrx_word' id='word_1_709' title='bbox 1457 5115 1547 5168; x_wconf 85' lang='grc' dir='ltr'>οἷα</span> <span class='ocrx_word' id='word_1_710' title='bbox 1573 5113 1752 5184; x_wconf 85' lang='grc' dir='ltr'>πίθον,</span> <span class='ocrx_word' id='word_1_711' title='bbox 1785 5113 1846 5168; x_wconf 87' lang='grc' dir='ltr'>τὸ</span> <span class='ocrx_word' id='word_1_712' title='bbox 1878 5114 2113 5192; x_wconf 75' lang='grc' dir='ltr'>ψυχικὸν</span> 
     </span>
    </p>
   </div>
   <div class='ocr_carea' id='block_1_97' title="bbox 444 5197 2109 5280">
    <p class='ocr_par' dir='ltr' id='par_1_97' title="bbox 444 5197 2109 5280">
     <span class='ocr_line' id='line_1_98' title="bbox 444 5197 2109 5280; baseline 0.004 -27"><span class='ocrx_word' id='word_1_713' title='bbox 444 5197 674 5275; x_wconf 83' lang='grc' dir='ltr'>δοχεῖον</span> <span class='ocrx_word' id='word_1_714' title='bbox 704 5207 812 5257; x_wconf 79' lang='grc' dir='ltr'>τῶν</span> <span class='ocrx_word' id='word_1_715' title='bbox 846 5203 1073 5278; x_wconf 79' lang='grc' dir='ltr'>ἀρετῶν,</span> <span class='ocrx_word' id='word_1_716' title='bbox 1122 5202 1214 5258; x_wconf 81' lang='grc' dir='ltr'>καὶ</span> <span class='ocrx_word' id='word_1_717' title='bbox 1255 5207 1325 5278; x_wconf 80' lang='grc' dir='ltr'>τῇ</span> <span class='ocrx_word' id='word_1_718' title='bbox 1371 5201 1537 5280; x_wconf 80' lang='grc' dir='ltr'>ἐκροῇ</span> <span class='ocrx_word' id='word_1_719' title='bbox 1580 5202 1798 5277; x_wconf 73' lang='grc' dir='ltr'>εἷσροήν</span> <span class='ocrx_word' id='word_1_720' title='bbox 1831 5197 2109 5276; x_wconf 78' lang='grc' dir='ltr'>ἐκλαμϐά-</span> 
     </span>
    </p>
   </div>
   <div class='ocr_carea' id='block_1_98' title="bbox 438 5291 2110 5372">
    <p class='ocr_par' dir='ltr' id='par_1_98' title="bbox 438 5291 2110 5372">
     <span class='ocr_line' id='line_1_99' title="bbox 438 5291 2110 5372; baseline 0.003 -27"><span class='ocrx_word' id='word_1_721' title='bbox 438 5311 637 5364; x_wconf 88' lang='grc' dir='ltr'>νουσα,</span> <span class='ocrx_word' id='word_1_722' title='bbox 693 5291 848 5348; x_wconf 73' lang='grc' dir='ltr'>οὐδὲν</span> <span class='ocrx_word' id='word_1_723' title='bbox 903 5296 1066 5364; x_wconf 70' lang='grc' dir='ltr'>ἧττον</span> <span class='ocrx_word' id='word_1_724' title='bbox 1124 5294 1277 5350; x_wconf 91' lang='grc' dir='ltr'>κενὸν</span> <span class='ocrx_word' id='word_1_725' title='bbox 1361 5293 1424 5350; x_wconf 86' lang='grc' dir='ltr'>τὸ</span> <span class='ocrx_word' id='word_1_726' title='bbox 1493 5291 1711 5372; x_wconf 85' lang='grc' dir='ltr'>δοχεῖον</span> <span class='ocrx_word' id='word_1_727' title='bbox 1771 5294 2110 5369; x_wconf 79' lang='grc' dir='ltr'>καθίστησιν,</span> 
     </span>
    </p>
   </div>
   <div class='ocr_carea' id='block_1_99' title="bbox 443 5377 2111 5462">
    <p class='ocr_par' dir='ltr' id='par_1_99' title="bbox 443 5377 2111 5462">
     <span class='ocr_line' id='line_1_100' title="bbox 443 5377 2111 5462; baseline 0.005 -28"><span class='ocrx_word' id='word_1_728' title='bbox 443 5377 695 5460; x_wconf 84' lang='grc' dir='ltr'>ἀκερδεῖς</span> <span class='ocrx_word' id='word_1_729' title='bbox 727 5379 963 5459; x_wconf 75' lang='grc' dir='ltr'>ἱδρῶτας</span> <span class='ocrx_word' id='word_1_730' title='bbox 1014 5384 1382 5462; x_wconf 63' lang='grc' dir='ltr'>χαριζομένη,</span> <span class='ocrx_word' id='word_1_731' title='bbox 1428 5383 1518 5440; x_wconf 84' lang='grc' dir='ltr'>καὶ</span> <span class='ocrx_word' id='word_1_732' title='bbox 1570 5385 1735 5441; x_wconf 82' lang='grc' dir='ltr'>πόνον</span> <span class='ocrx_word' id='word_1_733' title='bbox 1777 5383 2111 5460; x_wconf 73' lang='grc' dir='ltr'>προξενοῦσα</span> 
     </span>
    </p>
   </div>
   <div class='ocr_carea' id='block_1_100' title="bbox 456 5563 1494 5653">
    <p class='ocr_par' dir='ltr' id='par_1_100' title="bbox 456 5563 1494 5653">
     <span class='ocr_line' id='line_1_101' title="bbox 456 5563 1494 5653; baseline 0 -35"><span class='ocrx_word' id='word_1_734' title='bbox 456 5632 466 5653; x_wconf 31' lang='grc' dir='ltr'>ἱ</span> <span class='ocrx_word' id='word_1_735' title='bbox 531 5563 576 5598; x_wconf 77' lang='grc'><strong><em>⁸³</em></strong></span> <span class='ocrx_word' id='word_1_736' title='bbox 607 5563 808 5620; x_wconf 86' lang='lat' dir='ltr'>Matth.</span> <span class='ocrx_word' id='word_1_737' title='bbox 841 5581 932 5637; x_wconf 84' lang='lat' dir='ltr'>vn,</span> <span class='ocrx_word' id='word_1_738' title='bbox 963 5565 1016 5620; x_wconf 88' lang='lat'>2.</span> <span class='ocrx_word' id='word_1_739' title='bbox 1054 5564 1098 5600; x_wconf 83' lang='grc'>¹⁸</span> <span class='ocrx_word' id='word_1_740' title='bbox 1130 5565 1264 5624; x_wconf 88' lang='lat' dir='ltr'>Luc.</span> <span class='ocrx_word' id='word_1_741' title='bbox 1299 5581 1372 5634; x_wconf 80' lang='lat' dir='ltr'>vx,</span> <span class='ocrx_word' id='word_1_742' title='bbox 1407 5565 1494 5621; x_wconf 81' lang='lat'>37.</span> 
     </span>
    </p>
   </div>
   <div class='ocr_carea' id='block_1_101' title="bbox 530 5741 1721 5823">
    <p class='ocr_par' dir='ltr' id='par_1_101' title="bbox 530 5741 1721 5823">
     <span class='ocr_line' id='line_1_102' title="bbox 530 5741 1721 5823; baseline 0.001 -19"><span class='ocrx_word' id='word_1_743' title='bbox 530 5749 646 5823; x_wconf 85' lang='lat'>(73)</span> <span class='ocrx_word' id='word_1_744' title='bbox 677 5749 851 5823; x_wconf 80' lang='lat' dir='ltr'>Lego,</span> <span class='ocrx_word' id='word_1_745' title='bbox 882 5743 1050 5819; x_wconf 80' lang='grc' dir='ltr'>ἔσται,</span> <span class='ocrx_word' id='word_1_746' title='bbox 1082 5741 1590 5822; x_wconf 83' lang='grc' dir='ltr'>ἀναμετρηθήσεταί</span> <span class='ocrx_word' id='word_1_747' title='bbox 1613 5766 1721 5805; x_wconf 90' lang='grc' dir='ltr'>σοι.</span> 
     </span>
    </p>
   </div>
   <div class='ocr_carea' id='block_1_102' title="bbox 2294 4395 3872 4470">
    <p class='ocr_par' dir='ltr' id='par_1_102' title="bbox 2294 4395 3872 4470">
     <span class='ocr_line' id='line_1_103' title="bbox 2294 4395 3872 4470; baseline -0.001 -18"><span class='ocrx_word' id='word_1_748' title='bbox 2294 4401 2378 4454; x_wconf 79' lang='lat'>1&#39;2.</span> <span class='ocrx_word' id='word_1_749' title='bbox 2397 4397 2657 4454; x_wconf 85' lang='lat' dir='ltr'>Scrutari</span> <span class='ocrx_word' id='word_1_750' title='bbox 2681 4397 3015 4470; x_wconf 88' lang='lat' dir='ltr'>Scripturas</span> <span class='ocrx_word' id='word_1_751' title='bbox 3037 4395 3258 4461; x_wconf 86' lang='lat' dir='ltr'>docuit,</span> <span class='ocrx_word' id='word_1_752' title='bbox 3285 4412 3534 4468; x_wconf 85' lang='lat' dir='ltr'>quarum</span> <span class='ocrx_word' id='word_1_753' title='bbox 3561 4398 3872 4451; x_wconf 83' lang='lat' dir='ltr'>enarrator</span> 
     </span>
    </p>
   </div>
   <div class='ocr_carea' id='block_1_103' title="bbox 2223 4485 3873 4560">
    <p class='ocr_par' dir='ltr' id='par_1_103' title="bbox 2223 4485 3873 4560">
     <span class='ocr_line' id='line_1_104' title="bbox 2223 4485 3873 4560; baseline -0.003 -15"><span class='ocrx_word' id='word_1_754' title='bbox 2223 4488 2546 4560; x_wconf 90' lang='lat' dir='ltr'>doctorque</span> <span class='ocrx_word' id='word_1_755' title='bbox 2589 4488 2778 4545; x_wconf 84' lang='lat' dir='ltr'>factus</span> <span class='ocrx_word' id='word_1_756' title='bbox 2827 4505 2964 4544; x_wconf 89' lang='lat' dir='ltr'>cum</span> <span class='ocrx_word' id='word_1_757' title='bbox 3011 4487 3211 4550; x_wconf 81' lang='lat' dir='ltr'>fuerit,</span> <span class='ocrx_word' id='word_1_758' title='bbox 3266 4485 3609 4558; x_wconf 84' lang='lat' dir='ltr'>prephetico</span> <span class='ocrx_word' id='word_1_759' title='bbox 3659 4485 3873 4558; x_wconf 89' lang='lat' dir='ltr'>spiritu</span> 
     </span>
    </p>
   </div>
   <div class='ocr_carea' id='block_1_104' title="bbox 2225 4574 3878 4650">
    <p class='ocr_par' dir='ltr' id='par_1_104' title="bbox 2225 4574 3878 4650">
     <span class='ocr_line' id='line_1_105' title="bbox 2225 4574 3878 4650; baseline -0.004 -16"><span class='ocrx_word' id='word_1_760' title='bbox 2225 4595 2473 4634; x_wconf 88' lang='lat' dir='ltr'>arcanas</span> <span class='ocrx_word' id='word_1_761' title='bbox 2487 4577 2738 4650; x_wconf 87' lang='lat' dir='ltr'>Spiritus</span> <span class='ocrx_word' id='word_1_762' title='bbox 2756 4576 3031 4650; x_wconf 81' lang='lat' dir='ltr'>profundi</span> <span class='ocrx_word' id='word_1_763' title='bbox 3043 4583 3190 4632; x_wconf 86' lang='lat' dir='ltr'>tates</span> <span class='ocrx_word' id='word_1_764' title='bbox 3203 4575 3494 4642; x_wconf 90' lang='lat' dir='ltr'>rimando,</span> <span class='ocrx_word' id='word_1_765' title='bbox 3510 4575 3696 4631; x_wconf 90' lang='lat' dir='ltr'>scisso</span> <span class='ocrx_word' id='word_1_766' title='bbox 3715 4574 3878 4629; x_wconf 91' lang='lat' dir='ltr'>litte-</span> 
     </span>
    </p>
   </div>
   <div class='ocr_carea' id='block_1_105' title="bbox 2225 4666 3876 4738">
    <p class='ocr_par' dir='ltr' id='par_1_105' title="bbox 2225 4666 3876 4738">
     <span class='ocr_line' id='line_1_106' title="bbox 2225 4666 3876 4738; baseline -0.003 -13"><span class='ocrx_word' id='word_1_767' title='bbox 2225 4687 2305 4725; x_wconf 70' lang='lat' dir='ltr'>ra:</span> <span class='ocrx_word' id='word_1_768' title='bbox 2337 4668 2484 4734; x_wconf 88' lang='lat' dir='ltr'>velo,</span> <span class='ocrx_word' id='word_1_769' title='bbox 2519 4668 2886 4724; x_wconf 83' lang='lat' dir='ltr'>reconditam</span> <span class='ocrx_word' id='word_1_770' title='bbox 2912 4666 3263 4738; x_wconf 84' lang='lat' dir='ltr'>elegantiam</span> <span class='ocrx_word' id='word_1_771' title='bbox 3286 4666 3673 4738; x_wconf 78' lang='lat' dir='ltr'>exprompsit,</span> <span class='ocrx_word' id='word_1_772' title='bbox 3698 4671 3876 4736; x_wconf 89' lang='lat' dir='ltr'>atque</span> 
     </span>
    </p>
   </div>
   <div class='ocr_carea' id='block_1_106' title="bbox 2225 4755 3875 4828">
    <p class='ocr_par' dir='ltr' id='par_1_106' title="bbox 2225 4755 3875 4828">
     <span class='ocr_line' id='line_1_107' title="bbox 2225 4755 3875 4828; baseline -0.003 -15"><span class='ocrx_word' id='word_1_773' title='bbox 2225 4758 2431 4814; x_wconf 77' lang='lat' dir='ltr'>isthzec</span> <span class='ocrx_word' id='word_1_774' title='bbox 2447 4758 2649 4814; x_wconf 89' lang='lat' dir='ltr'>omnia</span> <span class='ocrx_word' id='word_1_775' title='bbox 2670 4757 2938 4815; x_wconf 87' lang='lat' dir='ltr'>modesto</span> <span class='ocrx_word' id='word_1_776' title='bbox 2963 4757 3233 4828; x_wconf 89' lang='lat' dir='ltr'>nihilque</span> <span class='ocrx_word' id='word_1_777' title='bbox 3259 4755 3511 4828; x_wconf 89' lang='lat' dir='ltr'>superbo</span> <span class='ocrx_word' id='word_1_778' title='bbox 3536 4773 3738 4810; x_wconf 87' lang='lat' dir='ltr'>sensu.</span> <span class='ocrx_word' id='word_1_779' title='bbox 3765 4756 3875 4808; x_wconf 83' lang='lat' dir='ltr'>No-</span> 
     </span>
    </p>
   </div>
   <div class='ocr_carea' id='block_1_107' title="bbox 2224 4845 3876 4919">
    <p class='ocr_par' dir='ltr' id='par_1_107' title="bbox 2224 4845 3876 4919">
     <span class='ocr_line' id='line_1_108' title="bbox 2224 4845 3876 4919; baseline -0.004 -17"><span class='ocrx_word' id='word_1_780' title='bbox 2224 4854 2386 4904; x_wconf 84' lang='lat' dir='ltr'>verat</span> <span class='ocrx_word' id='word_1_781' title='bbox 2433 4847 2751 4919; x_wconf 88' lang='lat' dir='ltr'>siquidem,</span> <span class='ocrx_word' id='word_1_782' title='bbox 2801 4852 3049 4903; x_wconf 81' lang='lat' dir='ltr'>noverat</span> <span class='ocrx_word' id='word_1_783' title='bbox 3091 4846 3331 4903; x_wconf 88' lang='lat' dir='ltr'>inanem</span> <span class='ocrx_word' id='word_1_784' title='bbox 3377 4845 3686 4917; x_wconf 89' lang='lat' dir='ltr'>gloriolam</span> <span class='ocrx_word' id='word_1_785' title='bbox 3733 4860 3876 4914; x_wconf 82' lang='lat' dir='ltr'>pro-</span> 
     </span>
    </p>
   </div>
   <div class='ocr_carea' id='block_1_108' title="bbox 2225 4933 3878 5010">
    <p class='ocr_par' dir='ltr' id='par_1_108' title="bbox 2225 4933 3878 5010">
     <span class='ocr_line' id='line_1_109' title="bbox 2225 4933 3878 5010; baseline -0.005 -16"><span class='ocrx_word' id='word_1_786' title='bbox 2225 4939 2479 5004; x_wconf 83' lang='lat' dir='ltr'>culcare,</span> <span class='ocrx_word' id='word_1_787' title='bbox 2506 4938 2650 4995; x_wconf 71' lang='lat'>892</span> <span class='ocrx_word' id='word_1_788' title='bbox 2676 4953 2791 5010; x_wconf 86' lang='lat' dir='ltr'>qua</span> <span class='ocrx_word' id='word_1_789' title='bbox 2809 4937 3079 4992; x_wconf 87' lang='lat' dir='ltr'>laborum</span> <span class='ocrx_word' id='word_1_790' title='bbox 3108 4936 3362 5008; x_wconf 87' lang='lat' dir='ltr'>pretium</span> <span class='ocrx_word' id='word_1_791' title='bbox 3384 4933 3795 5007; x_wconf 88' lang='lat' dir='ltr'>supprimitur,</span> <span class='ocrx_word' id='word_1_792' title='bbox 3819 4936 3878 4986; x_wconf 91' lang='lat' dir='ltr'>et</span> 
     </span>
    </p>
   </div>
   <div class='ocr_carea' id='block_1_109' title="bbox 2223 5025 3877 5084">
    <p class='ocr_par' dir='ltr' id='par_1_109' title="bbox 2223 5025 3877 5084">
     <span class='ocr_line' id='line_1_110' title="bbox 2223 5025 3877 5084; baseline -0.005 -1"><span class='ocrx_word' id='word_1_793' title='bbox 2223 5029 2505 5084; x_wconf 87' lang='lat' dir='ltr'>virtutum</span> <span class='ocrx_word' id='word_1_794' title='bbox 2530 5027 2844 5084; x_wconf 86' lang='lat' dir='ltr'>marcescit</span> <span class='ocrx_word' id='word_1_795' title='bbox 2863 5027 3060 5083; x_wconf 89' lang='lat' dir='ltr'>decor.</span> <span class='ocrx_word' id='word_1_796' title='bbox 3083 5025 3414 5082; x_wconf 86' lang='lat' dir='ltr'>Soletenim</span> <span class='ocrx_word' id='word_1_797' title='bbox 3429 5025 3708 5079; x_wconf 86' lang='lat' dir='ltr'>virtutum</span> <span class='ocrx_word' id='word_1_798' title='bbox 3731 5038 3877 5076; x_wconf 89' lang='lat' dir='ltr'>con-</span> 
     </span>
    </p>
   </div>
   <div class='ocr_carea' id='block_1_110' title="bbox 2223 5110 3880 5191">
    <p class='ocr_par' dir='ltr' id='par_1_110' title="bbox 2223 5110 3880 5191">
     <span class='ocr_line' id='line_1_111' title="bbox 2223 5110 3880 5191; baseline -0.007 -17"><span class='ocrx_word' id='word_1_799' title='bbox 2223 5117 2595 5191; x_wconf 86' lang='lat' dir='ltr'>ceptaculum</span> <span class='ocrx_word' id='word_1_800' title='bbox 2610 5116 2768 5172; x_wconf 90' lang='lat' dir='ltr'>haud</span> <span class='ocrx_word' id='word_1_801' title='bbox 2783 5133 2952 5172; x_wconf 86' lang='lat' dir='ltr'>secus</span> <span class='ocrx_word' id='word_1_802' title='bbox 2966 5123 3142 5187; x_wconf 88' lang='lat' dir='ltr'>atque</span> <span class='ocrx_word' id='word_1_803' title='bbox 3157 5115 3316 5170; x_wconf 89' lang='lat' dir='ltr'>doliu</span> <span class='ocrx_word' id='word_1_804' title='bbox 3328 5131 3377 5169; x_wconf 89' lang='lat' dir='ltr'>m</span> <span class='ocrx_word' id='word_1_805' title='bbox 3395 5112 3694 5186; x_wconf 82' lang='lat' dir='ltr'>perforare</span> <span class='ocrx_word' id='word_1_806' title='bbox 3707 5110 3880 5165; x_wconf 85' lang='lat' dir='ltr'>inﬂu-</span> 
     </span>
    </p>
   </div>
   <div class='ocr_carea' id='block_1_111' title="bbox 2222 5202 3882 5278">
    <p class='ocr_par' dir='ltr' id='par_1_111' title="bbox 2222 5202 3882 5278">
     <span class='ocr_line' id='line_1_112' title="bbox 2222 5202 3882 5278; baseline -0.005 -15"><span class='ocrx_word' id='word_1_807' title='bbox 2222 5207 2717 5278; x_wconf 78' lang='lat' dir='ltr'>xumqueefﬂuxu</span> <span class='ocrx_word' id='word_1_808' title='bbox 2733 5207 3056 5278; x_wconf 83' lang='lat' dir='ltr'>excipiens,</span> <span class='ocrx_word' id='word_1_809' title='bbox 3081 5222 3178 5260; x_wconf 80' lang='lat' dir='ltr'>vas</span> <span class='ocrx_word' id='word_1_810' title='bbox 3209 5202 3601 5260; x_wconf 84' lang='lat' dir='ltr'>nihilominus</span> <span class='ocrx_word' id='word_1_811' title='bbox 3631 5216 3882 5256; x_wconf 86' lang='lat' dir='ltr'>vacuum</span> 
     </span>
    </p>
   </div>
   <div class='ocr_carea' id='block_1_112' title="bbox 2221 5288 3888 5370">
    <p class='ocr_par' dir='ltr' id='par_1_112' title="bbox 2221 5288 3888 5370">
     <span class='ocr_line' id='line_1_113' title="bbox 2221 5288 3888 5370; baseline -0.005 -18"><span class='ocrx_word' id='word_1_812' title='bbox 2221 5297 2944 5370; x_wconf 75' lang='lat' dir='ltr'>relinquitinfructuosos</span> <span class='ocrx_word' id='word_1_813' title='bbox 2961 5295 3194 5351; x_wconf 88' lang='lat' dir='ltr'>labores</span> <span class='ocrx_word' id='word_1_814' title='bbox 3208 5291 3526 5366; x_wconf 64' lang='lat' dir='ltr'>praebendo</span> <span class='ocrx_word' id='word_1_815' title='bbox 3545 5288 3888 5346; x_wconf 83' lang='lat' dir='ltr'>efﬁciendo-</span> 
     </span>
    </p>
   </div>
   <div class='ocr_carea' id='block_1_113' title="bbox 2224 5379 3888 5461">
    <p class='ocr_par' dir='ltr' id='par_1_113' title="bbox 2224 5379 3888 5461">
     <span class='ocr_line' id='line_1_114' title="bbox 2224 5379 3888 5461; baseline -0.006 -17"><span class='ocrx_word' id='word_1_816' title='bbox 2224 5405 2337 5461; x_wconf 91' lang='lat' dir='ltr'>que</span> <span class='ocrx_word' id='word_1_817' title='bbox 2369 5393 2432 5443; x_wconf 85' lang='lat' dir='ltr'>ut</span> <span class='ocrx_word' id='word_1_818' title='bbox 2461 5385 2632 5443; x_wconf 87' lang='lat' dir='ltr'>labor</span> <span class='ocrx_word' id='word_1_819' title='bbox 2654 5386 2803 5442; x_wconf 88' lang='lat' dir='ltr'>nihil</span> <span class='ocrx_word' id='word_1_820' title='bbox 2828 5383 3216 5442; x_wconf 88' lang='lat' dir='ltr'>emolumenti</span> <span class='ocrx_word' id='word_1_821' title='bbox 3241 5381 3552 5456; x_wconf 85' lang='lat' dir='ltr'>percipiat.</span> <span class='ocrx_word' id='word_1_822' title='bbox 3578 5381 3640 5434; x_wconf 87' lang='lat' dir='ltr'>Ei</span> <span class='ocrx_word' id='word_1_823' title='bbox 3666 5379 3888 5454; x_wconf 88' lang='lat' dir='ltr'>quippe</span> 
     </span>
    </p>
   </div>
   <div class='ocr_carea' id='block_1_114' title="bbox 2301 5742 2934 5822">
    <p class='ocr_par' dir='ltr' id='par_1_114' title="bbox 2301 5742 2934 5822">
     <span class='ocr_line' id='line_1_115' title="bbox 2301 5742 2934 5822; baseline -0.002 -19"><span class='ocrx_word' id='word_1_824' title='bbox 2301 5751 2415 5822; x_wconf 76' lang='grc'>(74)</span> <span class='ocrx_word' id='word_1_825' title='bbox 2448 5749 2618 5822; x_wconf 90' lang='lat' dir='ltr'>Lego,</span> <span class='ocrx_word' id='word_1_826' title='bbox 2647 5742 2934 5820; x_wconf 81' lang='grc' dir='ltr'>ἀδόκιμος.</span> 
     </span>
    </p>
   </div>
  </div>
