  <div class='ocr_page' id='page_1' title='image "/cluster/home/n/w/nwhite01/storage/ocr_20150623/96:no.3/coo.31924054870005/405.png"; bbox 0 0 4160 6406; ppageno 0'>
   <div class='ocr_carea' id='block_1_1' title="bbox 425 404 535 459">
    <p class='ocr_par' dir='ltr' id='par_1_1' title="bbox 425 404 535 459">
     <span class='ocr_line' id='line_1_1' title="bbox 425 404 535 459; baseline 0.009 -1"><span class='ocrx_word' id='word_1_1' title='bbox 425 404 535 459; x_wconf 85' lang='grc'><strong>775</strong></span> 
     </span>
    </p>
   </div>
   <div class='ocr_carea' id='block_1_2' title="bbox 1697 396 2569 459">
    <p class='ocr_par' dir='ltr' id='par_1_2' title="bbox 1697 396 2569 459">
     <span class='ocr_line' id='line_1_2' title="bbox 1697 396 2569 459; baseline 0.006 -5"><span class='ocrx_word' id='word_1_2' title='bbox 1697 400 1757 454; x_wconf 82' lang='grc' dir='ltr'>Β.</span> <span class='ocrx_word' id='word_1_3' title='bbox 1795 396 2108 453; x_wconf 72' lang='lat' dir='ltr'><strong>JOANNIS</strong></span> <span class='ocrx_word' id='word_1_4' title='bbox 2143 397 2569 459; x_wconf 74' lang='lat' dir='ltr'><strong>DAMASCENI</strong></span> 
     </span>
    </p>
   </div>
   <div class='ocr_carea' id='block_1_3' title="bbox 668 4 2327 46">
    <p class='ocr_par' dir='ltr' id='par_1_3' title="bbox 668 4 2327 46">
     <span class='ocr_line' id='line_1_3' title="bbox 668 4 2327 46; baseline 0.001 -17"><span class='ocrx_word' id='word_1_5' title='bbox 668 24 677 29; x_wconf 85' lang='lat'><strong>-</strong></span> <span class='ocrx_word' id='word_1_6' title='bbox 1114 30 1117 31; x_wconf 67' lang='lat'>,</span> <span class='ocrx_word' id='word_1_7' title='bbox 1158 4 2300 46; x_wconf 46' lang='lat' dir='ltr'><strong>”Ti““’_:_l_</strong></span> <span class='ocrx_word' id='word_1_8' title='bbox 2322 27 2327 42; x_wconf 84' lang='grc'><strong>,</strong></span> 
     </span>
    </p>
   </div>
   <div class='ocr_carea' id='block_1_4' title="bbox 3737 406 3852 462">
    <p class='ocr_par' dir='ltr' id='par_1_4' title="bbox 3737 406 3852 462">
     <span class='ocr_line' id='line_1_4' title="bbox 3737 406 3852 462; baseline -0.017 0"><span class='ocrx_word' id='word_1_9' title='bbox 3737 406 3852 462; x_wconf 87' lang='grc'><strong>776</strong></span> 
     </span>
    </p>
   </div>
   <div class='ocr_carea' id='block_1_5' title="bbox 424 517 2055 603">
    <p class='ocr_par' dir='ltr' id='par_1_5' title="bbox 424 520 2055 599">
     <span class='ocr_line' id='line_1_5' title="bbox 424 520 2055 599; baseline -0.007 -14"><span class='ocrx_word' id='word_1_10' title='bbox 424 530 798 599; x_wconf 89' lang='lat' dir='ltr'><strong>compertum</strong></span> <span class='ocrx_word' id='word_1_11' title='bbox 819 530 966 593; x_wconf 87' lang='lat' dir='ltr'><strong>erat,</strong></span> <span class='ocrx_word' id='word_1_12' title='bbox 988 524 1240 599; x_wconf 78' lang='lat' dir='ltr'><strong>gloriam</strong></span> <span class='ocrx_word' id='word_1_13' title='bbox 1262 538 1502 579; x_wconf 91' lang='lat' dir='ltr'><strong>omnem</strong></span> <span class='ocrx_word' id='word_1_14' title='bbox 1522 520 2055 591; x_wconf 79' lang='lat' dir='ltr'><strong>sublimitatemqm</strong></span> 
     </span>
    </p>
   </div>
   <div class='ocr_carea' id='block_1_6' title="bbox 2162 517 3849 603">
    <p class='ocr_par' dir='ltr' id='par_1_6' title="bbox 2190 517 3849 603">
     <span class='ocr_line' id='line_1_6' title="bbox 2190 517 3849 603; baseline 0.007 -29"><span class='ocrx_word' id='word_1_15' title='bbox 2190 517 2517 598; x_wconf 70' lang='grc' dir='ltr'><strong>ἐπικαρπίας</strong></span> <span class='ocrx_word' id='word_1_16' title='bbox 2574 526 2877 602; x_wconf 68' lang='grc' dir='ltr'>ἀμέτοχον.</span> <span class='ocrx_word' id='word_1_17' title='bbox 2936 527 3168 600; x_wconf 84' lang='grc' dir='ltr'>Πρέπειν</span> <span class='ocrx_word' id='word_1_18' title='bbox 3225 528 3332 601; x_wconf 72' lang='grc' dir='ltr'><strong>γὰρ</strong></span> <span class='ocrx_word' id='word_1_19' title='bbox 3388 523 3531 603; x_wconf 60' lang='grc' dir='ltr'>ᾔδει,</span> <span class='ocrx_word' id='word_1_20' title='bbox 3591 532 3712 601; x_wconf 84' lang='grc' dir='ltr'>Θεῷ</span> <span class='ocrx_word' id='word_1_21' title='bbox 3748 528 3849 601; x_wconf 73' lang='grc' dir='ltr'>μὲν</span> 
     </span>
    </p>
   </div>
   <div class='ocr_carea' id='block_1_7' title="bbox 421 610 2055 692">
    <p class='ocr_par' dir='ltr' id='par_1_7' title="bbox 421 613 2052 685">
     <span class='ocr_line' id='line_1_7' title="bbox 421 613 2052 685; baseline -0.004 -11"><span class='ocrx_word' id='word_1_22' title='bbox 421 620 539 674; x_wconf 93' lang='lat' dir='ltr'><strong>Deo</strong></span> <span class='ocrx_word' id='word_1_23' title='bbox 567 618 802 684; x_wconf 85' lang='lat' dir='ltr'><strong>decere,</strong></span> <span class='ocrx_word' id='word_1_24' title='bbox 834 617 1066 673; x_wconf 86' lang='lat' dir='ltr'><strong>homini</strong></span> <span class='ocrx_word' id='word_1_25' title='bbox 1097 634 1232 672; x_wconf 92' lang='lat' dir='ltr'><strong>vero</strong></span> <span class='ocrx_word' id='word_1_26' title='bbox 1264 613 1686 679; x_wconf 73' lang='lat' dir='ltr'><strong>humilitatem,</strong></span> <span class='ocrx_word' id='word_1_27' title='bbox 1720 630 1853 685; x_wconf 81' lang='lat' dir='ltr'><strong>quae</strong></span> <span class='ocrx_word' id='word_1_28' title='bbox 1884 613 1976 669; x_wconf 90' lang='lat' dir='ltr'><strong>via</strong></span> <span class='ocrx_word' id='word_1_29' title='bbox 2003 613 2052 668; x_wconf 89' lang='lat' dir='ltr'><strong>si</strong></span> 
     </span>
    </p>
   </div>
   <div class='ocr_carea' id='block_1_8' title="bbox 2162 610 3845 692">
    <p class='ocr_par' dir='ltr' id='par_1_8' title="bbox 2186 610 3845 692">
     <span class='ocr_line' id='line_1_8' title="bbox 2186 610 3845 692; baseline 0.005 -28"><span class='ocrx_word' id='word_1_30' title='bbox 2186 613 2288 665; x_wconf 85' lang='grc' dir='ltr'><strong>πᾶν</strong></span> <span class='ocrx_word' id='word_1_31' title='bbox 2320 610 2483 677; x_wconf 79' lang='grc' dir='ltr'>κλὲος</span> <span class='ocrx_word' id='word_1_32' title='bbox 2512 616 2604 669; x_wconf 80' lang='grc' dir='ltr'>καί</span> <span class='ocrx_word' id='word_1_33' title='bbox 2660 614 2906 689; x_wconf 81' lang='grc' dir='ltr'><strong>ἔπαρμα,</strong></span> <span class='ocrx_word' id='word_1_34' title='bbox 2965 616 3239 692; x_wconf 77' lang='grc' dir='ltr'><strong>ἀνθρώπῳ</strong></span> <span class='ocrx_word' id='word_1_35' title='bbox 3275 613 3333 671; x_wconf 73' lang='grc' dir='ltr'>δὲ</span> <span class='ocrx_word' id='word_1_36' title='bbox 3361 618 3462 686; x_wconf 75' lang='grc' dir='ltr'><strong>τὴν</strong></span> <span class='ocrx_word' id='word_1_37' title='bbox 3493 617 3845 688; x_wconf 77' lang='grc' dir='ltr'><strong>ταπείνωσιν,</strong></span> 
     </span>
    </p>
   </div>
   <div class='ocr_carea' id='block_1_9' title="bbox 418 695 2055 784">
    <p class='ocr_par' dir='ltr' id='par_1_9' title="bbox 418 702 2055 780">
     <span class='ocr_line' id='line_1_9' title="bbox 418 702 2055 780; baseline -0.002 -18"><span class='ocrx_word' id='word_1_38' title='bbox 418 708 542 763; x_wconf 88' lang='lat' dir='ltr'><strong>viro</strong></span> <span class='ocrx_word' id='word_1_39' title='bbox 567 709 791 780; x_wconf 91' lang='lat' dir='ltr'><strong>optimo</strong></span> <span class='ocrx_word' id='word_1_40' title='bbox 815 712 879 763; x_wconf 88' lang='lat' dir='ltr'><strong>ut</strong></span> <span class='ocrx_word' id='word_1_41' title='bbox 902 706 1213 773; x_wconf 85' lang='lat' dir='ltr'><strong>exaltetur,</strong></span> <span class='ocrx_word' id='word_1_42' title='bbox 1237 721 1472 760; x_wconf 86' lang='lat' dir='ltr'><strong>necnon</strong></span> <span class='ocrx_word' id='word_1_43' title='bbox 1498 704 1734 760; x_wconf 90' lang='lat' dir='ltr'><strong>Israelis</strong></span> <span class='ocrx_word' id='word_1_44' title='bbox 1756 702 1937 771; x_wconf 88' lang='lat' dir='ltr'><strong>scala,</strong></span> <span class='ocrx_word' id='word_1_45' title='bbox 1960 719 2055 774; x_wconf 66' lang='lat' dir='ltr'><strong>qua</strong></span> 
     </span>
    </p>
   </div>
   <div class='ocr_carea' id='block_1_10' title="bbox 2162 695 3842 784">
    <p class='ocr_par' dir='ltr' id='par_1_10' title="bbox 2183 695 3842 784">
     <span class='ocr_line' id='line_1_10' title="bbox 2183 695 3842 784; baseline 0.005 -31"><span class='ocrx_word' id='word_1_46' title='bbox 2183 695 2309 754; x_wconf 86' lang='grc' dir='ltr'>όδὸν</span> <span class='ocrx_word' id='word_1_47' title='bbox 2341 700 2548 778; x_wconf 79' lang='grc' dir='ltr'><strong>ἀρίστῳ</strong></span> <span class='ocrx_word' id='word_1_48' title='bbox 2600 705 2895 778; x_wconf 70' lang='grc' dir='ltr'>γινομένην</span> <span class='ocrx_word' id='word_1_49' title='bbox 2960 706 3245 779; x_wconf 72' lang='grc' dir='ltr'>ὑψώσεως,</span> <span class='ocrx_word' id='word_1_50' title='bbox 3294 706 3387 761; x_wconf 78' lang='grc' dir='ltr'>καὶ</span> <span class='ocrx_word' id='word_1_51' title='bbox 3446 705 3668 784; x_wconf 76' lang='grc' dir='ltr'>Ἰσραὴλ</span> <span class='ocrx_word' id='word_1_52' title='bbox 3714 705 3842 762; x_wconf 88' lang='grc' dir='ltr'>κλί-</span> 
     </span>
    </p>
   </div>
   <div class='ocr_carea' id='block_1_11' title="bbox 416 792 2074 866">
    <p class='ocr_par' dir='ltr' id='par_1_11' title="bbox 416 792 2074 866">
     <span class='ocr_line' id='line_1_11' title="bbox 416 792 2074 866; baseline -0.004 -13"><span class='ocrx_word' id='word_1_53' title='bbox 416 797 595 853; x_wconf 89' lang='lat' dir='ltr'><strong>homo</strong></span> <span class='ocrx_word' id='word_1_54' title='bbox 623 795 933 852; x_wconf 90' lang='lat' dir='ltr'><strong>attollatur</strong></span> <span class='ocrx_word' id='word_1_55' title='bbox 961 795 1036 851; x_wconf 90' lang='lat' dir='ltr'><strong>ad</strong></span> <span class='ocrx_word' id='word_1_56' title='bbox 1068 797 1281 863; x_wconf 87' lang='lat' dir='ltr'><strong>Deum,</strong></span> <span class='ocrx_word' id='word_1_57' title='bbox 1313 799 1560 866; x_wconf 87' lang='lat' dir='ltr'><strong>tumque</strong></span> <span class='ocrx_word' id='word_1_58' title='bbox 1590 794 1778 850; x_wconf 90' lang='lat' dir='ltr'><strong>Deum</strong></span> <span class='ocrx_word' id='word_1_59' title='bbox 1809 793 1871 847; x_wconf 91' lang='lat' dir='ltr'><strong>in</strong></span> <span class='ocrx_word' id='word_1_60' title='bbox 1897 792 2074 849; x_wconf 88' lang='lat' dir='ltr'><strong>corde</strong></span> 
     </span>
    </p>
   </div>
   <div class='ocr_carea' id='block_1_12' title="bbox 417 884 1174 943">
    <p class='ocr_par' dir='ltr' id='par_1_12' title="bbox 417 884 1174 943">
     <span class='ocr_line' id='line_1_12' title="bbox 417 884 1174 943; baseline -0.005 0"><span class='ocrx_word' id='word_1_61' title='bbox 417 886 911 943; x_wconf 82' lang='lat' dir='ltr'><strong>contubernalem</strong></span> <span class='ocrx_word' id='word_1_62' title='bbox 940 884 1174 941; x_wconf 88' lang='lat' dir='ltr'><strong>habeat.</strong></span> 
     </span>
    </p>
   </div>
   <div class='ocr_carea' id='block_1_13' title="bbox 488 972 2072 1045">
    <p class='ocr_par' dir='ltr' id='par_1_13' title="bbox 488 972 2072 1045">
     <span class='ocr_line' id='line_1_13' title="bbox 488 972 2072 1045; baseline -0.003 -14"><span class='ocrx_word' id='word_1_63' title='bbox 488 977 574 1031; x_wconf 88' lang='grc'><strong>13.</strong></span> <span class='ocrx_word' id='word_1_64' title='bbox 608 977 904 1031; x_wconf 82' lang='lat' dir='ltr'><strong>Creaturae</strong></span> <span class='ocrx_word' id='word_1_65' title='bbox 935 973 1100 1030; x_wconf 90' lang='lat' dir='ltr'><strong>omni</strong></span> <span class='ocrx_word' id='word_1_66' title='bbox 1134 977 1380 1045; x_wconf 81' lang='lat' dir='ltr'><strong>propter</strong></span> <span class='ocrx_word' id='word_1_67' title='bbox 1398 972 1717 1028; x_wconf 88' lang='lat' dir='ltr'><strong>Dominum</strong></span> <span class='ocrx_word' id='word_1_68' title='bbox 1738 977 2072 1028; x_wconf 80' lang='lat' dir='ltr'><strong>creatorem</strong></span> 
     </span>
    </p>
   </div>
   <div class='ocr_carea' id='block_1_14' title="bbox 416 1062 2070 1139">
    <p class='ocr_par' dir='ltr' id='par_1_14' title="bbox 416 1062 2070 1139">
     <span class='ocr_line' id='line_1_14' title="bbox 416 1062 2070 1139; baseline -0.004 -16"><span class='ocrx_word' id='word_1_69' title='bbox 416 1067 867 1139; x_wconf 86' lang='lat' dir='ltr'><strong>subjiciebatur,</strong></span> <span class='ocrx_word' id='word_1_70' title='bbox 899 1066 1017 1121; x_wconf 86' lang='lat' dir='ltr'><strong>nisi</strong></span> <span class='ocrx_word' id='word_1_71' title='bbox 1049 1065 1425 1121; x_wconf 86' lang='lat' dir='ltr'><strong>solummodo</strong></span> <span class='ocrx_word' id='word_1_72' title='bbox 1456 1064 1560 1119; x_wconf 89' lang='lat' dir='ltr'><strong>ubi</strong></span> <span class='ocrx_word' id='word_1_73' title='bbox 1592 1063 1805 1119; x_wconf 87' lang='lat' dir='ltr'><strong>honori</strong></span> <span class='ocrx_word' id='word_1_74' title='bbox 1853 1062 2070 1119; x_wconf 90' lang='lat' dir='ltr'><strong>Christi</strong></span> 
     </span>
    </p>
   </div>
   <div class='ocr_carea' id='block_1_15' title="bbox 413 1152 2073 1230">
    <p class='ocr_par' dir='ltr' id='par_1_15' title="bbox 413 1152 2073 1230">
     <span class='ocr_line' id='line_1_15' title="bbox 413 1152 2073 1230; baseline -0.003 -17"><span class='ocrx_word' id='word_1_75' title='bbox 413 1156 827 1230; x_wconf 78' lang='lat' dir='ltr'><strong>derogabatur,</strong></span> <span class='ocrx_word' id='word_1_76' title='bbox 862 1171 969 1211; x_wconf 90' lang='lat' dir='ltr'><strong>seu</strong></span> <span class='ocrx_word' id='word_1_77' title='bbox 992 1155 1194 1211; x_wconf 88' lang='lat' dir='ltr'><strong>divina</strong></span> <span class='ocrx_word' id='word_1_78' title='bbox 1210 1154 1305 1210; x_wconf 88' lang='lat' dir='ltr'><strong>lex</strong></span> <span class='ocrx_word' id='word_1_79' title='bbox 1329 1154 1579 1226; x_wconf 88' lang='lat' dir='ltr'><strong>spretim</strong></span> <span class='ocrx_word' id='word_1_80' title='bbox 1601 1152 1941 1209; x_wconf 76' lang='lat' dir='ltr'><strong>haberetur.</strong></span> <span class='ocrx_word' id='word_1_81' title='bbox 1969 1158 2073 1208; x_wconf 87' lang='lat' dir='ltr'><strong>aut</strong></span> 
     </span>
    </p>
   </div>
   <div class='ocr_carea' id='block_1_16' title="bbox 411 1244 2067 1319">
    <p class='ocr_par' dir='ltr' id='par_1_16' title="bbox 411 1244 2067 1319">
     <span class='ocr_line' id='line_1_16' title="bbox 411 1244 2067 1319; baseline -0.002 -17"><span class='ocrx_word' id='word_1_82' title='bbox 411 1246 921 1319; x_wconf 89' lang='lat' dir='ltr'><strong>pessumdaretur.</strong></span> <span class='ocrx_word' id='word_1_83' title='bbox 955 1244 1290 1317; x_wconf 89' lang='lat' dir='ltr'><strong>Superbum</strong></span> <span class='ocrx_word' id='word_1_84' title='bbox 1322 1261 1561 1300; x_wconf 90' lang='lat' dir='ltr'><strong>omnem</strong></span> <span class='ocrx_word' id='word_1_85' title='bbox 1581 1248 1640 1299; x_wconf 92' lang='lat' dir='ltr'><strong>et</strong></span> <span class='ocrx_word' id='word_1_86' title='bbox 1670 1248 1899 1298; x_wconf 88' lang='lat' dir='ltr'><strong>torvum</strong></span> <span class='ocrx_word' id='word_1_87' title='bbox 1922 1244 2067 1299; x_wconf 72' lang='lat' dir='ltr'><strong>aﬂ‘e-</strong></span> 
     </span>
    </p>
   </div>
   <div class='ocr_carea' id='block_1_17' title="bbox 409 1332 2069 1409">
    <p class='ocr_par' dir='ltr' id='par_1_17' title="bbox 409 1332 2069 1409">
     <span class='ocr_line' id='line_1_17' title="bbox 409 1332 2069 1409; baseline -0.003 -17"><span class='ocrx_word' id='word_1_88' title='bbox 409 1342 592 1404; x_wconf 86' lang='lat' dir='ltr'><strong>ctum,</strong></span> <span class='ocrx_word' id='word_1_89' title='bbox 627 1353 1029 1409; x_wconf 83' lang='lat' dir='ltr'><strong>arrogansque</strong></span> <span class='ocrx_word' id='word_1_90' title='bbox 1062 1334 1449 1406; x_wconf 88' lang='lat' dir='ltr'><strong>supercilium</strong></span> <span class='ocrx_word' id='word_1_91' title='bbox 1474 1332 1680 1405; x_wconf 76' lang='lat' dir='ltr'><strong>procul</strong></span> <span class='ocrx_word' id='word_1_92' title='bbox 1712 1350 1747 1388; x_wconf 90' lang='lat' dir='ltr'><strong>a</strong></span> <span class='ocrx_word' id='word_1_93' title='bbox 1768 1349 1829 1389; x_wconf 88' lang='lat' dir='ltr'><strong>se</strong></span> <span class='ocrx_word' id='word_1_94' title='bbox 1860 1349 2069 1388; x_wconf 88' lang='lat' dir='ltr'><strong>aman-</strong></span> 
     </span>
    </p>
   </div>
   <div class='ocr_carea' id='block_1_18' title="bbox 411 1421 2065 1496">
    <p class='ocr_par' dir='ltr' id='par_1_18' title="bbox 411 1421 2065 1496">
     <span class='ocr_line' id='line_1_18' title="bbox 411 1421 2065 1496; baseline -0.004 -14"><span class='ocrx_word' id='word_1_95' title='bbox 411 1425 670 1492; x_wconf 86' lang='lat' dir='ltr'><strong>daverat,</strong></span> <span class='ocrx_word' id='word_1_96' title='bbox 702 1425 1043 1496; x_wconf 87' lang='lat' dir='ltr'><strong>blandoque</strong></span> <span class='ocrx_word' id='word_1_97' title='bbox 1075 1429 1318 1495; x_wconf 90' lang='lat' dir='ltr'><strong>aspectu</strong></span> <span class='ocrx_word' id='word_1_98' title='bbox 1345 1439 1446 1479; x_wconf 90' lang='lat' dir='ltr'><strong>eos</strong></span> <span class='ocrx_word' id='word_1_99' title='bbox 1476 1422 1578 1493; x_wconf 92' lang='lat' dir='ltr'><strong>qui</strong></span> <span class='ocrx_word' id='word_1_100' title='bbox 1601 1439 1664 1478; x_wconf 90' lang='lat' dir='ltr'><strong>se</strong></span> <span class='ocrx_word' id='word_1_101' title='bbox 1686 1421 2065 1493; x_wconf 87' lang='lat' dir='ltr'><strong>alloqueren-</strong></span> 
     </span>
    </p>
   </div>
   <div class='ocr_carea' id='block_1_19' title="bbox 410 1511 2067 1585">
    <p class='ocr_par' dir='ltr' id='par_1_19' title="bbox 410 1511 2067 1585">
     <span class='ocr_line' id='line_1_19' title="bbox 410 1511 2067 1585; baseline -0.002 -15"><span class='ocrx_word' id='word_1_102' title='bbox 410 1520 528 1583; x_wconf 88' lang='lat' dir='ltr'><strong>tur,</strong></span> <span class='ocrx_word' id='word_1_103' title='bbox 560 1521 878 1581; x_wconf 89' lang='lat' dir='ltr'><strong>contuens,</strong></span> <span class='ocrx_word' id='word_1_104' title='bbox 908 1513 1167 1585; x_wconf 74' lang='lat' dir='ltr'><strong>benigno</strong></span> <span class='ocrx_word' id='word_1_105' title='bbox 1202 1519 1263 1569; x_wconf 93' lang='lat' dir='ltr'><strong>et</strong></span> <span class='ocrx_word' id='word_1_106' title='bbox 1289 1512 1490 1568; x_wconf 91' lang='lat' dir='ltr'><strong>divino</strong></span> <span class='ocrx_word' id='word_1_107' title='bbox 1513 1511 1635 1569; x_wconf 91' lang='lat' dir='ltr'><strong>sale</strong></span> <span class='ocrx_word' id='word_1_108' title='bbox 1663 1511 1922 1567; x_wconf 87' lang='lat' dir='ltr'><strong>conditis</strong></span> <span class='ocrx_word' id='word_1_109' title='bbox 1944 1529 2067 1566; x_wconf 89' lang='lat' dir='ltr'><strong>ser-</strong></span> 
     </span>
    </p>
   </div>
   <div class='ocr_carea' id='block_1_20' title="bbox 410 1602 2066 1677">
    <p class='ocr_par' dir='ltr' id='par_1_20' title="bbox 410 1602 2066 1677">
     <span class='ocr_line' id='line_1_20' title="bbox 410 1602 2066 1677; baseline -0.003 -16"><span class='ocrx_word' id='word_1_110' title='bbox 410 1605 693 1661; x_wconf 89' lang='lat' dir='ltr'><strong>monibus</strong></span> <span class='ocrx_word' id='word_1_111' title='bbox 725 1604 1076 1677; x_wconf 85' lang='lat' dir='ltr'><strong>excipiebat.</strong></span> <span class='ocrx_word' id='word_1_112' title='bbox 1111 1604 1396 1660; x_wconf 87' lang='lat' dir='ltr'><strong>Gratiosis</strong></span> <span class='ocrx_word' id='word_1_113' title='bbox 1418 1603 1618 1675; x_wconf 89' lang='lat' dir='ltr'><strong>itaque</strong></span> <span class='ocrx_word' id='word_1_114' title='bbox 1642 1602 1909 1657; x_wconf 91' lang='lat' dir='ltr'><strong>moribus</strong></span> <span class='ocrx_word' id='word_1_115' title='bbox 1931 1619 2066 1657; x_wconf 93' lang='lat' dir='ltr'><strong>cum</strong></span> 
     </span>
    </p>
   </div>
   <div class='ocr_carea' id='block_1_21' title="bbox 409 1690 2067 1762">
    <p class='ocr_par' dir='ltr' id='par_1_21' title="bbox 409 1690 2067 1762">
     <span class='ocr_line' id='line_1_21' title="bbox 409 1690 2067 1762; baseline -0.003 -12"><span class='ocrx_word' id='word_1_116' title='bbox 409 1700 589 1758; x_wconf 84' lang='lat' dir='ltr'><strong>esset.</strong></span> <span class='ocrx_word' id='word_1_117' title='bbox 622 1694 787 1750; x_wconf 81' lang='lat' dir='ltr'><strong>vultu</strong></span> <span class='ocrx_word' id='word_1_118' title='bbox 831 1695 1080 1749; x_wconf 91' lang='lat' dir='ltr'><strong>comiter</strong></span> <span class='ocrx_word' id='word_1_119' title='bbox 1123 1693 1446 1761; x_wconf 86' lang='lat' dir='ltr'><strong>arridebat,</strong></span> <span class='ocrx_word' id='word_1_120' title='bbox 1498 1708 1619 1746; x_wconf 91' lang='lat' dir='ltr'><strong>non</strong></span> <span class='ocrx_word' id='word_1_121' title='bbox 1674 1708 1742 1747; x_wconf 91' lang='lat' dir='ltr'><strong>eo</strong></span> <span class='ocrx_word' id='word_1_122' title='bbox 1794 1691 1922 1747; x_wconf 89' lang='lat' dir='ltr'><strong>risu</strong></span> <span class='ocrx_word' id='word_1_123' title='bbox 1964 1690 2067 1762; x_wconf 92' lang='lat' dir='ltr'><strong>qui</strong></span> 
     </span>
    </p>
   </div>
   <div class='ocr_carea' id='block_1_22' title="bbox 403 1781 2065 1854">
    <p class='ocr_par' dir='ltr' id='par_1_22' title="bbox 403 1781 2065 1854">
     <span class='ocr_line' id='line_1_22' title="bbox 403 1781 2065 1854; baseline 0 -16"><span class='ocrx_word' id='word_1_124' title='bbox 403 1784 692 1840; x_wconf 89' lang='lat' dir='ltr'><strong>dissolute</strong></span> <span class='ocrx_word' id='word_1_125' title='bbox 718 1784 1141 1840; x_wconf 76' lang='lat' dir='ltr'><strong>effunderetur.</strong></span> <span class='ocrx_word' id='word_1_126' title='bbox 1170 1786 1317 1839; x_wconf 88' lang='lat' dir='ltr'><strong>Nam</strong></span> <span class='ocrx_word' id='word_1_127' title='bbox 1338 1783 1480 1854; x_wconf 88' lang='lat' dir='ltr'><strong>quia</strong></span> <span class='ocrx_word' id='word_1_128' title='bbox 1495 1782 1869 1854; x_wconf 85' lang='lat' dir='ltr'><strong>exploratum</strong></span> <span class='ocrx_word' id='word_1_129' title='bbox 1888 1781 2065 1838; x_wconf 91' lang='lat' dir='ltr'><strong>habe-</strong></span> 
     </span>
    </p>
   </div>
   <div class='ocr_carea' id='block_1_23' title="bbox 2186 789 3840 871">
    <p class='ocr_par' dir='ltr' id='par_1_23' title="bbox 2186 789 3840 871">
     <span class='ocr_line' id='line_1_23' title="bbox 2186 789 3840 871; baseline 0.004 -27"><span class='ocrx_word' id='word_1_130' title='bbox 2186 810 2351 863; x_wconf 90' lang='grc' dir='ltr'>ματα,</span> <span class='ocrx_word' id='word_1_131' title='bbox 2382 791 2518 865; x_wconf 88' lang='grc' dir='ltr'>πρὸς</span> <span class='ocrx_word' id='word_1_132' title='bbox 2557 793 2685 848; x_wconf 84' lang='grc' dir='ltr'><strong>Θεὸν</strong></span> <span class='ocrx_word' id='word_1_133' title='bbox 2752 793 2848 866; x_wconf 73' lang='grc' dir='ltr'>μὲν</span> <span class='ocrx_word' id='word_1_134' title='bbox 2912 789 3341 865; x_wconf 79' lang='grc' dir='ltr'>ἀναϐιϐάζουσαν</span> <span class='ocrx_word' id='word_1_135' title='bbox 3406 794 3717 871; x_wconf 82' lang='grc' dir='ltr'>ἄνθρωπον,</span> <span class='ocrx_word' id='word_1_136' title='bbox 3747 796 3840 851; x_wconf 87' lang='grc' dir='ltr'><strong>καὶ</strong></span> 
     </span>
    </p>
   </div>
   <div class='ocr_carea' id='block_1_24' title="bbox 2182 879 3157 962">
    <p class='ocr_par' dir='ltr' id='par_1_24' title="bbox 2182 879 3157 962">
     <span class='ocr_line' id='line_1_24' title="bbox 2182 879 3157 962; baseline 0.005 -27"><span class='ocrx_word' id='word_1_137' title='bbox 2182 879 2311 935; x_wconf 86' lang='grc' dir='ltr'><strong>Θεὸν</strong></span> <span class='ocrx_word' id='word_1_138' title='bbox 2344 879 2567 956; x_wconf 76' lang='grc' dir='ltr'><strong>καρδίας</strong></span> <span class='ocrx_word' id='word_1_139' title='bbox 2597 881 2863 939; x_wconf 77' lang='grc' dir='ltr'><strong>τελοῦσαν</strong></span> <span class='ocrx_word' id='word_1_140' title='bbox 2887 882 3157 962; x_wconf 69' lang='grc' dir='ltr'>ἐφέστιον.</span> 
     </span>
    </p>
   </div>
   <div class='ocr_carea' id='block_1_25' title="bbox 2254 970 3839 1048">
    <p class='ocr_par' dir='ltr' id='par_1_25' title="bbox 2254 970 3839 1048">
     <span class='ocr_line' id='line_1_25' title="bbox 2254 970 3839 1048; baseline 0.006 -26"><span class='ocrx_word' id='word_1_141' title='bbox 2254 970 2343 1045; x_wconf 89' lang='grc' dir='ltr'>ιγ’.</span> <span class='ocrx_word' id='word_1_142' title='bbox 2379 970 2759 1028; x_wconf 83' lang='grc' dir='ltr'>Ἐταπεινοῦτο</span> <span class='ocrx_word' id='word_1_143' title='bbox 2790 977 2935 1048; x_wconf 75' lang='grc' dir='ltr'>παίσῃ</span> <span class='ocrx_word' id='word_1_144' title='bbox 2987 972 3058 1048; x_wconf 72' lang='grc' dir='ltr'><strong>τῇ</strong></span> <span class='ocrx_word' id='word_1_145' title='bbox 3114 973 3287 1030; x_wconf 78' lang='grc' dir='ltr'>κτίσει</span> <span class='ocrx_word' id='word_1_146' title='bbox 3342 971 3432 1030; x_wconf 79' lang='grc' dir='ltr'><strong>διὰ</strong></span> <span class='ocrx_word' id='word_1_147' title='bbox 3457 975 3549 1031; x_wconf 88' lang='grc' dir='ltr'>τὸν</span> <span class='ocrx_word' id='word_1_148' title='bbox 3583 973 3839 1032; x_wconf 76' lang='grc' dir='ltr'>κτίσαντα</span> 
     </span>
    </p>
   </div>
   <div class='ocr_carea' id='block_1_26' title="bbox 2180 1057 3838 1139">
    <p class='ocr_par' dir='ltr' id='par_1_26' title="bbox 2180 1057 3838 1139">
     <span class='ocr_line' id='line_1_26' title="bbox 2180 1057 3838 1139; baseline 0.004 -25"><span class='ocrx_word' id='word_1_149' title='bbox 2180 1057 2406 1135; x_wconf 70' lang='grc' dir='ltr'>Κύριον,</span> <span class='ocrx_word' id='word_1_150' title='bbox 2560 1061 2723 1135; x_wconf 90' lang='grc' dir='ltr'>μόνον</span> <span class='ocrx_word' id='word_1_151' title='bbox 2783 1060 2845 1118; x_wconf 76' lang='grc' dir='ltr'>οὐ</span> <span class='ocrx_word' id='word_1_152' title='bbox 2902 1064 3135 1138; x_wconf 90' lang='grc' dir='ltr'>Χριστὸς</span> <span class='ocrx_word' id='word_1_153' title='bbox 3191 1061 3511 1139; x_wconf 78' lang='grc' dir='ltr'>ἡτιμᾶζετο,</span> <span class='ocrx_word' id='word_1_154' title='bbox 3543 1064 3634 1120; x_wconf 82' lang='grc' dir='ltr'>καὶ</span> <span class='ocrx_word' id='word_1_155' title='bbox 3662 1064 3838 1139; x_wconf 89' lang='grc' dir='ltr'>νόμος</span> 
     </span>
    </p>
   </div>
   <div class='ocr_carea' id='block_1_27' title="bbox 2179 1150 3841 1231">
    <p class='ocr_par' dir='ltr' id='par_1_27' title="bbox 2179 1150 3841 1231">
     <span class='ocr_line' id='line_1_27' title="bbox 2179 1150 3841 1231; baseline 0.005 -27"><span class='ocrx_word' id='word_1_156' title='bbox 2179 1150 2323 1214; x_wconf 78' lang='grc' dir='ltr'>θεῖος</span> <span class='ocrx_word' id='word_1_157' title='bbox 2355 1159 2678 1229; x_wconf 76' lang='grc' dir='ltr'>παρεωρᾶτο</span> <span class='ocrx_word' id='word_1_158' title='bbox 2734 1154 2830 1209; x_wconf 87' lang='grc' dir='ltr'><strong>καὶ</strong></span> <span class='ocrx_word' id='word_1_159' title='bbox 2885 1154 3233 1230; x_wconf 73' lang='grc' dir='ltr'>ἀνετρέπετο.</span> <span class='ocrx_word' id='word_1_160' title='bbox 3284 1156 3636 1231; x_wconf 72' lang='grc' dir='ltr'>Ἀπηνῄνατο</span> <span class='ocrx_word' id='word_1_161' title='bbox 3668 1153 3841 1213; x_wconf 87' lang='grc' dir='ltr'>σοϐα-</span> 
     </span>
    </p>
   </div>
   <div class='ocr_carea' id='block_1_28' title="bbox 2179 1240 3834 1325">
    <p class='ocr_par' dir='ltr' id='par_1_28' title="bbox 2179 1240 3834 1325">
     <span class='ocr_line' id='line_1_28' title="bbox 2179 1240 3834 1325; baseline 0.004 -30"><span class='ocrx_word' id='word_1_162' title='bbox 2179 1241 2270 1315; x_wconf 85' lang='grc' dir='ltr'>ρὸν</span> <span class='ocrx_word' id='word_1_163' title='bbox 2358 1240 2495 1297; x_wconf 78' lang='grc' dir='ltr'>ἃπαν</span> <span class='ocrx_word' id='word_1_164' title='bbox 2550 1243 2640 1299; x_wconf 78' lang='grc' dir='ltr'>καὶ</span> <span class='ocrx_word' id='word_1_165' title='bbox 2727 1244 3026 1321; x_wconf 87' lang='grc' dir='ltr'>βλοσυρὸν,</span> <span class='ocrx_word' id='word_1_166' title='bbox 3078 1246 3164 1301; x_wconf 87' lang='grc' dir='ltr'>καὶ</span> <span class='ocrx_word' id='word_1_167' title='bbox 3256 1241 3834 1325; x_wconf 81' lang='grc' dir='ltr'>ὑπεροφρυϐλέφαρον·</span> 
     </span>
    </p>
   </div>
   <div class='ocr_carea' id='block_1_29' title="bbox 2180 1329 3833 1414">
    <p class='ocr_par' dir='ltr' id='par_1_29' title="bbox 2180 1329 3833 1414">
     <span class='ocr_line' id='line_1_29' title="bbox 2180 1329 3833 1414; baseline 0.004 -30"><span class='ocrx_word' id='word_1_168' title='bbox 2180 1331 2461 1407; x_wconf 79' lang='grc' dir='ltr'>μειλίχιον</span> <span class='ocrx_word' id='word_1_169' title='bbox 2495 1334 2591 1406; x_wconf 77' lang='grc' dir='ltr'>μὲν</span> <span class='ocrx_word' id='word_1_170' title='bbox 2622 1334 2684 1389; x_wconf 87' lang='grc' dir='ltr'><strong>τὸ</strong></span> <span class='ocrx_word' id='word_1_171' title='bbox 2736 1329 2894 1409; x_wconf 74' lang='grc' dir='ltr'>ὄμμα</span> <span class='ocrx_word' id='word_1_172' title='bbox 2946 1341 3064 1399; x_wconf 89' lang='grc' dir='ltr'>τοῖς</span> <span class='ocrx_word' id='word_1_173' title='bbox 3123 1334 3383 1410; x_wconf 86' lang='grc' dir='ltr'>ὁμιλοῦσι</span> <span class='ocrx_word' id='word_1_174' title='bbox 3417 1333 3626 1404; x_wconf 70' lang='grc' dir='ltr'>διδοὺς,</span> <span class='ocrx_word' id='word_1_175' title='bbox 3664 1335 3833 1414; x_wconf 82' lang='grc' dir='ltr'>λογον</span> 
     </span>
    </p>
   </div>
   <div class='ocr_carea' id='block_1_30' title="bbox 2177 1417 3834 1501">
    <p class='ocr_par' dir='ltr' id='par_1_30' title="bbox 2177 1417 3834 1501">
     <span class='ocr_line' id='line_1_30' title="bbox 2177 1417 3834 1501; baseline 0.004 -26"><span class='ocrx_word' id='word_1_176' title='bbox 2177 1417 2235 1475; x_wconf 75' lang='grc' dir='ltr'>δὲ</span> <span class='ocrx_word' id='word_1_177' title='bbox 2290 1418 2455 1491; x_wconf 72' lang='grc' dir='ltr'>ἤπιον</span> <span class='ocrx_word' id='word_1_178' title='bbox 2513 1422 2604 1477; x_wconf 86' lang='grc' dir='ltr'><strong>καὶ</strong></span> <span class='ocrx_word' id='word_1_179' title='bbox 2663 1429 2803 1488; x_wconf 88' lang='grc' dir='ltr'>θεῖον</span> <span class='ocrx_word' id='word_1_180' title='bbox 2863 1426 3169 1501; x_wconf 74' lang='grc' dir='ltr'>ήρτυμένον</span> <span class='ocrx_word' id='word_1_181' title='bbox 3226 1425 3409 1483; x_wconf 76' lang='grc' dir='ltr'>ἆλατι.</span> <span class='ocrx_word' id='word_1_182' title='bbox 3464 1427 3537 1481; x_wconf 85' lang='grc' dir='ltr'><strong>Τὸ</strong></span> <span class='ocrx_word' id='word_1_183' title='bbox 3564 1426 3702 1496; x_wconf 76' lang='grc' dir='ltr'>ἦθος</span> <span class='ocrx_word' id='word_1_184' title='bbox 3735 1425 3834 1500; x_wconf 73' lang='grc' dir='ltr'><strong>μὶν</strong></span> 
     </span>
    </p>
   </div>
   <div class='ocr_carea' id='block_1_31' title="bbox 2174 1510 3831 1591">
    <p class='ocr_par' dir='ltr' id='par_1_31' title="bbox 2174 1510 3831 1591">
     <span class='ocr_line' id='line_1_31' title="bbox 2174 1510 3831 1591; baseline 0.004 -26"><span class='ocrx_word' id='word_1_185' title='bbox 2174 1510 2387 1586; x_wconf 84' lang='grc' dir='ltr'>χαρίεν,</span> <span class='ocrx_word' id='word_1_186' title='bbox 2445 1512 2654 1568; x_wconf 83' lang='grc' dir='ltr'>ἀστεῖον</span> <span class='ocrx_word' id='word_1_187' title='bbox 2713 1511 2771 1569; x_wconf 74' lang='grc' dir='ltr'><strong>δὶ</strong></span> <span class='ocrx_word' id='word_1_188' title='bbox 2825 1514 2888 1571; x_wconf 85' lang='grc' dir='ltr'>τὸ</span> <span class='ocrx_word' id='word_1_189' title='bbox 2942 1519 3040 1571; x_wconf 90' lang='grc' dir='ltr'><strong>τοῦ</strong></span> <span class='ocrx_word' id='word_1_190' title='bbox 3098 1516 3403 1591; x_wconf 75' lang='grc' dir='ltr'>προσώπου</span> <span class='ocrx_word' id='word_1_191' title='bbox 3437 1513 3729 1590; x_wconf 80' lang='grc' dir='ltr'>μειδίαμα,</span> <span class='ocrx_word' id='word_1_192' title='bbox 3765 1515 3831 1571; x_wconf 79' lang='grc' dir='ltr'>οὐ</span> 
     </span>
    </p>
   </div>
   <div class='ocr_carea' id='block_1_32' title="bbox 2174 1599 3831 1683">
    <p class='ocr_par' dir='ltr' id='par_1_32' title="bbox 2174 1599 3831 1683">
     <span class='ocr_line' id='line_1_32' title="bbox 2174 1599 3831 1683; baseline 0.004 -28"><span class='ocrx_word' id='word_1_193' title='bbox 2174 1602 2311 1677; x_wconf 86' lang='grc' dir='ltr'>πρὸς</span> <span class='ocrx_word' id='word_1_194' title='bbox 2372 1599 2601 1658; x_wconf 80' lang='grc' dir='ltr'>ἔκλυτον</span> <span class='ocrx_word' id='word_1_195' title='bbox 2654 1599 3016 1679; x_wconf 81' lang='grc' dir='ltr'>διαχεόμενον</span> <span class='ocrx_word' id='word_1_196' title='bbox 3075 1606 3312 1679; x_wconf 65' lang='grc' dir='ltr'>γέλωτα.</span> <span class='ocrx_word' id='word_1_197' title='bbox 3375 1602 3556 1671; x_wconf 79' lang='grc' dir='ltr'>Εἰδὼς</span> <span class='ocrx_word' id='word_1_198' title='bbox 3612 1606 3718 1683; x_wconf 74' lang='grc' dir='ltr'><strong>γὰρ</strong></span> <span class='ocrx_word' id='word_1_199' title='bbox 3750 1607 3831 1670; x_wconf 87' lang='grc' dir='ltr'><strong>ὡς</strong></span> 
     </span>
    </p>
   </div>
   <div class='ocr_carea' id='block_1_33' title="bbox 2172 1689 3834 1771">
    <p class='ocr_par' dir='ltr' id='par_1_33' title="bbox 2172 1689 3834 1771">
     <span class='ocr_line' id='line_1_33' title="bbox 2172 1689 3834 1771; baseline 0.004 -27"><span class='ocrx_word' id='word_1_200' title='bbox 2172 1695 2293 1752; x_wconf 87' lang='grc' dir='ltr'>ταῖς</span> <span class='ocrx_word' id='word_1_201' title='bbox 2347 1689 2566 1767; x_wconf 80' lang='grc' dir='ltr'>ἀρεταῖς</span> <span class='ocrx_word' id='word_1_202' title='bbox 2623 1692 2678 1747; x_wconf 74' lang='grc' dir='ltr'>αἱ</span> <span class='ocrx_word' id='word_1_203' title='bbox 2735 1692 2919 1749; x_wconf 80' lang='grc' dir='ltr'>κακίαι</span> <span class='ocrx_word' id='word_1_204' title='bbox 2972 1697 3421 1771; x_wconf 74' lang='grc' dir='ltr'>παραπεπήγασι,</span> <span class='ocrx_word' id='word_1_205' title='bbox 3452 1694 3545 1751; x_wconf 84' lang='grc' dir='ltr'><strong>καὶ</strong></span> <span class='ocrx_word' id='word_1_206' title='bbox 3574 1695 3680 1751; x_wconf 78' lang='grc' dir='ltr'>εἶσί</span> <span class='ocrx_word' id='word_1_207' title='bbox 3709 1717 3834 1760; x_wconf 88' lang='grc' dir='ltr'><strong>πως</strong></span> 
     </span>
    </p>
   </div>
   <div class='ocr_carea' id='block_1_34' title="bbox 2172 1776 3832 1859">
    <p class='ocr_par' dir='ltr' id='par_1_34' title="bbox 2172 1776 3832 1859">
     <span class='ocr_line' id='line_1_34' title="bbox 2172 1776 3832 1859; baseline 0.005 -27"><span class='ocrx_word' id='word_1_208' title='bbox 2172 1776 2486 1854; x_wconf 76' lang='grc' dir='ltr'>ἀγχίθυροι,</span> <span class='ocrx_word' id='word_1_209' title='bbox 2542 1785 2623 1853; x_wconf 78' lang='grc' dir='ltr'><strong>τῷ</strong></span> <span class='ocrx_word' id='word_1_210' title='bbox 2699 1776 2891 1857; x_wconf 77' lang='grc' dir='ltr'>ἄριστα</span> <span class='ocrx_word' id='word_1_211' title='bbox 2975 1778 3417 1857; x_wconf 70' lang='grc' dir='ltr'>διακελευομένῳ</span> <span class='ocrx_word' id='word_1_212' title='bbox 3473 1783 3832 1859; x_wconf 82' lang='grc' dir='ltr'>πειθόμενος,</span> 
     </span>
    </p>
   </div>
   <div class='ocr_carea' id='block_1_35' title="bbox 402 1869 2055 1965">
    <p class='ocr_par' dir='ltr' id='par_1_35' title="bbox 402 1872 2055 1944">
     <span class='ocr_line' id='line_1_35' title="bbox 402 1872 2055 1944; baseline -0.001 -16"><span class='ocrx_word' id='word_1_213' title='bbox 402 1873 526 1942; x_wconf 87' lang='lat' dir='ltr'><strong>bat,</strong></span> <span class='ocrx_word' id='word_1_214' title='bbox 559 1873 700 1929; x_wconf 88' lang='lat' dir='ltr'><strong>vitia</strong></span> <span class='ocrx_word' id='word_1_215' title='bbox 723 1890 857 1929; x_wconf 89' lang='lat' dir='ltr'><strong>cum</strong></span> <span class='ocrx_word' id='word_1_216' title='bbox 874 1873 1192 1928; x_wconf 87' lang='lat' dir='ltr'><strong>virtutibus</strong></span> <span class='ocrx_word' id='word_1_217' title='bbox 1214 1872 1481 1944; x_wconf 82' lang='lat' dir='ltr'><strong>proxime</strong></span> <span class='ocrx_word' id='word_1_218' title='bbox 1507 1872 1832 1943; x_wconf 83' lang='lat' dir='ltr'><strong>conjuncta</strong></span> <span class='ocrx_word' id='word_1_219' title='bbox 1853 1887 1983 1927; x_wconf 89' lang='lat' dir='ltr'><strong>esse</strong></span> <span class='ocrx_word' id='word_1_220' title='bbox 2006 1876 2055 1927; x_wconf 84' lang='lat' dir='ltr'><strong>el</strong></span> 
     </span>
    </p>
   </div>
   <div class='ocr_carea' id='block_1_36' title="bbox 2162 1869 3830 1965">
    <p class='ocr_par' dir='ltr' id='par_1_36' title="bbox 2172 1869 3830 1965">
     <span class='ocr_line' id='line_1_36' title="bbox 2172 1869 3830 1965; baseline 0.005 -43"><span class='ocrx_word' id='word_1_221' title='bbox 2172 1874 2466 1965; x_wconf 67' lang='grc' dir='ltr'>πρρσεῖχεν</span> <span class='ocrx_word' id='word_1_222' title='bbox 2551 1869 2745 1942; x_wconf 72' lang='grc' dir='ltr'>ἐαυτῷ,</span> <span class='ocrx_word' id='word_1_223' title='bbox 2820 1872 3151 1947; x_wconf 81' lang='grc' dir='ltr'>τραπεζίτης</span> <span class='ocrx_word' id='word_1_224' title='bbox 3206 1871 3457 1947; x_wconf 80' lang='grc' dir='ltr'>εὐκρινής</span> <span class='ocrx_word' id='word_1_225' title='bbox 3509 1873 3830 1949; x_wconf 84' lang='grc' dir='ltr'>γινόμενος.</span> 
     </span>
    </p>
   </div>
   <div class='ocr_carea' id='block_1_37' title="bbox 395 1951 2055 2036">
    <p class='ocr_par' dir='ltr' id='par_1_37' title="bbox 395 1960 2055 2034">
     <span class='ocr_line' id='line_1_37' title="bbox 395 1960 2055 2034; baseline 0.001 -18"><span class='ocrx_word' id='word_1_226' title='bbox 395 1961 614 2027; x_wconf 86' lang='lat' dir='ltr'><strong>vicina,</strong></span> <span class='ocrx_word' id='word_1_227' title='bbox 647 1978 874 2017; x_wconf 91' lang='lat' dir='ltr'><strong>morem</strong></span> <span class='ocrx_word' id='word_1_228' title='bbox 904 1978 1121 2034; x_wconf 83' lang='lat' dir='ltr'><strong>gerens</strong></span> <span class='ocrx_word' id='word_1_229' title='bbox 1153 1961 1205 2017; x_wconf 91' lang='lat' dir='ltr'><strong>ei</strong></span> <span class='ocrx_word' id='word_1_230' title='bbox 1242 1961 1344 2032; x_wconf 93' lang='lat' dir='ltr'><strong>qui</strong></span> <span class='ocrx_word' id='word_1_231' title='bbox 1375 1960 1600 2032; x_wconf 86' lang='lat' dir='ltr'><strong>optima</strong></span> <span class='ocrx_word' id='word_1_232' title='bbox 1623 1977 1877 2033; x_wconf 65' lang='lat' dir='ltr'><strong>quasque</strong></span> <span class='ocrx_word' id='word_1_233' title='bbox 1907 1978 2055 2033; x_wconf 72' lang='lat' dir='ltr'><strong>pras-</strong></span> 
     </span>
    </p>
   </div>
   <div class='ocr_carea' id='block_1_38' title="bbox 2162 1951 3833 2036">
    <p class='ocr_par' dir='ltr' id='par_1_38' title="bbox 2169 1951 3833 2036">
     <span class='ocr_line' id='line_1_38' title="bbox 2169 1951 3833 2036; baseline 0.004 -25"><span class='ocrx_word' id='word_1_234' title='bbox 2169 1951 2435 2024; x_wconf 82' lang='grc' dir='ltr'>κίϐδηλον</span> <span class='ocrx_word' id='word_1_235' title='bbox 2473 1957 2567 2031; x_wconf 72' lang='grc' dir='ltr'>μὲν</span> <span class='ocrx_word' id='word_1_236' title='bbox 2620 1958 2759 2014; x_wconf 72' lang='grc' dir='ltr'>ἅπαν</span> <span class='ocrx_word' id='word_1_237' title='bbox 2810 1960 3278 2035; x_wconf 82' lang='grc' dir='ltr'>ἀποπεμπόμενος</span> <span class='ocrx_word' id='word_1_238' title='bbox 3329 1959 3607 2036; x_wconf 77' lang='grc' dir='ltr'>χάραγμα,</span> <span class='ocrx_word' id='word_1_239' title='bbox 3640 1965 3744 2028; x_wconf 80' lang='grc' dir='ltr'>τῆς</span> <span class='ocrx_word' id='word_1_240' title='bbox 3771 1959 3833 2018; x_wconf 70' lang='grc' dir='ltr'>δὲ</span> 
     </span>
    </p>
   </div>
   <div class='ocr_carea' id='block_1_39' title="bbox 399 2049 2061 2123">
    <p class='ocr_par' dir='ltr' id='par_1_39' title="bbox 399 2049 2061 2123">
     <span class='ocr_line' id='line_1_39' title="bbox 399 2049 2061 2123; baseline 0.001 -18"><span class='ocrx_word' id='word_1_241' title='bbox 399 2049 565 2122; x_wconf 88' lang='lat' dir='ltr'><strong>cipit,</strong></span> <span class='ocrx_word' id='word_1_242' title='bbox 595 2067 733 2123; x_wconf 82' lang='lat' dir='ltr'><strong>erga</strong></span> <span class='ocrx_word' id='word_1_243' title='bbox 764 2051 1029 2122; x_wconf 91' lang='lat' dir='ltr'><strong>seipsum</strong></span> <span class='ocrx_word' id='word_1_244' title='bbox 1079 2054 1309 2105; x_wconf 90' lang='lat' dir='ltr'><strong>attento</strong></span> <span class='ocrx_word' id='word_1_245' title='bbox 1359 2050 1563 2105; x_wconf 90' lang='lat' dir='ltr'><strong>animo</strong></span> <span class='ocrx_word' id='word_1_246' title='bbox 1596 2056 1743 2119; x_wconf 87' lang='lat' dir='ltr'><strong>erat,</strong></span> <span class='ocrx_word' id='word_1_247' title='bbox 1777 2050 2061 2122; x_wconf 81' lang='lat' dir='ltr'><strong>trapezita</strong></span> 
     </span>
    </p>
   </div>
   <div class='ocr_carea' id='block_1_40' title="bbox 402 2139 2057 2213">
    <p class='ocr_par' dir='ltr' id='par_1_40' title="bbox 402 2139 2057 2213">
     <span class='ocr_line' id='line_1_40' title="bbox 402 2139 2057 2213; baseline -0.001 -18"><span class='ocrx_word' id='word_1_248' title='bbox 402 2156 579 2213; x_wconf 79' lang='lat' dir='ltr'><strong>sagax</strong></span> <span class='ocrx_word' id='word_1_249' title='bbox 638 2140 848 2209; x_wconf 88' lang='lat' dir='ltr'><strong>factus,</strong></span> <span class='ocrx_word' id='word_1_250' title='bbox 897 2140 1000 2211; x_wconf 89' lang='lat' dir='ltr'><strong>qui</strong></span> <span class='ocrx_word' id='word_1_251' title='bbox 1050 2140 1317 2212; x_wconf 89' lang='lat' dir='ltr'><strong>spuriam</strong></span> <span class='ocrx_word' id='word_1_252' title='bbox 1365 2145 1669 2195; x_wconf 86' lang='lat' dir='ltr'><strong>monetam</strong></span> <span class='ocrx_word' id='word_1_253' title='bbox 1715 2139 2057 2211; x_wconf 88' lang='lat' dir='ltr'><strong>repelleret,</strong></span> 
     </span>
    </p>
   </div>
   <div class='ocr_carea' id='block_1_41' title="bbox 400 2229 2057 2303">
    <p class='ocr_par' dir='ltr' id='par_1_41' title="bbox 400 2229 2057 2303">
     <span class='ocr_line' id='line_1_41' title="bbox 400 2229 2057 2303; baseline -0.002 -17"><span class='ocrx_word' id='word_1_254' title='bbox 400 2230 748 2286; x_wconf 89' lang='lat' dir='ltr'><strong>drachmam</strong></span> <span class='ocrx_word' id='word_1_255' title='bbox 758 2247 872 2301; x_wconf 89' lang='lat' dir='ltr'><strong>que</strong></span> <span class='ocrx_word' id='word_1_256' title='bbox 890 2230 1316 2303; x_wconf 72' lang='lat' dir='ltr'><strong>regisimagine</strong></span> <span class='ocrx_word' id='word_1_257' title='bbox 1332 2229 1681 2301; x_wconf 87' lang='lat' dir='ltr'><strong>inscriptam</strong></span> <span class='ocrx_word' id='word_1_258' title='bbox 1694 2229 2057 2284; x_wconf 87' lang='lat' dir='ltr'><strong>admitteret.</strong></span> 
     </span>
    </p>
   </div>
   <div class='ocr_carea' id='block_1_42' title="bbox 401 2319 2056 2391">
    <p class='ocr_par' dir='ltr' id='par_1_42' title="bbox 401 2319 2056 2391">
     <span class='ocr_line' id='line_1_42' title="bbox 401 2319 2056 2391; baseline -0.002 -15"><span class='ocrx_word' id='word_1_259' title='bbox 401 2321 651 2376; x_wconf 90' lang='lat' dir='ltr'><strong>Omnem</strong></span> <span class='ocrx_word' id='word_1_260' title='bbox 677 2321 902 2375; x_wconf 92' lang='lat' dir='ltr'><strong>etenim</strong></span> <span class='ocrx_word' id='word_1_261' title='bbox 932 2319 1177 2375; x_wconf 67' lang='lat' dir='ltr'><strong>malitia:</strong></span> <span class='ocrx_word' id='word_1_262' title='bbox 1230 2319 1491 2391; x_wconf 89' lang='lat' dir='ltr'><strong>speciem</strong></span> <span class='ocrx_word' id='word_1_263' title='bbox 1536 2336 1643 2374; x_wconf 92' lang='lat' dir='ltr'><strong>suo</strong></span> <span class='ocrx_word' id='word_1_264' title='bbox 1696 2335 1766 2373; x_wconf 85' lang='lat' dir='ltr'><strong>ex</strong></span> <span class='ocrx_word' id='word_1_265' title='bbox 1817 2324 2056 2390; x_wconf 89' lang='lat' dir='ltr'><strong>pectore</strong></span> 
     </span>
    </p>
   </div>
   <div class='ocr_carea' id='block_1_43' title="bbox 402 2412 2054 2487">
    <p class='ocr_par' dir='ltr' id='par_1_43' title="bbox 402 2412 2054 2487">
     <span class='ocr_line' id='line_1_43' title="bbox 402 2412 2054 2487; baseline -0.001 -18"><span class='ocrx_word' id='word_1_266' title='bbox 402 2413 795 2487; x_wconf 84' lang='lat' dir='ltr'><strong>ablegaverat,</strong></span> <span class='ocrx_word' id='word_1_267' title='bbox 819 2414 1002 2468; x_wconf 86' lang='lat' dir='ltr'><strong>divini</strong></span> <span class='ocrx_word' id='word_1_268' title='bbox 1026 2413 1278 2484; x_wconf 87' lang='lat' dir='ltr'><strong>Spiritus</strong></span> <span class='ocrx_word' id='word_1_269' title='bbox 1296 2417 1466 2475; x_wconf 87' lang='lat' dir='ltr'><strong>nutu,</strong></span> <span class='ocrx_word' id='word_1_270' title='bbox 1500 2412 2054 2484; x_wconf 84' lang='lat' dir='ltr'><strong>contrariarumque</strong></span> 
     </span>
    </p>
   </div>
   <div class='ocr_carea' id='block_1_44' title="bbox 395 2500 2056 2575">
    <p class='ocr_par' dir='ltr' id='par_1_44' title="bbox 395 2500 2056 2575">
     <span class='ocr_line' id='line_1_44' title="bbox 395 2500 2056 2575; baseline 0 -18"><span class='ocrx_word' id='word_1_271' title='bbox 395 2502 555 2558; x_wconf 84' lang='lat' dir='ltr'><strong>vitiis</strong></span> <span class='ocrx_word' id='word_1_272' title='bbox 581 2503 867 2558; x_wconf 89' lang='lat' dir='ltr'><strong>virtutum</strong></span> <span class='ocrx_word' id='word_1_273' title='bbox 899 2502 1242 2575; x_wconf 78' lang='lat' dir='ltr'><strong>irrigatione</strong></span> <span class='ocrx_word' id='word_1_274' title='bbox 1276 2502 1689 2574; x_wconf 79' lang='lat' dir='ltr'><strong>pinguescens,</strong></span> <span class='ocrx_word' id='word_1_275' title='bbox 1714 2500 1875 2557; x_wconf 92' lang='lat' dir='ltr'><strong>velut</strong></span> <span class='ocrx_word' id='word_1_276' title='bbox 1902 2501 2056 2557; x_wconf 88' lang='lat' dir='ltr'><strong>oliva</strong></span> 
     </span>
    </p>
   </div>
   <div class='ocr_carea' id='block_1_45' title="bbox 395 2589 2053 2659">
    <p class='ocr_par' dir='ltr' id='par_1_45' title="bbox 395 2589 2053 2659">
     <span class='ocr_line' id='line_1_45' title="bbox 395 2589 2053 2659; baseline -0.001 -12"><span class='ocrx_word' id='word_1_277' title='bbox 395 2590 706 2647; x_wconf 87' lang='lat' dir='ltr'><strong>fructifera</strong></span> <span class='ocrx_word' id='word_1_278' title='bbox 735 2590 797 2647; x_wconf 89' lang='lat' dir='ltr'><strong>in</strong></span> <span class='ocrx_word' id='word_1_279' title='bbox 828 2592 1004 2647; x_wconf 91' lang='lat' dir='ltr'><strong>domo</strong></span> <span class='ocrx_word' id='word_1_280' title='bbox 1056 2591 1179 2659; x_wconf 87' lang='lat' dir='ltr'><strong>Dei,</strong></span> <span class='ocrx_word' id='word_1_281' title='bbox 1228 2590 1559 2646; x_wconf 86' lang='lat' dir='ltr'><strong>virentibus</strong></span> <span class='ocrx_word' id='word_1_282' title='bbox 1609 2606 1846 2657; x_wconf 88' lang='lat' dir='ltr'><strong>semper</strong></span> <span class='ocrx_word' id='word_1_283' title='bbox 1892 2589 2053 2645; x_wconf 86' lang='lat' dir='ltr'><strong>foliis</strong></span> 
     </span>
    </p>
   </div>
   <div class='ocr_carea' id='block_1_46' title="bbox 394 2678 2049 2753">
    <p class='ocr_par' dir='ltr' id='par_1_46' title="bbox 394 2678 2049 2753">
     <span class='ocr_line' id='line_1_46' title="bbox 394 2678 2049 2753; baseline -0.002 -15"><span class='ocrx_word' id='word_1_284' title='bbox 394 2681 773 2752; x_wconf 85' lang='lat' dir='ltr'><strong>conspicuus,</strong></span> <span class='ocrx_word' id='word_1_285' title='bbox 800 2679 1363 2753; x_wconf 75' lang='lat' dir='ltr'><strong>praastantissimum</strong></span> <span class='ocrx_word' id='word_1_286' title='bbox 1383 2679 1641 2735; x_wconf 89' lang='lat' dir='ltr'><strong>fructum</strong></span> <span class='ocrx_word' id='word_1_287' title='bbox 1672 2678 1889 2734; x_wconf 90' lang='lat' dir='ltr'><strong>obtulit</strong></span> <span class='ocrx_word' id='word_1_288' title='bbox 1909 2681 2049 2748; x_wconf 93' lang='lat' dir='ltr'><strong>Deo,</strong></span> 
     </span>
    </p>
   </div>
   <div class='ocr_carea' id='block_1_47' title="bbox 393 2768 2049 2840">
    <p class='ocr_par' dir='ltr' id='par_1_47' title="bbox 393 2768 2049 2840">
     <span class='ocr_line' id='line_1_47' title="bbox 393 2768 2049 2840; baseline 0.001 -17"><span class='ocrx_word' id='word_1_289' title='bbox 393 2768 842 2825; x_wconf 88' lang='lat' dir='ltr'><strong>multitudinem</strong></span> <span class='ocrx_word' id='word_1_290' title='bbox 878 2786 1085 2825; x_wconf 89' lang='lat' dir='ltr'><strong>eorum</strong></span> <span class='ocrx_word' id='word_1_291' title='bbox 1117 2770 1219 2840; x_wconf 91' lang='lat' dir='ltr'><strong>qui</strong></span> <span class='ocrx_word' id='word_1_292' title='bbox 1241 2769 1402 2824; x_wconf 88' lang='lat' dir='ltr'><strong>illius</strong></span> <span class='ocrx_word' id='word_1_293' title='bbox 1422 2783 1607 2839; x_wconf 90' lang='lat' dir='ltr'><strong>opera</strong></span> <span class='ocrx_word' id='word_1_294' title='bbox 1626 2772 1930 2839; x_wconf 87' lang='lat' dir='ltr'><strong>compotes</strong></span> <span class='ocrx_word' id='word_1_295' title='bbox 1954 2785 2049 2824; x_wconf 88' lang='lat' dir='ltr'><strong>sa-</strong></span> 
     </span>
    </p>
   </div>
   <div class='ocr_carea' id='block_1_48' title="bbox 387 2856 2047 2928">
    <p class='ocr_par' dir='ltr' id='par_1_48' title="bbox 387 2856 2047 2928">
     <span class='ocr_line' id='line_1_48' title="bbox 387 2856 2047 2928; baseline 0 -16"><span class='ocrx_word' id='word_1_296' title='bbox 387 2856 533 2915; x_wconf 87' lang='lat' dir='ltr'><strong>lutis</strong></span> <span class='ocrx_word' id='word_1_297' title='bbox 554 2858 693 2914; x_wconf 84' lang='lat' dir='ltr'><strong>facti</strong></span> <span class='ocrx_word' id='word_1_298' title='bbox 717 2864 858 2914; x_wconf 88' lang='lat' dir='ltr'><strong>sunt</strong></span> <span class='ocrx_word' id='word_1_299' title='bbox 883 2875 896 2913; x_wconf 93' lang='lat'>:</span> <span class='ocrx_word' id='word_1_300' title='bbox 920 2858 1013 2913; x_wconf 90' lang='lat' dir='ltr'><strong>vel</strong></span> <span class='ocrx_word' id='word_1_301' title='bbox 1036 2857 1215 2912; x_wconf 89' lang='lat' dir='ltr'><strong>etiam</strong></span> <span class='ocrx_word' id='word_1_302' title='bbox 1240 2862 1523 2928; x_wconf 84' lang='lat' dir='ltr'><strong>tanquam</strong></span> <span class='ocrx_word' id='word_1_303' title='bbox 1549 2856 1769 2928; x_wconf 88' lang='lat' dir='ltr'><strong>palma,</strong></span> <span class='ocrx_word' id='word_1_304' title='bbox 1793 2856 2047 2928; x_wconf 85' lang='lat' dir='ltr'><strong>Optimo-</strong></span> 
     </span>
    </p>
   </div>
   <div class='ocr_carea' id='block_1_49' title="bbox 388 2945 2047 3019">
    <p class='ocr_par' dir='ltr' id='par_1_49' title="bbox 388 2945 2047 3019">
     <span class='ocr_line' id='line_1_49' title="bbox 388 2945 2047 3019; baseline -0.001 -18"><span class='ocrx_word' id='word_1_305' title='bbox 388 2964 523 3002; x_wconf 89' lang='lat' dir='ltr'><strong>rum</strong></span> <span class='ocrx_word' id='word_1_306' title='bbox 540 2948 903 3003; x_wconf 89' lang='lat' dir='ltr'><strong>monitorum</strong></span> <span class='ocrx_word' id='word_1_307' title='bbox 920 2946 1074 3019; x_wconf 91' lang='lat' dir='ltr'><strong>palis</strong></span> <span class='ocrx_word' id='word_1_308' title='bbox 1095 2947 1339 3002; x_wconf 86' lang='lat' dir='ltr'><strong>munita.</strong></span> <span class='ocrx_word' id='word_1_309' title='bbox 1363 2945 1616 3001; x_wconf 90' lang='lat' dir='ltr'><strong>Fortiter</strong></span> <span class='ocrx_word' id='word_1_310' title='bbox 1637 2945 1923 3000; x_wconf 88' lang='lat' dir='ltr'><strong>nimirum</strong></span> <span class='ocrx_word' id='word_1_311' title='bbox 1947 2961 2047 3000; x_wconf 91' lang='lat' dir='ltr'><strong>eos</strong></span> 
     </span>
    </p>
   </div>
   <div class='ocr_carea' id='block_1_50' title="bbox 391 3033 2047 3108">
    <p class='ocr_par' dir='ltr' id='par_1_50' title="bbox 391 3033 2047 3108">
     <span class='ocr_line' id='line_1_50' title="bbox 391 3033 2047 3108; baseline -0.001 -18"><span class='ocrx_word' id='word_1_312' title='bbox 391 3035 766 3108; x_wconf 80' lang='lat' dir='ltr'><strong>objurgabat,</strong></span> <span class='ocrx_word' id='word_1_313' title='bbox 801 3036 901 3106; x_wconf 89' lang='lat' dir='ltr'><strong>qui</strong></span> <span class='ocrx_word' id='word_1_314' title='bbox 935 3033 1142 3089; x_wconf 87' lang='lat' dir='ltr'><strong>domos</strong></span> <span class='ocrx_word' id='word_1_315' title='bbox 1174 3034 1450 3090; x_wconf 90' lang='lat' dir='ltr'><strong>domibus</strong></span> <span class='ocrx_word' id='word_1_316' title='bbox 1470 3033 1793 3104; x_wconf 78' lang='lat' dir='ltr'><strong>fungendo,</strong></span> <span class='ocrx_word' id='word_1_317' title='bbox 1813 3033 2047 3089; x_wconf 90' lang='lat' dir='ltr'><strong>vineam</strong></span> 
     </span>
    </p>
   </div>
   <div class='ocr_carea' id='block_1_51' title="bbox 391 3122 2047 3196">
    <p class='ocr_par' dir='ltr' id='par_1_51' title="bbox 391 3122 2047 3196">
     <span class='ocr_line' id='line_1_51' title="bbox 391 3122 2047 3196; baseline -0.002 -17"><span class='ocrx_word' id='word_1_318' title='bbox 391 3123 620 3179; x_wconf 84' lang='lat' dir='ltr'><strong>Naboth</strong></span> <span class='ocrx_word' id='word_1_319' title='bbox 652 3140 861 3196; x_wconf 90' lang='lat' dir='ltr'><strong>rapere</strong></span> <span class='ocrx_word' id='word_1_320' title='bbox 893 3123 1355 3189; x_wconf 86' lang='lat' dir='ltr'><strong>contenderent,</strong></span> <span class='ocrx_word' id='word_1_321' title='bbox 1387 3139 1456 3178; x_wconf 91' lang='lat' dir='ltr'><strong>ac</strong></span> <span class='ocrx_word' id='word_1_322' title='bbox 1487 3122 1535 3176; x_wconf 83' lang='lat' dir='ltr'><strong>si</strong></span> <span class='ocrx_word' id='word_1_323' title='bbox 1565 3139 1686 3177; x_wconf 91' lang='lat' dir='ltr'><strong>non</strong></span> <span class='ocrx_word' id='word_1_324' title='bbox 1713 3128 1869 3176; x_wconf 90' lang='lat' dir='ltr'><strong>esset</strong></span> <span class='ocrx_word' id='word_1_325' title='bbox 1889 3122 2047 3177; x_wconf 89' lang='lat' dir='ltr'><strong>Elias</strong></span> 
     </span>
    </p>
   </div>
   <div class='ocr_carea' id='block_1_52' title="bbox 389 3210 2044 3286">
    <p class='ocr_par' dir='ltr' id='par_1_52' title="bbox 389 3210 2044 3286">
     <span class='ocr_line' id='line_1_52' title="bbox 389 3210 2044 3286; baseline -0.002 -17"><span class='ocrx_word' id='word_1_326' title='bbox 389 3213 469 3269; x_wconf 88' lang='lat' dir='ltr'><strong>ad</strong></span> <span class='ocrx_word' id='word_1_327' title='bbox 498 3212 978 3286; x_wconf 79' lang='lat' dir='ltr'><strong>redarguendum</strong></span> <span class='ocrx_word' id='word_1_328' title='bbox 1013 3218 1275 3284; x_wconf 90' lang='lat' dir='ltr'><strong>paratus.</strong></span> <span class='ocrx_word' id='word_1_329' title='bbox 1311 3214 1385 3266; x_wconf 77' lang='lat' dir='ltr'><strong>At</strong></span> <span class='ocrx_word' id='word_1_330' title='bbox 1415 3211 1575 3267; x_wconf 91' lang='lat' dir='ltr'><strong>enim</strong></span> <span class='ocrx_word' id='word_1_331' title='bbox 1624 3211 1812 3266; x_wconf 89' lang='lat' dir='ltr'><strong>Eliam</strong></span> <span class='ocrx_word' id='word_1_332' title='bbox 1847 3210 2044 3266; x_wconf 91' lang='lat' dir='ltr'><strong>denuo</strong></span> 
     </span>
    </p>
   </div>
   <div class='ocr_carea' id='block_1_53' title="bbox 389 3299 2043 3374">
    <p class='ocr_par' dir='ltr' id='par_1_53' title="bbox 389 3299 2043 3374">
     <span class='ocr_line' id='line_1_53' title="bbox 389 3299 2043 3374; baseline -0.002 -17"><span class='ocrx_word' id='word_1_333' title='bbox 389 3302 643 3374; x_wconf 90' lang='lat' dir='ltr'><strong>Spiritus</strong></span> <span class='ocrx_word' id='word_1_334' title='bbox 662 3308 904 3358; x_wconf 90' lang='lat' dir='ltr'><strong>sanctus</strong></span> <span class='ocrx_word' id='word_1_335' title='bbox 930 3302 1268 3368; x_wconf 86' lang='lat' dir='ltr'><strong>suscitarat,</strong></span> <span class='ocrx_word' id='word_1_336' title='bbox 1287 3300 1410 3372; x_wconf 85' lang='lat' dir='ltr'><strong>qui,</strong></span> <span class='ocrx_word' id='word_1_337' title='bbox 1438 3317 1574 3356; x_wconf 91' lang='lat' dir='ltr'><strong>cum</strong></span> <span class='ocrx_word' id='word_1_338' title='bbox 1597 3299 1929 3354; x_wconf 89' lang='lat' dir='ltr'><strong>libenterin</strong></span> <span class='ocrx_word' id='word_1_339' title='bbox 1944 3299 2043 3372; x_wconf 87' lang='lat' dir='ltr'><strong>ju-</strong></span> 
     </span>
    </p>
   </div>
   <div class='ocr_carea' id='block_1_54' title="bbox 388 3387 2042 3462">
    <p class='ocr_par' dir='ltr' id='par_1_54' title="bbox 388 3387 2042 3462">
     <span class='ocr_line' id='line_1_54' title="bbox 388 3387 2042 3462; baseline -0.002 -16"><span class='ocrx_word' id='word_1_340' title='bbox 388 3396 617 3447; x_wconf 90' lang='lat' dir='ltr'><strong>storum</strong></span> <span class='ocrx_word' id='word_1_341' title='bbox 649 3391 866 3446; x_wconf 87' lang='lat' dir='ltr'><strong>animis</strong></span> <span class='ocrx_word' id='word_1_342' title='bbox 895 3394 1155 3457; x_wconf 90' lang='lat' dir='ltr'><strong>maneat,</strong></span> <span class='ocrx_word' id='word_1_343' title='bbox 1190 3406 1299 3462; x_wconf 90' lang='lat' dir='ltr'><strong>per</strong></span> <span class='ocrx_word' id='word_1_344' title='bbox 1339 3387 1603 3461; x_wconf 81' lang='lat' dir='ltr'><strong>singulas</strong></span> <span class='ocrx_word' id='word_1_345' title='bbox 1648 3393 1852 3443; x_wconf 66' lang='lat' dir='ltr'><strong>aetates</strong></span> <span class='ocrx_word' id='word_1_346' title='bbox 1901 3405 2042 3460; x_wconf 88' lang='lat' dir='ltr'><strong>pro-</strong></span> 
     </span>
    </p>
   </div>
   <div class='ocr_carea' id='block_1_55' title="bbox 385 3481 2043 3555">
    <p class='ocr_par' dir='ltr' id='par_1_55' title="bbox 385 3481 2043 3555">
     <span class='ocr_line' id='line_1_55' title="bbox 385 3481 2043 3555; baseline -0.001 -17"><span class='ocrx_word' id='word_1_347' title='bbox 385 3483 596 3555; x_wconf 87' lang='lat' dir='ltr'><strong>phetas</strong></span> <span class='ocrx_word' id='word_1_348' title='bbox 627 3483 958 3539; x_wconf 88' lang='lat' dir='ltr'><strong>identidem</strong></span> <span class='ocrx_word' id='word_1_349' title='bbox 989 3481 1208 3537; x_wconf 82' lang='lat' dir='ltr'><strong>excitat</strong></span> <span class='ocrx_word' id='word_1_350' title='bbox 1239 3481 1533 3536; x_wconf 90' lang='lat' dir='ltr'><strong>bonorum</strong></span> <span class='ocrx_word' id='word_1_351' title='bbox 1572 3496 1822 3553; x_wconf 91' lang='lat' dir='ltr'><strong>operum</strong></span> <span class='ocrx_word' id='word_1_352' title='bbox 1854 3497 2043 3536; x_wconf 78' lang='lat' dir='ltr'><strong>mmu-</strong></span> 
     </span>
    </p>
   </div>
   <div class='ocr_carea' id='block_1_56' title="bbox 2172 2046 3832 2127">
    <p class='ocr_par' dir='ltr' id='par_1_56' title="bbox 2172 2046 3832 2127">
     <span class='ocr_line' id='line_1_56' title="bbox 2172 2046 3832 2127; baseline 0.003 -26"><span class='ocrx_word' id='word_1_353' title='bbox 2172 2046 2467 2120; x_wconf 78' lang='grc' dir='ltr'>βασιλικῆς</span> <span class='ocrx_word' id='word_1_354' title='bbox 2498 2048 2707 2111; x_wconf 78' lang='grc' dir='ltr'>εἲκόνος</span> <span class='ocrx_word' id='word_1_355' title='bbox 2760 2051 2861 2119; x_wconf 73' lang='grc' dir='ltr'>τὴν</span> <span class='ocrx_word' id='word_1_356' title='bbox 2922 2047 3182 2127; x_wconf 77' lang='grc' dir='ltr'>δραχμήν</span> <span class='ocrx_word' id='word_1_357' title='bbox 3221 2050 3606 2127; x_wconf 75' lang='grc' dir='ltr'>προσιέμενος,</span> <span class='ocrx_word' id='word_1_358' title='bbox 3636 2053 3832 2116; x_wconf 85' lang='grc' dir='ltr'>κακίας</span> 
     </span>
    </p>
   </div>
   <div class='ocr_carea' id='block_1_57' title="bbox 2170 2135 3832 2219">
    <p class='ocr_par' dir='ltr' id='par_1_57' title="bbox 2170 2135 3832 2219">
     <span class='ocr_line' id='line_1_57' title="bbox 2170 2135 3832 2219; baseline 0.004 -28"><span class='ocrx_word' id='word_1_359' title='bbox 2170 2135 2264 2208; x_wconf 83' lang='grc' dir='ltr'>μὶν</span> <span class='ocrx_word' id='word_1_360' title='bbox 2300 2138 2437 2192; x_wconf 80' lang='grc' dir='ltr'>ἅπαν</span> <span class='ocrx_word' id='word_1_361' title='bbox 2467 2136 2630 2210; x_wconf 72' lang='grc' dir='ltr'>εἶδος,</span> <span class='ocrx_word' id='word_1_362' title='bbox 2689 2138 2765 2203; x_wconf 81' lang='grc' dir='ltr'>ὡς</span> <span class='ocrx_word' id='word_1_363' title='bbox 2822 2144 2958 2215; x_wconf 88' lang='grc' dir='ltr'>χοῦν</span> <span class='ocrx_word' id='word_1_364' title='bbox 3006 2138 3278 2217; x_wconf 76' lang='grc' dir='ltr'>ἐκρίπτων</span> <span class='ocrx_word' id='word_1_365' title='bbox 3311 2147 3413 2209; x_wconf 83' lang='grc' dir='ltr'>τῆς</span> <span class='ocrx_word' id='word_1_366' title='bbox 3466 2140 3661 2196; x_wconf 74' lang='grc' dir='ltr'>ἑαυτοῦ</span> <span class='ocrx_word' id='word_1_367' title='bbox 3690 2162 3832 2219; x_wconf 85' lang='grc' dir='ltr'>καρ-</span> 
     </span>
    </p>
   </div>
   <div class='ocr_carea' id='block_1_58' title="bbox 2166 2224 3830 2302">
    <p class='ocr_par' dir='ltr' id='par_1_58' title="bbox 2166 2224 3830 2302">
     <span class='ocr_line' id='line_1_58' title="bbox 2166 2224 3830 2302; baseline 0.003 -22"><span class='ocrx_word' id='word_1_368' title='bbox 2166 2224 2284 2288; x_wconf 83' lang='grc' dir='ltr'>δίας</span> <span class='ocrx_word' id='word_1_369' title='bbox 2316 2225 2464 2302; x_wconf 68' lang='grc' dir='ltr'><strong>ῥῦμῂ</strong></span> <span class='ocrx_word' id='word_1_370' title='bbox 2520 2226 2667 2291; x_wconf 83' lang='grc' dir='ltr'>θείου</span> <span class='ocrx_word' id='word_1_371' title='bbox 2726 2228 3066 2302; x_wconf 70' lang='grc' dir='ltr'>Πνεόματος,</span> <span class='ocrx_word' id='word_1_372' title='bbox 3125 2235 3248 2292; x_wconf 89' lang='grc' dir='ltr'>ταῖς</span> <span class='ocrx_word' id='word_1_373' title='bbox 3300 2229 3602 2292; x_wconf 73' lang='grc' dir='ltr'>ἀντιθέτοις</span> <span class='ocrx_word' id='word_1_374' title='bbox 3635 2226 3694 2285; x_wconf 73' lang='grc' dir='ltr'><strong>δί</strong></span> <span class='ocrx_word' id='word_1_375' title='bbox 3720 2234 3830 2286; x_wconf 80' lang='grc' dir='ltr'><strong>τῶν</strong></span> 
     </span>
    </p>
   </div>
   <div class='ocr_carea' id='block_1_59' title="bbox 2167 2314 3826 2393">
    <p class='ocr_par' dir='ltr' id='par_1_59' title="bbox 2167 2314 3826 2393">
     <span class='ocr_line' id='line_1_59' title="bbox 2167 2314 3826 2393; baseline 0.002 -22"><span class='ocrx_word' id='word_1_376' title='bbox 2167 2319 2372 2371; x_wconf 81' lang='grc' dir='ltr'>κακιῶν</span> <span class='ocrx_word' id='word_1_377' title='bbox 2401 2315 2617 2392; x_wconf 83' lang='grc' dir='ltr'>ἀρεταῖς</span> <span class='ocrx_word' id='word_1_378' title='bbox 2646 2314 3008 2392; x_wconf 85' lang='grc' dir='ltr'>ἀρδευόμενός</span> <span class='ocrx_word' id='word_1_379' title='bbox 3063 2339 3123 2374; x_wconf 87' lang='grc' dir='ltr'><strong>τε</strong></span> <span class='ocrx_word' id='word_1_380' title='bbox 3177 2318 3269 2373; x_wconf 82' lang='grc' dir='ltr'>καὶ</span> <span class='ocrx_word' id='word_1_381' title='bbox 3327 2318 3705 2393; x_wconf 85' lang='grc' dir='ltr'>πιαινόμενος,</span> <span class='ocrx_word' id='word_1_382' title='bbox 3734 2318 3826 2374; x_wconf 83' lang='grc' dir='ltr'>καὶ</span> 
     </span>
    </p>
   </div>
   <div class='ocr_carea' id='block_1_60' title="bbox 2164 2403 3826 2482">
    <p class='ocr_par' dir='ltr' id='par_1_60' title="bbox 2164 2403 3826 2482">
     <span class='ocr_line' id='line_1_60' title="bbox 2164 2403 3826 2482; baseline 0.003 -23"><span class='ocrx_word' id='word_1_383' title='bbox 2164 2404 2291 2459; x_wconf 82' lang='grc' dir='ltr'>ὡσεὶ</span> <span class='ocrx_word' id='word_1_384' title='bbox 2325 2403 2483 2460; x_wconf 81' lang='grc' dir='ltr'>ἐλαία</span> <span class='ocrx_word' id='word_1_385' title='bbox 2529 2405 2875 2482; x_wconf 86' lang='grc' dir='ltr'>κατάκαρπος</span> <span class='ocrx_word' id='word_1_386' title='bbox 2931 2406 2982 2463; x_wconf 87' lang='grc' dir='ltr'><strong>ἐν</strong></span> <span class='ocrx_word' id='word_1_387' title='bbox 3044 2404 3182 2481; x_wconf 78' lang='grc' dir='ltr'>οἴκῳ</span> <span class='ocrx_word' id='word_1_388' title='bbox 3238 2411 3372 2464; x_wconf 91' lang='grc' dir='ltr'>Θεοῦ</span> <span class='ocrx_word' id='word_1_389' title='bbox 3420 2412 3491 2482; x_wconf 74' lang='grc' dir='ltr'><strong>τῇ</strong></span> <span class='ocrx_word' id='word_1_390' title='bbox 3524 2407 3826 2482; x_wconf 70' lang='grc' dir='ltr'>Ἐκκλησία</span> 
     </span>
    </p>
   </div>
   <div class='ocr_carea' id='block_1_61' title="bbox 2164 2493 3817 2576">
    <p class='ocr_par' dir='ltr' id='par_1_61' title="bbox 2164 2493 3817 2576">
     <span class='ocr_line' id='line_1_61' title="bbox 2164 2493 3817 2576; baseline 0.002 -27"><span class='ocrx_word' id='word_1_391' title='bbox 2164 2493 2425 2564; x_wconf 73' lang='grc' dir='ltr'>ἀειθαλὴς</span> <span class='ocrx_word' id='word_1_392' title='bbox 2479 2496 2913 2571; x_wconf 76' lang='grc' dir='ltr'>γινωσκόμενος,</span> <span class='ocrx_word' id='word_1_393' title='bbox 2993 2496 3083 2553; x_wconf 85' lang='grc' dir='ltr'>καὶ</span> <span class='ocrx_word' id='word_1_394' title='bbox 3167 2501 3288 2570; x_wconf 85' lang='grc' dir='ltr'>Θεῷ</span> <span class='ocrx_word' id='word_1_395' title='bbox 3372 2500 3551 2576; x_wconf 71' lang='grc' dir='ltr'>φέρων</span> <span class='ocrx_word' id='word_1_396' title='bbox 3612 2500 3817 2571; x_wconf 81' lang='grc' dir='ltr'>καρπὸν</span> 
     </span>
    </p>
   </div>
   <div class='ocr_carea' id='block_1_62' title="bbox 2162 2583 3810 2660">
    <p class='ocr_par' dir='ltr' id='par_1_62' title="bbox 2162 2583 3810 2660">
     <span class='ocr_line' id='line_1_62' title="bbox 2162 2583 3810 2660; baseline 0.003 -24"><span class='ocrx_word' id='word_1_397' title='bbox 2162 2583 2363 2658; x_wconf 85' lang='grc' dir='ltr'>ὡραῖον</span> <span class='ocrx_word' id='word_1_398' title='bbox 2394 2584 2497 2653; x_wconf 73' lang='grc' dir='ltr'><strong>τήν</strong></span> <span class='ocrx_word' id='word_1_399' title='bbox 2545 2588 2654 2640; x_wconf 83' lang='grc' dir='ltr'><strong>τῶν</strong></span> <span class='ocrx_word' id='word_1_400' title='bbox 2709 2583 2780 2640; x_wconf 87' lang='grc' dir='ltr'>δι’</span> <span class='ocrx_word' id='word_1_401' title='bbox 2826 2585 2992 2641; x_wconf 76' lang='grc' dir='ltr'>αὐτοῦ</span> <span class='ocrx_word' id='word_1_402' title='bbox 3048 2586 3380 2660; x_wconf 68' lang='grc' dir='ltr'>σωζομένων</span> <span class='ocrx_word' id='word_1_403' title='bbox 3410 2585 3646 2657; x_wconf 68' lang='grc' dir='ltr'>πληθύν·</span> <span class='ocrx_word' id='word_1_404' title='bbox 3674 2585 3712 2656; x_wconf 76' lang='grc' dir='ltr'>ἤ</span> <span class='ocrx_word' id='word_1_405' title='bbox 3736 2587 3810 2649; x_wconf 86' lang='grc' dir='ltr'><strong>ὡς</strong></span> 
     </span>
    </p>
   </div>
   <div class='ocr_carea' id='block_1_63' title="bbox 2160 2672 3814 2755">
    <p class='ocr_par' dir='ltr' id='par_1_63' title="bbox 2160 2672 3814 2755">
     <span class='ocr_line' id='line_1_63' title="bbox 2160 2672 3814 2755; baseline 0.003 -29"><span class='ocrx_word' id='word_1_406' title='bbox 2160 2672 2336 2749; x_wconf 79' lang='grc' dir='ltr'>φοίνιξ</span> <span class='ocrx_word' id='word_1_407' title='bbox 2366 2694 2451 2736; x_wconf 91' lang='grc' dir='ltr'><strong>τις</strong></span> <span class='ocrx_word' id='word_1_408' title='bbox 2498 2678 2607 2729; x_wconf 79' lang='grc' dir='ltr'><strong>τῶν</strong></span> <span class='ocrx_word' id='word_1_409' title='bbox 2650 2674 2882 2750; x_wconf 82' lang='grc' dir='ltr'>ἀρίστων</span> <span class='ocrx_word' id='word_1_410' title='bbox 2942 2673 3189 2752; x_wconf 64' lang='grc' dir='ltr'>ἐλέγχων</span> <span class='ocrx_word' id='word_1_411' title='bbox 3247 2675 3656 2755; x_wconf 85' lang='grc' dir='ltr'>σφραττόμενος</span> <span class='ocrx_word' id='word_1_412' title='bbox 3683 2674 3814 2731; x_wconf 81' lang='grc' dir='ltr'>σκό-</span> 
     </span>
    </p>
   </div>
   <div class='ocr_carea' id='block_1_64' title="bbox 2158 2759 3815 2841">
    <p class='ocr_par' dir='ltr' id='par_1_64' title="bbox 2158 2759 3815 2841">
     <span class='ocr_line' id='line_1_64' title="bbox 2158 2759 3815 2841; baseline 0.003 -24"><span class='ocrx_word' id='word_1_413' title='bbox 2158 2759 2315 2837; x_wconf 78' lang='grc' dir='ltr'>λοψι.</span> <span class='ocrx_word' id='word_1_414' title='bbox 2356 2763 2461 2819; x_wconf 87' lang='grc' dir='ltr'><strong>Καὶ</strong></span> <span class='ocrx_word' id='word_1_415' title='bbox 2516 2761 2823 2840; x_wconf 72' lang='grc' dir='ltr'>διελέγχων</span> <span class='ocrx_word' id='word_1_416' title='bbox 2858 2762 3048 2840; x_wconf 73' lang='grc' dir='ltr'>ἄριστα</span> <span class='ocrx_word' id='word_1_417' title='bbox 3101 2764 3230 2829; x_wconf 80' lang='grc' dir='ltr'>τοὺς</span> <span class='ocrx_word' id='word_1_418' title='bbox 3260 2765 3437 2821; x_wconf 76' lang='grc' dir='ltr'>οἰκίαν</span> <span class='ocrx_word' id='word_1_419' title='bbox 3468 2767 3606 2841; x_wconf 87' lang='grc' dir='ltr'>πρὸς</span> <span class='ocrx_word' id='word_1_420' title='bbox 3638 2765 3815 2822; x_wconf 79' lang='grc' dir='ltr'>οἰκίαν</span> 
     </span>
    </p>
   </div>
   <div class='ocr_carea' id='block_1_65' title="bbox 2158 2849 3822 2931">
    <p class='ocr_par' dir='ltr' id='par_1_65' title="bbox 2158 2849 3822 2931">
     <span class='ocr_line' id='line_1_65' title="bbox 2158 2849 3822 2931; baseline 0.004 -25"><span class='ocrx_word' id='word_1_421' title='bbox 2158 2854 2547 2924; x_wconf 70' lang='grc' dir='ltr'>συνάπτοντας,</span> <span class='ocrx_word' id='word_1_422' title='bbox 2601 2854 2692 2909; x_wconf 85' lang='grc' dir='ltr'><strong>καὶ</strong></span> <span class='ocrx_word' id='word_1_423' title='bbox 2778 2849 3053 2910; x_wconf 80' lang='grc' dir='ltr'>Ναϐουθαὶ</span> <span class='ocrx_word' id='word_1_424' title='bbox 3140 2852 3457 2931; x_wconf 72' lang='grc' dir='ltr'>διαρπάζειν</span> <span class='ocrx_word' id='word_1_425' title='bbox 3520 2854 3822 2930; x_wconf 71' lang='grc' dir='ltr'>ἐπειγομέ-</span> 
     </span>
    </p>
   </div>
   <div class='ocr_carea' id='block_1_66' title="bbox 2154 2942 3822 3017">
    <p class='ocr_par' dir='ltr' id='par_1_66' title="bbox 2154 2942 3822 3017">
     <span class='ocr_line' id='line_1_66' title="bbox 2154 2942 3822 3017; baseline 0.004 -21"><span class='ocrx_word' id='word_1_426' title='bbox 2154 2962 2277 3005; x_wconf 89' lang='grc' dir='ltr'>νους</span> <span class='ocrx_word' id='word_1_427' title='bbox 2328 2942 2421 2998; x_wconf 87' lang='grc' dir='ltr'>τὸν</span> <span class='ocrx_word' id='word_1_428' title='bbox 2479 2942 2803 3017; x_wconf 80' lang='grc' dir='ltr'>ἀμπελῶνα,</span> <span class='ocrx_word' id='word_1_429' title='bbox 2863 2944 2939 3007; x_wconf 85' lang='grc' dir='ltr'><strong>ὡς</strong></span> <span class='ocrx_word' id='word_1_430' title='bbox 2997 2943 3098 3000; x_wconf 70' lang='grc' dir='ltr'>οὐκ</span> <span class='ocrx_word' id='word_1_431' title='bbox 3153 2942 3310 3005; x_wconf 78' lang='grc' dir='ltr'>ὄντος</span> <span class='ocrx_word' id='word_1_432' title='bbox 3343 2945 3538 3003; x_wconf 86' lang='grc' dir='ltr'>Ἠλιοῦ</span> <span class='ocrx_word' id='word_1_433' title='bbox 3574 2951 3674 3002; x_wconf 89' lang='grc' dir='ltr'><strong>τοῦ</strong></span> <span class='ocrx_word' id='word_1_434' title='bbox 3705 2943 3822 3002; x_wconf 87' lang='grc' dir='ltr'>διε-</span> 
     </span>
    </p>
   </div>
   <div class='ocr_carea' id='block_1_67' title="bbox 2154 3028 3819 3109">
    <p class='ocr_par' dir='ltr' id='par_1_67' title="bbox 2154 3028 3819 3109">
     <span class='ocr_line' id='line_1_67' title="bbox 2154 3028 3819 3109; baseline 0.003 -23"><span class='ocrx_word' id='word_1_435' title='bbox 2154 3028 2473 3106; x_wconf 79' lang='grc' dir='ltr'>λὲγξοντος.</span> <span class='ocrx_word' id='word_1_436' title='bbox 2532 3031 2691 3088; x_wconf 84' lang='grc' dir='ltr'>Ἀλλ’</span> <span class='ocrx_word' id='word_1_437' title='bbox 2749 3030 2970 3108; x_wconf 59' lang='grc' dir='ltr'>ἤγειρεν</span> <span class='ocrx_word' id='word_1_438' title='bbox 3029 3031 3183 3097; x_wconf 76' lang='grc' dir='ltr'>αὖθις</span> <span class='ocrx_word' id='word_1_439' title='bbox 3234 3033 3429 3091; x_wconf 83' lang='grc' dir='ltr'>Ἤλίαν</span> <span class='ocrx_word' id='word_1_440' title='bbox 3475 3034 3538 3090; x_wconf 86' lang='grc' dir='ltr'><strong>τὸ</strong></span> <span class='ocrx_word' id='word_1_441' title='bbox 3591 3039 3819 3109; x_wconf 82' lang='grc' dir='ltr'>Πνεῦμα</span> 
     </span>
    </p>
   </div>
   <div class='ocr_carea' id='block_1_68' title="bbox 2152 3121 3818 3201">
    <p class='ocr_par' dir='ltr' id='par_1_68' title="bbox 2152 3121 3818 3201">
     <span class='ocr_line' id='line_1_68' title="bbox 2152 3121 3818 3201; baseline 0.002 -23"><span class='ocrx_word' id='word_1_442' title='bbox 2152 3123 2216 3178; x_wconf 83' lang='grc' dir='ltr'>τὸ</span> <span class='ocrx_word' id='word_1_443' title='bbox 2271 3123 2449 3197; x_wconf 84' lang='grc' dir='ltr'>ἅγιον,</span> <span class='ocrx_word' id='word_1_444' title='bbox 2510 3121 2942 3199; x_wconf 85' lang='grc' dir='ltr'>ἐμφιλοχωροῦν</span> <span class='ocrx_word' id='word_1_445' title='bbox 2996 3123 3047 3179; x_wconf 77' lang='grc' dir='ltr'><strong>ἐν</strong></span> <span class='ocrx_word' id='word_1_446' title='bbox 3108 3121 3331 3180; x_wconf 89' lang='grc' dir='ltr'>δικαίων</span> <span class='ocrx_word' id='word_1_447' title='bbox 3389 3127 3619 3201; x_wconf 64' lang='grc' dir='ltr'>ψυχαῖς.</span> <span class='ocrx_word' id='word_1_448' title='bbox 3660 3126 3818 3183; x_wconf 82' lang='grc' dir='ltr'>Κατά</span> 
     </span>
    </p>
   </div>
   <div class='ocr_carea' id='block_1_69' title="bbox 2153 3211 3824 3292">
    <p class='ocr_par' dir='ltr' id='par_1_69' title="bbox 2153 3211 3824 3292">
     <span class='ocr_line' id='line_1_69' title="bbox 2153 3211 3824 3292; baseline 0.002 -25"><span class='ocrx_word' id='word_1_449' title='bbox 2153 3211 2334 3285; x_wconf 76' lang='grc' dir='ltr'>γενεὰν</span> <span class='ocrx_word' id='word_1_450' title='bbox 2383 3212 2476 3265; x_wconf 79' lang='grc' dir='ltr'><strong>καὶ</strong></span> <span class='ocrx_word' id='word_1_451' title='bbox 2528 3211 2714 3288; x_wconf 79' lang='grc' dir='ltr'>γενεὰν</span> <span class='ocrx_word' id='word_1_452' title='bbox 2764 3214 3050 3291; x_wconf 69' lang='grc' dir='ltr'>προφήτας</span> <span class='ocrx_word' id='word_1_453' title='bbox 3098 3213 3370 3286; x_wconf 82' lang='grc' dir='ltr'>ἀνίστησι,</span> <span class='ocrx_word' id='word_1_454' title='bbox 3423 3213 3677 3285; x_wconf 76' lang='grc' dir='ltr'>ζηλωτὰς</span> <span class='ocrx_word' id='word_1_455' title='bbox 3728 3213 3824 3292; x_wconf 82' lang='grc' dir='ltr'><strong>ἔρ-</strong></span> 
     </span>
    </p>
   </div>
   <div class='ocr_carea' id='block_1_70' title="bbox 2154 3299 3819 3382">
    <p class='ocr_par' dir='ltr' id='par_1_70' title="bbox 2154 3299 3819 3382">
     <span class='ocr_line' id='line_1_70' title="bbox 2154 3299 3819 3382; baseline 0.002 -27"><span class='ocrx_word' id='word_1_456' title='bbox 2154 3322 2267 3375; x_wconf 92' lang='grc' dir='ltr'><strong>γων</strong></span> <span class='ocrx_word' id='word_1_457' title='bbox 2320 3299 2559 3376; x_wconf 79' lang='grc' dir='ltr'>ἀγαθῶν,</span> <span class='ocrx_word' id='word_1_458' title='bbox 2618 3301 3061 3378; x_wconf 86' lang='grc' dir='ltr'>ἀποστυγοῦντας</span> <span class='ocrx_word' id='word_1_459' title='bbox 3123 3302 3218 3377; x_wconf 78' lang='grc' dir='ltr'>μὶν</span> <span class='ocrx_word' id='word_1_460' title='bbox 3279 3302 3311 3359; x_wconf 75' lang='grc' dir='ltr'>ὅ</span> <span class='ocrx_word' id='word_1_461' title='bbox 3364 3324 3417 3359; x_wconf 88' lang='grc' dir='ltr'><strong>τι</strong></span> <span class='ocrx_word' id='word_1_462' title='bbox 3471 3301 3680 3382; x_wconf 86' lang='grc' dir='ltr'>φαῦλον</span> <span class='ocrx_word' id='word_1_463' title='bbox 3726 3305 3819 3359; x_wconf 79' lang='grc' dir='ltr'><strong>καὶ</strong></span> 
     </span>
    </p>
   </div>
   <div class='ocr_carea' id='block_1_71' title="bbox 2152 3387 3817 3469">
    <p class='ocr_par' dir='ltr' id='par_1_71' title="bbox 2152 3387 3817 3469">
     <span class='ocr_line' id='line_1_71' title="bbox 2152 3387 3817 3469; baseline 0.002 -25"><span class='ocrx_word' id='word_1_464' title='bbox 2152 3387 2378 3462; x_wconf 77' lang='grc' dir='ltr'>ἄτοπον,</span> <span class='ocrx_word' id='word_1_465' title='bbox 2439 3389 2901 3463; x_wconf 71' lang='grc' dir='ltr'>εἷσοικιζομένους</span> <span class='ocrx_word' id='word_1_466' title='bbox 2954 3389 3013 3446; x_wconf 73' lang='grc' dir='ltr'>δὲ</span> <span class='ocrx_word' id='word_1_467' title='bbox 3067 3392 3158 3448; x_wconf 86' lang='grc' dir='ltr'><strong>καὶ</strong></span> <span class='ocrx_word' id='word_1_468' title='bbox 3216 3393 3624 3469; x_wconf 83' lang='grc' dir='ltr'>ἀντεισάγοντας</span> <span class='ocrx_word' id='word_1_469' title='bbox 3708 3399 3817 3449; x_wconf 76' lang='grc' dir='ltr'><strong>πᾶν</strong></span> 
     </span>
    </p>
   </div>
   <div class='ocr_carea' id='block_1_72' title="bbox 2152 3472 2860 3553">
    <p class='ocr_par' dir='ltr' id='par_1_72' title="bbox 2152 3472 2860 3553">
     <span class='ocr_line' id='line_1_72' title="bbox 2152 3472 2860 3553; baseline 0.001 -20"><span class='ocrx_word' id='word_1_470' title='bbox 2152 3472 2385 3553; x_wconf 76' lang='grc' dir='ltr'>ἕννομόν</span> <span class='ocrx_word' id='word_1_471' title='bbox 2416 3499 2475 3535; x_wconf 88' lang='grc' dir='ltr'><strong>τε</strong></span> <span class='ocrx_word' id='word_1_472' title='bbox 2504 3480 2591 3535; x_wconf 84' lang='grc' dir='ltr'><strong>καὶ</strong></span> <span class='ocrx_word' id='word_1_473' title='bbox 2628 3477 2860 3540; x_wconf 86' lang='grc' dir='ltr'>δίκαιον,</span> 
     </span>
    </p>
   </div>
   <div class='ocr_carea' id='block_1_73' title="bbox 387 3568 3822 3647">
    <p class='ocr_par' dir='ltr' id='par_1_73' title="bbox 387 3568 3822 3647">
     <span class='ocr_line' id='line_1_73' title="bbox 387 3568 3822 3647; baseline 0.001 -18"><span class='ocrx_word' id='word_1_474' title='bbox 387 3574 629 3635; x_wconf 87' lang='lat' dir='ltr'><strong>latores,</strong></span> <span class='ocrx_word' id='word_1_475' title='bbox 665 3573 766 3645; x_wconf 90' lang='lat' dir='ltr'><strong>qui</strong></span> <span class='ocrx_word' id='word_1_476' title='bbox 801 3572 1071 3627; x_wconf 87' lang='lat' dir='ltr'><strong>odientes</strong></span> <span class='ocrx_word' id='word_1_477' title='bbox 1102 3570 1252 3626; x_wconf 92' lang='lat' dir='ltr'><strong>illud</strong></span> <span class='ocrx_word' id='word_1_478' title='bbox 1284 3586 1462 3625; x_wconf 90' lang='lat' dir='ltr'><strong>omne</strong></span> <span class='ocrx_word' id='word_1_479' title='bbox 1494 3568 1654 3641; x_wconf 92' lang='lat' dir='ltr'><strong>quod</strong></span> <span class='ocrx_word' id='word_1_480' title='bbox 1684 3569 1909 3624; x_wconf 91' lang='lat' dir='ltr'><strong>malum</strong></span> <span class='ocrx_word' id='word_1_481' title='bbox 1939 3586 2407 3642; x_wconf 75' lang='lat' dir='ltr'><strong>perversumque</strong></span> <span class='ocrx_word' id='word_1_482' title='bbox 2438 3575 2548 3639; x_wconf 89' lang='lat' dir='ltr'><strong>est,</strong></span> <span class='ocrx_word' id='word_1_483' title='bbox 2580 3570 2842 3627; x_wconf 88' lang='lat' dir='ltr'><strong>vicissim</strong></span> <span class='ocrx_word' id='word_1_484' title='bbox 2873 3571 3194 3629; x_wconf 88' lang='lat' dir='ltr'><strong>admittant</strong></span> <span class='ocrx_word' id='word_1_485' title='bbox 3216 3573 3507 3645; x_wconf 91' lang='lat' dir='ltr'><strong>quidquid</strong></span> <span class='ocrx_word' id='word_1_486' title='bbox 3534 3591 3606 3630; x_wconf 91' lang='lat' dir='ltr'><strong>ex</strong></span> <span class='ocrx_word' id='word_1_487' title='bbox 3634 3592 3822 3647; x_wconf 65' lang='lat' dir='ltr'><strong>praes-</strong></span> 
     </span>
    </p>
   </div>
   <div class='ocr_carea' id='block_1_74' title="bbox 387 3661 1307 3735">
    <p class='ocr_par' dir='ltr' id='par_1_74' title="bbox 387 3661 1307 3735">
     <span class='ocr_line' id='line_1_74' title="bbox 387 3661 1307 3735; baseline -0.004 -15"><span class='ocrx_word' id='word_1_488' title='bbox 387 3663 576 3735; x_wconf 91' lang='lat' dir='ltr'><strong>cripto</strong></span> <span class='ocrx_word' id='word_1_489' title='bbox 607 3662 805 3735; x_wconf 81' lang='lat' dir='ltr'><strong>legum</strong></span> <span class='ocrx_word' id='word_1_490' title='bbox 837 3666 897 3716; x_wconf 92' lang='lat' dir='ltr'><strong>et</strong></span> <span class='ocrx_word' id='word_1_491' title='bbox 916 3661 1169 3733; x_wconf 71' lang='lat' dir='ltr'><strong>justitiaa</strong></span> <span class='ocrx_word' id='word_1_492' title='bbox 1197 3666 1307 3717; x_wconf 90' lang='lat' dir='ltr'><strong>est.</strong></span> 
     </span>
    </p>
   </div>
   <div class='ocr_carea' id='block_1_75' title="bbox 458 3748 2040 3822">
    <p class='ocr_par' dir='ltr' id='par_1_75' title="bbox 458 3748 2040 3822">
     <span class='ocr_line' id='line_1_75' title="bbox 458 3748 2040 3822; baseline -0.001 -15"><span class='ocrx_word' id='word_1_493' title='bbox 458 3754 544 3807; x_wconf 73' lang='grc'><strong>14.</strong></span> <span class='ocrx_word' id='word_1_494' title='bbox 580 3753 698 3808; x_wconf 87' lang='lat' dir='ltr'><strong>Hac</strong></span> <span class='ocrx_word' id='word_1_495' title='bbox 727 3751 959 3808; x_wconf 84' lang='lat' dir='ltr'><strong>ratione</strong></span> <span class='ocrx_word' id='word_1_496' title='bbox 990 3751 1227 3806; x_wconf 91' lang='lat' dir='ltr'><strong>divinus</strong></span> <span class='ocrx_word' id='word_1_497' title='bbox 1257 3749 1361 3805; x_wconf 92' lang='lat' dir='ltr'><strong>ille</strong></span> <span class='ocrx_word' id='word_1_498' title='bbox 1391 3750 1481 3805; x_wconf 92' lang='lat' dir='ltr'><strong>vir</strong></span> <span class='ocrx_word' id='word_1_499' title='bbox 1504 3748 1817 3822; x_wconf 60' lang='lat' dir='ltr'><strong>injustitiae</strong></span> <span class='ocrx_word' id='word_1_500' title='bbox 1843 3749 2040 3805; x_wconf 89' lang='lat' dir='ltr'><strong>omnis</strong></span> 
     </span>
    </p>
   </div>
   <div class='ocr_carea' id='block_1_76' title="bbox 387 3838 2044 3915">
    <p class='ocr_par' dir='ltr' id='par_1_76' title="bbox 387 3838 2044 3915">
     <span class='ocr_line' id='line_1_76' title="bbox 387 3838 2044 3915; baseline -0.004 -15"><span class='ocrx_word' id='word_1_501' title='bbox 387 3843 574 3900; x_wconf 89' lang='lat' dir='ltr'><strong>evasit</strong></span> <span class='ocrx_word' id='word_1_502' title='bbox 593 3840 802 3915; x_wconf 83' lang='lat' dir='ltr'><strong>judex,</strong></span> <span class='ocrx_word' id='word_1_503' title='bbox 831 3858 953 3897; x_wconf 88' lang='lat' dir='ltr'><strong>non</strong></span> <span class='ocrx_word' id='word_1_504' title='bbox 977 3846 1045 3896; x_wconf 89' lang='lat' dir='ltr'><strong>ut</strong></span> <span class='ocrx_word' id='word_1_505' title='bbox 1075 3841 1204 3912; x_wconf 90' lang='lat' dir='ltr'><strong>ipsa</strong></span> <span class='ocrx_word' id='word_1_506' title='bbox 1222 3840 1476 3896; x_wconf 88' lang='lat' dir='ltr'><strong>ducente</strong></span> <span class='ocrx_word' id='word_1_507' title='bbox 1494 3839 1796 3911; x_wconf 87' lang='lat' dir='ltr'><strong>judicaret</strong></span> <span class='ocrx_word' id='word_1_508' title='bbox 1819 3854 1834 3908; x_wconf 89' lang='lat'><strong>;</strong></span> <span class='ocrx_word' id='word_1_509' title='bbox 1858 3838 2044 3895; x_wconf 76' lang='lat' dir='ltr'><strong>absit!</strong></span> 
     </span>
    </p>
   </div>
   <div class='ocr_carea' id='block_1_77' title="bbox 383 3928 2045 4005">
    <p class='ocr_par' dir='ltr' id='par_1_77' title="bbox 383 3928 2045 4005">
     <span class='ocr_line' id='line_1_77' title="bbox 383 3928 2045 4005; baseline -0.001 -18"><span class='ocrx_word' id='word_1_510' title='bbox 383 3932 635 4005; x_wconf 89' lang='lat' dir='ltr'><strong>quinam</strong></span> <span class='ocrx_word' id='word_1_511' title='bbox 680 3931 843 3986; x_wconf 92' lang='lat' dir='ltr'><strong>enim</strong></span> <span class='ocrx_word' id='word_1_512' title='bbox 885 3928 1092 3985; x_wconf 86' lang='lat' dir='ltr'><strong>istud?</strong></span> <span class='ocrx_word' id='word_1_513' title='bbox 1142 3929 1246 3986; x_wconf 91' lang='lat' dir='ltr'><strong>sed</strong></span> <span class='ocrx_word' id='word_1_514' title='bbox 1290 3929 1457 3985; x_wconf 90' lang='lat' dir='ltr'><strong>illam</strong></span> <span class='ocrx_word' id='word_1_515' title='bbox 1504 3928 1589 3984; x_wconf 89' lang='lat' dir='ltr'><strong>uti</strong></span> <span class='ocrx_word' id='word_1_516' title='bbox 1633 3928 2045 3985; x_wconf 88' lang='lat' dir='ltr'><strong>detestandam</strong></span> 
     </span>
    </p>
   </div>
   <div class='ocr_carea' id='block_1_78' title="bbox 384 4019 2041 4091">
    <p class='ocr_par' dir='ltr' id='par_1_78' title="bbox 384 4019 2041 4091">
     <span class='ocr_line' id='line_1_78' title="bbox 384 4019 2041 4091; baseline -0.001 -14"><span class='ocrx_word' id='word_1_517' title='bbox 384 4021 490 4077; x_wconf 80' lang='lat' dir='ltr'><strong>dan</strong></span> <span class='ocrx_word' id='word_1_518' title='bbox 501 4019 1078 4091; x_wconf 67' lang='lat' dir='ltr'><strong>anando,divinisque</strong></span> <span class='ocrx_word' id='word_1_519' title='bbox 1092 4019 1350 4076; x_wconf 91' lang='lat' dir='ltr'><strong>arcendo</strong></span> <span class='ocrx_word' id='word_1_520' title='bbox 1365 4019 1548 4091; x_wconf 88' lang='lat' dir='ltr'><strong>septis</strong></span> <span class='ocrx_word' id='word_1_521' title='bbox 1563 4019 1850 4075; x_wconf 91' lang='lat' dir='ltr'><strong>facientes</strong></span> <span class='ocrx_word' id='word_1_522' title='bbox 1864 4019 2041 4075; x_wconf 90' lang='lat' dir='ltr'><strong>mala.</strong></span> 
     </span>
    </p>
   </div>
   <div class='ocr_carea' id='block_1_79' title="bbox 386 4108 2042 4184">
    <p class='ocr_par' dir='ltr' id='par_1_79' title="bbox 386 4108 2042 4184">
     <span class='ocr_line' id='line_1_79' title="bbox 386 4108 2042 4184; baseline 0 -20"><span class='ocrx_word' id='word_1_523' title='bbox 386 4111 577 4167; x_wconf 87' lang='lat' dir='ltr'><strong>Vidua</strong></span> <span class='ocrx_word' id='word_1_524' title='bbox 601 4111 899 4184; x_wconf 91' lang='lat' dir='ltr'><strong>siquidem</strong></span> <span class='ocrx_word' id='word_1_525' title='bbox 931 4126 1071 4166; x_wconf 91' lang='lat' dir='ltr'><strong>eum</strong></span> <span class='ocrx_word' id='word_1_526' title='bbox 1104 4108 1344 4166; x_wconf 89' lang='lat' dir='ltr'><strong>assidue</strong></span> <span class='ocrx_word' id='word_1_527' title='bbox 1384 4109 1721 4183; x_wconf 82' lang='lat' dir='ltr'><strong>sugillabat,</strong></span> <span class='ocrx_word' id='word_1_528' title='bbox 1772 4125 1883 4165; x_wconf 90' lang='lat' dir='ltr'><strong>nec</strong></span> <span class='ocrx_word' id='word_1_529' title='bbox 1913 4110 2042 4165; x_wconf 88' lang='lat' dir='ltr'><strong>sine</strong></span> 
     </span>
    </p>
   </div>
   <div class='ocr_carea' id='block_1_80' title="bbox 383 4198 2041 4274">
    <p class='ocr_par' dir='ltr' id='par_1_80' title="bbox 383 4198 2041 4274">
     <span class='ocr_line' id='line_1_80' title="bbox 383 4198 2041 4274; baseline -0.002 -17"><span class='ocrx_word' id='word_1_530' title='bbox 383 4199 1083 4274; x_wconf 82' lang='lat' dir='ltr'><strong>importunitate,quippe</strong></span> <span class='ocrx_word' id='word_1_531' title='bbox 1115 4216 1247 4270; x_wconf 68' lang='lat' dir='ltr'><strong>qua)</strong></span> <span class='ocrx_word' id='word_1_532' title='bbox 1273 4198 1347 4253; x_wconf 91' lang='lat' dir='ltr'><strong>ob</strong></span> <span class='ocrx_word' id='word_1_533' title='bbox 1369 4198 1598 4254; x_wconf 88' lang='lat' dir='ltr'><strong>illatam</strong></span> <span class='ocrx_word' id='word_1_534' title='bbox 1621 4198 1733 4254; x_wconf 92' lang='lat' dir='ltr'><strong>sibi</strong></span> <span class='ocrx_word' id='word_1_535' title='bbox 1757 4199 2041 4270; x_wconf 88' lang='lat' dir='ltr'><strong>injuriam</strong></span> 
     </span>
    </p>
   </div>
   <div class='ocr_carea' id='block_1_81' title="bbox 382 4287 2040 4360">
    <p class='ocr_par' dir='ltr' id='par_1_81' title="bbox 382 4287 2040 4360">
     <span class='ocr_line' id='line_1_81' title="bbox 382 4287 2040 4360; baseline -0.002 -14"><span class='ocrx_word' id='word_1_536' title='bbox 382 4290 563 4347; x_wconf 92' lang='lat' dir='ltr'><strong>corde</strong></span> <span class='ocrx_word' id='word_1_537' title='bbox 586 4290 1044 4346; x_wconf 88' lang='lat' dir='ltr'><strong>excruciaretur.</strong></span> <span class='ocrx_word' id='word_1_538' title='bbox 1070 4289 1238 4343; x_wconf 89' lang='lat' dir='ltr'><strong>Hunc</strong></span> <span class='ocrx_word' id='word_1_539' title='bbox 1257 4305 1432 4360; x_wconf 89' lang='lat' dir='ltr'><strong>porro</strong></span> <span class='ocrx_word' id='word_1_540' title='bbox 1455 4288 1761 4343; x_wconf 90' lang='lat' dir='ltr'><strong>hominem</strong></span> <span class='ocrx_word' id='word_1_541' title='bbox 1784 4287 1886 4343; x_wconf 91' lang='lat' dir='ltr'><strong>Dei</strong></span> <span class='ocrx_word' id='word_1_542' title='bbox 1905 4303 2040 4359; x_wconf 89' lang='lat' dir='ltr'><strong>pre-</strong></span> 
     </span>
    </p>
   </div>
   <div class='ocr_carea' id='block_1_82' title="bbox 383 4376 2035 4451">
    <p class='ocr_par' dir='ltr' id='par_1_82' title="bbox 383 4376 2035 4451">
     <span class='ocr_line' id='line_1_82' title="bbox 383 4376 2035 4451; baseline -0.003 -15"><span class='ocrx_word' id='word_1_543' title='bbox 383 4379 713 4436; x_wconf 88' lang='lat' dir='ltr'><strong>henditceu</strong></span> <span class='ocrx_word' id='word_1_544' title='bbox 731 4377 996 4434; x_wconf 89' lang='lat' dir='ltr'><strong>validum</strong></span> <span class='ocrx_word' id='word_1_545' title='bbox 1019 4378 1353 4451; x_wconf 81' lang='lat' dir='ltr'><strong>perfugium</strong></span> <span class='ocrx_word' id='word_1_546' title='bbox 1369 4378 1526 4449; x_wconf 91' lang='lat' dir='ltr'><strong>quod</strong></span> <span class='ocrx_word' id='word_1_547' title='bbox 1541 4378 1819 4449; x_wconf 91' lang='lat' dir='ltr'><strong>nequiret</strong></span> <span class='ocrx_word' id='word_1_548' title='bbox 1834 4376 2035 4431; x_wconf 89' lang='lat' dir='ltr'><strong>everti.</strong></span> 
     </span>
    </p>
   </div>
   <div class='ocr_carea' id='block_1_83' title="bbox 384 4466 2039 4541">
    <p class='ocr_par' dir='ltr' id='par_1_83' title="bbox 384 4466 2039 4541">
     <span class='ocr_line' id='line_1_83' title="bbox 384 4466 2039 4541; baseline -0.002 -16"><span class='ocrx_word' id='word_1_549' title='bbox 384 4471 466 4525; x_wconf 82' lang='lat' dir='ltr'><strong>Ac</strong></span> <span class='ocrx_word' id='word_1_550' title='bbox 480 4475 604 4525; x_wconf 90' lang='lat' dir='ltr'><strong>tuto</strong></span> <span class='ocrx_word' id='word_1_551' title='bbox 624 4469 801 4541; x_wconf 88' lang='lat' dir='ltr'><strong>plane</strong></span> <span class='ocrx_word' id='word_1_552' title='bbox 817 4474 1099 4540; x_wconf 90' lang='lat' dir='ltr'><strong>certoque</strong></span> <span class='ocrx_word' id='word_1_553' title='bbox 1115 4467 1386 4523; x_wconf 89' lang='lat' dir='ltr'><strong>consilio.</strong></span> <span class='ocrx_word' id='word_1_554' title='bbox 1404 4469 1664 4539; x_wconf 86' lang='lat' dir='ltr'><strong>Ecquem</strong></span> <span class='ocrx_word' id='word_1_555' title='bbox 1681 4466 1841 4522; x_wconf 91' lang='lat' dir='ltr'><strong>enim</strong></span> <span class='ocrx_word' id='word_1_556' title='bbox 1864 4471 2039 4521; x_wconf 89' lang='lat' dir='ltr'><strong>nacta</strong></span> 
     </span>
    </p>
   </div>
   <div class='ocr_carea' id='block_1_84' title="bbox 383 4551 2055 4628">
    <p class='ocr_par' dir='ltr' id='par_1_84' title="bbox 383 4555 2038 4628">
     <span class='ocr_line' id='line_1_84' title="bbox 383 4555 2038 4628; baseline -0.002 -14"><span class='ocrx_word' id='word_1_557' title='bbox 383 4558 639 4615; x_wconf 91' lang='lat' dir='ltr'><strong>alterum</strong></span> <span class='ocrx_word' id='word_1_558' title='bbox 662 4558 873 4613; x_wconf 88' lang='lat' dir='ltr'><strong>fuisset</strong></span> <span class='ocrx_word' id='word_1_559' title='bbox 895 4557 1252 4614; x_wconf 89' lang='lat' dir='ltr'><strong>calamitatis</strong></span> <span class='ocrx_word' id='word_1_560' title='bbox 1272 4563 1331 4612; x_wconf 91' lang='lat' dir='ltr'><strong>et</strong></span> <span class='ocrx_word' id='word_1_561' title='bbox 1351 4556 1588 4628; x_wconf 61' lang='lat' dir='ltr'><strong>injuriae</strong></span> <span class='ocrx_word' id='word_1_562' title='bbox 1610 4555 1902 4612; x_wconf 88' lang='lat' dir='ltr'><strong>vindicem</strong></span> <span class='ocrx_word' id='word_1_563' title='bbox 1921 4555 1948 4611; x_wconf 86' lang='lat'><strong>&#39;?</strong></span> <span class='ocrx_word' id='word_1_564' title='bbox 1967 4573 2038 4611; x_wconf 87' lang='lat' dir='ltr'><strong>ex</strong></span> 
     </span>
    </p>
   </div>
   <div class='ocr_carea' id='block_1_85' title="bbox 2162 4551 2893 4628">
    <p class='ocr_par' dir='ltr' id='par_1_85' title="bbox 2162 4551 2893 4628">
     <span class='ocr_line' id='line_1_85' title="bbox 2162 4551 2893 4628; baseline -0.003 -21"><span class='ocrx_word' id='word_1_565' title='bbox 2162 4554 2353 4617; x_wconf 71' lang='grc' dir='ltr'>πάθους</span> <span class='ocrx_word' id='word_1_566' title='bbox 2410 4551 2682 4628; x_wconf 79' lang='grc' dir='ltr'>ἀντιληψό</span> <span class='ocrx_word' id='word_1_567' title='bbox 2691 4574 2852 4627; x_wconf 87' lang='grc' dir='ltr'>μενον</span> <span class='ocrx_word' id='word_1_568' title='bbox 2878 4575 2893 4624; x_wconf 75' lang='grc' dir='ltr'>ς</span> 
     </span>
    </p>
   </div>
   <div class='ocr_carea' id='block_1_86' title="bbox 2234 3744 3818 3828">
    <p class='ocr_par' dir='ltr' id='par_1_86' title="bbox 2234 3744 3818 3828">
     <span class='ocr_line' id='line_1_86' title="bbox 2234 3744 3818 3828; baseline 0.003 -24"><span class='ocrx_word' id='word_1_569' title='bbox 2234 3744 2319 3805; x_wconf 87' lang='grc' dir='ltr'>ιδ’.</span> <span class='ocrx_word' id='word_1_570' title='bbox 2353 3748 2543 3814; x_wconf 76' lang='grc' dir='ltr'>Οὕτως</span> <span class='ocrx_word' id='word_1_571' title='bbox 2584 3749 2741 3813; x_wconf 78' lang='grc' dir='ltr'>οὗτος</span> <span class='ocrx_word' id='word_1_572' title='bbox 2771 3751 2800 3806; x_wconf 81' lang='grc' dir='ltr'><strong>ὁ</strong></span> <span class='ocrx_word' id='word_1_573' title='bbox 2829 3751 2973 3814; x_wconf 87' lang='grc' dir='ltr'>θεῖος</span> <span class='ocrx_word' id='word_1_574' title='bbox 3031 3751 3169 3827; x_wconf 74' lang='grc' dir='ltr'>ἀνὴρ</span> <span class='ocrx_word' id='word_1_575' title='bbox 3227 3753 3420 3828; x_wconf 73' lang='grc' dir='ltr'>κριτὴς</span> <span class='ocrx_word' id='word_1_576' title='bbox 3468 3760 3570 3823; x_wconf 82' lang='grc' dir='ltr'><strong>τῆς</strong></span> <span class='ocrx_word' id='word_1_577' title='bbox 3602 3750 3818 3815; x_wconf 87' lang='grc' dir='ltr'>ἀδικίας</span> 
     </span>
    </p>
   </div>
   <div class='ocr_carea' id='block_1_87' title="bbox 2158 3837 3818 3919">
    <p class='ocr_par' dir='ltr' id='par_1_87' title="bbox 2158 3837 3818 3919">
     <span class='ocr_line' id='line_1_87' title="bbox 2158 3837 3818 3919; baseline 0.001 -24"><span class='ocrx_word' id='word_1_578' title='bbox 2158 3837 2385 3914; x_wconf 80' lang='grc' dir='ltr'>ἐγίνετο·</span> <span class='ocrx_word' id='word_1_579' title='bbox 2447 3838 2511 3895; x_wconf 80' lang='grc' dir='ltr'>οὐ</span> <span class='ocrx_word' id='word_1_580' title='bbox 2562 3840 2732 3915; x_wconf 78' lang='grc' dir='ltr'>ταύτῃ</span> <span class='ocrx_word' id='word_1_581' title='bbox 2792 3841 3017 3915; x_wconf 87' lang='grc' dir='ltr'>κρίνων,</span> <span class='ocrx_word' id='word_1_582' title='bbox 3076 3840 3271 3917; x_wconf 79' lang='grc' dir='ltr'>ἄπαγε’</span> <span class='ocrx_word' id='word_1_583' title='bbox 3330 3846 3450 3907; x_wconf 80' lang='grc' dir='ltr'><strong>πῶς</strong></span> <span class='ocrx_word' id='word_1_584' title='bbox 3493 3842 3636 3919; x_wconf 78' lang='grc' dir='ltr'><strong>γᾶρ;</strong></span> <span class='ocrx_word' id='word_1_585' title='bbox 3669 3841 3818 3897; x_wconf 77' lang='grc' dir='ltr'>ἂλλά</span> 
     </span>
    </p>
   </div>
   <div class='ocr_carea' id='block_1_88' title="bbox 2154 3925 3813 4003">
    <p class='ocr_par' dir='ltr' id='par_1_88' title="bbox 2154 3925 3813 4003">
     <span class='ocr_line' id='line_1_88' title="bbox 2154 3925 3813 4003; baseline 0.002 -20"><span class='ocrx_word' id='word_1_586' title='bbox 2154 3927 2518 4001; x_wconf 87' lang='grc' dir='ltr'>κατακρίνων,</span> <span class='ocrx_word' id='word_1_587' title='bbox 2598 3929 2689 3984; x_wconf 88' lang='grc' dir='ltr'>καὶ</span> <span class='ocrx_word' id='word_1_588' title='bbox 2770 3925 2979 3993; x_wconf 78' lang='grc' dir='ltr'>δεικνὺς</span> <span class='ocrx_word' id='word_1_589' title='bbox 3058 3930 3260 4001; x_wconf 68' lang='grc' dir='ltr'>ταύτην</span> <span class='ocrx_word' id='word_1_590' title='bbox 3320 3926 3665 4003; x_wconf 83' lang='grc' dir='ltr'>ἀπόϐλητον,</span> <span class='ocrx_word' id='word_1_591' title='bbox 3722 3932 3813 3987; x_wconf 77' lang='grc' dir='ltr'><strong>καὶ</strong></span> 
     </span>
    </p>
   </div>
   <div class='ocr_carea' id='block_1_89' title="bbox 2151 4013 3811 4097">
    <p class='ocr_par' dir='ltr' id='par_1_89' title="bbox 2151 4013 3811 4097">
     <span class='ocr_line' id='line_1_89' title="bbox 2151 4013 3811 4097; baseline 0.004 -24"><span class='ocrx_word' id='word_1_592' title='bbox 2151 4022 2259 4073; x_wconf 81' lang='grc' dir='ltr'><strong>τῶν</strong></span> <span class='ocrx_word' id='word_1_593' title='bbox 2293 4018 2450 4074; x_wconf 85' lang='grc' dir='ltr'>Θείων</span> <span class='ocrx_word' id='word_1_594' title='bbox 2502 4013 2814 4093; x_wconf 87' lang='grc' dir='ltr'>περιϐόλων</span> <span class='ocrx_word' id='word_1_595' title='bbox 2872 4018 3163 4097; x_wconf 87' lang='grc' dir='ltr'>ἀπείργων,</span> <span class='ocrx_word' id='word_1_596' title='bbox 3212 4024 3505 4086; x_wconf 90' lang='grc' dir='ltr'>ποιοῦντας</span> <span class='ocrx_word' id='word_1_597' title='bbox 3530 4022 3597 4077; x_wconf 79' lang='grc' dir='ltr'><strong>τὰ</strong></span> <span class='ocrx_word' id='word_1_598' title='bbox 3628 4018 3811 4079; x_wconf 76' lang='grc' dir='ltr'>ἄδικα.</span> 
     </span>
    </p>
   </div>
   <div class='ocr_carea' id='block_1_90' title="bbox 2152 4103 3812 4184">
    <p class='ocr_par' dir='ltr' id='par_1_90' title="bbox 2152 4103 3812 4184">
     <span class='ocr_line' id='line_1_90' title="bbox 2152 4103 3812 4184; baseline 0.001 -22"><span class='ocrx_word' id='word_1_599' title='bbox 2152 4106 2319 4181; x_wconf 72' lang='grc' dir='ltr'><strong>Χήρα</strong></span> <span class='ocrx_word' id='word_1_600' title='bbox 2374 4107 2477 4181; x_wconf 75' lang='grc' dir='ltr'><strong>γὰρ</strong></span> <span class='ocrx_word' id='word_1_601' title='bbox 2541 4103 2702 4162; x_wconf 69' lang='grc' dir='ltr'>αὑτὸν</span> <span class='ocrx_word' id='word_1_602' title='bbox 2762 4106 3025 4176; x_wconf 78' lang='grc' dir='ltr'>ὑπεπίαζε</span> <span class='ocrx_word' id='word_1_603' title='bbox 3105 4106 3309 4181; x_wconf 86' lang='grc' dir='ltr'>θαμινά</span> <span class='ocrx_word' id='word_1_604' title='bbox 3364 4112 3812 4184; x_wconf 81' lang='grc' dir='ltr'>παρενοχλοῦσα,</span> 
     </span>
    </p>
   </div>
   <div class='ocr_carea' id='block_1_91' title="bbox 2148 4192 3809 4275">
    <p class='ocr_par' dir='ltr' id='par_1_91' title="bbox 2148 4192 3809 4275">
     <span class='ocr_line' id='line_1_91' title="bbox 2148 4192 3809 4275; baseline 0.002 -26"><span class='ocrx_word' id='word_1_605' title='bbox 2148 4193 2469 4269; x_wconf 78' lang='grc' dir='ltr'>τρυχομὲνη</span> <span class='ocrx_word' id='word_1_606' title='bbox 2527 4195 2628 4264; x_wconf 74' lang='grc' dir='ltr'>τὴν</span> <span class='ocrx_word' id='word_1_607' title='bbox 2687 4192 2911 4268; x_wconf 88' lang='grc' dir='ltr'>καρδίαν</span> <span class='ocrx_word' id='word_1_608' title='bbox 2968 4198 3048 4268; x_wconf 82' lang='grc' dir='ltr'>τῷ</span> <span class='ocrx_word' id='word_1_609' title='bbox 3107 4193 3431 4269; x_wconf 78' lang='grc' dir='ltr'>ἀδικήματι.</span> <span class='ocrx_word' id='word_1_610' title='bbox 3467 4197 3809 4275; x_wconf 79' lang='grc' dir='ltr'>Καταφύγιον</span> 
     </span>
    </p>
   </div>
   <div class='ocr_carea' id='block_1_92' title="bbox 2151 4281 3809 4362">
    <p class='ocr_par' dir='ltr' id='par_1_92' title="bbox 2151 4281 3809 4362">
     <span class='ocr_line' id='line_1_92' title="bbox 2151 4281 3809 4362; baseline 0.004 -25"><span class='ocrx_word' id='word_1_611' title='bbox 2151 4281 2333 4358; x_wconf 83' lang='grc' dir='ltr'>ὥσπερ</span> <span class='ocrx_word' id='word_1_612' title='bbox 2368 4282 2571 4360; x_wconf 82' lang='grc' dir='ltr'>ὀχυρόν</span> <span class='ocrx_word' id='word_1_613' title='bbox 2611 4305 2664 4339; x_wconf 89' lang='grc' dir='ltr'><strong>τι</strong></span> <span class='ocrx_word' id='word_1_614' title='bbox 2713 4284 2803 4339; x_wconf 86' lang='grc' dir='ltr'>καὶ</span> <span class='ocrx_word' id='word_1_615' title='bbox 2855 4285 3204 4360; x_wconf 86' lang='grc' dir='ltr'>ἀκαθαίρετον</span> <span class='ocrx_word' id='word_1_616' title='bbox 3253 4286 3472 4342; x_wconf 85' lang='grc' dir='ltr'>τουτονὶ</span> <span class='ocrx_word' id='word_1_617' title='bbox 3518 4286 3809 4362; x_wconf 83' lang='grc' dir='ltr'>καταλαμ-</span> 
     </span>
    </p>
   </div>
   <div class='ocr_carea' id='block_1_93' title="bbox 2149 4367 3806 4454">
    <p class='ocr_par' dir='ltr' id='par_1_93' title="bbox 2149 4367 3806 4454">
     <span class='ocr_line' id='line_1_93' title="bbox 2149 4367 3806 4454; baseline 0.005 -28"><span class='ocrx_word' id='word_1_618' title='bbox 2149 4367 2298 4428; x_wconf 74' lang='grc' dir='ltr'>ϐάνει</span> <span class='ocrx_word' id='word_1_619' title='bbox 2345 4372 2439 4428; x_wconf 87' lang='grc' dir='ltr'>τὸν</span> <span class='ocrx_word' id='word_1_620' title='bbox 2483 4378 2581 4429; x_wconf 87' lang='grc' dir='ltr'><strong>τοῦ</strong></span> <span class='ocrx_word' id='word_1_621' title='bbox 2630 4378 2765 4430; x_wconf 88' lang='grc' dir='ltr'>Θεοῦ</span> <span class='ocrx_word' id='word_1_622' title='bbox 2822 4371 3131 4448; x_wconf 80' lang='grc' dir='ltr'>ἄνθρωπον,</span> <span class='ocrx_word' id='word_1_623' title='bbox 3182 4373 3441 4454; x_wconf 77' lang='grc' dir='ltr'>ἀσφαλῶς</span> <span class='ocrx_word' id='word_1_624' title='bbox 3475 4377 3583 4454; x_wconf 71' lang='grc' dir='ltr'><strong>οὐχ</strong></span> <span class='ocrx_word' id='word_1_625' title='bbox 3606 4377 3806 4447; x_wconf 75' lang='grc' dir='ltr'>ἥκιστα</span> 
     </span>
    </p>
   </div>
   <div class='ocr_carea' id='block_1_94' title="bbox 2152 4457 3803 4544">
    <p class='ocr_par' dir='ltr' id='par_1_94' title="bbox 2152 4457 3803 4544">
     <span class='ocr_line' id='line_1_94' title="bbox 2152 4457 3803 4544; baseline 0.004 -27"><span class='ocrx_word' id='word_1_626' title='bbox 2152 4457 2617 4539; x_wconf 73' lang='grc' dir='ltr'>βεϐουλευομὲνη.</span> <span class='ocrx_word' id='word_1_627' title='bbox 2693 4463 2821 4519; x_wconf 87' lang='grc' dir='ltr'>Τίνα</span> <span class='ocrx_word' id='word_1_628' title='bbox 2891 4464 2994 4540; x_wconf 79' lang='grc' dir='ltr'><strong>γὰρ</strong></span> <span class='ocrx_word' id='word_1_629' title='bbox 3090 4463 3151 4520; x_wconf 82' lang='grc' dir='ltr'><strong>ἃν</strong></span> <span class='ocrx_word' id='word_1_630' title='bbox 3212 4464 3399 4539; x_wconf 61' lang='grc' dir='ltr'>ἓτερον</span> <span class='ocrx_word' id='word_1_631' title='bbox 3459 4465 3650 4544; x_wconf 73' lang='grc' dir='ltr'>εὕρατο</span> <span class='ocrx_word' id='word_1_632' title='bbox 3705 4473 3803 4523; x_wconf 81' lang='grc' dir='ltr'><strong>τοῦ</strong></span> 
     </span>
    </p>
   </div>
   <div class='ocr_carea' id='block_1_95' title="bbox 2976 4553 3798 4633">
    <p class='ocr_par' dir='ltr' id='par_1_95' title="bbox 2976 4553 3798 4633">
     <span class='ocr_line' id='line_1_95' title="bbox 2976 4553 3798 4633; baseline 0.005 -25"><span class='ocrx_word' id='word_1_633' title='bbox 2976 4554 3256 4630; x_wconf 73' lang='grc' dir='ltr'>ἄρχοντας</span> <span class='ocrx_word' id='word_1_634' title='bbox 3316 4553 3445 4611; x_wconf 83' lang='grc' dir='ltr'>ἀλλ’</span> <span class='ocrx_word' id='word_1_635' title='bbox 3490 4557 3635 4633; x_wconf 77' lang='grc' dir='ltr'>ἦρχε</span> <span class='ocrx_word' id='word_1_636' title='bbox 3690 4561 3798 4612; x_wconf 84' lang='grc' dir='ltr'><strong>τῶν</strong></span> 
     </span>
    </p>
   </div>
   <div class='ocr_carea' id='block_1_96' title="bbox 383 4627 2055 4722">
    <p class='ocr_par' dir='ltr' id='par_1_96' title="bbox 383 4627 2038 4720">
     <span class='ocr_line' id='line_1_96' title="bbox 383 4627 2038 4720; baseline -0.001 -20"><span class='ocrx_word' id='word_1_637' title='bbox 383 4645 757 4720; x_wconf 90' lang='lat' dir='ltr'><strong>principibus</strong></span> <span class='ocrx_word' id='word_1_638' title='bbox 774 4646 1036 4718; x_wconf 88' lang='lat' dir='ltr'><strong>aliquem</strong></span> <span class='ocrx_word' id='word_1_639' title='bbox 1051 4647 1152 4703; x_wconf 85' lang='lat' dir='ltr'><strong>?at</strong></span> <span class='ocrx_word' id='word_1_640' title='bbox 1171 4627 1545 4719; x_wconf 89' lang='lat' dir='ltr'><strong>principibus</strong></span> <span class='ocrx_word' id='word_1_641' title='bbox 1564 4645 1668 4701; x_wconf 90' lang='lat' dir='ltr'><strong>illa</strong></span> <span class='ocrx_word' id='word_1_642' title='bbox 1686 4644 2038 4716; x_wconf 89' lang='lat' dir='ltr'><strong>imperabat,</strong></span> 
     </span>
    </p>
   </div>
   <div class='ocr_carea' id='block_1_97' title="bbox 2162 4627 3803 4722">
    <p class='ocr_par' dir='ltr' id='par_1_97' title="bbox 2162 4627 3803 4722">
     <span class='ocr_line' id='line_1_97' title="bbox 2162 4627 3803 4722; baseline 0.004 -26"><span class='ocrx_word' id='word_1_643' title='bbox 2162 4641 2431 4717; x_wconf 71' lang='grc' dir='ltr'>ίρχύντων</span> <span class='ocrx_word' id='word_1_644' title='bbox 2484 4644 2520 4712; x_wconf 79' lang='grc' dir='ltr'><strong>ἡ</strong></span> <span class='ocrx_word' id='word_1_645' title='bbox 2569 4627 2739 4698; x_wconf 83' lang='grc' dir='ltr'>ταῦτα</span> <span class='ocrx_word' id='word_1_646' title='bbox 2786 4627 3174 4718; x_wconf 72' lang='grc' dir='ltr'>ἐπηρεάζοῦσα.</span> <span class='ocrx_word' id='word_1_647' title='bbox 3231 4627 3707 4716; x_wconf 32' lang='grc' dir='ltr'>Βασιλέα-ἀλλά</span> <span class='ocrx_word' id='word_1_648' title='bbox 3732 4649 3803 4722; x_wconf 76' lang='grc' dir='ltr'><strong>τῇ</strong></span> 
     </span>
    </p>
   </div>
   <div class='ocr_carea' id='block_1_98' title="bbox 384 4733 2036 4809">
    <p class='ocr_par' dir='ltr' id='par_1_98' title="bbox 384 4733 2036 4809">
     <span class='ocr_line' id='line_1_98' title="bbox 384 4733 2036 4809; baseline -0.001 -18"><span class='ocrx_word' id='word_1_649' title='bbox 384 4752 518 4808; x_wconf 56' lang='lat' dir='ltr'><strong>qua:</strong></span> <span class='ocrx_word' id='word_1_650' title='bbox 549 4736 776 4807; x_wconf 81' lang='lat' dir='ltr'><strong>injusta</strong></span> <span class='ocrx_word' id='word_1_651' title='bbox 800 4735 929 4791; x_wconf 63' lang='lat' dir='ltr'><strong>haec</strong></span> <span class='ocrx_word' id='word_1_652' title='bbox 975 4741 1365 4809; x_wconf 89' lang='lat' dir='ltr'><strong>perpetraret.</strong></span> <span class='ocrx_word' id='word_1_653' title='bbox 1416 4736 1842 4806; x_wconf 88' lang='lat' dir='ltr'><strong>Imperatorem</strong></span> <span class='ocrx_word' id='word_1_654' title='bbox 1865 4733 1892 4789; x_wconf 75' lang='lat' dir='ltr'><strong>‘I</strong></span> <span class='ocrx_word' id='word_1_655' title='bbox 1918 4750 2036 4804; x_wconf 91' lang='lat' dir='ltr'><strong>quo</strong></span> 
     </span>
    </p>
   </div>
   <div class='ocr_carea' id='block_1_99' title="bbox 382 4823 2035 4899">
    <p class='ocr_par' dir='ltr' id='par_1_99' title="bbox 382 4823 2035 4899">
     <span class='ocr_line' id='line_1_99' title="bbox 382 4823 2035 4899; baseline -0.002 -19"><span class='ocrx_word' id='word_1_656' title='bbox 382 4842 519 4881; x_wconf 88' lang='lat' dir='ltr'><strong>vero</strong></span> <span class='ocrx_word' id='word_1_657' title='bbox 552 4841 691 4899; x_wconf 80' lang='lat' dir='ltr'><strong>erga</strong></span> <span class='ocrx_word' id='word_1_658' title='bbox 722 4826 812 4882; x_wconf 92' lang='lat' dir='ltr'><strong>sui</strong></span> <span class='ocrx_word' id='word_1_659' title='bbox 845 4831 1072 4898; x_wconf 90' lang='lat' dir='ltr'><strong>partem</strong></span> <span class='ocrx_word' id='word_1_660' title='bbox 1096 4827 1312 4882; x_wconf 77' lang='lat' dir='ltr'><strong>affectu</strong></span> <span class='ocrx_word' id='word_1_661' title='bbox 1337 4824 1657 4890; x_wconf 88' lang='lat' dir='ltr'><strong>ferebatur,</strong></span> <span class='ocrx_word' id='word_1_662' title='bbox 1693 4823 2035 4879; x_wconf 77' lang='lat' dir='ltr'><strong>effeminato</strong></span> 
     </span>
    </p>
   </div>
   <div class='ocr_carea' id='block_1_100' title="bbox 381 4911 2034 4989">
    <p class='ocr_par' dir='ltr' id='par_1_100' title="bbox 381 4911 2034 4989">
     <span class='ocr_line' id='line_1_100' title="bbox 381 4911 2034 4989; baseline -0.002 -18"><span class='ocrx_word' id='word_1_663' title='bbox 381 4932 629 4989; x_wconf 88' lang='lat' dir='ltr'><strong>prorsus</strong></span> <span class='ocrx_word' id='word_1_664' title='bbox 651 4915 854 4971; x_wconf 90' lang='lat' dir='ltr'><strong>animo</strong></span> <span class='ocrx_word' id='word_1_665' title='bbox 876 4921 1023 4971; x_wconf 89' lang='lat' dir='ltr'><strong>erat.</strong></span> <span class='ocrx_word' id='word_1_666' title='bbox 1048 4917 1188 4982; x_wconf 76' lang='lat' dir='ltr'><strong>Quaa</strong></span> <span class='ocrx_word' id='word_1_667' title='bbox 1211 4915 1373 4971; x_wconf 89' lang='lat' dir='ltr'><strong>enim</strong></span> <span class='ocrx_word' id='word_1_668' title='bbox 1394 4915 1514 4969; x_wconf 91' lang='lat' dir='ltr'><strong>vim</strong></span> <span class='ocrx_word' id='word_1_669' title='bbox 1536 4913 1701 4969; x_wconf 91' lang='lat' dir='ltr'><strong>illam</strong></span> <span class='ocrx_word' id='word_1_670' title='bbox 1727 4911 2034 4981; x_wconf 72' lang='lat' dir='ltr'><strong>afferebat,</strong></span> 
     </span>
    </p>
   </div>
   <div class='ocr_carea' id='block_1_101' title="bbox 382 5003 2037 5078">
    <p class='ocr_par' dir='ltr' id='par_1_101' title="bbox 382 5003 2037 5078">
     <span class='ocr_line' id='line_1_101' title="bbox 382 5003 2037 5078; baseline -0.003 -18"><span class='ocrx_word' id='word_1_671' title='bbox 382 5020 518 5062; x_wconf 90' lang='lat' dir='ltr'><strong>caro</strong></span> <span class='ocrx_word' id='word_1_672' title='bbox 552 5022 736 5078; x_wconf 90' lang='lat' dir='ltr'><strong>osque</strong></span> <span class='ocrx_word' id='word_1_673' title='bbox 770 5012 897 5062; x_wconf 90' lang='lat' dir='ltr'><strong>erat</strong></span> <span class='ocrx_word' id='word_1_674' title='bbox 937 5004 1162 5077; x_wconf 88' lang='lat' dir='ltr'><strong>ipsius:</strong></span> <span class='ocrx_word' id='word_1_675' title='bbox 1189 5009 1248 5060; x_wconf 90' lang='lat' dir='ltr'><strong>et</strong></span> <span class='ocrx_word' id='word_1_676' title='bbox 1294 5021 1425 5075; x_wconf 60' lang='lat' dir='ltr'><strong>quae</strong></span> <span class='ocrx_word' id='word_1_677' title='bbox 1476 5003 1686 5076; x_wconf 90' lang='lat' dir='ltr'><strong>iniqua</strong></span> <span class='ocrx_word' id='word_1_678' title='bbox 1732 5006 2037 5074; x_wconf 88' lang='lat' dir='ltr'><strong>patrantes</strong></span> 
     </span>
    </p>
   </div>
   <div class='ocr_carea' id='block_1_102' title="bbox 380 5091 2036 5167">
    <p class='ocr_par' dir='ltr' id='par_1_102' title="bbox 380 5091 2036 5167">
     <span class='ocr_line' id='line_1_102' title="bbox 380 5091 2036 5167; baseline -0.003 -16"><span class='ocrx_word' id='word_1_679' title='bbox 380 5096 659 5152; x_wconf 88' lang='lat' dir='ltr'><strong>cohibere</strong></span> <span class='ocrx_word' id='word_1_680' title='bbox 676 5095 1000 5162; x_wconf 86' lang='lat' dir='ltr'><strong>debuisset,</strong></span> <span class='ocrx_word' id='word_1_681' title='bbox 1024 5095 1152 5167; x_wconf 89' lang='lat' dir='ltr'><strong>ipsa</strong></span> <span class='ocrx_word' id='word_1_682' title='bbox 1174 5094 1313 5149; x_wconf 90' lang='lat' dir='ltr'><strong>totis</strong></span> <span class='ocrx_word' id='word_1_683' title='bbox 1336 5092 1549 5149; x_wconf 88' lang='lat' dir='ltr'><strong>studiis</strong></span> <span class='ocrx_word' id='word_1_684' title='bbox 1570 5092 1631 5147; x_wconf 91' lang='lat' dir='ltr'><strong>in</strong></span> <span class='ocrx_word' id='word_1_685' title='bbox 1658 5091 2036 5163; x_wconf 89' lang='lat' dir='ltr'><strong>iniquitatem</strong></span> 
     </span>
    </p>
   </div>
   <div class='ocr_carea' id='block_1_103' title="bbox 378 5181 2038 5260">
    <p class='ocr_par' dir='ltr' id='par_1_103' title="bbox 378 5181 2038 5260">
     <span class='ocr_line' id='line_1_103' title="bbox 378 5181 2038 5260; baseline -0.004 -18"><span class='ocrx_word' id='word_1_686' title='bbox 378 5185 744 5260; x_wconf 89' lang='lat' dir='ltr'><strong>rapiebatur.</strong></span> <span class='ocrx_word' id='word_1_687' title='bbox 778 5184 928 5251; x_wconf 88' lang='lat' dir='ltr'><strong>Quid</strong></span> <span class='ocrx_word' id='word_1_688' title='bbox 949 5185 1098 5257; x_wconf 76' lang='lat' dir='ltr'><strong>agis,</strong></span> <span class='ocrx_word' id='word_1_689' title='bbox 1121 5184 1345 5254; x_wconf 87' lang='lat' dir='ltr'><strong>injusta</strong></span> <span class='ocrx_word' id='word_1_690' title='bbox 1369 5183 1593 5238; x_wconf 85' lang='lat' dir='ltr'><strong>femina</strong></span> <span class='ocrx_word' id='word_1_691' title='bbox 1610 5181 1638 5237; x_wconf 81' lang='lat'><strong>?</strong></span> <span class='ocrx_word' id='word_1_692' title='bbox 1661 5198 1927 5254; x_wconf 90' lang='lat' dir='ltr'><strong>purpura</strong></span> <span class='ocrx_word' id='word_1_693' title='bbox 1944 5196 2038 5236; x_wconf 86' lang='lat' dir='ltr'><strong>ve-</strong></span> 
     </span>
    </p>
   </div>
   <div class='ocr_carea' id='block_1_104' title="bbox 383 5272 2039 5345">
    <p class='ocr_par' dir='ltr' id='par_1_104' title="bbox 383 5272 2039 5345">
     <span class='ocr_line' id='line_1_104' title="bbox 383 5272 2039 5345; baseline -0.004 -13"><span class='ocrx_word' id='word_1_694' title='bbox 383 5276 568 5342; x_wconf 88' lang='lat' dir='ltr'><strong>stiris,</strong></span> <span class='ocrx_word' id='word_1_695' title='bbox 600 5274 763 5332; x_wconf 90' lang='lat' dir='ltr'><strong>velut</strong></span> <span class='ocrx_word' id='word_1_696' title='bbox 792 5274 866 5331; x_wconf 91' lang='lat' dir='ltr'><strong>ad</strong></span> <span class='ocrx_word' id='word_1_697' title='bbox 898 5274 1060 5345; x_wconf 75' lang='lat' dir='ltr'><strong>leges</strong></span> <span class='ocrx_word' id='word_1_698' title='bbox 1089 5272 1511 5330; x_wconf 91' lang='lat' dir='ltr'><strong>custodiendas</strong></span> <span class='ocrx_word' id='word_1_699' title='bbox 1540 5287 1610 5328; x_wconf 93' lang='lat' dir='ltr'><strong>eo</strong></span> <span class='ocrx_word' id='word_1_700' title='bbox 1658 5287 1847 5343; x_wconf 89' lang='lat' dir='ltr'><strong>usque</strong></span> <span class='ocrx_word' id='word_1_701' title='bbox 1896 5287 2039 5343; x_wconf 89' lang='lat' dir='ltr'><strong>pro-</strong></span> 
     </span>
    </p>
   </div>
   <div class='ocr_carea' id='block_1_105' title="bbox 383 5359 2035 5437">
    <p class='ocr_par' dir='ltr' id='par_1_105' title="bbox 383 5359 2035 5437">
     <span class='ocr_line' id='line_1_105' title="bbox 383 5359 2035 5437; baseline -0.004 -17"><span class='ocrx_word' id='word_1_702' title='bbox 383 5373 549 5423; x_wconf 91' lang='lat' dir='ltr'><strong>vecta</strong></span> <span class='ocrx_word' id='word_1_703' title='bbox 577 5383 592 5432; x_wconf 88' lang='lat'><strong>;</strong></span> <span class='ocrx_word' id='word_1_704' title='bbox 624 5371 687 5421; x_wconf 85' lang='lat' dir='ltr'><strong>tu</strong></span> <span class='ocrx_word' id='word_1_705' title='bbox 715 5381 854 5421; x_wconf 91' lang='lat' dir='ltr'><strong>vero</strong></span> <span class='ocrx_word' id='word_1_706' title='bbox 883 5364 1075 5437; x_wconf 84' lang='lat' dir='ltr'><strong>legem</strong></span> <span class='ocrx_word' id='word_1_707' title='bbox 1109 5361 1360 5435; x_wconf 86' lang='lat' dir='ltr'><strong>pedibus</strong></span> <span class='ocrx_word' id='word_1_708' title='bbox 1390 5359 1677 5434; x_wconf 80' lang='lat' dir='ltr'><strong>proteris!</strong></span> <span class='ocrx_word' id='word_1_709' title='bbox 1712 5378 1744 5416; x_wconf 93' lang='grc' dir='ltr'><strong>ο</strong></span> <span class='ocrx_word' id='word_1_710' title='bbox 1777 5361 2035 5433; x_wconf 88' lang='lat' dir='ltr'><strong>inexpli-</strong></span> 
     </span>
    </p>
   </div>
   <div class='ocr_carea' id='block_1_106' title="bbox 388 5450 2036 5527">
    <p class='ocr_par' dir='ltr' id='par_1_106' title="bbox 388 5450 2036 5527">
     <span class='ocr_line' id='line_1_106' title="bbox 388 5450 2036 5527; baseline -0.002 -18"><span class='ocrx_word' id='word_1_711' title='bbox 388 5455 643 5511; x_wconf 89' lang='lat' dir='ltr'><strong>cabilem</strong></span> <span class='ocrx_word' id='word_1_712' title='bbox 670 5453 1027 5527; x_wconf 88' lang='lat' dir='ltr'><strong>sapientiam</strong></span> <span class='ocrx_word' id='word_1_713' title='bbox 1070 5452 1225 5510; x_wconf 71' lang='lat'><strong>893</strong></span> <span class='ocrx_word' id='word_1_714' title='bbox 1268 5451 1431 5506; x_wconf 91' lang='lat' dir='ltr'><strong>illius</strong></span> <span class='ocrx_word' id='word_1_715' title='bbox 1472 5451 1574 5523; x_wconf 91' lang='lat' dir='ltr'><strong>qui</strong></span> <span class='ocrx_word' id='word_1_716' title='bbox 1622 5450 1804 5506; x_wconf 82' lang='lat' dir='ltr'><strong>dixit:</strong></span> <span class='ocrx_word' id='word_1_717' title='bbox 1854 5450 2036 5508; x_wconf 81' lang='lat' dir='ltr'><strong>Nolite</strong></span> 
     </span>
    </p>
   </div>
   <div class='ocr_carea' id='block_1_107' title="bbox 388 5539 2036 5613">
    <p class='ocr_par' dir='ltr' id='par_1_107' title="bbox 388 5539 2036 5613">
     <span class='ocr_line' id='line_1_107' title="bbox 388 5539 2036 5613; baseline -0.001 -15"><span class='ocrx_word' id='word_1_718' title='bbox 388 5544 523 5599; x_wconf 80' lang='lat' dir='ltr'><strong>dare</strong></span> <span class='ocrx_word' id='word_1_719' title='bbox 579 5550 770 5600; x_wconf 70' lang='lat' dir='ltr'><strong>saneta</strong></span> <span class='ocrx_word' id='word_1_720' title='bbox 816 5544 1042 5599; x_wconf 81' lang='lat' dir='ltr'><strong>canibus</strong></span> <span class='ocrx_word' id='word_1_721' title='bbox 1062 5558 1083 5597; x_wconf 92' lang='lat'><strong><em>:</em></strong></span> <span class='ocrx_word' id='word_1_722' title='bbox 1129 5558 1304 5613; x_wconf 81' lang='lat' dir='ltr'><strong>neque</strong></span> <span class='ocrx_word' id='word_1_723' title='bbox 1340 5539 1665 5612; x_wconf 72' lang='lat' dir='ltr'><strong>proﬁciatis</strong></span> <span class='ocrx_word' id='word_1_724' title='bbox 1701 5541 2036 5610; x_wconf 82' lang='lat' dir='ltr'><strong>margaritas</strong></span> 
     </span>
    </p>
   </div>
   <div class='ocr_carea' id='block_1_108' title="bbox 384 5629 2033 5705">
    <p class='ocr_par' dir='ltr' id='par_1_108' title="bbox 384 5629 2033 5705">
     <span class='ocr_line' id='line_1_108' title="bbox 384 5629 2033 5705; baseline -0.002 -17"><span class='ocrx_word' id='word_1_725' title='bbox 384 5639 517 5688; x_wconf 86' lang='lat' dir='ltr'><strong>ante</strong></span> <span class='ocrx_word' id='word_1_726' title='bbox 535 5647 741 5705; x_wconf 81' lang='lat' dir='ltr'><strong>porcos</strong></span> <span class='ocrx_word' id='word_1_727' title='bbox 767 5632 849 5689; x_wconf 72' lang='grc' dir='ltr'><strong>ιιι</strong></span> <span class='ocrx_word' id='word_1_728' title='bbox 883 5633 1020 5689; x_wconf 76' lang='lat' dir='ltr'><strong>Haac</strong></span> <span class='ocrx_word' id='word_1_729' title='bbox 1047 5631 1232 5701; x_wconf 90' lang='lat' dir='ltr'><strong>enim,</strong></span> <span class='ocrx_word' id='word_1_730' title='bbox 1264 5635 1472 5687; x_wconf 89' lang='lat' dir='ltr'><strong>sancta</strong></span> <span class='ocrx_word' id='word_1_731' title='bbox 1501 5629 1603 5687; x_wconf 90' lang='lat' dir='ltr'><strong>Dei</strong></span> <span class='ocrx_word' id='word_1_732' title='bbox 1642 5629 1769 5703; x_wconf 81' lang='lat' dir='ltr'><strong>lege</strong></span> <span class='ocrx_word' id='word_1_733' title='bbox 1795 5629 2033 5702; x_wconf 89' lang='lat' dir='ltr'><strong>procul-</strong></span> 
     </span>
    </p>
   </div>
   <div class='ocr_carea' id='block_1_109' title="bbox 454 5758 959 5829">
    <p class='ocr_par' dir='ltr' id='par_1_109' title="bbox 454 5758 959 5829">
     <span class='ocr_line' id='line_1_109' title="bbox 454 5758 959 5829; baseline 0.004 -15"><span class='ocrx_word' id='word_1_734' title='bbox 454 5758 503 5798; x_wconf 74' lang='lat'><strong>“</strong></span> <span class='ocrx_word' id='word_1_735' title='bbox 530 5758 736 5815; x_wconf 79' lang='lat' dir='ltr'><strong>Matth.</strong></span> <span class='ocrx_word' id='word_1_736' title='bbox 766 5775 868 5829; x_wconf 80' lang='lat' dir='ltr'><strong>vn,</strong></span> <span class='ocrx_word' id='word_1_737' title='bbox 900 5760 959 5817; x_wconf 86' lang='lat'><strong>6.</strong></span> 
     </span>
    </p>
   </div>
   <div class='ocr_carea' id='block_1_110' title="bbox 2145 4729 3801 4810">
    <p class='ocr_par' dir='ltr' id='par_1_110' title="bbox 2145 4729 3801 4810">
     <span class='ocr_line' id='line_1_110' title="bbox 2145 4729 3801 4810; baseline 0.005 -25"><span class='ocrx_word' id='word_1_738' title='bbox 2145 4735 2244 4786; x_wconf 89' lang='grc' dir='ltr'><strong>τοῦ</strong></span> <span class='ocrx_word' id='word_1_739' title='bbox 2304 4729 2505 4804; x_wconf 63' lang='grc' dir='ltr'>μέλους</span> <span class='ocrx_word' id='word_1_740' title='bbox 2564 4731 2905 4806; x_wconf 83' lang='grc' dir='ltr'>προσπαθείᾳ</span> <span class='ocrx_word' id='word_1_741' title='bbox 2960 4733 3059 4802; x_wconf 79' lang='grc' dir='ltr'><strong>τήν</strong></span> <span class='ocrx_word' id='word_1_742' title='bbox 3119 4733 3350 4810; x_wconf 84' lang='grc' dir='ltr'>γνώμην</span> <span class='ocrx_word' id='word_1_743' title='bbox 3378 4733 3801 4806; x_wconf 77' lang='grc' dir='ltr'>κατεθηλύνετο.</span> 
     </span>
    </p>
   </div>
   <div class='ocr_carea' id='block_1_111' title="bbox 2149 4819 3803 4899">
    <p class='ocr_par' dir='ltr' id='par_1_111' title="bbox 2149 4819 3803 4899">
     <span class='ocr_line' id='line_1_111' title="bbox 2149 4819 3803 4899; baseline 0.004 -25"><span class='ocrx_word' id='word_1_744' title='bbox 2149 4821 2289 4896; x_wconf 77' lang='grc' dir='ltr'>Σάρξ</span> <span class='ocrx_word' id='word_1_745' title='bbox 2343 4820 2448 4896; x_wconf 78' lang='grc' dir='ltr'><strong>γὰρ</strong></span> <span class='ocrx_word' id='word_1_746' title='bbox 2491 4820 2558 4890; x_wconf 78' lang='grc' dir='ltr'>ἦν</span> <span class='ocrx_word' id='word_1_747' title='bbox 2613 4819 2672 4876; x_wconf 84' lang='grc' dir='ltr'><strong>ἐκ</strong></span> <span class='ocrx_word' id='word_1_748' title='bbox 2736 4828 2840 4891; x_wconf 82' lang='grc' dir='ltr'><strong>τῆς</strong></span> <span class='ocrx_word' id='word_1_749' title='bbox 2891 4823 3091 4899; x_wconf 84' lang='grc' dir='ltr'>σαρκὸς</span> <span class='ocrx_word' id='word_1_750' title='bbox 3139 4824 3305 4879; x_wconf 81' lang='grc' dir='ltr'>αὐτοῦ</span> <span class='ocrx_word' id='word_1_751' title='bbox 3394 4824 3586 4880; x_wconf 85' lang='grc' dir='ltr'>ὀστοῦν</span> <span class='ocrx_word' id='word_1_752' title='bbox 3632 4827 3803 4883; x_wconf 80' lang='grc' dir='ltr'>αὐτοῦ</span> 
     </span>
    </p>
   </div>
   <div class='ocr_carea' id='block_1_112' title="bbox 2144 4907 3805 4989">
    <p class='ocr_par' dir='ltr' id='par_1_112' title="bbox 2144 4907 3805 4989">
     <span class='ocr_line' id='line_1_112' title="bbox 2144 4907 3805 4989; baseline 0.002 -23"><span class='ocrx_word' id='word_1_753' title='bbox 2144 4911 2551 4987; x_wconf 80' lang='grc' dir='ltr'>κεχρημάτικεν</span> <span class='ocrx_word' id='word_1_754' title='bbox 2607 4911 2643 4980; x_wconf 75' lang='grc' dir='ltr'><strong>ἡ</strong></span> <span class='ocrx_word' id='word_1_755' title='bbox 2706 4907 2890 4986; x_wconf 83' lang='grc' dir='ltr'>δρῶσα</span> <span class='ocrx_word' id='word_1_756' title='bbox 2936 4914 2999 4967; x_wconf 87' lang='grc' dir='ltr'>τὸ</span> <span class='ocrx_word' id='word_1_757' title='bbox 3051 4912 3251 4989; x_wconf 87' lang='grc' dir='ltr'>βίαιον.</span> <span class='ocrx_word' id='word_1_758' title='bbox 3312 4915 3411 4969; x_wconf 78' lang='grc' dir='ltr'><strong>Καὶ</strong></span> <span class='ocrx_word' id='word_1_759' title='bbox 3442 4915 3510 4985; x_wconf 79' lang='grc' dir='ltr'>ἢν</span> <span class='ocrx_word' id='word_1_760' title='bbox 3539 4911 3646 4971; x_wconf 82' lang='grc' dir='ltr'>ἔδει</span> <span class='ocrx_word' id='word_1_761' title='bbox 3674 4914 3805 4982; x_wconf 75' lang='grc' dir='ltr'>τοὺς</span> 
     </span>
    </p>
   </div>
   <div class='ocr_carea' id='block_1_113' title="bbox 2146 4997 3802 5082">
    <p class='ocr_par' dir='ltr' id='par_1_113' title="bbox 2146 4997 3802 5082">
     <span class='ocr_line' id='line_1_113' title="bbox 2146 4997 3802 5082; baseline 0.003 -27"><span class='ocrx_word' id='word_1_762' title='bbox 2146 4997 2472 5063; x_wconf 83' lang='grc' dir='ltr'>ἀδικοῦντας</span> <span class='ocrx_word' id='word_1_763' title='bbox 2527 4997 2923 5076; x_wconf 83' lang='grc' dir='ltr'>ἐπιστομίζειν,</span> <span class='ocrx_word' id='word_1_764' title='bbox 2979 4998 3184 5058; x_wconf 82' lang='grc' dir='ltr'>ἀδικεῖν</span> <span class='ocrx_word' id='word_1_765' title='bbox 3241 5003 3523 5079; x_wconf 78' lang='grc' dir='ltr'>ἠπείγετο.</span> <span class='ocrx_word' id='word_1_766' title='bbox 3575 5006 3637 5061; x_wconf 85' lang='grc' dir='ltr'>Τί</span> <span class='ocrx_word' id='word_1_767' title='bbox 3669 5003 3802 5082; x_wconf 83' lang='grc' dir='ltr'>δρᾷς</span> 
     </span>
    </p>
   </div>
   <div class='ocr_carea' id='block_1_114' title="bbox 2146 5088 3804 5170">
    <p class='ocr_par' dir='ltr' id='par_1_114' title="bbox 2146 5088 3804 5170">
     <span class='ocr_line' id='line_1_114' title="bbox 2146 5088 3804 5170; baseline 0.005 -27"><span class='ocrx_word' id='word_1_768' title='bbox 2146 5090 2192 5143; x_wconf 83' lang='grc' dir='ltr'><strong>ὦ</strong></span> <span class='ocrx_word' id='word_1_769' title='bbox 2262 5090 2580 5164; x_wconf 86' lang='grc' dir='ltr'>παράνομον</span> <span class='ocrx_word' id='word_1_770' title='bbox 2654 5089 2915 5165; x_wconf 80' lang='grc' dir='ltr'>γόναιον;</span> <span class='ocrx_word' id='word_1_771' title='bbox 2973 5088 3273 5168; x_wconf 79' lang='grc' dir='ltr'>ἁλουργίδα</span> <span class='ocrx_word' id='word_1_772' title='bbox 3332 5094 3659 5170; x_wconf 88' lang='grc' dir='ltr'>μερίκεισαι,</span> <span class='ocrx_word' id='word_1_773' title='bbox 3712 5098 3804 5151; x_wconf 85' lang='grc' dir='ltr'>οἷα</span> 
     </span>
    </p>
   </div>
   <div class='ocr_carea' id='block_1_115' title="bbox 2143 5173 3798 5258">
    <p class='ocr_par' dir='ltr' id='par_1_115' title="bbox 2143 5173 3798 5258">
     <span class='ocr_line' id='line_1_115' title="bbox 2143 5173 3798 5258; baseline 0.006 -26"><span class='ocrx_word' id='word_1_774' title='bbox 2143 5176 2317 5251; x_wconf 89' lang='grc' dir='ltr'>νόμου</span> <span class='ocrx_word' id='word_1_775' title='bbox 2349 5175 2523 5257; x_wconf 77' lang='grc' dir='ltr'>φύλαξ</span> <span class='ocrx_word' id='word_1_776' title='bbox 2582 5173 3033 5255; x_wconf 66' lang='grc' dir='ltr'><strong>⁸προϐεϐλημένη,</strong></span> <span class='ocrx_word' id='word_1_777' title='bbox 3086 5180 3177 5236; x_wconf 85' lang='grc' dir='ltr'><strong>καὶ</strong></span> <span class='ocrx_word' id='word_1_778' title='bbox 3233 5182 3403 5257; x_wconf 89' lang='grc' dir='ltr'>νόμον</span> <span class='ocrx_word' id='word_1_779' title='bbox 3434 5190 3798 5258; x_wconf 86' lang='grc' dir='ltr'>καταπατεῖς;</span> 
     </span>
    </p>
   </div>
   <div class='ocr_carea' id='block_1_116' title="bbox 2147 5262 3804 5348">
    <p class='ocr_par' dir='ltr' id='par_1_116' title="bbox 2147 5262 3804 5348">
     <span class='ocr_line' id='line_1_116' title="bbox 2147 5262 3804 5348; baseline 0.006 -26"><span class='ocrx_word' id='word_1_780' title='bbox 2147 5262 2320 5332; x_wconf 79' lang='grc' dir='ltr'>ὥτῆς</span> <span class='ocrx_word' id='word_1_781' title='bbox 2380 5266 2622 5344; x_wconf 62' lang='grc' dir='ltr'>ἀρρήτου</span> <span class='ocrx_word' id='word_1_782' title='bbox 2681 5268 2871 5347; x_wconf 86' lang='grc' dir='ltr'>σοφίας</span> <span class='ocrx_word' id='word_1_783' title='bbox 2918 5273 3016 5326; x_wconf 85' lang='grc' dir='ltr'><strong>τοῦ</strong></span> <span class='ocrx_word' id='word_1_784' title='bbox 3075 5272 3366 5348; x_wconf 80' lang='grc' dir='ltr'>φήσαντος·</span> <span class='ocrx_word' id='word_1_785' title='bbox 3428 5274 3522 5347; x_wconf 78' lang='grc' dir='ltr'><strong>Μή</strong></span> <span class='ocrx_word' id='word_1_786' title='bbox 3583 5272 3708 5332; x_wconf 81' lang='grc' dir='ltr'>δότε</span> <span class='ocrx_word' id='word_1_787' title='bbox 3733 5277 3804 5332; x_wconf 59' lang='lat' dir='ltr'><strong>re</strong></span> 
     </span>
    </p>
   </div>
   <div class='ocr_carea' id='block_1_117' title="bbox 2145 5355 3799 5444">
    <p class='ocr_par' dir='ltr' id='par_1_117' title="bbox 2145 5355 3799 5444">
     <span class='ocr_line' id='line_1_117' title="bbox 2145 5355 3799 5444; baseline 0.007 -34"><span class='ocrx_word' id='word_1_788' title='bbox 2145 5355 2319 5444; x_wconf 33' lang='grc' dir='ltr'>ίὶγια-</span> <span class='ocrx_word' id='word_1_789' title='bbox 2354 5362 2477 5421; x_wconf 88' lang='grc' dir='ltr'>τοῖς</span> <span class='ocrx_word' id='word_1_790' title='bbox 2554 5358 2702 5428; x_wconf 81' lang='grc' dir='ltr'>κυσὶ,</span> <span class='ocrx_word' id='word_1_791' title='bbox 2788 5355 2931 5433; x_wconf 80' lang='grc' dir='ltr'>μηδέ</span> <span class='ocrx_word' id='word_1_792' title='bbox 3017 5359 3235 5437; x_wconf 77' lang='grc' dir='ltr'>ῥίπτετε</span> <span class='ocrx_word' id='word_1_793' title='bbox 3313 5362 3444 5427; x_wconf 80' lang='grc' dir='ltr'>τοὺς</span> <span class='ocrx_word' id='word_1_794' title='bbox 3524 5365 3799 5444; x_wconf 80' lang='grc' dir='ltr'>μαργαρί-</span> 
     </span>
    </p>
   </div>
   <div class='ocr_carea' id='block_1_118' title="bbox 2142 5442 3802 5530">
    <p class='ocr_par' dir='ltr' id='par_1_118' title="bbox 2142 5442 3802 5530">
     <span class='ocr_line' id='line_1_118' title="bbox 2142 5442 3802 5530; baseline 0.007 -29"><span class='ocrx_word' id='word_1_795' title='bbox 2142 5465 2240 5511; x_wconf 87' lang='grc' dir='ltr'><strong>τας</strong></span> <span class='ocrx_word' id='word_1_796' title='bbox 2293 5442 2595 5522; x_wconf 81' lang='grc' dir='ltr'>ἔμπροσθεν</span> <span class='ocrx_word' id='word_1_797' title='bbox 2652 5452 2762 5503; x_wconf 83' lang='grc' dir='ltr'>τῶν</span> <span class='ocrx_word' id='word_1_798' title='bbox 2819 5449 3070 5525; x_wconf 75' lang='grc' dir='ltr'>χοὶρωνί</span> <span class='ocrx_word' id='word_1_799' title='bbox 3130 5450 3282 5524; x_wconf 75' lang='grc' dir='ltr'>Αὕτη</span> <span class='ocrx_word' id='word_1_800' title='bbox 3347 5453 3451 5530; x_wconf 80' lang='grc' dir='ltr'>γὰρ</span> <span class='ocrx_word' id='word_1_801' title='bbox 3501 5454 3595 5511; x_wconf 86' lang='grc' dir='ltr'><strong>τὸν</strong></span> <span class='ocrx_word' id='word_1_802' title='bbox 3655 5442 3802 5513; x_wconf 82' lang='grc' dir='ltr'>θεῖον</span> 
     </span>
    </p>
   </div>
   <div class='ocr_carea' id='block_1_119' title="bbox 2143 5536 3799 5622">
    <p class='ocr_par' dir='ltr' id='par_1_119' title="bbox 2143 5536 3799 5622">
     <span class='ocr_line' id='line_1_119' title="bbox 2143 5536 3799 5622; baseline 0.008 -33"><span class='ocrx_word' id='word_1_803' title='bbox 2143 5536 2314 5622; x_wconf 83' lang='grc' dir='ltr'>νόμον</span> <span class='ocrx_word' id='word_1_804' title='bbox 2372 5539 2797 5609; x_wconf 74' lang='grc' dir='ltr'>καταπατήσασα</span> <span class='ocrx_word' id='word_1_805' title='bbox 2849 5539 2942 5595; x_wconf 86' lang='grc' dir='ltr'><strong>τὸν</strong></span> <span class='ocrx_word' id='word_1_806' title='bbox 3029 5541 3206 5617; x_wconf 77' lang='grc' dir='ltr'>ἅγιον,</span> <span class='ocrx_word' id='word_1_807' title='bbox 3290 5542 3383 5598; x_wconf 88' lang='grc' dir='ltr'><strong>τὸν</strong></span> <span class='ocrx_word' id='word_1_808' title='bbox 3456 5545 3799 5622; x_wconf 84' lang='grc' dir='ltr'>μαργαρίτην</span> 
     </span>
    </p>
   </div>
   <div class='ocr_carea' id='block_1_120' title="bbox 2146 5621 3800 5715">
    <p class='ocr_par' dir='ltr' id='par_1_120' title="bbox 2146 5621 3800 5715">
     <span class='ocr_line' id='line_1_120' title="bbox 2146 5621 3800 5715; baseline 0.007 -34"><span class='ocrx_word' id='word_1_809' title='bbox 2146 5621 2357 5701; x_wconf 76' lang='grc' dir='ltr'>δηλαδή</span> <span class='ocrx_word' id='word_1_810' title='bbox 2412 5626 2509 5685; x_wconf 86' lang='grc' dir='ltr'>τὸν</span> <span class='ocrx_word' id='word_1_811' title='bbox 2565 5627 2903 5704; x_wconf 76' lang='grc' dir='ltr'>πολύτιμον,</span> <span class='ocrx_word' id='word_1_812' title='bbox 2973 5635 3272 5711; x_wconf 78' lang='grc' dir='ltr'>στραφεῖσα</span> <span class='ocrx_word' id='word_1_813' title='bbox 3354 5633 3454 5705; x_wconf 78' lang='grc' dir='ltr'>τήν</span> <span class='ocrx_word' id='word_1_814' title='bbox 3531 5621 3800 5715; x_wconf 77' lang='grc' dir='ltr'>πενιχρὰν</span> 
     </span>
    </p>
   </div>
  </div>
