4160 6376
269 418 391 476 777

1376 423 1747 480 LAUDATIO
1782 425 1843 479 8.
1882 422 2083 479 JOAN.
2125 424 2647 481 CHRYSOSTOMI.
3606 424 3679 477 77

3691 468 3726 522 8

273 544 464 620 χήραν
496 538 714 618 ἔρῥηξε.
748 540 849 610 τήν
883 542 1090 614 ταύτης
1140 540 1417 621 ἐφήμερον
1478 545 1670 619 βιοτὴν
1719 542 1939 620 διαρπά-

2063 546 2659 618 cata,pretiosissima
2680 546 2910 603 scilicet
2926 546 3032 603 illa
3048 547 3720 619 margarita,pauperem

280 654 444 689 σασα.
476 631 543 689 Τί
593 632 875 707 πράττεις,
936 629 981 686 ὢ
1014 630 1296 704 ἄπληστον
1352 634 1445 689 καὶ
1500 635 1800 711 ἀχάριστον
1857 634 1953 710 γύ-

283 744 443 778 ναιον
479 741 493 793 ;
524 727 629 796 γῆν
655 742 715 776 τε
753 721 842 776 καὶ
899 721 1170 778 Θάλασσαν
1234 721 1662 803 δωροφοροῦσαν
1724 720 1953 800 ἔχουσα,

288 814 476 887 χήρας
508 810 723 883 ἀπόρου
764 813 1120 887 κατατρέχεις
1175 817 1272 868 τοῦ
1330 818 1596 891 πενιχροῦ
1652 817 1955 889 κτήματος,

276 905 353 973 ἧς
384 923 442 957 σε
478 899 693 957 δίκαιον
724 904 791 971 ἦν
826 900 1261 977 ἀνταλλάξασθαι
1298 904 1416 981 βίον
1454 922 1469 975 ;
1529 904 1685 981 λόγῳ
1743 903 1800 960 δὲ
1860 907 1951 981 βε-

286 987 524 1047 ϐαιοῦσα
551 992 642 1047 τὸν
674 992 871 1064 νόμον,
912 986 1057 1068 ἔργῳ
1087 997 1279 1049 τοῦτον
1332 991 1461 1069 δρᾶς
1518 994 1899 1071 ἀποκήρυκτον
1934 1016 1948 1067 ;

282 1081 390 1137 οὐκ.
419 1079 656 1157 ᾐδέσθης
708 1082 801 1136 τὸν
860 1080 1067 1157 πατέρα
1126 1086 1234 1137 τῶν
1294 1083 1546 1163 ὀρφανῶν
1605 1083 1697 1138 καὶ
1754 1085 1948 1160 κριτήν

280 1176 396 1226 τῶν
424 1175 618 1246 χηρῶν
653 1191 668 1241 ;
701 1169 829 1226 ἀλλ’
859 1168 1090 1240 ἤκουσεν
1124 1168 1296 1235 ὅντως
1326 1173 1353 1228 6
1378 1178 1495 1235 τοῖς
1548 1172 1718 1237 θείοις
1760 1172 1949 1251 λόγοις

277 1260 365 1316 ἀεὶ
422 1260 762 1336 τρεφόμενος
817 1263 918 1325 τῆς
978 1261 1342 1325 θεοπνεύστου
1403 1262 1633 1340 ρήσεωςο
1724 1263 1950 1339 Κρίνατε

272 1348 543 1427 ὀρφανὸν,
603 1350 694 1404 καὶ
757 1348 1087 1406 δικαιώσατε
1142 1351 1343 1423 χήραν
1406 1352 1497 1406 καὶ
1550 1352 1742 1409 Ἠλίαν
1801 1350 1944 1428 ἔχων

267 1442 376 1494 τοῦ
402 1436 578 1509 ζήλου
608 1436 855 1515 ποδηγὸν
887 1439 980 1495 τὸν
1034 1440 1355 1518 πυρίπνοον,
1389 1439 1642 1498 Ἰωάννου
1673 1444 1948 1515 [μιμεῖται

268 1529 378 1598 τήν
411 1527 743 1605 παρῥησίαν,
778 1526 877 1583 οὑκ
910 1526 1080 1600 ἔξεστί
1142 1551 1227 1585 σοι
1290 1527 1471 1606 λέγων
1507 1528 1652 1606 ἔχειν
1684 1532 1775 1586 τὸν
1836 1530 1948 1604 ἀμ-

270 1618 505 1672 πελῶνα
526 1624 626 1687 τῆς
659 1614 902 1695 ἀδελφῆς
960 1640 1076 1674 σου.
1135 1616 1254 1675 Οἰ¹ει
1318 1620 1423 1695 γὰρ
1480 1620 1581 1690 τὴν
1614 1618 1770 1699 φύσιν
1803 1617 1950 1675 ἐκϐε-

273 1702 532 1777 ϐηκέναι,
588 1705 634 1762 εἷ’
689 1705 783 1761 καῖ
840 1708 941 1777 τὴν
1006 1708 1156 1779 ἀξίαν
1218 1704 1490 1785 ὑπερέϐης
1533 1713 1613 1783 τῷ
1639 1715 1946 1784 τυραννικῷ

278 1796 555 1869 ἀξιώματι
614 1816 630 1868 ;
684 1796 865 1873 Ἀρχὴ
922 1797 1025 1872 γάρ
1098 1797 1254 1872 νόμῳ
1306 1801 1626 1870 τυπουμένη
1688 1799 1944 1875 βασιλεία

2066 635 2303 691 viduam
2338 654 2623 693 conversa
2649 637 2929 710 diffregit,
2965 638 3025 693 in
3060 637 3475 709 quotidianum
3506 637 3726 691 victum

2066 727 2196 799 ejus
2220 727 2738 793 invadendo.Quid
2767 728 2952 801 agis,o
2987 729 3349 785 insatiabilis
3372 729 3723 801 ingrataque

2062 817 2329 873 mulier?
2361 824 2422 872 tu
2454 817 2549 873 cui
2581 823 2741 873 terra
2772 825 2830 874 et
2861 835 3022 874 mare
3056 836 3307 874 munera
3347 820 3628 886 afferunt,
3658 817 3720 871 in

2064 907 2291 980 egentis
2305 907 2495 963 vidum
2512 908 2935 979 pauperculam
2950 910 3391 981 possessionem
3411 907 3725 975 irruis,cu-

2054 996 2157 1068 jus
2178 996 2523 1068 vitamiipsa
2554 997 2847 1053 redimere
2870 997 3162 1053 debueras
3193 999 3220 1053 ?
3250 996 3588 1069 qumverbis
3633 1002 3722 1051 te-

2061 1102 2176 1141 nus
2207 1086 2399 1157 legem
2433 1086 2828 1155 firmas,hanc
2860 1087 3093 1143 actione
3128 1094 3228 1142 tua
3258 1088 3491 1143 irritam
3524 1085 3670 1141 facis
3692 1086 3720 1141 (Ι

2061 1193 2263 1232 annon
2274 1177 2563 1232 reveritus
2578 1194 2639 1231 es
2653 1182 2882 1248 patrem
2901 1177 3715 1249 orphanorum,judicemque

2060 1265 2372 1321 viduarum
2407 1265 2500 1321 ‘5?
2522 1266 2704 1321 Plane
2735 1266 2836 1336 qui
2867 1266 3042 1321 verbo
3076 1267 3177 1321 Dei
3211 1266 3714 1337 alitur,prolatam

2062 1370 2097 1410 a
2127 1356 2246 1409 Deo
2279 1372 2482 1411 vocem
2514 1354 2668 1411 hanc
2701 1355 2961 1411 audivit:
2992 1357 3251 1411 Judicate
3301 1355 3604 1426 pupillum,
3667 1362 3719 1409 et

2059 1444 2284 1499 viduam
2309 1444 2615 1514 justiﬁcate
2638 1444 2701 1502 ‘6.
2735 1445 2843 1510 Qui
2876 1444 3009 1518 igne
3043 1445 3369 1517 spirantem
3401 1444 3589 1498 Etiam
3613 1443 3720 1497 zeli

2057 1534 2269 1589 ducem
2298 1535 2476 1590 habet
2507 1536 2605 1591 hic
2628 1536 2873 1591 Joannis
2898 1536 3238 1591 libertatem
3254 1535 3724 1590 aamulatur.Non

2054 1623 2196 1679 licet
2225 1623 2812 1694 tibi,inquit,sororis
2843 1630 2958 1680 tum
2972 1626 3207 1681 vineam
3222 1623 3723 1696 occupare.Vide-

2054 1714 2136 1768 ris
2164 1713 2269 1768 tibi
2296 1719 2526 1769 naturas
2558 1714 2848 1770 terminos
2882 1715 3379 1785 excessisse,quia
3402 1712 3715 1785 tyrannica

2055 1808 2346 1875 apparatu
2378 1802 2663 1875 dignitate
2718 1804 2845 1875 ejus
2878 1804 3270 1876 exsuperasti.
3305 1805 3450 1857 Nam
3482 1801 3712 1873 princi-

273 1886 619 1956 καθίσταται,
677 1887 995 1963 παρανομίᾳ
1051 1885 1110 1943 δὲ
1179 1888 1629 1963 στοιχειουμένη,
1687 1888 1939 1962 τυραννὶς

326 1975 339 1991 ι
454 1972 532 1991 η.
970 1977 1019 1991 ,μ
1221 1976 1287 1991 Α,
1418 1976 1493 1991 ..
1700 1978 1737 1991 .-
1776 1983 1800 1991 μ
1843 1973 1924 1991 ρ..

2054 1897 2247 1963 patus,
2282 1892 2383 1963 qui
2414 1894 2541 1965 lege
2573 1893 2885 1961 formatur,
2918 1892 3236 1964 imperium
3269 1897 3360 1947 est
3391 1909 3404 1946 :
3436 1892 3538 1961 qui
3570 1907 3706 1945 vero

274 1975 385 2029 οὐκ
444 1972 643 2037 ἀδίκως
701 1977 1158 2051 κατονομάζεται.
1218 1976 1333 2035 Ούκ
1408 1976 1643 2053 ἀνέγνως
1700 1973 1939 2047 Ἰεζαϐὲλ

266 2064 337 2119 τὸ
371 2061 901 2141 ὃραματούργημας
960 2065 1015 2121 τί
1070 2068 1288 2122 τουτονὶ
1349 2068 1442 2123 τὸν
1504 2072 1649 2132 θεῖον
1711 2066 1935 2144 εἶσέρχῃ

268 2153 446 2226 σηκόν
476 2176 490 2225 ;
523 2155 701 2231 ἄπαγε
729 2154 921 2233 πόρῥω
951 2160 1061 2212 τῶν
1120 2155 1277 2212 θείων
1338 2156 1677 2233 ἀνακτόρων.
1712 2158 1936 2234 Λουτὴρ

274 2244 519 2320 ὑπάρχει
552 2245 581 2300 6
612 2250 759 2309 θεῖος
807 2246 954 2315 ναὸς,
1014 2245 1369 2323 ἀπορρίπτων
1430 2246 1497 2301 τὰ
1544 2248 1935 2323 ἁμαρτήματα.

267 2335 355 2393 Ού
388 2332 637 2406 τελώνης
666 2336 756 2390 τὸν
786 2336 999 2405 Ἰησοῦν
1048 2334 1294 2411 ἐφέστιον
1343 2333 1720 2409 εισδεξάμενος
1751 2336 1937 2401 καλῶς

267 2421 674 2499 διεσκόρπισεν,
732 2421 767 2480 ἀ
820 2429 1000 2490 κακῶς
1057 2424 1416 2497 ἐτελώνησες
1467 2425 1559 2481 καὶ
1615 2426 1678 2482 σὺ
1711 2426 1936 2505 θύγατερ

266 2512 378 2589 (ἔτι
409 2513 515 2590 γάρ
546 2535 606 2569 σε
640 2510 810 2589 μέλος
840 2513 1024 2586 οὖσαν,
1058 2514 1104 2571 εί
1136 2516 1227 2571 καὶ
1270 2513 1618 2592 δύσχρηστον
1647 2519 1760 2591 (75)
1790 2537 1940 2592 περι-

268 2602 386 2661 έδω
419 2602 606 2660 ἐλπίδι
636 2612 737 2676 τῆς
765 2604 1062 2680 σωτηρίας,
1094 2606 1339 2682 σωτηρία
1370 2604 1428 2662 δὲ
1460 2608 1749 2681 μετανοίας
1782 2604 1935 2683 δίχα,

269 2696 389 2747 τῶν
422 2692 775 2769 ἀνυπάρκτων
808 2694 1184 2770 καθέστηκεν),
1244 2693 1449 2758 ἀπόδος
1504 2694 1711 2769 καλῶς,
1766 2698 1799 2752 ἃ
1847 2717 1939 2752 κα-

263 2786 387 2845 κῶς
419 2779 751 2858 διήρπασας.

350 2983 433 3041 ιε’.
476 2987 657 3039 Ταῦτα
711 2981 910 3060 λέγων,
971 2983 1071 3041 οὐκ
1128 2980 1362 3041 ἔπειθεν.
1420 2979 1621 3042 Ἐϐυσε
1675 2982 1776 3060 γὰρ
1833 2986 1931 3056 τὴν

270 3072 451 3143 ἀκοὴν
479 3072 610 3128 ὡσεὶ
669 3073 851 3140 ἀσπὶς,
913 3073 1013 3130 οὐκ
1064 3073 1325 3130 έπαίουσα
1369 3078 1468 3129 τοῦ
1516 3071 1791 3149 φιλοθέως
1842 3076 1933 3131 καὶ

268 3169 459 3243 σοφῶς
490 3167 960 3241 φαρμακεύοντος.
991 3167 1144 3223 Ἐπεὶ
1186 3163 1243 3221 δὲ
1293 3166 1356 3222 τὸ
1406 3168 1578 3229 πάθος
1612 3167 1756 3241 έώρα
1783 3167 1930 3241 πάμ-

262 3276 376 3311 παν
412 3254 652 3325 ἀνίατον,
683 3254 874 3326 ἐξωθεῖ
914 3258 1012 3310 τοῦ
1068 3254 1220 3330 ἱεροῦ
1276 3254 1528 3329 θαλάμου
1578 3257 1680 3326 τὴν
1726 3251 1933 3330 ἔνδυμα

259 3345 457 3419 γάμου
490 3345 567 3417 μὴ
601 3342 857 3418 ἔχουσαν.
889 3346 1026 3400 Εἶτα
1069 3342 1123 3398 τί
1158 3362 1173 3413 ;
1228 3343 1264 3414 ἠ
1318 3338 1556 3413 Ἰεζαϐὶλ
1610 3342 1777 3399 πάλιν
1828 3348 1931 3399 τοῦ

262 3433 567 3509 προφήτου
597 3431 1060 3503 κατεξανισταται,
1115 3429 1207 3486 καὶ
1267 3430 1452 3508 φεύγει
1515 3431 1611 3505 μέν
1671 3429 1933 3506 οὐδαμῶς

264 3520 298 3575 6
330 3521 505 3595 κήρυξ
532 3527 634 3590 τῆς
656 3520 938 3592 ἀληθείας,
972 3517 1099 3576 οὐδὲ
1144 3524 1357 3597 φρουρᾷ
1403 3517 1787 3595 παραδίδοται,
1842 3523 1932 3575 οἷα

263 3611 438 3688 φωνῆ
474 3611 741 3685 βοῶντος,
775 3608 905 3666 ἀλλ’
949 3609 1239 3685 ὑπερορίαν
1271 3607 1707 3679 καταδικάζεται.
1741 3611 1807 3665 Ὠ
1834 3614 1931 3665 τοῦ

270 3698 488 3755 ἀτόπου
518 3701 870 3778 φρονήματος
907 3701 921 3758 l
952 3697 1119 3755 πάλιν
1148 3697 1213 3754 τὸ
1268 3703 1367 3755 τοῦ
1425 3694 1601 3777 ὄφεως
1632 3698 1930 3775 θέλγητρον

263 3796 379 3858 τῆς
436 3786 762 3860 Ἐκκλησίας
808 3790 900 3844 τὸν
957 3793 1054 3845 τοῦ
1125 3792 1260 3844 Θεοῦ
1335 3789 1614 3862 ἄνθρωπον
1675 3789 1932 3864 ἐξορίζειν

266 3877 577 3955 ἐπείγεται,
609 3879 701 3934 καὶ
729 3885 833 3949 τῆς
865 3877 1099 3957 ἐφέσεως
1130 3877 1192 3933 οὐ
1234 3875 1525 3953 διήμαρτε.
1559 3879 1771 3954 Μικρὸν
1806 3878 1930 3933 ὅσον

269 3972 378 4024 τοῦ
438 3967 587 4023 θείου
649 3967 1021 4043 μακροθύμως
1081 3966 1526 4039 έπινυστάξαντος
1588 3966 1933 4044 βλέμματος,

259 4063 371 4114 τοῦ
407 4056 700 4135 βασιλικοῦ
736 4057 1034 4133 έξορίζεται
1076 4060 1283 4130 ἄστεος,
1318 4056 1534 4132 μᾶλλον
1594 4055 1652 4114 δὲ
1708 4079 1933 4135 προμη-

266 4147 393 4220 θείᾳ
425 4152 558 4204 Θεοῦ
586 4152 686 4204 τοῦ
727 4143 1196 4223 θριαμϐεύσαντος
1233 4152 1343 4204 τῶν
1398 4147 1566 4205 αὐτοῦ
1614 4147 1788 4226 φίλων
1844 4150 1936 4204 06-

268 4241 562 4314 ραπευτῶν
608 4238 673 4293 τὸ
729 4236 1045 4313 ἀρρενωπὸν
1106 4236 1389 4316 φρόνημα,
1450 4236 1544 4293 καὶ
1590 4242 1763 4293 πᾶσαν
1824 4241 1933 4311 (76)

267 4331 417 4385 Θεοῦ
450 4330 541 4383 οἷα
571 4332 706 4384 Θεοῦ
764 4324 841 4383 ὢν
899 4325 952 4383 έν
1003 4326 1170 4399 αὐτῷ,
1227 4328 1318 4383 καὶ
1368 4327 1463 4383 σὺν
1522 4326 1672 4402 αὑτῷ
1696 4327 1934 4405 περιῄει,

271 4416 373 4473 σὺν
408 4413 659 4493 Ἀϐραὰμ
696 4417 832 4492 πρὸς
861 4414 1187 4486 ἀλλοδαπὴν
1219 4415 1587 4491 καλούμενος,
1608 4416 1701 4472 σὺν
1729 4422 1933 4491 Μωυσῇ

267 4511 389 4563 τῶν
447 4504 737 4581 βασιλείων
796 4503 1264 4581 φυγαδευόμενος,
1321 4506 1413 4561 σὺν
1465 4505 1627 4579 Ἠλίᾳ
1681 4507 1817 4581 πρὸς
1873 4507 1937 4562 τὸ

271 4594 476 4671 ἄντρον
509 4591 719 4671 Χωρὴϐ
751 4595 1102 4672 ἀποτρέχων,
1136 4594 1230 4651 σὺν
1282 4596 1467 4667 Ἰησοῦ
1522 4601 1603 4669 τῷ
1641 4602 1758 4670 Θεῷ
1810 4595 1935 4674 φεύ-

2050 1982 2345 2053 injustitia
2374 1982 2785 2049 instituitur,is
2799 2000 2919 2037 non
2946 1983 3245 2037 immerito
3264 1981 3529 2053 tyrannis
3552 1979 3711 2051 apel-

2049 2072 2225 2127 letur.
2262 2074 2477 2127 Annon
2509 2088 2640 2143 quaa
2673 2072 2831 2127 circa
2858 2072 3185 2127 Jezabelem
3229 2076 3393 2144 gesta
3424 2075 3585 2133 sunt,
3619 2069 3707 2123 le-

2050 2161 2184 2233 gisti
2202 2161 2497 2233 ?.Curnam
2525 2160 2790 2216 divinum
2822 2161 2979 2216 istud
3006 2161 3320 2215 delubrum
3351 2158 3712 2231 ingrederis?

2049 2253 2187 2305 Esto
2219 2251 2494 2321 procula
2540 2251 2723 2306 sacris
2779 2250 2910 2305 istis
2970 2250 3216 2306 aedibus.
3283 2249 3386 2304 Dei
3419 2248 3708 2318 templum

2048 2341 2236 2413 pelvis
2270 2358 2353 2408 es,
2386 2358 2502 2411 quo
2520 2345 2764 2412 peccata
2785 2341 3303 2395 eluuntur.Nonne
3328 2337 3706 2409 publicanus,

2049 2430 2150 2500 qui
2180 2431 2380 2485 Jesum
2411 2429 2669 2501 hospitio
2684 2429 3087 2501 suscepit,rite
3113 2428 3398 2499 dispersit
3420 2443 3551 2498 qua:
3569 2424 3714 2481 telo-

2047 2520 2149 2574 nio
2174 2519 2330 2574 male
2364 2519 2630 2575 lucratus
2649 2519 2820 2575 erat?
2848 2521 2930 2574 Tu
2956 2518 3248 2580 vero,filia
3265 2522 3429 2585 (nam
3452 2521 3529 2579 te,
3562 2515 3704 2586 quia

2046 2608 2385 2664 membrum
2417 2624 2501 2672 es,
2531 2608 2863 2680 quamlibet
2892 2607 3102 2663 inutile
3125 2612 3183 2662 et
3212 2607 3481 2672 noxium,
3514 2606 3703 2670 foveo,

2047 2698 2189 2753 dum
2223 2715 2359 2770 spes
2389 2697 2560 2753 adest
2592 2697 2804 2753 salutis
2837 2714 2850 2753 :
2882 2697 3136 2753 salutem
3168 2712 3303 2751 vero
3334 2696 3560 2765 absque
3578 2711 3703 2765 pm-

2044 2788 2301 2843 nitentia
2329 2786 2587 2843 obtineri
2618 2785 2987 2858 impossibile
3019 2786 3149 2858 est),
3173 2784 3355 2841 redde
3385 2784 3700 2854 bene,qum

2044 2876 2201 2933 male
2233 2876 2507 2949 rapuisti.

2120 2986 2204 3038 15.
2232 2984 2366 3038 Haec
2398 2988 2596 3039 autem
2627 2999 2762 3038 cum
2785 2982 3029 3049 diceret,
3064 2982 3217 3037 nihil
3250 2981 3555 3037 suadebat.
3589 2980 3700 3036 Illa

2048 3072 2343 3144 siquidem
2386 3078 2671 3144 tanquam
2720 3072 2880 3143 aspis
2938 3088 3111 3128 aures
3164 3072 3561 3139 obturaverat,
3622 3087 3698 3126 ne

2043 3163 2303 3235 religiosi
2321 3163 2731 3234 sapientisque
2745 3162 3349 3218 incantatorisvocem
3370 3160 3699 3217 exaudiret.

2043 3252 2464 3322 Quamobrem,
2497 3268 2633 3307 cum
2668 3252 2865 3308 sanari
2900 3252 3176 3307 morbum
3206 3268 3330 3307 non
3370 3268 3543 3323 posse
3565 3266 3701 3322 per-

2046 3342 2497 3415 spiceret,sacro
2533 3358 2663 3397 eam
2696 3342 2959 3397 thalamo
2990 3342 3179 3413 pellit,
3214 3358 3345 3413 quas
3372 3341 3705 3413 nuptialem

2040 3438 2264 3488 vestem
2294 3449 2417 3487 non
2447 3431 2949 3487 haberet.Deinde
2968 3446 3102 3486 vero
3135 3430 3277 3503 quid
3298 3431 3571 3487 ?Jezabel
3594 3431 3707 3485 ite-

2040 3539 2175 3578 rum
2197 3527 2404 3577 contra
2432 3522 2786 3593 prophetam
2845 3521 3119 3594 insurgit.
3160 3525 3267 3575 Ast
3321 3537 3707 3591 nequaquam

2040 3612 2193 3683 fugit
2221 3612 2486 3667 veritatis
2516 3628 2733 3683 praeco.
2786 3628 2982 3682 neque
3012 3610 3298 3667 custodite
3324 3611 3706 3682 mancipatur

2041 3701 2224 3757 veluti
2247 3719 2355 3757 vox
2385 3700 2701 3757 clamantis
2734 3718 2749 3768 ;
2783 3701 2886 3756 sed
2920 3701 3208 3756 multatur
3229 3701 3457 3756 exsilio.
3481 3700 3700 3756 Omale

2045 3809 2257 3848 sanum
2288 3792 2606 3847 consilium
2635 3791 2860 3847 ldenuo
2894 3793 3188 3863 serpentis
3208 3792 3484 3848 mulcedo
3499 3792 3701 3847 Eccle-

2044 3882 2133 3938 sia
2162 3882 2386 3953 pellere
2416 3881 2721 3936 hominem
2752 3881 2855 3936 Dei
2882 3888 3149 3937 conatur.
3200 3884 3315 3936 Nec
3342 3883 3559 3953 optatis
3592 3898 3699 3937 ex-

2045 3971 2319 4027 cidit.Dei
2335 3970 2634 4025 tantillum
2646 3970 3177 4026 velutdormitante
3190 3970 3487 4042 patienter
3502 3970 3698 4041 oculo,

2046 4062 2209 4134 regia
2232 4061 2466 4117 civitate
2493 4060 2764 4116 exsulare
2787 4061 2876 4115 vir
2892 4066 3134 4117 sanctus
3161 4062 3389 4133 cogitur
3418 4078 3430 4128 ;
3456 4062 3575 4116 imo
3595 4061 3700 4116 Dei

2042 4151 2390 4225 providente
2414 4151 2757 4220 numine,ut
2785 4150 2969 4206 virilis
2991 4151 3345 4207 dilectorum
3377 4150 3488 4206 sibi
3512 4168 3706 4207 servo-

2043 4259 2176 4298 rum
2200 4241 2385 4296 animi
2418 4240 2787 4313 triumphum
2808 4240 3136 4307 exhiberet,
3179 4256 3538 4312 omnemque
3598 4240 3702 4295 Dei

2044 4338 2111 4387 ut
2131 4332 2234 4404 qui
2257 4331 2360 4387 Dei
2385 4335 2675 4395 esset,ceu
2704 4331 2767 4386 in
2781 4336 2986 4401 quo,et
3007 4330 3247 4402 quicum
3267 4330 3504 4386 adesset
3528 4331 3702 4401 Deus,

2047 4439 2181 4478 cum
2202 4421 2498 4476 Abraham
2513 4420 2803 4476 circuibat
2822 4420 2897 4476 ad
2920 4426 3263 4477 extraneam
3286 4420 3591 4493 regionem
3603 4437 3708 4476 vo-

2047 4516 2215 4568 catus
2235 4528 2247 4565 :
2266 4510 2445 4583 regiis
2476 4509 2703 4565 aedibus
2733 4526 2870 4565 cum
2888 4512 3083 4582 Moyse
3101 4510 3548 4582 expulsus,cum
3577 4510 3709 4566 Elia

2050 4601 2111 4656 in
2143 4606 2383 4656 antrum
2414 4598 2605 4655 Horeb
2638 4615 3121 4662 excurrens.cum
3146 4601 3264 4655 Deo
3293 4601 3430 4655 Iesu
3464 4600 3526 4654 in
3541 4601 3708 4671 Egy-

267 4707 387 4762 γων
420 4706 498 4749 εις
527 4685 939 4762 Λῖγυπτον,ὡς
992 4685 1053 4741 ἄν
1116 4685 1168 4741 ἐν
1211 4689 1329 4748 τοῖς
1382 4682 1572 4749 ἄθλοις
1628 4687 1664 4756 ἡ
1718 4683 1938 4761 ἀνδρεία

2053 4696 2216 4763 ptum
2248 4688 2504 4761 fugiens,
2536 4693 2603 4743 ut
2653 4688 2715 4743 in
2765 4688 3195 4744 certaminibus
3251 4688 3538 4745 fortitudo
3573 4689 3704 4760 ejus

270 4775 573 4852 γνωσθείη,
602 4776 697 4831 καὶ
724 4773 1057 4846 κατάλληλα
1084 4775 1153 4831 τὰ
1184 4772 1397 4830 ἔπαθλα
1426 4772 1706 4851 δρέψοιτο.
1739 4777 1829 4840 Ὠς
1878 4775 1936 4832 ἄν

269 4866 483 4942 τρόπον
512 4866 638 4921 τινὰ
664 4865 757 4919 τὸν
805 4859 932 4921 Ἰὼϐ
964 4863 1371 4938 έκμιμήσηται,
1429 4864 1521 4919 καὶ
1579 4865 1719 4942 πρὸς
1779 4865 1941 4922 αὐτὸν

271 4955 393 5029 ἐρεῖ
422 4954 577 5018 Θεός·
611 4955 681 5009 Ἢ
711 4950 814 5009 οἴει
860 4974 927 5027 με
970 4952 1159 5017 ἄλλως
1202 4954 1671 5029 κεχρηματικέναι
1731 4976 1838 5027 σοι,
1901 4955 1937 5026 ἢ

264 5058 369 5115 ἳνα
401 5040 614 5107 δίκαιος
642 5042 917 5123 ἀναφανῇς
950 5060 966 5114 ;
999 5043 1074 5105 ὼς
1107 5039 1167 5097 ἂν
1216 5041 1307 5098 καὶ
1368 5040 1565 5106 ἄλλοις
1613 5043 1822 5120 κηρύξῃ
1882 5044 1944 5100 τὸ

266 5131 643 5211 Εὐαγγέλιον.

350 5241 438 5305 ις’.
472 5239 539 5298 El
574 5238 632 5296 δὲ
671 5238 763 5297 καί
814 5260 957 5305 τινες
982 5236 1159 5317 ἕτεροι
1214 5246 1316 5311 τῆς
1372 5240 1697 5316 παρανόμου
1737 5242 1941 5314 ταύτης

274 5330 583 5405 ὑπερορίας
615 5327 1003 5405 συλλήπτορες
1040 5328 1315 5407 γεγόνασι,
1371 5334 1498 5405 σιγῇ
1551 5335 1804 5406 τιμῶμεν
1859 5332 1949 5388 αἶ-

270 5419 373 5478 δοῖ
402 5421 514 5477 τῶν
545 5420 824 5499 Πατὲρων,
856 5421 933 5483 ὡς
964 5416 1024 5475 ἄν
1073 5420 1149 5494 μὴ
1204 5422 1303 5475 τοῦ
1362 5419 1493 5495 Χάμ
1525 5420 1952 5500 ἀπενεγκώμεθα

348 5602 401 5642 ¹³
431 5603 591 5661 Psal.
628 5620 798 5671 van,
831 5605 887 5671 6,
922 5602 966 5639 ¹⁶
984 5600 1142 5658 Psal.
1175 5619 1369 5672 LXXII,
1394 5604 1445 5659 3.
1490 5604 1533 5640 ιτ
1562 5603 1668 5662 Job
1693 5622 1785 5677 XL,
1818 5608 1873 5664 8.

342 5776 464 5854 (75)
498 5775 646 5849 Lege
668 5770 936 5851 περιέχω.

602 5894 871 5957 Panos.
919 5893 1033 5957 Gn.
1077 5892 1289 5959 XCVI.

2050 4784 2356 4850 comperta
2387 4778 2577 4843 ﬁeret,
2609 4783 2999 4849 carperetque
3058 4780 3271 4835 merita
3300 4779 3585 4851 prwmia:
3618 4781 3705 4843 ut,

2050 4867 2534 4940 inquamJobum
2567 4867 2743 4923 modo
2775 4868 3035 4938 quodam
3056 4868 3528 4934 imitaretur,ceu
3550 4868 3707 4921 Deus

2055 4960 2150 5015 his
2180 4960 2375 5030 ipsum
2398 4958 2594 5014 verbis
2625 4959 3015 5031 compellaret
3039 4962 3185 5015 :Non
3209 4967 3379 5031 putas
3408 4976 3490 5014 me
3512 4956 3711 5013 aliade

2059 5065 2226 5107 causa
2274 5050 2376 5103 tibi
2421 5049 2779 5119 respondisse,
2814 5051 2926 5105 nisi
2970 5054 3032 5104 ut
3078 5051 3269 5119 justus
3314 5065 3585 5120 appareas
3620 5048 3663 5083 ¹⁷
3686 5046 3715 5103 ‘I

2057 5138 2356 5206 Quinimo,
2388 5144 2456 5193 ut
2483 5138 2617 5193 aliis
2649 5137 2830 5194 etiam
2859 5138 3215 5210 praedicares
3236 5137 3637 5211 Evangelium.

2132 5249 2216 5301 16.
2242 5246 2649 5301 Tametsivero
2665 5246 2907 5318 quidam
2934 5246 3111 5303 etiam
3134 5263 3204 5302 ex
3234 5245 3593 5318 prwsulibus
3608 5245 3713 5301 alii

2059 5336 2287 5409 injuste
2316 5336 2524 5391 huicce
2558 5336 2767 5392 exsilio
2799 5336 3101 5408 suﬂ‘ragati
3145 5336 3267 5391 sint
3298 5353 3312 5391 :
3345 5341 3405 5391 at
3435 5335 3712 5392 silentio-

2060 5441 2190 5482 rem
2213 5425 2540 5498 transigere
2566 5425 2734 5493 libet,
2756 5430 2999 5499 propter
3025 5425 3317 5481 honorem
3338 5427 3604 5497 Patrum,
3635 5443 3714 5483 ne

2116 5778 2233 5852 (76)
2266 5778 2372 5835 Hic
2402 5776 2571 5835 deest
2592 5776 2844 5850 aliquid.

3311 5900 3392 5961 25
