4160 6386
468 430 575 487 779
1761 413 1823 472 Β.
1859 406 2150 468 JOANNIS

2261 405 2619 466 meum
3789 397 3902 469 730

471 552 680 612 Chami
706 549 910 609 multm
950 548 1164 604 ﬁamus
1194 537 1460 609 obnoxii,
1489 531 1801 600 illudendo
1827 529 2123 588 Patribus.

2261 526 2571 602 πρόστιμον,
2600 529 2718 589 τοῖς
2759 525 3030 601 Πατράσιν
3093 523 3543 592 ἓπιτωθάζοντες.
3604 518 3900 596 Πολύτρο-

475 607 792 702 Multifarie
824 636 1120 710 siquidem
1151 607 1472 690 narrantur
1501 628 1650 694 ista;
1674 630 1741 681 ut
1769 637 1985 696 nempe
2006 617 2128 710 epi-

2261 636 2345 679 τος
2399 616 2500 692 γὰρ
2569 615 2692 692 περὶ
2743 614 2943 674 τούτου
3004 611 3285 689 διήγησις,
3343 613 3452 668 τῶν
3516 611 3612 686 μὶν
3675 607 3899 665 ἆπισκό-

477 748 796 806 scoporum
825 723 1188 800 quidemalii
1222 718 1594 792 nequissimo
1613 715 1752 773 huic
1768 709 2018 770 facinori
2037 725 2134 765 as-

2261 726 2361 762 των
2418 704 2757 783 ἰπιχεόντων
2809 705 2870 760 τὸ
2927 702 3157 775 ἄτοπον,
3216 706 3323 758 τῶν
3373 699 3432 758 δὲ
3489 700 3648 757 τουτὶ
3721 697 3896 774 πάντῃ

2261 796 2268 806 .
2560 795 2570 806 .
2841 794 2853 806 .
2981 801 3006 806 _
3106 793 3133 806 ,ι
3234 789 3324 806 ς...
3599 793 3608 806 .
3738 794 3763 806 ..
3852 789 3862 806 ν

477 789 637 882 sensi
665 823 784 878 sint
834 835 847 873 :
895 817 996 873 alii
1043 819 1243 872 autem
1290 809 1531 882 penitus
1578 802 1946 862 abnuerint:
1979 799 2134 856 894

2261 795 2712 870 ἱπαναινομὲνων,
2765 794 2857 851 καὶ
2939 801 3039 864 τῆς
3105 789 3390 870 βασιλίδος
3445 789 3899 866 καταψηφιζομέ-

476 909 853 984 imperatrice
901 903 1320 970 condemnata,
1369 894 1702 970 quamlibet
1755 889 2136 948 minitaretur

2261 906 2370 955 νων,
2400 883 2736 956 ἀπειλούσης
2793 885 2893 956 τὴν
2941 887 3049 940 τῶν
3107 880 3418 955 ἔλληνικῶν
3476 883 3718 954 τεμενῶν
3775 877 3900 934 ἀνα-

475 998 786 1074 gentilium
811 995 1257 1062 ianorum,quaa
1286 969 1520 1060 pridem
1555 999 1760 1040 eversa
1790 984 1980 1045 erant,
2042 975 2132 1032 in-

2261 974 2495 1046 ιαίνισιν,
2527 972 2638 1048 ἢδη
2669 975 3097 1052 καθαιρεθέντων
3132 973 3276 1048 ἄρτι,
3339 969 3393 1029 εἷ’
3427 991 3489 1047 γε
3549 971 3628 1044 μὴ
3681 969 3903 1043 σύμψη-

485 1087 938 1148 staurationem,
970 1082 1087 1139 nisi
1117 1079 1298 1137 simul
1329 1092 1537 1134 omnes
1569 1071 1892 1132 concordes
1920 1068 2137 1124 tierent

2261 1087 2336 1145 po:
2362 1065 2499 1142 πρὸς
2529 1067 2628 1136 τήν
2654 1065 2800 1132 θείου
2849 1061 3045 1137 ἀνδρὸς
3098 1061 3342 1137 γένοιντο
3402 1058 3608 1134 δίωξιν.
3669 1059 3768 1113 Καὶ
3823 1079 3904 1113 νι-

2243 1155 2475 1212 κάτωτὸ
2506 1151 2775 1232 εὔφημονο
2809 1152 2909 1210 οὐκ
2955 1151 3159 1228 ἀγαθὸν
3216 1152 3318 1228 γὰρ
3377 1150 3618 1227 Πατέρας
3675 1147 3902 1223 συγκρί-

2243 1267 2376 1319 νειν,
2410 1245 2485 1309 ὡς
2513 1246 2572 1301 ἄν
2610 1245 2688 1321 μὴ
2716 1244 2925 1302 τούτων
2979 1243 3067 1319 ὑφ’
3127 1241 3332 1299 ἑαυτῶν
3364 1238 3545 1317 κριταὶ
3577 1237 3902 1308 κατασταίηο

2248 1357 2366 1412 μεν.

475 1179 550 1238 ad
579 1179 772 1234 virum
803 1179 1079 1232 sanctum
1105 1171 1450 1243 episcopatu
1481 1159 2137 1237 exagitandum.\’incat

474 1266 1026 1340 itaque,potiusque
1049 1260 1202 1318 illud
1225 1259 1533 1323 habeatur,
1566 1271 1683 1328 quo
1709 1249 1943 1308 meliori
1961 1249 2134 1306 fama

475 1339 830 1418 consulitur.
857 1353 1330 1425 Haudquaquam
1363 1346 1523 1404 enim
1557 1358 1794 1416 mquam
1824 1339 2002 1396 fuerit
2025 1339 2136 1395 Pa-

475 1456 597 1506 tres
627 1449 784 1504 inter
813 1462 874 1503 se
907 1443 1381 1512 committere,ne
1394 1453 1506 1494 nos
1529 1452 1564 1491 a
1585 1430 1910 1504 nobisipsis
1930 1444 2136 1487 eorum

470 1539 708 1612 judices
748 1535 1203 1594 constituamus.

552 1647 636 1701 17.
663 1645 792 1699 Sive
822 1643 1023 1713 itaque
1053 1640 1186 1708 hoc,
1221 1637 1342 1692 sive
1365 1633 1481 1691 alio
1511 1630 1689 1689 modo
1719 1645 1818 1686 res
1840 1631 2006 1702 gesta
2036 1625 2134 1693 sit,

2321 1627 2404 1697 ιζ’.
2441 1625 2564 1684 Εἴτε
2595 1622 2689 1681 οὖν
2721 1624 2919 1695 οὕτως,
2981 1622 3090 1680 εἴτε
3145 1620 3385 1696 ἕκείνως,
3442 1619 3758 1702 ἀφαιρεῖται
3811 1625 3911 1689 τῆς

479 1752 548 1794 ex
587 1732 852 1790 Ecclesia
881 1711 1100 1803 praesul
1153 1725 1448 1794 avellitur,
1507 1725 1688 1794 caput
1735 1735 1806 1776 ex
1863 1731 2133 1789 corpore,

2261 1715 2582 1788 Εκκλησίας
2641 1717 2669 1771 ὁ
2701 1713 2987 1792 πρόεδρος,
3019 1712 3298 1803 ἡκειροιλή
3353 1733 3414 1768 τε
3470 1715 3570 1767 τοῦ
3629 1711 3906 1779 σώματος,

475 1840 735 1900 grexque
767 1800 1044 1877 viduatur
1100 1817 1326 1889 optimo
1357 1818 1616 1887 pastore,
1668 1808 1771 1882 qui
1830 1806 2131 1864 Christum

2261 1807 2335 1863 ιαὶ
2365 1807 2596 1883 χηρεύει
2619 1808 2683 1862 τὸ
2708 1804 2969 1880 ποίμνιον
2991 1808 3090 1862 τοῦ
3121 1800 3295 1858 καλοῦ
3352 1801 3620 1876 ποιμένος
3647 1805 3748 1857 τοῦ
3781 1819 3910 1876 χρι-

477 1913 798 1973 aemulandi
825 1909 1312 1968 studio.animam
1341 1920 1581 1976 semper
1610 1916 1779 1958 suam
1801 1915 1908 1972 pro
1932 1897 2140 1954 ovibus

2261 1898 2611 1970 πομιμήτως
2644 1896 2726 1952 ἀεὶ
2749 1896 2850 1966 τήν
2898 1894 3088 1969 ψυχήν
3117 1896 3364 1957 τιθέντος
3405 1893 3506 1961 τήν
3547 1891 3742 1946 ἑαυτοῦ
3776 1890 3906 1963 ὑπὶρ

476 2001 970 2080 posuit.Ecclesia
995 1996 1437 2055 concionatoris
1452 1994 1542 2050 sui
1557 1990 1858 2048 desiderio
1880 1987 2141 2059 angeba-

2261 1992 2357 2080 εῷν
2387 1982 2703 2064 προϐάτων.
2736 1985 2843 2042 Καὶ
2861 1983 3058 2080 ἐπόθει
3089 1985 3125 2053 ἡ
3183 1978 3490 2052 Ἐκκλησία
3544 1981 3637 2036 τὸν
3668 1981 3904 2055 κήρυκα,

477 2079 615 2164 tur;
649 2111 806 2162 oves,
846 2090 1129 2164 opilionis
1159 2095 1220 2144 et
1263 2085 1520 2149 ﬁstulas;
1552 2081 1771 2138 Christi
1825 2079 2138 2146 satellites,

480 2185 748 2260 praefecti
778 2182 1012 2240 militia:
1045 2178 1273 2235 ettubm
1291 2193 1409 2248 qua
1430 2171 1773 2246 spirituales
1789 2170 1990 2225 hostes
2006 2184 2143 2240 per-

479 2259 881 2338 cellebantur;
901 2273 1297 2341 protectorem
1317 2263 1507 2319 vidum
1525 2259 2141 2332 exoptabant,patrem

478 2361 863 2438 pupilli,£egri
899 2357 1226 2415 sollicitum
1248 2346 1914 2422 curatorem,peregrini
1938 2362 2141 2401 susce-

485 2461 742 2527 ptorem,
775 2450 1076 2506 civitatum
1132 2444 1340 2518 regina
1390 2455 1602 2498 aurum
1662 2439 1967 2494 sincerum
2027 2450 2142 2506 quo

479 2542 908 2607 decorabatur;
960 2553 1118 2605 eum,
1169 2536 1441 2606 inquam,
1473 2531 1575 2602 qui
1628 2527 1949 2600 imperium
2007 2540 2144 2581 cum

481 2631 814 2690 sacerdotio
844 2629 1616 2695 miscuerat,sceptrumque
1649 2624 1708 2673 et
1730 2617 2007 2672 diadema
2037 2630 2140 2685 pa.

479 2729 668 2780 terna)
683 2718 980 2776 venustati
1040 2713 1434 2787 largiebatur;
1468 2709 1762 2781 religiosa)
1794 2723 1992 2771 aures,
2025 2719 2144 2760 sero

477 2827 721 2870 monem
754 2825 941 2880 osque
971 2802 1552 2868 aureum.Quinimo,
1586 2798 1702 2853 nisi
1720 2793 2142 2854 audaciuscule

478 2902 643 2974 loqui
675 2900 897 2967 videar,
935 2913 1055 2953 una
1085 2912 1222 2951 cum
1260 2893 1361 2947 illo
1394 2891 1665 2946 Christus
1725 2903 1998 2959 egressus
2029 2888 2140 2950 est,

481 3009 663 3065 quem
693 2990 755 3047 in
779 3005 842 3045 se
863 2991 1206 3044 manentem
1225 2985 1503 3055 gestaret.
1527 2981 1570 3036 Ο
1591 2995 1708 3050 qua
1724 2976 1953 3034 ratione
1969 2973 2142 3030 siccis

483 3081 673 3139 oculis
703 3076 1153 3136 acerbissimam
1177 3069 1745 3128 hanccalamitatem
1760 3062 2144 3122 enarravero?

484 3176 871 3243 Nequaquam
894 3167 1056 3224 enim
1088 3181 1210 3231 cor,
1235 3161 1568 3235 quamlibet
1592 3173 1837 3214 saxeum
1862 3156 2141 3229 ﬁngatur,

2248 2079 2342 2138 τὸν
2373 2079 2566 2153 νόμὲα,
2618 2078 2687 2134 τὰ
2743 2070 3014 2152 πρόϐατα,
3078 2072 3168 2129 καὶ
3225 2073 3325 2143 τήν
3383 2071 3635 2148 σύριγγα·
3697 2071 3750 2126 οἱ
3803 2074 3898 2125 τοῦ

2251 2173 2494 2248 Χριστοῦ
2527 2167 2920 2242 ὑπερασπισταὶ
2973 2164 3066 2220 τὸν
3102 2162 3422 2238 ταξίαρχον,
3469 2160 3559 2217 καὶ
3613 2167 3716 2230 τήν
3771 2158 3900 2214 σάλ-

2251 2289 2419 2345 πιγγα
2463 2267 2578 2322 κατ’
2635 2263 2852 2340 ἐχθρῶν
2911 2265 3128 2333 νοητῶν
3185 2259 3574 2336 ταράττουσαν,
3615 2259 3712 2313 τὸν
3764 2277 3900 2333 προ-

2251 2358 2520 2426 ασπιστῆν
2553 2355 2609 2410 αἱ
2657 2357 2850 2430 χῆραι·
2887 2353 2938 2407 οἱ
2994 2349 3222 2429 ὀρφανοὶ
3271 2349 3364 2405 τὸν
3418 2349 3646 2422 πατὲραο
3707 2348 3760 2402 οἱ
3816 2367 3906 2401 νο-

2253 2452 2473 2509 σοῦντες
2500 2445 2595 2501 τὸν
2646 2443 2940 2516 κομιστὴν,
3010 2441 3063 2495 οἱ
3119 2441 3260 2512 εὲνοι
3317 2437 3643 2514 ξεναγωγόν’
3698 2437 3733 2507 ἠ
3797 2441 3906 2491 τῶν

2251 2535 2468 2593 πόλεων
2497 2532 2762 2609 ἁλουργὶς
2793 2531 2886 2586 τὸν
2916 2529 3123 2606 χρυσὸν
3147 2529 3239 2584 τὸν
3272 2523 3575 2598 ἀκίϐδηλον
3603 2528 3902 2599 κοσμοῦντα

2254 2624 2325 2684 δι’
2354 2627 2571 2696 ἑαυτοῦ,
2601 2624 2692 2678 καὶ
2720 2622 3088 2698 ἐπικιρνῶντα
3140 2621 3242 2688 τὴν
3304 2615 3586 2695 βασιλείαν
3614 2619 3684 2689 τῇ
3738 2615 3909 2690 ἱερω-

2253 2714 2630 2792 σύνῃ,καὶτῇ
2684 2715 2784 2767 τοῦ
2839 2709 3044 2784 πατρὸς
3097 2707 3216 2783 ὣρᾳ
3271 2708 3602 2783 χαριτοῦντα
3655 2703 3718 2759 τὸ
3768 2709 3906 2772 σκῆ-

2252 2826 2445 2879 πτρον,
2475 2803 2566 2860 καί
2602 2802 2666 2858 τὸ
2694 2797 2957 2874 διάδημα·
3018 2799 3072 2854 αἱ
3132 2798 3376 2876 φιλόθεοι
3433 2795 3591 2852 ἀκοαὶ
3645 2793 3740 2850 τὸν
3769 2812 3904 2869 χρυ-

2253 2893 2490 2970 σολόγον
2522 2892 2614 2949 καὶ
2647 2891 3050 2967 χρυσόστομον.
3086 2887 3189 2944 Καὶ
3223 2886 3267 2942 εἰ
3298 2887 3373 2960 μὴ
3405 2883 3694 2958 τολμηρὸν
3724 2886 3902 2960 φάναι,

2253 2983 2494 3058 συνεξῄει
2524 2983 2757 3057 Χριστὸς
2787 2979 2845 3040 ὅν
2879 2974 3063 3054 ἔφερεν
3095 2973 3360 3035 ἕνοιστον.
3392 2976 3458 3031 Ὢ
3500 2979 3617 3037 πῶς
3648 2970 3903 3048 ἀδακρυτὶ

2249 3076 2350 3144 τὴν
2381 3074 2672 3145 ἀνήκεστον
2706 3066 3181 3145 ἐκτραγῳδήσαιμι
3213 3065 3496 3144 συμφοράν
3527 3084 3548 3132 ;
3575 3061 3702 3120 οὐδὲ
3724 3061 3904 3129 λιθίνη

2252 3165 2357 3241 γὰρ
2387 3159 2582 3238 καρδία
2630 3161 2707 3235 μὴ
2755 3157 3005 3235 δακρύειν
3065 3155 3154 3214 ini
3217 3155 3389 3230 ταύτῃ
3444 3152 3756 3226 δυνήσεται,
3789 3151 3903 3208 ἐπεὶ

485 3240 819 3335 temperare
851 3276 887 3314 a
915 3254 1196 3327 lacrymis
1217 3253 1426 3325 possit.
1454 3253 1598 3308 Nam
1621 3253 1790 3320 petra
1807 3247 1968 3318 virga
1985 3247 2141 3316 Moy-

2261 3240 2345 3313 καὶ
2398 3250 2554 3346 λίθος
2612 3246 2798 3346 ῥάξδῳ
2859 3251 3126 3346 Μωσαῖκῇ
3184 3245 3524 3325 ῥαπιζομένη
3593 3244 3774 3320 tam:
3819 3240 3914 3296 νά-

486 3353 566 3409 sis
585 3366 868 3424 percussa
891 3347 1098 3404 latices
1112 3343 1609 3411 eiluderat,atque
1640 3355 1710 3394 ex
1733 3335 2141 3406 corde,quam-

485 3423 635 3498 libet
663 3440 921 3496 duorum
953 3436 1049 3503 sit,
1085 3433 1134 3491 si
1166 3432 1388 3505 tragica
1417 3430 1529 3486 hac
1573 3426 1917 3486 narratione
1941 3423 2145 3479 verbe-

484 3529 752 3599 ratur,ob
782 3525 1227 3584 immanitatem
1257 3519 1544 3580 facinoris
1573 3517 1722 3590 largi
1745 3517 2145 3588 lacn/marum

483 3623 680 3679 fontes
707 3619 1084 3676 emittuntur.

560 3731 647 3784 18.
682 3729 756 3782 At
782 3742 920 3781 vero
941 3719 1254 3795 repentino
1287 3723 1454 3776 motu
1496 3715 1659 3788 regia
1688 3713 1974 3785 quatitur.
2001 3713 2148 3767 Nam

488 3822 718 3878 Pharao
749 3834 958 3873 rursus
990 3831 1125 3870 eum
1167 3812 1268 3883 qui
1301 3810 1499 3865 divino
1530 3811 1854 3878 conspectu
1872 3804 2150 3872 donatur,

490 3909 855 3968 clamoribus
873 3904 1219 3970 accersit,ut
1233 3900 1523 3956 inﬂictam
1537 3897 1772 3970 plagam
1788 3898 2148 3967 compescat:

491 4001 554 4058 id
583 3998 742 4072 quod
766 3997 962 4054 statim
985 3993 1199 4051 evenit.
1225 3992 1332 4046 Vix
1363 3990 1524 4046 enim
1547 3990 1807 4044 Joannes
1827 3986 2154 4056 imperato»

491 4091 576 4147 ris
613 4091 787 4162 jussu
848 4085 1058 4158 pedem
1076 4081 1385 4146 retulerat,
1447 4094 1583 4134 cum
1624 4075 1876 4133 cessavit
1905 4079 2148 4130 tremor.

495 4181 589 4236 Sic
620 4193 838 4249 nempe
851 4178 1004 4231 Deus
1026 4173 1194 4229 novit
1216 4187 1317 4226 eos
1338 4171 1636 4224 honorare
1663 4165 1764 4237 qui
1789 4163 2150 4235 suntipsius:

508 4271 643 4325 Vivo
666 4269 812 4323 enim
843 4281 963 4335 ego,
995 4262 1077 4318 ait
1102 4263 1384 4327 Dominus,
1445 4260 1582 4329 quia
1625 4257 1751 4311 illos
1783 4257 1881 4324 qui
1909 4271 1994 4309 me
2023 4253 2153 4323 glo-

492 4362 719 4428 riﬁcant
750 4353 1074 4426 gloriﬁcabo
1107 4350 1173 4405 ⁸⁸.
1207 4353 1464 4406 Rursum
1524 4347 1704 4419 igitur
1749 4361 1890 4416 grex
1939 4343 2155 4399 Christi

488 4447 932 4521 jucunditatem
947 4439 1473 4515 recipit.0mnibus
1487 4437 1784 4507 siquidem
1799 4433 2154 4501 restituitur,

497 4538 602 4610 qui
632 4537 824 4592 factus
853 4533 1131 4589 omnibus
1152 4529 1356 4587 omnia
1385 4529 1602 4585 fuerat.
1630 4526 1988 4595 ltetaturque
2018 4523 2151 4578 uni.

2262 3364 2426 3418 ματα,
2456 3339 2548 3398 καὶ
2581 3337 2780 3416 καρδία
2838 3336 3035 3415 στερῥᾶ
3085 3341 3166 3409 τῷ
3224 3335 3433 3411 μεγέθει
3486 3339 3764 3410 πληγεῖσα
3817 3337 3917 3401 τῆς

2253 3426 2594 3507 τραγῳδίας,
2619 3423 2944 3507 ποταμηδᾲν
2977 3424 3134 3501 ἐκχεῖ
3162 3421 3412 3500 δακρύων
3443 3422 3735 3499 κρουνούς.

2333 3717 2424 3789 ιη’.
2457 3711 2616 3773 Ἀλλ’
2647 3712 2797 3793 ἄφνω
2851 3711 2918 3768 τὰ
2969 3712 3220 3789 βασίλεια
3275 3709 3552 3788 θραύεται,
3583 3711 3676 3767 καὶ
3711 3710 3915 3786 Φαραὼ

2258 3805 2423 3865 πάλιν
2457 3805 2549 3863 τὸν
2579 3805 2817 3875 θεόπτην
2847 3798 3044 3875 ἐπιϐοᾷ
3069 3802 3136 3858 τὰ
3167 3803 3302 3878 πρὸς
3360 3802 3460 3870 τὴν
3512 3807 3614 3870 τῆς
3650 3801 3918 3875 μάστιγος

2261 3898 2492 3972 ἃμυνανσ
2537 3897 2566 3951 δ
2598 3892 2666 3964 δὴ
2695 3891 3048 3970 καὶγίνεται.
3083 3894 3234 3966 Ἀμα
3288 3891 3389 3969 γὰρ
3443 3891 3700 3961 Ἰωάννης
3760 3891 3915 3967 βασι-

2262 3988 2406 4061 Αικῷ
2489 3984 2812 4043 παλινοστεῖ
2889 3984 3297 4058 προστάγματι,
3375 3981 3468 4038 καὶ
3555 3980 3818 4036 ἐκόπασεν
3880 3982 3916 4049 ὴ

2262 4080 2506 4154 θραῦσις.
2549 4073 2738 4137 Οὕτως
2776 4070 2890 4129 οἶδε
2947 4070 3077 4135 Θεὸς
3127 4077 3295 4147 τιμᾷν
3352 4069 3482 4133 τοὺς
3537 4068 3696 4133 ὄντας
3733 4069 3919 4125 αὐτοῦ’

2262 4172 2352 4227 Ζῶ
2395 4167 2498 4242 γὰρ
2551 4165 2680 4242 ἰγὼ,
2739 4163 2886 4238 λέγει
2948 4161 3172 4239 Κύριος,
3225 4159 3354 4218 ἀλλ’
3416 4158 3610 4232 ἤτοὺς
3671 4158 3924 4232 δοξάζον·

2263 4255 2358 4318 τάς
2385 4276 2450 4330 με
2480 4252 2710 4326 δοξάσω.
2745 4252 2919 4310 Πάλιν
2959 4252 3147 4308 τοίνυν
3201 4249 3254 4306 ἐν
3324 4249 3560 4324 εὑθυμίᾳ
3587 4249 3651 4305 τὸ
3677 4251 3925 4324 Χριστοῦ

2264 4345 2547 4420 ποίμνιον.
2575 4349 2710 4399 ΙΙᾶσι
2739 4343 2846 4418 γὰρ
2891 4337 3214 4397 ἀποδίδοται
3246 4341 3276 4396 ὁ
3326 4340 3396 4396 τὰ
3448 4339 3619 4396 πάντα
3673 4345 3806 4394 πᾶσι
3837 4360 3928 4416 γι-

2265 4435 2522 4510 νόμενος,
2577 4433 2669 4490 καὶ
2711 4430 2894 4509 χαίρει
2957 4431 3050 4506 μὶν
3110 4431 3250 4486 ἅπαν
3279 4431 3517 4506 Χριστοῦ
3563 4427 3626 4484 τὸ
3655 4427 3930 4498 ὓπήκοον,

2265 4525 2358 4582 καὶ
2387 4523 2684 4594 πιαίνεται,
2709 4522 2800 4578 καὶ
2833 4521 2978 4595 αὔξει
3043 4519 3098 4577 ἰν
3155 4521 3330 4596 ἀγαθῇ
3387 4522 3459 4595 γῇ
3517 4525 3620 4589 τῆς
3676 4514 3931 4594 καρδίας,

497 4601 670 4683 versa
686 4625 856 4697 plebs
879 4623 1110 4679 Christo
1134 4615 1753 4690 subdita,pinguescit,
1776 4614 2061 4687 augescit,
2095 4613 2150 4669 in

2270 4617 2347 4679 ὡς
2377 4614 2582 4691 σπόρον
2632 4617 2732 4670 τοῦ
2788 4611 3094 4686 πνεύματος
3147 4610 3276 4672 τοὺς
3307 4609 3561 4668 Ἰωάννου
3593 4605 3802 4684 λόγους
3845 4603 3934 4661 δε-

502 4717 728 4790 optimo
760 4713 1021 4788 pectoris
1043 4711 1191 4778 solo,
1219 4709 1463 4766 Joannis
1477 4721 1787 4763 sermones
1803 4704 1889 4760 uti
1902 4704 2161 4762 fructum

505 4809 751 4882 spiritus
794 4804 1158 4877 excipientes
1217 4805 1285 4857 At
1324 4800 1615 4872 inﬂigitur
1664 4796 1900 4853 diabolo
1930 4795 2165 4866 vulnus,

504 4902 845 4970 iterumque
863 4899 1148 4951 consueto
1171 4907 1338 4948 more
1361 4906 1468 4946 suo
1486 4893 2044 4959 oontrapraaconem
2068 4902 2170 4941 ex—

507 4989 730 5063 surgit:
757 4993 816 5042 et
857 5001 992 5042 cum
1015 4982 1166 5039 nihil
1196 4980 1411 5036 virium
1431 4979 1670 5047 habeat,
1700 4977 1852 5033 forte
1873 4976 2168 5033 validum-

506 5097 620 5153 que
651 5076 931 5134 Ecclesim
961 5074 1185 5130 vallum
1217 5070 1502 5143 exposcit,
1525 5073 1594 5123 ut
1613 5071 1854 5134 evertat,
1916 5071 1976 5121 et
2025 5081 2169 5134 opes

502 5169 847 5243 raptoribus
894 5163 1214 5236 impervias
1275 5160 1538 5231 diripiat.
1573 5157 1806 5228 Accipit
1835 5156 2078 5227 quidem
2105 5155 2167 5210 in

486 5275 720 5332 corpus
752 5257 917 5316 illius
947 5256 1327 5327 potestatem,
1369 5255 1437 5306 ut
1457 5247 1760 5320 quondam
1807 5246 1872 5302 in
1902 5245 2032 5314 Job,
2064 5244 2168 5300 ille

504 5351 604 5423 qui
630 5348 795 5421 prius
826 5362 937 5406 nec
961 5340 1396 5414 indignationis
1416 5339 1547 5410 ejus
1568 5341 1782 5394 nutum
1811 5334 1968 5392 ferre
1999 5339 2170 5406 pote-

503 5444 616 5497 rat.
650 5441 872 5497 Iterum
905 5432 1140 5490 tollitur
1161 5431 1366 5500 justus
1390 5443 1404 5482 :
1432 5440 1688 5498 sponsus
1719 5441 1752 5479 ο
1782 5423 2045 5482 thalamo
2067 5440 2164 5482 ex-

508 5521 1069 5596 truditurznuptiali
1100 5524 1315 5574 ornatu
1332 5515 1597 5572 Ecclesia
1627 5513 1951 5586 spoliatur;
1977 5529 2167 5584 eoque

512 5614 624 5668 sibi
656 5611 1152 5681 ablato,nudatur
1171 5605 1457 5678 capillitio
1476 5601 1990 5675 caput.Enimvero
2013 5602 2166 5676 ignis

591 5791 640 5830 ‘3
665 5794 690 5847 Ι
719 5794 861 5863 Reg.
893 5807 955 5859 ιι,
978 5793 1067 5844 30.

2217 4693 2219 4696 ί
2269 4707 2622 4779 7.όμενος.¹0
2681 4701 2738 4759 δὲ
2792 4697 3054 4764 διάϐολος
3109 4699 3555 4774 τραυματίζεται,
3611 4697 3704 4753 καὶ
3759 4697 3935 4752 πάΑιν

2278 4801 2379 4853 τοῦ
2406 4798 2647 4871 κήρυκος
2707 4793 2958 4864 συνήθως
3015 4789 3477 4862 κατεξανίσταται,
3526 4787 3616 4843 καὶ
3647 4787 3937 4858 ἐξαιτεῖται

2278 4883 2570 4961 ὁάδρανῆς
2634 4885 2726 4939 τὸν
2780 4881 3024 4957 ἀνδρεῖον
3080 4888 3183 4952 τῆς
3237 4879 3567 4950 Ἐκκλησίας
3627 4871 3938 4951 πρόϐολον,

2276 4975 2566 5034 καταλύειν
2618 4972 2983 5050 πειρώμενος,
3029 4971 3118 5028 καὶ
3175 4971 3265 5026 τὸν
3308 4967 3550 5025 πλοῦτον
3605 4965 3941 5044 λαφυραγω-

2277 5072 2394 5145 γεῖν
2453 5067 2557 5136 τὴν
2610 5063 2911 5135 ἀσύλητον.
2970 5061 3063 5118 καὶ
3108 5056 3379 5136 λαμϐάνει
3408 5059 3504 5135 μὶν
3549 5059 3652 5129 τήν
3699 5056 3944 5128 ἐξουσίαν

2275 5163 2373 5214 τοῦ
2405 5157 2684 5230 σώματος,
2715 5154 2792 5218 ὥς
2832 5174 2966 5210 ποτε
3015 5157 3116 5207 τοῦ
3147 5146 3274 5209 Ἰὼϐ
3309 5151 3336 5206 ὁ
3393 5147 3592 5206 τούτου
3627 5149 3704 5222 μὴ
3759 5147 3942 5225 φέρων

2276 5245 2545 5324 πρότερον
2571 5245 2635 5300 τὸ
2673 5238 3027 5319 ὄμϐρίμημα.
3060 5239 3161 5298 Καὶ
3219 5238 3387 5297 πάλιν
3442 5240 3470 5295 ὁ
3529 5235 3744 5300 δίκαιος
3792 5235 3948 5314 αἴρε-

2275 5357 2389 5405 ται,
2421 5335 2449 5390 ὁ
2475 5333 2714 5412 νυμφίος
2740 5337 2849 5389 τῶν
2884 5331 3155 5405 θαλάμων
3210 5328 3665 5404 ἐξοστρακίζεται,
3699 5325 3791 5384 καί
3847 5328 3946 5384 τὸν

2275 5425 2548 5504 νυμφικὸν
2577 5426 2613 5494 ἡ
2648 5421 2949 5493 Ἐκκλησία
2977 5427 3343 5498 περιαιρεῖται
3375 5421 3611 5494 κόσμον,
3665 5419 3759 5475 καὶ
3841 5417 3945 5487 τήν

2273 5515 2519 5586 κεφαλὴν
2550 5514 2934 5592 περικείρεται,
2965 5517 3156 5569 τοῦτον
3218 5513 3322 5568 οὐκ
3380 5510 3604 5589 ἔχουσα.
3663 5511 3779 5584 ΙΙῦρ
3838 5507 3943 5582 γὰρ

2276 5605 2338 5666 ix
2361 5609 2462 5662 τοῦ
2491 5605 2708 5682 θρόνου,
2737 5607 2829 5662 οἷα
2856 5603 3095 5672 σκηπτὸς
3147 5602 3414 5675 θεήλατος
3441 5602 3542 5672 τὴν
3603 5597 3938 5671 Ἐκκλησίαν
