4160 6424
441 439 549 493 783

1721 439 1781 494 Β.
1821 433 2124 490 JOANNIB
2159 430 2581 486 DAMASCENI

343 27 360 32 -
381 10 1998 40 —-———_—————
2064 28 2391 42 -—.—_.‘

3766 438 3868 493 784

443 561 726 634 martyrio
747 562 998 620 victores
1020 564 1389 632 exstiterunt,
1406 561 1676 635 gloriam,
1698 559 2070 633 gratiamque

2207 551 2350 624 μίων
2383 549 2648 622 σύνθεσιν,
2679 554 2788 606 τῶν
2845 549 3037 627 ἁγίων,
3095 553 3183 608 καὶ
3243 559 3343 624 τῆς
3394 551 3679 621 εὐσεϐείας
3736 559 3871 616 καλ-

443 657 498 705 et
531 651 884 720 claritatem,
905 654 1064 708 omni
1084 652 1495 708 laudationum
1517 648 1936 723 compositioni
1953 663 2098 719 pras-

441 741 680 809 cellere,
713 743 920 813 illique
951 743 1105 809 fuco,
1143 742 1243 814 qui
1275 742 1451 797 cultis
1481 746 1803 806 oratorum,
1832 738 2096 808 artisque

442 831 780 902 sophistica)
812 831 1185 887 sermonibus
1216 831 1449 886 collatis
1480 831 1659 886 veluti
1683 827 1966 901 symbolis
1994 843 2095 898 pa-

439 925 627 987 ratur,
660 919 834 992 longe
866 921 1152 989 eminere,
1185 922 1459 977 confessa
1489 937 1583 976 res
1613 926 1720 975 est.
1756 922 1835 974 Ac
1856 917 2096 989 quidem

438 1009 564 1063 fore
597 1010 890 1078 existimo,
919 1012 1168 1083 utipsos
1201 1029 1438 1084 quoque
1471 1010 1854 1066 scientiarum
1879 1006 2098 1062 callen-

440 1098 724 1157 tissimos,
746 1117 816 1156 ac
839 1102 938 1172 qui
966 1102 1039 1156 iis
1063 1101 1406 1157 excolendis
1423 1100 1885 1170 exercendisque
1910 1097 2096 1152 otium

440 1204 616 1244 omne
650 1189 951 1261 vitamque
984 1191 1428 1262 impenderunt,
1461 1189 1793 1264 argumenti
1815 1188 2097 1259 majestas

439 1278 724 1333 attonitos
751 1279 982 1347 reddat,
1017 1281 1373 1352 consiliique
1404 1280 1646 1345 anxios;
1693 1277 1879 1334 multo
1911 1276 2098 1348 magis

442 1367 560 1423 mei
596 1367 848 1437 similes,
884 1369 1162 1425 homines
1194 1370 1372 1426 rudes
1415 1376 1474 1425 et
1523 1369 1816 1432 indoctos,
1872 1365 1972 1438 qui
2021 1381 2096 1419 ne

439 1463 704 1514 extremo
735 1459 1000 1530 quidem,
1034 1465 1101 1515 ut
1129 1460 1313 1529 aiunt,
1349 1459 1553 1532 digito,
1607 1458 1884 1532 peritiam
1929 1454 2097 1510 illam

438 1549 702 1622 artisque
729 1551 1122 1618 solertiam,et
1143 1551 1470 1607 condendaa
1493 1550 1780 1606 orationis
1803 1552 2099 1621 prmcepta

437 1639 1094 1697 delibarunt.Czeterum
1110 1642 1354 1697 minime
1368 1641 1587 1696 idcirco
1603 1637 2097 1696 committendum

439 1733 548 1792 est,
582 1734 647 1782 ut
675 1729 1008 1784 orationem
1065 1729 1489 1804 aggrediendo,
1549 1745 1701 1801 pene
1759 1725 2096 1798 stupefacti,

436 1824 842 1889 conceptaque
871 1825 1034 1874 metu
1057 1825 1114 1875 et
1137 1820 1368 1892 ignavia
1385 1824 1753 1886 cunctantes,
1778 1832 1889 1872 nos
1911 1815 2094 1887 ipsos,

2215 636 2438 695 λινίκων
2488 638 2774 717 μαρτύρων
2807 642 2842 710 ἡ
2878 638 3028 713 δόξα,
3082 643 3173 697 καὶ
3236 642 3424 720 χάρις,
3479 647 3569 701 καὶ
3629 645 3866 724 εὔκλεια,

2201 728 2291 784 καὶ
2322 736 2421 799 τῆς
2451 727 2512 784 ἐκ
2557 729 2865 806 ῥητορικῶν
2899 729 3103 808 λόγων,
3159 731 3252 787 καὶ
3288 743 3613 809 σοφιστικῆς
3658 737 3859 814 τέχνης

2203 819 2657 896 λάρυγγισμάτων
2713 817 3104 894 ἐρανιζομὲνης
3155 821 3510 900 ὑπερίδρυται
3589 826 3862 895 πλάσεως,

2200 909 2306 964 Καὶ
2337 907 2840 985 καταπλαγείησαν,
2873 909 3052 983 οἶμαι,
3081 911 3172 964 καὶ
3222 912 3563 988 ἀποροίησαν
3613 913 3673 970 ἄν
3723 917 3863 991 πρὸς

2199 999 2262 1053 τὸ
2317 1005 2418 1068 τῆς
2471 997 2780 1061 ὑποθέσεως
2839 999 3088 1074 μέγεθος,
3143 997 3236 1054 καὶ
3292 1001 3345 1056 οἱ
3406 1000 3530 1058 λίαν
3588 1005 3713 1080 περὶ
3768 1005 3860 1068 τὰς

2199 1086 2452 1150 τοιαύτας
2486 1087 2789 1160 ἐπιστήμας
2822 1085 3016 1160 δεινοὶ,
3042 1088 3132 1144 καὶ
3161 1089 3255 1144 τὸν
3299 1087 3432 1146 ὅλον
3481 1092 3689 1148 ἑαυτῶν
3746 1093 3860 1170 βίον

2199 1177 2449 1251 περὶτάς
2505 1175 2724 1232 τοιάσδε
2779 1173 2990 1254 τριϐὰς,
3044 1179 3134 1233 καί
3183 1175 3416 1252 μελέτας
3475 1180 3860 1258 ἐσχολακότες,

2198 1267 2289 1322 καὶ
2319 1265 2794 1338 καιτανηλωκὸτες⁹
2827 1269 2902 1342 μή
2937 1267 3020 1324 ὅτι
3048 1290 3113 1344 γε
3158 1270 3210 1324 οἱ
3266 1273 3385 1325 καθ’
3442 1273 3592 1345 ἡμᾶς
3639 1273 3864 1348 ἀμαθεῖς

2199 1377 2259 1412 τε
2287 1360 2373 1412 καὶ
2409 1354 2647 1433 ἄπειροι,
2678 1359 2766 1412 καὶ
2801 1355 2933 1430 μηδ’
2962 1357 3115 1434 ἄκρῳ
3149 1356 3426 1434 δακτύλῳ,
3458 1362 3520 1416 τὸ
3580 1359 3648 1432 δὴ
3700 1363 3856 1439 λεγό-

2205 1465 2387 1519 μενον,
2411 1445 2615 1516 ταύτης
2644 1447 2998 1522 γεγευσμένοι
3047 1450 3148 1516 τῆς
3205 1445 3492 1526 ἐμπειρίας
3534 1471 3593 1506 τε
3636 1451 3725 1506 καὶ
3777 1452 3862 1508 εὐ-

2198 1535 2440 1604 τεχνίας,
2469 1534 2560 1590 καὶ
2593 1535 3012 1612 λογογραφικῆς
3072 1537 3337 1612 σκέψεως,
3397 1539 3558 1596 Ἀλλ’
3601 1539 3666 1596 ού
3720 1543 3865 1619 παρά

2197 1630 2362 1681 τοῦτο
2392 1626 2567 1698 πάντη
2601 1627 2738 1702 πρὸς
2795 1630 2896 1696 τήν
2945 1631 3044 1682 τοῦ
3102 1626 3271 1702 λόγου
3327 1627 3646 1705 ἐγχείρησιν
3700 1627 3864 1687 οίονεί

2198 1736 2319 1778 πως
2350 1715 2774 1792 ἰλιγγιάσαντες,
2808 1716 2897 1771 καὶ
2930 1713 3112 1790 δειλίᾳ
3173 1718 3541 1794 συσχεθέντες,
3589 1720 3680 1776 καὶ
3732 1742 3862 1777 κατε

2203 1805 2548 1875 οκνήσαντες,
2579 1807 2728 1878 ἡμᾶς
2757 1825 2816 1880 γε
2843 1804 3066 1874 αὐτοὺς,
3109 1805 3201 1860 καὶ
3247 1807 3311 1861 τὸ
3361 1808 3533 1883 παρὸν
3593 1807 3858 1886 φιλήκοον

435 1906 605 1977 etqui
621 1907 840 1962 adsunt
855 1908 1124 1963 discendi
1137 1909 1337 1964 avidos
1349 1905 2069 1975 auditores,emolumenti

2202 1893 2589 1969 ἀκροατήριον,
2651 1893 2919 1968 ἀμοίρους
2975 1898 3078 1960 τῆς
3127 1893 3187 1950 ἐκ
3239 1895 3588 1967 τηλικούτων
3637 1898 3858 1974 ἀγώνων

435 1995 594 2066 quod
613 2012 681 2051 ex
701 2003 1002 2053 tantorum
1026 1999 1444 2066 certaminum,
1471 2004 1537 2054 ut
1558 2015 1666 2070 par
1692 2002 1800 2066 est,
1818 1995 1971 2052 mira
1996 2013 2095 2050 va-

431 2085 642 2140 rietate
675 2087 966 2158 provenit,
1001 2095 1271 2160 expertes
1301 2089 1738 2160 relinquamus.
1760 2087 2092 2160 Ageigitur,

431 2190 756 2245 supernum
775 2176 948 2232 nobis
967 2176 1316 2234 instinctum
1334 2185 1386 2233 et
1408 2178 1693 2233 auxilium
1709 2176 1780 2232 ab
1795 2173 2093 2248 ejusmodi

430 2265 828 2320 certaminum
847 2265 1184 2338 inspectore
1213 2273 1270 2322 et
1300 2268 1524 2323 arbitro
1547 2267 1782 2323 Christo
1812 2265 2090 2320 invocan-

426 2357 538 2421 tes,
568 2371 746 2424 quam
779 2355 840 2409 in
875 2357 1156 2427 prmsenti
1191 2357 1404 2412 merito
1435 2356 1774 2422 laudamus,
1809 2371 2088 2410 sermone

427 2441 927 2508 describamus,et
943 2445 1101 2501 velut
1115 2446 1187 2502 ob
1212 2447 1669 2518 oculos,quanta
1682 2445 1933 2500 facultas
1952 2445 2085 2512 erit,

426 2548 525 2586 res
549 2531 710 2587 illius
743 2550 1130 2606 exponamus,
1163 2535 1317 2592 896
1349 2542 1527 2607 atque
1555 2535 1790 2607 inclyta)
1815 2532 2088 2604 martyris

424 2621 720 2687 Barbaraa,
749 2624 921 2695 cujus
955 2625 1251 2681 solemnia
1282 2630 1678 2681 concurrente
1710 2623 1930 2696 populo
1961 2622 2086 2695 agi-

421 2726 576 2777 mus,
611 2711 955 2768 certaminis
989 2715 1293 2785 specimen
1324 2713 1856 2786 velutcompendio
1877 2728 2085 2784 propo-

425 2816 675 2854 namus:
711 2817 826 2871 quo
850 2819 1069 2875 nempe
1101 2803 1452 2874 potentiam,
1473 2821 1591 2875 qua
1615 2809 1908 2875 martyres
1935 2801 2087 2856 invi-

423 2888 587 2943 sibili
616 2889 846 2946 ratione
865 2893 1204 2948 confirmati
1227 2891 1607 2964 roboratique
1632 2898 1790 2960 sunt,
1815 2891 2083 2947 conside-

423 2983 646 3048 rantes,
679 2997 800 3035 non
833 2981 1130 3036 modicam
1162 2982 1482 3038 utilitatem
1515 2989 1573 3038 et
1601 2981 2082 3038 emendationem

423 3067 566 3123 inde
598 3086 1041 3140 consequamur
1070 3088 1083 3125 :
1117 3089 1238 3127 non
1273 3089 1341 3128 eo
1375 3078 1736 3145 spectantes,
1771 3077 1837 3127 ut
1865 3071 2082 3144 lingua:

422 3157 660 3213 disertae
693 3159 930 3230 eloquio
965 3165 1023 3215 et
1047 3161 1348 3230 facundia,
1377 3168 1554 3234 atque
1600 3161 1898 3235 elegantia
1954 3177 2080 3216 ser-

418 3247 616 3302 monis
647 3249 976 3304 certamina
1003 3250 1356 3308 extollamus
1382 3252 1522 3321 (non
1547 3251 1707 3306 enim
1736 3251 1862 3307 hanc
1883 3266 1951 3306 ea
1966 3267 2077 3322 ope

417 3336 712 3411 indigent,
746 3356 876 3410 quae
908 3339 1187 3396 facundia
1214 3343 1571 3413 praestetur),
1607 3341 1710 3397 sed
1742 3341 1824 3397 ita
1870 3346 1938 3397 ut
1984 3357 2078 3396 res

420 3427 680 3499 simplici
711 3427 992 3500 nudaque
1024 3429 1286 3486 dictione
1317 3431 1659 3486 recitemus.

483 3647 536 3698 2.
572 3647 789 3700 Verum
849 3645 1082 3702 animos
1139 3647 1287 3702 mihi
1337 3647 1464 3720 jam
1512 3647 1741 3720 erigite,
1774 3665 1808 3704 o
1839 3648 2072 3704 Christo

411 3735 894 3807 martyribusque
926 3736 1132 3792 devote
1153 3743 1358 3804 cmtus,
1383 3742 1790 3810 mentemque,
1817 3755 1892 3794 ne
1915 3739 2074 3795 circa

413 3839 484 3878 ea
514 3841 645 3895 quae
675 3824 821 3880 foris
853 3831 994 3882 sunt
1021 3826 1276 3894 aberret,
1325 3827 1675 3900 colligentes
1729 3833 1787 3884 et
1833 3834 2072 3884 contra-

395 3913 629 3976 hentes.
663 3919 888 3970 attente
913 3931 1044 3987 qum
1071 3915 1325 3972 dicenda
1352 3922 1510 3983 sunt,
1547 3917 1850 3974 obaudite.
1885 3919 2067 3974 Plane

393 4002 694 4074 siquidem
719 4004 1044 4060 absurdum
1059 4011 1170 4075 est,
1196 4011 1261 4060 ut
1283 4005 1358 4062 ad
1381 4007 1685 4064 mundana
1704 4008 2066 4081 spectacula,

392 4111 806 4166 equorumque
828 4097 1163 4164 cursus,vel
1189 4097 1509 4170 palmstrm,
1534 4099 1623 4154 vel
1645 4099 1907 4172 cujusvis
1929 4100 2067 4156 alte-

390 4183 516 4238 rius
539 4201 607 4239 ex
629 4185 924 4257 gymnicis
947 4187 1248 4258 ejusmodi
1269 4188 1437 4244 ludis
1456 4189 1830 4261 propensiori
1849 4189 2066 4246 alacri-

393 4276 512 4328 tate
546 4290 876 4341 curramus,
903 4277 1232 4348 agonisque
1265 4283 1590 4345 certamen,
1640 4285 1819 4350 atque
1854 4279 2060 4335 adver-

395 4363 690 4417 sariorum
725 4381 1118 4437 congressum
1151 4383 1396 4422 cernere
1428 4367 1772 4440 gestiamus,
1806 4384 1937 4437 nec,
1972 4374 2061 4424 ta-

391 4453 570 4506 metsi
604 4452 923 4508 innumera
955 4454 1310 4521 distrahant,
1345 4462 1480 4513 ante
1502 4457 1853 4513 recedamus
1875 4475 2056 4530 quam

391 4540 579 4595 ﬁnem
612 4541 664 4596 ei
699 4543 1002 4612 victorem,
1035 4545 1452 4618 sublatamque
1483 4547 1767 4619 palmam,
1801 4553 1859 4603 et
1887 4564 2056 4604 coro-

389 4645 531 4684 nam
563 4631 738 4701 capiti
774 4632 1120 4704 impositam
1149 4635 1454 4691 videamus
1485 4653 1498 4692 :
1532 4635 1711 4708 idque
1733 4654 1891 4705 vero,
1917 4655 2049 4694 cum
2081 4675 2131 4742 Β

389 4719 534 4742 ..ειη
571 4719 710 4742 Σ-Δ-
759 4723 1052 4742 __A-_.__I'
1170 4725 1191 4742 ο
1516 4727 1579 4742 11·
1758 4733 1768 4742 ι
1994 4729 2048 4742 ιι

385 4719 539 4774 nihil
571 4719 716 4776 inde
749 4723 1055 4779 commodi
1098 4725 1454 4782 referamus.
1516 4727 1620 4782 Hic
1674 4733 1894 4797 autem,
1950 4729 2051 4784 ubi

383 4809 602 4865 animis
634 4811 784 4868 utile
816 4818 874 4868 et
897 4813 1210 4885 spirituale
1265 4815 1673 4888 spectaculum
1721 4823 1830 4886 est,
1882 4818 2052 4890 cujus

385 4916 610 4972 praases
632 4907 690 4957 et
707 4902 949 4973 arbiter,
971 4921 1094 4960 non
1107 4922 1266 4961 unus
1288 4906 1423 4977 quis
1437 4911 1809 4963 terrenarum
1824 4924 2053 4981 regum,

385 4989 492 5045 sed
523 4990 624 5062 qui
659 4993 892 5049 cunctis
924 5011 1056 5065 quae
1087 4995 1275 5051 oculis
1307 5001 1366 5051 et
1389 4996 1589 5052 animo
1621 4997 2053 5070 percipiuntur,

321 5129 324 5136 .
387 5078 753 5150 dominatur,
786 5083 1202 5140 universorum
1228 5102 1331 5140 rex
1351 5085 1621 5142 Christus
1639 5087 1792 5143 Deus
1815 5094 2053 5158 noster;

381 5169 784 5244 inspectores,
837 5172 1088 5230 millena
1118 5174 1391 5247 denaque
1422 5177 1672 5233 millena
1723 5179 2053 5236 cmlestium

383 5263 754 5320 exercituum
774 5269 834 5319 et
854 5270 1218 5336 potestatum
1243 5285 1257 5333 ;
1281 5267 1698 5340 pugil,inclyta
1713 5269 2051 5342 Christique

381 5354 806 5409 amantissima
837 5353 1261 5426 triumphatrix
1289 5361 1348 5410 et
1378 5362 1604 5428 martyr
1628 5357 1912 5428 Barbara,
1944 5360 2051 5415 ad-

383 5443 655 5510 versarii,
689 5460 810 5498 non
835 5459 992 5498 unus
1024 5444 1158 5515 quis
1191 5449 1295 5499 aut
1323 5445 1494 5512 alter,
1554 5445 1658 5500 sed
1705 5446 2047 5518 primarius,

387 5529 543 5584 sicut
592 5532 676 5585 ait
704 5532 1064 5603 Apostolus:
1098 5535 1219 5588 Non
1249 5539 1327 5588 est
1372 5535 1528 5589 nobis
1576 5534 1896 5590 colluctatio
1937 5537 2047 5591 ad-

381 5632 563 5673 versus
589 5623 919 5689 sanugincm
951 5627 1002 5676 et
1032 5639 1274 5689 carnem,
1328 5624 1422 5678 sed
1460 5623 1719 5680 adversus
1757 5624 2051 5696 principa-

379 5709 485 5769 tus,
537 5706 797 5764 adversus
851 5717 1174 5779 potestates,
1227 5713 1486 5768 adversus
1536 5713 1732 5768 mundi
1812 5721 2048 5771 rectores

389 5792 769 5863 tenebrarum,
797 5799 1054 5854 adversus
1082 5801 1405 5870 spiritualia
1440 5804 1702 5872 nequitia
1733 5805 1790 5859 in
1821 5805 2048 5860 cmlesti-

2203 1982 2568 2058 περιπετείας,
2653 1983 2728 2045 ὡς
2803 1983 2970 2058 εἰκὸς,
3054 1986 3500 2060 προσγενομένης
3595 1986 3858 2064 ὠφελείας

2202 2077 2482 2135 παντελῶς
2513 2071 2952 2147 καταλείψωμεν.
3001 2075 3143 2150 Φέρε
3207 2071 3274 2145 δὴ
3334 2073 3446 2146 οῦν,
3504 2077 3606 2148 τήν
3656 2075 3855 2142 ἄνωθεν

2203 2160 2378 2238 ῥοπὴν
2407 2165 2554 2238 παρὰ
2575 2167 2674 2218 τοῦ
2702 2168 2811 2219 τῶν
2839 2164 3104 2220 τοιούτων
3165 2164 3564 2240 ἀγωνισμάτων
3617 2165 3857 2225 ἐπύπτου

2198 2251 2289 2308 καὶ
2321 2253 2616 2310 ἀθλοθέτου
2658 2259 2916 2331 Χριστοῦ,
2969 2253 3135 2310 ’ίλειω
3187 2255 3278 2311 καὶ
3324 2256 3613 2334 ἐπίκουρον
3670 2257 3856 2315 ἐπικα-

2197 2338 2512 2416 λεσάμενοι,
2545 2340 2931 2421 διαγράφωμεν
2963 2349 3043 2418 τῷ
3075 2342 3243 2422 λόγῳ,
3277 2345 3368 2402 καὶ
3401 2347 3477 2412 ὡς
3507 2347 3624 2403 οἷόν
3655 2370 3714 2405 τε
3769 2350 3859 2406 ὐπ’

2197 2427 2321 2506 ὄψιν
2348 2436 2812 2508 παραστήσωμεν,
2842 2435 2943 2504 τήν
2974 2435 3102 2510 παρ’
3133 2437 3295 2509 ἡμῶν
3355 2440 3446 2491 νῦν
3498 2436 3723 2502 εἰκότως
3770 2440 3854 2496 εὖ·

2195 2521 2582 2600 φημουμένηνο
2614 2523 2704 2578 καὶ
2734 2527 2824 2597 ἧς,
2873 2525 2974 2593 τήν
3031 2527 3339 2601 πανήγυριν
3397 2524 3690 2602 πάνδημον
3745 2531 3848 2602 σή-

2200 2631 2366 2686 μερον
2412 2612 2616 2690 ἃγομεν
2673 2611 2999 2669 καλλινίκου
3061 2615 3336 2689 μάρτυρος
3394 2611 3694 2693 Βαρϐάρας,
3747 2626 3845 2691 τῆς

2195 2701 2334 2773 ὅλης
2362 2701 2669 2776 ἀθλήσεως,
2702 2703 2777 2758 ὡς
2826 2701 2879 2759 ἐν
2935 2704 3138 2780 βραχεῖ
3191 2706 3292 2776 τήν
3354 2706 3608 2772 ὑπόθεσιν
3667 2707 3852 2782 ἐνστη-

2192 2792 2436 2866 σώμεθα,
2467 2797 2557 2848 ἶνα
2602 2793 2703 2862 τήν
2762 2793 3008 2869 ἀοράτως
3059 2796 3553 2872 συνεπισχύουσαν,
3599 2799 3692 2854 καὶ
3732 2821 3850 2855 νευ-

2191 2885 2387 2957 ροῦσαν
2447 2881 2576 2946 τοὺς
2639 2884 2916 2959 μάρτυρας
2964 2883 3110 2948 θείαν
3194 2889 3627 2958 κατανοήσαντες
3701 2885 3852 2944 δύνα-

2193 2992 2306 3044 μιν,
2339 2970 2402 3026 ού
2429 2972 2530 3042 τήν
2562 2976 2838 3048 τυχοῦσαν
2867 2976 2938 3048 τῇ
2969 2976 3124 3050 ψυχῇ
3157 2978 3659 3051 προσπορισώμεθα
3716 2977 3850 3050 δνη-

2189 3083 2271 3116 σιν
2298 3060 2388 3116 καὶ
2443 3060 2758 3138 βελτίωσιν·
2814 3062 2912 3118 οὐκ
2962 3061 3293 3140 εὐγλωττίας
3345 3068 3541 3141 ἤχοις,
3601 3068 3692 3123 καὶ

2191 3172 2352 3225 μασιν
2401 3151 2531 3216 τοὺς
2583 3151 2796 3228 ἀγῶνας
2851 3151 3089 3228 ἐπαίρειν
3136 3155 3498 3232 πειρώμενοι.
3548 3154 3688 3215 Οὐδὶ
3744 3160 3847 3234 γὰρ

2188 3248 2290 3311 τῆς
2321 3240 2517 3297 ἐκτῶν
2568 3239 2750 3319 λόγων
2802 3242 2950 3298 οὗτοι
2999 3243 3258 3319 βοηθείας
3301 3242 3664 3321 προσδέονται
3715 3247 3846 3303 αύτά

2192 3328 2250 3386 δὲ
2281 3327 2347 3404 δή
2381 3353 2487 3388 που
2516 3332 2583 3386 τὰ
2612 3331 2905 3408 πράγματα
2934 3329 3076 3408 ψιλῇ
3132 3337 3202 3408 τῇ
3263 3334 3454 3414 φράσει
3501 3333 3848 3414 διεξερχόμε-

2188 3441 2295 3478 νοι.

2259 3639 2328 3715 β’.
2357 3637 2540 3697 Ἀλλά
2569 3636 2891 3711 διανάστητὲ
2924 3660 3018 3713 μοι
3090 3636 3309 3710 λοιπὸν,
3373 3638 3418 3696 ὦ
3474 3639 3842 3719 φιλόχριστον

2179 3727 2267 3784 καὶ
2301 3727 2647 3806 φιλόμαρτυς
2676 3730 2948 3804 σύστημα,
2999 3729 3090 3785 καὶ
3146 3729 3241 3786 τὸν
3296 3734 3422 3786 νοῦν
3482 3738 3585 3802 τῆς
3637 3732 3726 3788 ἐπὶ
3775 3734 3842 3789 τά

2180 3812 2282 3888 ἔξω
2338 3818 2794 3895 περιπλανήσεως
2861 3817 3281 3894 περιπτύξαντες
3356 3819 3445 3875 καὶ
3524 3821 3839 3879 συστείλαν-

2177 3927 2288 3978 τες,
2331 3913 2622 3986 προσεχῶς
2677 3913 2786 3964 τῶν
2846 3905 3166 3983 λεγομένων
3225 3907 3510 3968 ἀκούσατε.
3571 3911 3678 3966 Καὶ
3733 3911 3837 3987 γὰρ

2177 3997 2404 4069 ἄτοπον,
2435 3996 2522 4052 ἐπὶ
2557 3998 2650 4071 μὶν
2700 3997 2765 4052 τά
2823 3996 3065 4070 κοσμικά
3115 3995 3330 4074 θέατρα,
3391 3996 3834 4074 ἱπποδρομίαςῆ

2175 4081 2513 4160 παλαίστρας
2571 4085 2739 4163 φημὶ,
2771 4083 2806 4154 ἢ
2859 4105 3010 4147 τινος
3062 4089 3172 4139 τῶν
3228 4085 3499 4142 τοιούτων
3554 4091 3832 4162 γυμνικῶν

2174 4172 2399 4248 ἀγώνων
2431 4175 2733 4251 προθύμως
2762 4170 3114 4250 συνδραμεῖν,
3163 4174 3253 4230 καὶ
3291 4175 3392 4246 τὴν
3445 4173 3688 4249 ἅμιλλαν
3736 4184 3836 4248 τῆς

2173 4263 2433 4336 ἀγωνίας,
2481 4263 2579 4319 κπὶ
2632 4263 2733 4333 τήν
2779 4267 2890 4319 τῶν
2947 4261 3262 4319 ἀντιπάλων
3318 4262 3648 4339 συμπλοκήν
3734 4269 3833 4323 ὓπ-

2170 4352 2422 4428 ηγμένως
2448 4350 2655 4418 ἐθὲλειν
2695 4349 2852 4424 tam,
2899 4351 2990 4408 καὶ
3053 4354 3131 4426 μὴ
3185 4352 3450 4429 πρότερον
3499 4355 3829 4427 ἀποστῆναι,

2166 4444 2264 4498 κᾶν
2301 4442 2467 4518 μυρία
2497 4447 2896 4519 περισπῶνται,
2928 4443 3058 4518 πρὶν
3105 4443 3169 4498 τὸ
3223 4442 3406 4514 τὲλος,
3453 4445 3545 4500 καὶ
3593 4443 3689 4502 τὸν
3749 4445 3834 4501 νί-

2164 4551 2268 4603 κην
2298 4533 2730 4609 ἀπενεγκάμενον
2759 4530 3113 4600 ἐποπτεῦσαι,
3160 4531 3224 4587 τὸ
3287 4527 3544 4607 βραϐεῖόν
3593 4555 3654 4590 τε
3697 4532 3828 4610 ἄρά-

2171 4643 2355 4696 μενον,
2414 4624 2503 4678 καὶ
2563 4623 2625 4677 τὸ
2683 4620 2876 4700 στέφος
2929 4617 3366 4695 ἀναδησάμενον,
3425 4621 3603 4678 καίτοι
3656 4621 3826 4698 μηδὲν

2163 4713 2384 4774 ἑαυτοῖς
2429 4711 2630 4777 ἐκεῖθεν
2687 4710 3118 4790 ἐπιφερομένους
3176 4712 3238 4766 τὸ
3293 4706 3514 4790 ὄφελος.
3565 4714 3827 4772 Ἐνταῦθα

2168 4802 2226 4859 δὲ
2254 4799 2378 4858 ἔνθα
2408 4801 2764 4882 ψυχωφελὶς,
2795 4801 2886 4857 καὶ
2917 4802 3285 4875 πνευματικὸν
3345 4804 3483 4878 ἡμῖν
3539 4803 3826 4879 πρόκειται

2167 4895 2409 4971 θέατρον,
2443 4894 2783 4970 ἀγωνοθέτην
2842 4891 2940 4966 μὲν
2995 4891 3356 4966 κεκτημένον,
3419 4893 3526 4970 οὐχ
3577 4892 3665 4950 ἕνα
3715 4899 3824 4952 τῶν

2165 4986 2252 5043 ἐπὶ
2288 4989 2389 5064 γῆς
2446 4987 2740 5062 βασιλέων,
2793 4983 2940 5040 ἀλλὰ
2993 4989 3104 5039 τῶν
3159 4985 3413 5040 ἀπάντων
3467 4987 3675 5063 ὁρατῶν
3731 4987 3827 5044 καὶ

2164 5077 2411 5152 ἀοράτων
2442 5075 2847 5154 ἡγεμονεύοντα
2876 5074 3217 5131 παντάνακτο
3269 5077 3502 5149 Χριστὸν
3547 5080 3640 5134 τὸν
3691 5080 3822 5135 Θεὸν

2163 5170 2348 5243 ἡμῶν,
2389 5167 2578 5229 θεατάς
2627 5163 2708 5236 δὲ,
2762 5166 2859 5228 τάς
2917 5161 3182 5242 χιλιάδας
3236 5164 3327 5221 καὶ
3390 5164 3657 5242 μυριάδας
3711 5172 3821 5225 τῶν

2163 5257 2502 5332 ἐπουρανίων
2572 5260 2840 5332 στρατιῶν
2893 5255 2984 5310 καὶ
3045 5252 3348 5330 δυνάμεων,
3407 5257 3821 5334 ἀγωνιουμὲνην

2163 5349 2242 5420 δὲ,
2302 5344 2587 5426 Βαρϐάραν
2644 5348 2746 5418 τὴν
2807 5343 3088 5420 ἀοίδιμον,
3145 5346 3238 5402 καὶ
3301 5348 3665 5423 παμπόθητον
3722 5353 3823 5406 τοῦ

2160 5443 2394 5516 Χριστοῦ
2453 5443 2758 5517 πεφανῖτιν
2817 5436 2906 5491 καὶ
2964 5436 3235 5512 μάρτυρα,
3321 5437 3656 5502 ἀντιπάλους
3738 5437 3820 5514 δὶ,

2160 5531 2272 5606 οὐχ
2299 5527 2392 5586 ἕνα
2421 5552 2549 5601 που,
2585 5530 2620 5600 ἢ
2675 5527 2948 5603 δεύτερον,
3000 5525 3148 5582 ἀλλά
3202 5533 3425 5602 πρῶτον
3475 5530 3595 5604 μὶν,
3639 5532 3826 5597 καθώς

2159 5643 2324 5697 φησιν
2388 5622 2416 5676 ὁ
2473 5617 2852 5687 Ἀπόστολος;
2914 5617 2987 5671 Οὐ
3047 5617 3149 5692 γὰρ
3210 5611 3416 5694 ἔχομεν
3471 5620 3573 5690 τὴν
3631 5620 3822 5692 πάλην

2159 5711 2296 5784 πρὸς
2350 5712 2507 5786 αἷμα,
2565 5709 2657 5766 καὶ
2707 5709 2897 5784 σάρκα,
2973 5702 3120 5761 ἀλλά
3207 5708 3348 5782 πρὸς
3429 5709 3528 5773 τὰς
3612 5710 3816 5788 ἀρχὰς,

2159 5801 2298 5878 πρὸς
2374 5802 2471 5865 τὰς
2553 5797 2819 5873 ἐξουσίας,
2891 5795 3028 5872 πρὸς
3120 5794 3252 5860 τοὺς
3359 5802 3819 5879 κοσμοκράτορας
