4160 6414
423 425 541 482 785

1593 420 1965 477 LAUDATIO
2002 423 2064 478 Β.
2102 423 2462 481 BARBARE
2500 425 2725 481 MART.

3764 426 3876 483 786

417 557 522 610 τοῦ
579 548 834 618 σκότους,
906 546 1046 623 πρὸς
1119 546 1187 602 τά
1260 542 1601 618 πνευματικά
1658 551 1760 615 τῆς
1820 544 2085 618 πονηρίας

2201 549 2297 604 bus
2326 549 2392 620 9‘,
2422 550 2481 605 id
2516 555 2603 606 est
2651 552 2983 609 caelestium
3033 568 3231 609 causa.
3285 553 3580 609 Praaterea
3621 555 3871 626 propius

420 643 478 699 ἐν
537 646 654 703 τοῖς
717 636 1087 713 ἐπουρανίοις,
1148 634 1450 705 τουτέστιν,
1508 630 1600 689 διά
1654 635 1723 689 τά
1780 633 2097 708 ἐπουράνια.

429 732 575 808 Πρὸς
601 728 823 789 τούτοις
868 723 948 794 δὲ,
1002 725 1093 780 καὶ
1151 724 1242 779 τὸν
1304 720 1443 778 ἴδιον
1494 722 1633 779 κατά
1665 724 1834 799 σάρκα
1864 729 2099 798 πνεῦμα,

424 821 517 878 καὶ
575 820 707 882 τοὺς
768 816 1075 890 κοσμικοὺς
1126 812 1430 890 ἡγεμόνας,
1464 813 1556 868 καὶ
1605 810 1902 890 ἄρχοντας,
1936 813 2030 878 οῦς
2060 818 2095 885 ἡ

423 912 700 985 πάναγνος
730 910 828 963 τοῦ
882 906 1120 980 Χριστοῦ
1181 902 1352 976 ἀμνάς
1410 898 1671 978 Βαρϐάρα
1710 903 2102 978 παλαιστρίτας

420 998 708 1069 ἐκέκτητο,
763 994 815 1067 ἐξ
874 995 1086 1070 ὁρατῶν
1152 990 1243 1048 καὶ
1300 992 1549 1068 ἀοράτων
1619 988 1907 1067 πολεμίων
1972 1014 2099 1069 συγ-

431 1087 729 1162 κειμένων.

497 1180 569 1257 γ’,
602 1174 883 1246 Τοιαύτης
917 1170 1009 1229 οῦν
1064 1172 1205 1245 ἡμῖν
1264 1167 1446 1235 ἄθλων
1510 1171 1741 1245 θεωρίας
1774 1172 2105 1247 προτιθεμέ-

424 1289 549 1338 νης,
584 1265 682 1322 οὐκ
711 1262 1116 1336 έπισπεύσομεν
1158 1261 1300 1337 πρὸς
1353 1260 1453 1329 τὴν
1512 1261 1721 1316 τούτων
1757 1258 2101 1336 ἐπόπτευσιν,

421 1356 645 1419 καὶτὰς
696 1347 1003 1427 συμϐολάς,
1060 1350 1152 1405 καὶ
1213 1346 1452 1420 πλοκάς,
1515 1350 1605 1405 καὶ
1641 1347 1812 1414 λαϐάς
1860 1351 2100 1430 ἀμφοτέ.

419 1467 531 1523 ρων
568 1446 683 1521 (79)
742 1439 1126 1517 καταρδωμεν,
1181 1438 1273 1495 καὶ
1330 1440 1429 1510 τὴν
1491 1439 1646 1511 νίκην
1693 1448 1793 1511 τῆς
1832 1443 2105 1517 ἡμετέρας

437 1533 744 1607 ἱερονίπου,
802 1531 894 1587 καὶ
955 1527 1324 1608 στεφανίτιδος
1384 1528 1803 1606 ἐπαθρήσομεν;
1855 1531 1944 1586 κάὶ
1973 1530 2103 1596 τοὺς

437 1625 538 1699 μὶν
594 1620 880 1700 στυγεροῦς
937 1617 1206 1693 δαίμονας
1260 1618 1618 1693 ἡττωμένους
1664 1620 1754 1675 καὶ
1804 1641 2101 1697 καταισχυ-

438 1715 708 1788 νομένους
735 1710 823 1767 καὶ
854 1711 1175 1782 πίπτοντας,
1220 1708 1351 1772 τοὺς
1399 1709 1735 1786 ἀγγελικοὺς
1786 1707 1842 1766 δὲ
1891 1709 2104 1785 δήμους

446 1801 807 1879 ἀλαλαγμοὺς
864 1800 1293 1880 ἐπιφωνοῦιτας,
1374 1799 1465 1855 καὶ
1537 1799 1824 1864 ἐπινικίοις
1880 1803 2100 1875 κρότοις

2212 640 2388 695 etiam
2415 642 2674 697 carnalis
2698 644 2967 715 spiritus,
2990 642 3319 714 mundique
3342 643 3627 714 praesides
3659 648 3717 697 et
3738 662 3863 699 ma-

2209 730 2492 802 gistratus
2524 748 2591 786 ac
2623 733 2945 804 principes,
2978 733 3086 789 hos
3118 732 3454 788 castissima
3494 732 3709 787 Christi
3744 734 3867 787 ovis

2211 820 2469 875 Barbara
2491 820 2810 878 luctatores
2842 828 3015 878 nacta
3040 828 3151 887 est,
3174 823 3430 878 conﬂato
3454 822 3568 894 ipsi
3601 823 3866 881 hostium

2210 914 2332 965 tam
2361 911 2683 967 visibilium
2710 929 2891 985 quam
2923 912 3315 969 invisibilium
3347 928 3557 970 cuneo.

2279 1182 2333 1236 3.
2366 1181 2605 1237 Talibus
2635 1180 2837 1252 itaque
2869 1182 3298 1238 certaminibus
3324 1183 3497 1239 nobis
3524 1183 3599 1239 ad
3631 1188 3867 1255 specta-

2212 1271 2409 1327 culum
2436 1271 2777 1343 propositis.
2812 1287 3014 1326 annon
3046 1271 3464 1327 festinabimus
3493 1274 3707 1328 adha-c
3733 1290 3865 1328 cer-

2212 1360 2512 1429 nenda,ut
2542 1366 2933 1433 utrorumque
2976 1361 3456 1433 congressiones,
3481 1362 3865 1429 inﬂexiones,

2213 1456 2271 1505 et
2300 1451 2735 1524 prehensiones
2768 1451 3270 1523 contemplemur,
3305 1455 3364 1506 et
3402 1467 3583 1505 sacra:
3612 1452 3870 1506 victricis

2213 1558 2435 1598 corona
2452 1540 2744 1596 redimitaa
2770 1541 3139 1613 triumphum
3163 1556 3478 1596 cernemus
3497 1540 3524 1595 ί]
3546 1558 3612 1596 ac
3628 1540 3871 1611 quidem

2212 1631 2460 1686 infestos
2488 1630 2790 1687 daemones
2833 1636 3165 1703 superatos,
3220 1647 3436 1704 magno
3484 1647 3590 1685 suo
3639 1630 3868 1702 pudore

2212 1722 2491 1777 cadentes
2518 1738 2531 1775 :
2564 1722 2915 1795 angelorum
2946 1728 3146 1777 autem
3169 1721 3423 1793 populos
3446 1720 3583 1775 laeto
3616 1721 3868 1791 strepitu

2212 1810 2631 1876 acclamantes,
2668 1815 2726 1864 et
2756 1809 3013 1865 victoriae
3037 1808 3345 1881 plausibus
3373 1809 3672 1863 victricem
3703 1824 3871 1880 egre-

442 1897 545 1964 τὴν
602 1892 921 1949 καλλίνικον
980 1892 1368 1971 εὐφημοῦντας
1428 1891 1519 1947 καὶ
1576 1893 1954 1969 γεραίροντας,
2012 1914 2081 1949 κα

2211 1901 2369 1973 giam
2410 1904 2804 1955 exornantes:
2852 1899 3045 1971 ipsum
3097 1898 3356 1969 denique
3405 1898 3729 1962 Christum,
3779 1897 3866 1951 uti

419 1984 662 2059 Χρίστὸν
694 1982 851 2037 αὐτὸν
882 1981 957 2043 ὡς
1006 1981 1392 2057 ἀγωνοθέτην,
1422 1985 1519 2036 τοῦ
1554 1980 1843 2057 βασιλικοῦ
1874 1981 2091 2057 Θρόνου,

414 2074 664 2149 καθάπερ
725 2070 814 2128 ἐπὶ
870 2070 1148 2148 Στεφάνου
1205 2076 1304 2127 τοῦ
1370 2074 1863 2149 πρωτομάρτυρος,
1921 2072 2093 2128 ἐπαν-

425 2165 741 2236 ιστάμενον,
796 2162 889 2218 καὶ
974 2162 1103 2225 τοὺς
1192 2160 1491 2242 στεφάνους
1572 2163 1947 2233 προτείνοντα,
2006 2162 2096 2218 καὶ

417 2250 621 2328 ἱδρῶσι
681 2248 1119 2330 περιρρεομένην
1176 2253 1277 2321 τήν
1340 2250 1665 2329 νικηφόρον,
1720 2253 1808 2307 ὑπ’
1850 2252 2093 2328 ἀγγέλων

413 2342 912 2424 δορυφορουμένην
978 2342 1410 2419 ὑποδεχόμενοι,
1489 2345 1580 2399 καὶ
1648 2347 2090 2421 περιπτυσσόμε-

410 2455 532 2505 νον,
592 2435 684 2489 καὶ
746 2439 869 2496 τοῖς
925 2433 1271 2510 ἐπουρανίοις
1330 2432 1628 2508 θαλάμοις,
1686 2434 1776 2489 καὶ
1804 2439 2090 2513 νυμφῶσιν

415 2524 801 2594 ἐνευναίοντα;
852 2525 916 2580 Τί
974 2530 1093 2587 τοῖς
1151 2522 1519 2599 φιλοθεάμοσι
1570 2530 1668 2581 τοῦ
1718 2524 1933 2581 τοιοῦδε
1962 2525 2087 2581 θεά-

424 2636 601 2689 ματος
647 2614 1021 2690 τερπνότερον,
1079 2614 1115 2685 ἢ
1163 2612 1450 2692 ἠδύτερον,
1511 2616 1546 2685 ἢ
1604 2613 2084 2693 ἐπικερδέστερονς

425 2726 459 2756 α
492 2707 799 2779 Μακάρισον
856 2704 982 2781 γάρ,
1042 2702 1208 2779 φησὶν
1269 2703 1552 2766 Βασιλειος
1586 2705 1614 2759 ὁ
1645 2705 1791 2781 ἱερὸς
1821 2712 1920 2776 τῆς
1957 2707 2086 2761 Ἐκ-

419 2791 664 2864 κλησίας
722 2790 1073 2865 διδάσκαλος,
1146 2792 1389 2870 γνησίως
1466 2796 1937 2870 μαρτυρήσαντας,
1990 2793 2083 2850 ’ίνα

415 2904 556 2959 γενῃ
618 2884 824 2959 μάρτυς
878 2886 947 2958 τῇ
1006 2882 1342 2960 προαιρέσει,
1400 2883 1488 2938 καὶ
1550 2878 1716 2959 ἐκϐῇς
1764 2886 2079 2960 (80)γωρῖς

416 2972 685 3046 αἳματος,
741 2972 830 3029 καὶ
894 2971 1189 3050 μαστίγων,
1247 2971 1337 3027 καὶ
1397 2972 1667 3047 αἰκισμῶν
1715 2977 1845 3047 (81).
1882 2974 2082 3049 »Ἆρά

408 3061 561 3119 ἐστίν
619 3084 705 3127 τις
761 3063 915 3138 ἑτέρα
970 3070 1070 3134 τῆς
1124 3061 1386 3134 τοιαύτης
1436 3061 1667 3138 ἐποψίας
1726 3065 1760 3136 ἢ
1815 3084 2079 3140 πραγμα-

404 3152 563 3215 τείας
617 3150 1050 3229 κερδαλεωτέρα,
1105 3152 1195 3208 καὶ
1249 3153 1342 3209 τὸν
1400 3150 1642 3210 πλοῦτον
1696 3154 2082 3233 προσφέρουσα

405 3241 686 3313 πλείονας
723 3241 784 3298 οὔ
820 3264 913 3317 μοι
939 3240 1111 3300 δοκεῖ.

491 3329 671 3389 Ἀλλά
726 3331 777 3387 τί
834 3334 1099 3404 πέπονθα,
1159 3330 1203 3386 ὦ
1257 3331 1453 3408 φίλοις
1507 3334 1637 3410 πρὶν
1693 3337 1763 3409 τῇ
1794 3334 1944 3410 ἀρχῇ
1965 3338 2071 3390 τῶν

408 3422 647 3497 ἀγώνων
681 3417 1111 3499 προσϐάλωμεν,
1163 3422 1302 3499 πρὸς
1349 3423 1412 3478 τὸ
1454 3422 1617 3487 τέλος
1664 3424 1813 3498 ἡμᾶς
1847 3425 1875 3480 ὁ
1908 3423 2073 3500 λόγος

408 3512 815 3587 παρώρμησεν.
871 3513 1007 3587 Ἄγε
1064 3508 1131 3581 δὴ
1202 3509 1314 3582 οὗν,
1374 3511 1533 3568 αὐτὸν
1584 3512 2071 3588 ἀνακαλεσάμενοι,

406 3607 527 3658 τῶν
585 3601 873 3679 προθύρων
922 3606 1029 3658 σοῦ
1093 3602 1394 3680 μαρτυρίου
1452 3599 1731 3678 έπιϐῶμεν
1789 3601 1921 3676 ἤδη,
1980 3605 2069 3660 καὶ

416 3697 523 3760 τῆς
551 3692 683 3747 κατᾶ
714 3692 878 3767 μέρος
901 3689 1212 3767 διηγήσεως
1231 3693 1641 3767 καταρξώμεθα.

499 3778 559 3841 δ’.
605 3784 713 3838 Τοῦ
771 3783 1103 3859 παναγάθου,
1161 3781 1253 3836 καὶ
1313 3780 1771 3860 φιλοικτίρμονος
1801 3787 1934 3839 Θεοῦ
1968 3782 2074 3839 Λό-

407 3892 518 3948 γου
572 3870 636 3926 τὸ
694 3869 835 3927 ἴδιον
886 3870 1350 3949 πλαστούργημα,
1410 3871 1541 3949 ὅπερ
1599 3875 1715 3928 κατ’
1766 3873 1945 3929 εἰκόνα
1972 3875 2073 3943 τήν

405 3961 612 4015 ἑαυτοῦ
674 3961 917 4036 ἀρχῆθεν
975 3961 1299 4033 πεποίηκεν,
1354 3962 1445 4016 καὶ
1498 3966 1607 4017 τῶν
1668 3961 1919 4038 ἐπιγείων
1972 3964 2071 4034 τήν

402 4049 715 4125 ἡγεμονίαν
750 4049 1143 4127 ἐγκεχείρικεν,
1208 4052 1312 4107 ὑπὸ
1368 4058 1468 4122 τῆς
1524 4056 1620 4107 τοῦ
1675 4057 1872 4123 νοητοῦ
1905 4050 1961 4107 δὲ
1988 4050 2077 4107 διά

401 4142 517 4195 τοῦ
549 4138 811 4209 αἰσθητοῦ
870 4136 1047 4215 ὄφεως
1101 4141 1312 4211 ἀπάτης
1373 4140 1433 4197 ἐκ
1489 4149 1591 4213 τῆς
1617 4146 1714 4197 τοῦ
1745 4139 2074 4217 παραδείσου

401 4231 624 4305 τρυφῆς
659 4229 1072 4307 έξενηνεγμένον
1133 4230 1461 4306 ἑωρακότος,
1516 4232 1603 4286 καὶ
1655 4229 1851 4287 λοιπὸν
1886 4230 2075 4287 δεδου-

407 4318 695 4391 λωμένον,
728 4320 818 4373 καὶ
852 4318 1104 4395 παγγενεὶ
1138 4319 1200 4374 ού
1259 4320 1425 4393 μόνον
1455 4324 1524 4396 τῇ
1556 4326 1731 4399 φθορᾷ
1762 4316 2075 4393 ὑποϐεϐλη-

412 4407 608 4481 μένον,
641 4407 791 4464 ἀλλά
848 4409 936 4465 καὶ
996 4409 1073 4473 εἷς
1126 4408 1488 4486 πολυσχεδεῖς
1542 4412 1752 4474 πλάνας
1804 4412 1893 4468 καὶ
1928 4412 2073 4484 πάθη

408 4496 638 4570 ἀτιμίας
674 4498 891 4574 ὑπηγμέ
906 4520 1020 4571 νον,
1051 4498 1141 4554 καὶ
1196 4504 1456 4555 τοσοῦτον
1514 4504 1593 4573 τῷ
1652 4500 1800 4579 ζόφῳ
1823 4508 1923 4572 τῆς
1956 4503 2076 4557 ἀσε-

408 4582 570 4649 ϐείας
628 4588 755 4651 τοὺς
812 4588 1086 4664 ψυχικοὺς
1145 4587 1468 4667 ἀφϐαλμοὺς
1531 4588 1941 4665 έσκοτισμένον,
2000 4593 2074 4655 ὡς

2207 1990 2599 2045 certaminum
2628 1987 2945 2060 praesidem
2972 2004 3001 2043 e
3035 1987 3195 2061 regia
3218 1987 3379 2054 sede,
3403 1987 3562 2042 haud
3583 2003 3753 2042 secus
3778 1991 3866 2041 at-

2206 2096 2318 2151 que
2333 2079 2631 2151 Stephano
2646 2078 3088 2150 protomartyri,
3107 2081 3517 2149 assurgentem
3533 2082 3591 2130 et
3614 2092 3865 2131 coronas

2202 2169 2626 2241 porrigentem,
2661 2168 2841 2239 inque
2884 2167 3222 2223 cmlestibus
3274 2165 3554 2221 thalamis
3606 2172 3664 2219 et
3714 2166 3863 2219 toris

2206 2258 2625 2314 circumfusam
2677 2256 2994 2313 sudoribus
3046 2256 3372 2323 victricem,
3433 2261 3491 2310 et
3546 2255 3861 2310 ambitioso

2205 2349 2551 2419 angelorum
2576 2347 2855 2403 satellitio
2880 2346 3219 2413 deductam,
3244 2345 3642 2400 collocantem
3664 2344 3690 2399 ‘?
3709 2344 3859 2409 Quid

2205 2438 2677 2510 spectaculorum
2699 2436 3063 2492 amatoribus
3092 2435 3387 2508 ejusmodi
3412 2434 3862 2506 spectaculoju-

2202 2528 2455 2585 cundius
2486 2532 2587 2583 aut
2616 2526 3032 2582 delectabilius
3052 2526 3080 2581 ‘?
3112 2549 3131 2574 ι
3161 2527 3372 2580 Beatos
3406 2524 3541 2579 illos
3573 2523 3854 2595 prmdica,

2198 2618 2393 2690 inquit
2422 2634 2589 2673 sacer
2608 2616 2885 2671 Ecclesia:
2915 2616 3120 2671 doctor
3142 2615 3417 2681 Basilius,
3442 2613 3543 2684 qui
3568 2612 3853 2684 martyrio

2194 2725 2327 2763 vere
2356 2707 2542 2763 sancti
2577 2711 2733 2771 sunt,
2766 2710 2832 2760 ut
2876 2705 3062 2760 animi
3113 2704 3415 2776 proposito
3466 2708 3692 2773 martyr
3722 2703 3851 2772 ipse

2193 2797 2495 2863 efﬁciaris,
2529 2802 2587 2852 et
2613 2794 2822 2850 evadas
2860 2795 3007 2850 897
3058 2795 3186 2848 sine
3220 2809 3451 2858 cruore,
3499 2791 3849 2847 verberibus

2191 2892 2251 2942 et
2282 2886 2611 2958 suppliciis.
2651 2907 2671 2935 ι
2710 2884 2989 2955 Nunquid
3039 2883 3161 2938 ulla
3202 2883 3391 2938 altera
3423 2880 3717 2953 inspectio
3749 2886 3853 2933 aut

2192 2976 2513 3049 negotiatio
2543 2980 2652 3039 est,
2684 2993 2815 3045 qum
2848 2975 3135 3046 majorem
3166 2978 3482 3044 quaestum,
3513 2988 3580 3026 ac
3614 2970 3849 3027 divitias

2192 3067 2511 3139 ampliores
2543 3065 2792 3121 atterat?
2822 3065 2999 3137 plane
3022 3080 3141 3118 non
3168 3068 3332 3135 puto.

2262 3339 2477 3393 Verum
2508 3335 2652 3409 quid
2684 3334 2918 3403 accidit,
2944 3331 3367 3390 dilectissimi?
3398 3349 3534 3389 cum
3565 3330 3842 3387 certami-

2183 3445 2328 3483 num
2360 3426 2687 3500 primordia
2716 3425 2975 3482 necdum
3008 3424 3402 3497 attigerimus,
3429 3423 3490 3477 in
3514 3423 3696 3477 ﬁnem
3727 3437 3839 3475 nos

2184 3518 2371 3573 oratio
2403 3517 2652 3589 pepulit.
2683 3518 2800 3588 Age
2832 3515 3030 3588 igitur,
3065 3531 3134 3570 ea
3167 3513 3241 3569 ad
3274 3512 3510 3567 initium
3541 3514 3839 3575 revocata,

2183 3609 2247 3663 in
2280 3607 2550 3679 martyrii
2582 3605 2734 3661 atria
2764 3606 2977 3677 pedem
3005 3610 3142 3659 ante
3190 3602 3534 3669 inferamus,
3587 3606 3831 3671 tumque

2185 3697 2490 3770 sigillatim
2521 3702 2734 3751 cuncta
2763 3711 3007 3750 narrare
3035 3694 3411 3764 incipiamus.

2253 3789 2309 3843 4.
2379 3787 2524 3840 Cum
2582 3784 3049 3857 benignissimus
3118 3781 3834 3850 misericordissimusque

2185 3878 2339 3931 Deus
2372 3874 2652 3938 Verbum,
2673 3874 3023 3945 figmentum
3051 3890 3247 3941 suum,
3279 3871 3435 3944 quod
3469 3871 3539 3925 ab
3562 3869 3733 3924 initio
3762 3868 3836 3923 ad

2184 3964 2505 4037 imaginem
2561 3980 2730 4018 suam
2780 3962 3148 4028 condiderat,
3198 3962 3412 4031 cuique
3462 3965 3835 4014 terrenorum

2185 4054 2589 4127 principatum
2667 4053 3070 4117 commiserat,
3146 4049 3471 4123 spiritualis
3542 4047 3836 4119 serpentis

2184 4144 2412 4212 fraude,
2436 4141 2816 4214 aspectabilis
2840 4142 3135 4214 serpentis
3154 4157 3355 4213 opera,
3372 4138 3647 4211 paradiso
3670 4136 3838 4191 volu-

2186 4235 2364 4307 ptatis
2397 4234 2651 4305 ejectum
2681 4232 3109 4304 conspexisset,
3149 4232 3395 4303 jamque
3429 4228 3577 4284 adeo
3609 4226 3838 4282 manci-

2186 4330 2389 4397 patum
2407 4340 2516 4379 nec
2532 4324 2742 4378 mortis
2764 4320 3391 4378 duntaxatinteritioni
3407 4336 3541 4375 cum
3561 4318 3838 4372 universa

2185 4414 2466 4488 progenie
2497 4414 2824 4481 addictum,
2851 4414 2953 4469 sed
2978 4417 3036 4468 et
3056 4413 3116 4467 in
3146 4410 3583 4466 diversissimos
3604 4409 3835 4463 errores

2185 4504 2795 4578 probrosissimosque
2836 4505 3082 4559 affectus
3131 4503 3461 4568 devectum,
3509 4515 3696 4571 eaque
3724 4500 3838 4552 im-

2186 4596 2425 4667 pietatis
2456 4595 2707 4667 caligine
2737 4595 2956 4649 mentis
2996 4593 3201 4649 oculos
3252 4591 3639 4655 obcaecatum,
3672 4594 3737 4644 ut
3769 4605 3837 4642 eo

407 4676 631 4732 καὶτὸν
690 4672 862 4740 ὅντως
913 4675 1038 4733 ὄντα
1095 4678 1225 4736 Θεὸν
1280 4679 1757 4750 καταλελοιπέναι,
1805 4680 1989 4756 ξύλοις
2020 4679 2076 4737 δὲ

2201 4685 2289 4756 ιιιί
2322 4702 2454 4739 vere
2486 4686 2640 4739 Deus
2672 4690 2761 4740 est
2791 4684 3099 4753 derelicto,
3133 4682 3245 4737 diis
3278 4700 3348 4737 ex
3369 4682 3529 4754 ligno
3562 4686 3620 4735 et
3644 4678 3839 4751 lapide

407 4765 510 4822 καὶ
563 4765 766 4835 λίθοις,
826 4767 916 4822 καὶ
974 4767 1291 4843 ἀναισθήτῳ
1350 4768 1456 4845 ὕλῃ
1536 4772 1635 4841 τήν
1704 4772 2072 4845 προσκύνησιν

410 4858 905 4932 προσενηνοχέναι,
948 4856 1039 4912 καὶ
1101 4858 1202 4913 ὑπὸ
1257 4863 1357 4914 τοῦ
1414 4864 1678 4934 πονηροῦ,
1719 4862 1807 4915 καὶ
1841 4864 2077 4917 ἀποστα-

408 4949 574 4999 τικοῦ
606 4942 868 5019 δαίμονος
915 4945 993 5009 εἷς
1051 4945 1281 5024 ἔσχατον
1340 4946 1473 5021 ᾅδου
1529 4950 1619 5005 καὶ
1672 4946 1918 5016 ἀσεϐείας
1948 4951 2078 5026 ἐξω-

411 5035 618 5107 σμένον
668 5036 757 5090 καὶ
838 5035 1296 5113 κατεῤῥιμμένον,
1368 5040 1466 5094 οὑκ
1538 5040 1763 5116 ἤνεγκεν
1824 5044 1923 5112 τὴν
1981 5047 2078 5098 τοῦ

410 5123 724 5201 ἀλάστορος
780 5125 1047 5201 τυράννου
1106 5123 1290 5204 ὕϐριν,
1347 5130 1437 5184 καὶ
1496 5134 1594 5185 τοῦ
1652 5128 2078 5205 πεπλανημένου

413 5215 715 5286 ἀνθρώπου
746 5216 1171 5291 ἀπηλπισμένην
1226 5219 1525 5277 ἀπώλειαν.
1558 5220 1743 5294 Οἴκτῳ
1776 5218 1834 5277 δὲ
1866 5221 2082 5295 μᾶλλον

408 5308 516 5361 τοῦ
550 5302 694 5361 ἰδίου
724 5302 1015 5362 ἀναλαϐὼν
1045 5309 1385 5382 ποιήματος,
1446 5310 1495 5383 ἐξ
1554 5310 1930 5388 ἀπειρογάμου
1959 5312 2079 5368 νεάο

493 5474 540 5510 ²¹
572 5478 782 5549 Ephes.
816 5495 891 5546 vx,
926 5482 1012 5533 12.

493 5646 608 5789 ἓ79)
638 5652 881 5722 Legero,
911 5649 1364 5724 κατανοήσωμεν.
2069 5682 2081 5689 -

517 5720 605 5789 80)
632 5721 803 5789 Apud
836 5723 1141 5789 Basilium,
1168 5723 1348 5789 χωρὶς
1372 5719 1648 5789 διωγμοῦ,
1680 5723 1858 5789 γγωρὶς
1886 5727 2081 5789 πυρὸς,

829 5719 1146 5814 Basilium,
1168 5719 1348 5814 χωρὶς
1372 5719 1648 5814 διωγμρῦ,
1680 5723 1858 5814 χωρὶς
1886 5727 2082 5814 πρρὸς,

414 5790 606 5864 χωρὶς
639 5790 935 5869 μαστίγων,
986 5797 1095 5849 τῶν
1127 5790 1355 5868 αὖτῶν,
1417 5790 1607 5860 αὐτοῖς
1634 5790 1863 5871 μῖσθῶν
1910 5790 2079 5873 ἠξιωέ

2186 4773 2487 4829 fabricatis
2520 4774 2867 4845 expertique
2893 4789 3102 4827 sensus
3130 4771 3399 4827 materia:
3423 4771 3647 4825 cultum
3671 4768 3840 4823 adhi-

2187 4863 2374 4932 beret,
2406 4868 2580 4935 atque
2612 4880 2646 4919 a
2676 4864 3043 4935 nequissimo
3077 4868 3135 4918 et
3163 4862 3467 4918 desertore
3491 4860 3758 4915 dmmone
3778 4858 3839 4911 in

2189 4960 2515 5010 extremam
2548 4953 2788 5023 inferni,
2818 4960 2879 5009 et
2907 4952 3229 5025 impietatis
3260 4952 3487 5007 foveam
3530 4950 3838 5005 detrusum

2190 5048 2249 5098 et
2276 5044 2608 5116 projectum
2636 5062 2649 5111 ;
2684 5043 2895 5099 nefarii
2928 5042 3165 5116 tyranni
3209 5042 3493 5113 injuriam
3525 5055 3645 5093 non
3680 5038 3835 5106 tulit,

2190 5150 2301 5189 nec
2314 5133 2684 5206 desperatam
2699 5134 2927 5207 decepti
2944 5134 3205 5189 hominis
3218 5131 3609 5205 perditionem
3623 5130 3848 5193 .Quam-

2190 5225 2394 5280 obrem
2418 5232 2483 5281 ut
2511 5232 2797 5281 creatura:
2832 5243 2951 5281 suae
2975 5225 3384 5298 epitularetur,
3412 5238 3481 5276 ex
3513 5218 3713 5292 puella
3734 5234 3844 5272 nu-

2192 5316 2396 5388 ptialis
2426 5333 2780 5388 congressus
2808 5316 3011 5371 nescia
3039 5318 3411 5385 assumptum
3433 5310 3620 5366 vellus
3650 5308 3842 5364 bonus

2196 5676 2377 5801 "Et,ng
2403 5730 2605 5802 Basil.,
2642 5732 2797 5788 Hom.
2830 5729 2890 5786 in
2921 5732 2990 5784 40
3018 5734 3249 5799 martyr.
