  <div class='ocr_page' id='page_1' title='image "/cluster/home/n/w/nwhite01/storage/ocr_20150623/96:no.3/coo.31924054870005/411.png"; bbox 0 0 4160 6386; ppageno 0'>
   <div class='ocr_carea' id='block_1_1' title="bbox 395 420 503 478">
    <p class='ocr_par' dir='ltr' id='par_1_1' title="bbox 395 420 503 478">
     <span class='ocr_line' id='line_1_1' title="bbox 395 420 503 478; baseline -0.009 0"><span class='ocrx_word' id='word_1_1' title='bbox 395 420 503 478; x_wconf 88' lang='lat'><strong>787</strong></span> 
     </span>
    </p>
   </div>
   <div class='ocr_carea' id='block_1_2' title="bbox 1676 406 2543 473">
    <p class='ocr_par' dir='ltr' id='par_1_2' title="bbox 1676 406 2543 473">
     <span class='ocr_line' id='line_1_2' title="bbox 1676 406 2543 473; baseline -0.014 -1"><span class='ocrx_word' id='word_1_2' title='bbox 1676 418 1737 473; x_wconf 75' lang='grc' dir='ltr'><strong>Β.</strong></span> <span class='ocrx_word' id='word_1_3' title='bbox 1776 410 2086 471; x_wconf 76' lang='lat' dir='ltr'><strong>JOANNIS</strong></span> <span class='ocrx_word' id='word_1_4' title='bbox 2119 406 2543 464; x_wconf 67' lang='grc' dir='ltr'><strong>ΒΔΜΔΒΟΕΝΙ</strong></span> 
     </span>
    </p>
   </div>
   <div class='ocr_carea' id='block_1_3' title="bbox 3708 401 3826 461">
    <p class='ocr_par' dir='ltr' id='par_1_3' title="bbox 3708 401 3826 461">
     <span class='ocr_line' id='line_1_3' title="bbox 3708 401 3826 461; baseline 0 0"><span class='ocrx_word' id='word_1_5' title='bbox 3708 401 3826 461; x_wconf 80' lang='grc'>788</span> 
     </span>
    </p>
   </div>
   <div class='ocr_carea' id='block_1_4' title="bbox 401 526 2055 623">
    <p class='ocr_par' dir='ltr' id='par_1_4' title="bbox 401 537 2051 623">
     <span class='ocr_line' id='line_1_4' title="bbox 401 537 2051 623; baseline -0.008 -15"><span class='ocrx_word' id='word_1_6' title='bbox 401 551 531 623; x_wconf 90' lang='lat' dir='ltr'><strong>ipse</strong></span> <span class='ocrx_word' id='word_1_7' title='bbox 574 552 789 607; x_wconf 85' lang='lat' dir='ltr'><strong>Pastor</strong></span> <span class='ocrx_word' id='word_1_8' title='bbox 816 548 1033 620; x_wconf 82' lang='lat' dir='ltr'><strong>induit,</strong></span> <span class='ocrx_word' id='word_1_9' title='bbox 1067 546 1497 620; x_wconf 89' lang='lat' dir='ltr'><strong>seductumque</strong></span> <span class='ocrx_word' id='word_1_10' title='bbox 1521 542 1684 601; x_wconf 89' lang='lat' dir='ltr'><strong>illius</strong></span> <span class='ocrx_word' id='word_1_11' title='bbox 1723 539 1920 614; x_wconf 83' lang='lat' dir='ltr'><strong>specie</strong></span> <span class='ocrx_word' id='word_1_12' title='bbox 1951 537 2051 595; x_wconf 85' lang='lat' dir='ltr'><strong>ad-</strong></span> 
     </span>
    </p>
   </div>
   <div class='ocr_carea' id='block_1_5' title="bbox 2166 526 3825 623">
    <p class='ocr_par' dir='ltr' id='par_1_5' title="bbox 2166 526 3825 623">
     <span class='ocr_line' id='line_1_5' title="bbox 2166 526 3825 623; baseline -0.002 -36"><span class='ocrx_word' id='word_1_13' title='bbox 2166 529 2317 594; x_wconf 90' lang='grc' dir='ltr'><strong>νιδος</strong></span> <span class='ocrx_word' id='word_1_14' title='bbox 2346 530 2410 586; x_wconf 82' lang='grc' dir='ltr'><strong>τὸ</strong></span> <span class='ocrx_word' id='word_1_15' title='bbox 2440 526 2697 623; x_wconf 24' lang='grc' dir='ltr'><strong>κώδιονᾼό</strong></span> <span class='ocrx_word' id='word_1_16' title='bbox 2731 531 2950 608; x_wconf 73' lang='grc' dir='ltr'><strong>Ποιμην</strong></span> <span class='ocrx_word' id='word_1_17' title='bbox 3008 532 3037 588; x_wconf 81' lang='grc' dir='ltr'><strong>ὁ</strong></span> <span class='ocrx_word' id='word_1_18' title='bbox 3093 529 3267 594; x_wconf 83' lang='grc' dir='ltr'><strong>καλὸς</strong></span> <span class='ocrx_word' id='word_1_19' title='bbox 3319 531 3625 604; x_wconf 82' lang='grc' dir='ltr'><strong>περιεθετο,</strong></span> <span class='ocrx_word' id='word_1_20' title='bbox 3657 526 3731 584; x_wconf 83' lang='grc' dir='ltr'><strong>δι’</strong></span> <span class='ocrx_word' id='word_1_21' title='bbox 3758 528 3825 584; x_wconf 76' lang='grc' dir='ltr'><strong>οὗ</strong></span> 
     </span>
    </p>
   </div>
   <div class='ocr_carea' id='block_1_6' title="bbox 403 630 2056 712">
    <p class='ocr_par' dir='ltr' id='par_1_6' title="bbox 403 630 2056 712">
     <span class='ocr_line' id='line_1_6' title="bbox 403 630 2056 712; baseline -0.008 -13"><span class='ocrx_word' id='word_1_22' title='bbox 403 643 755 712; x_wconf 82' lang='lat' dir='ltr'><strong>versarium,</strong></span> <span class='ocrx_word' id='word_1_23' title='bbox 800 648 858 698; x_wconf 92' lang='lat' dir='ltr'><strong>et</strong></span> <span class='ocrx_word' id='word_1_24' title='bbox 904 658 1077 698; x_wconf 83' lang='lat' dir='ltr'><strong>cruce</strong></span> <span class='ocrx_word' id='word_1_25' title='bbox 1128 643 1552 712; x_wconf 78' lang='lat' dir='ltr'><strong>expugnatum,</strong></span> <span class='ocrx_word' id='word_1_26' title='bbox 1604 630 1941 708; x_wconf 82' lang='lat' dir='ltr'><strong>tyrannide,</strong></span> <span class='ocrx_word' id='word_1_27' title='bbox 1984 635 2056 686; x_wconf 89' lang='lat' dir='ltr'><strong>ut</strong></span> 
     </span>
    </p>
   </div>
   <div class='ocr_carea' id='block_1_7' title="bbox 397 722 2052 807">
    <p class='ocr_par' dir='ltr' id='par_1_7' title="bbox 397 722 2052 807">
     <span class='ocr_line' id='line_1_7' title="bbox 397 722 2052 807; baseline -0.008 -18"><span class='ocrx_word' id='word_1_28' title='bbox 397 734 631 807; x_wconf 79' lang='lat' dir='ltr'><strong>justum</strong></span> <span class='ocrx_word' id='word_1_29' title='bbox 666 739 809 801; x_wconf 87' lang='lat' dir='ltr'><strong>erat,</strong></span> <span class='ocrx_word' id='word_1_30' title='bbox 844 732 1019 804; x_wconf 90' lang='lat' dir='ltr'><strong>ejecit</strong></span> <span class='ocrx_word' id='word_1_31' title='bbox 1046 748 1060 797; x_wconf 86' lang='lat'><strong>;</strong></span> <span class='ocrx_word' id='word_1_32' title='bbox 1092 735 1298 803; x_wconf 77' lang='lat' dir='ltr'><strong>utpote</strong></span> <span class='ocrx_word' id='word_1_33' title='bbox 1321 728 1422 800; x_wconf 85' lang='lat' dir='ltr'><strong>qui</strong></span> <span class='ocrx_word' id='word_1_34' title='bbox 1442 745 1552 801; x_wconf 84' lang='lat' dir='ltr'><strong>per</strong></span> <span class='ocrx_word' id='word_1_35' title='bbox 1573 740 1868 783; x_wconf 81' lang='lat' dir='ltr'>summam</span> <span class='ocrx_word' id='word_1_36' title='bbox 1896 722 2052 795; x_wconf 88' lang='lat' dir='ltr'><strong>inju-</strong></span> 
     </span>
    </p>
   </div>
   <div class='ocr_carea' id='block_1_8' title="bbox 404 811 2053 893">
    <p class='ocr_par' dir='ltr' id='par_1_8' title="bbox 404 811 2053 893">
     <span class='ocr_line' id='line_1_8' title="bbox 404 811 2053 893; baseline -0.008 -13"><span class='ocrx_word' id='word_1_37' title='bbox 404 824 580 893; x_wconf 72' lang='lat' dir='ltr'><strong>riam,</strong></span> <span class='ocrx_word' id='word_1_38' title='bbox 609 828 861 879; x_wconf 90' lang='lat' dir='ltr'><strong>mortem</strong></span> <span class='ocrx_word' id='word_1_39' title='bbox 891 820 966 877; x_wconf 91' lang='lat' dir='ltr'><strong>ad</strong></span> <span class='ocrx_word' id='word_1_40' title='bbox 998 819 1291 875; x_wconf 82' lang='lat' dir='ltr'><strong>ultionem</strong></span> <span class='ocrx_word' id='word_1_41' title='bbox 1322 817 1552 892; x_wconf 76' lang='lat' dir='ltr'><strong>peccati</strong></span> <span class='ocrx_word' id='word_1_42' title='bbox 1584 816 1906 881; x_wconf 78' lang='lat' dir='ltr'><strong>decretam,</strong></span> <span class='ocrx_word' id='word_1_43' title='bbox 1947 811 2053 868; x_wconf 88' lang='lat' dir='ltr'><strong>ad-</strong></span> 
     </span>
    </p>
   </div>
   <div class='ocr_carea' id='block_1_9' title="bbox 405 902 2056 981">
    <p class='ocr_par' dir='ltr' id='par_1_9' title="bbox 405 902 2056 981">
     <span class='ocr_line' id='line_1_9' title="bbox 405 902 2056 981; baseline -0.008 -11"><span class='ocrx_word' id='word_1_44' title='bbox 405 931 610 970; x_wconf 90' lang='lat' dir='ltr'><strong>versus</strong></span> <span class='ocrx_word' id='word_1_45' title='bbox 639 912 811 967; x_wconf 90' lang='lat' dir='ltr'><strong>illum</strong></span> <span class='ocrx_word' id='word_1_46' title='bbox 841 910 1227 978; x_wconf 82' lang='lat' dir='ltr'><strong>instruxerat,</strong></span> <span class='ocrx_word' id='word_1_47' title='bbox 1262 909 1364 981; x_wconf 88' lang='lat' dir='ltr'><strong>qui</strong></span> <span class='ocrx_word' id='word_1_48' title='bbox 1414 924 1449 965; x_wconf 90' lang='lat' dir='ltr'><strong>a</strong></span> <span class='ocrx_word' id='word_1_49' title='bbox 1495 912 1737 981; x_wconf 89' lang='lat' dir='ltr'><strong>peccato</strong></span> <span class='ocrx_word' id='word_1_50' title='bbox 1767 902 2056 961; x_wconf 88' lang='lat' dir='ltr'><strong>immunis</strong></span> 
     </span>
    </p>
   </div>
   <div class='ocr_carea' id='block_1_10' title="bbox 406 991 2057 1072">
    <p class='ocr_par' dir='ltr' id='par_1_10' title="bbox 406 991 2057 1072">
     <span class='ocr_line' id='line_1_10' title="bbox 406 991 2057 1072; baseline -0.007 -13"><span class='ocrx_word' id='word_1_51' title='bbox 406 1007 580 1060; x_wconf 84' lang='lat' dir='ltr'><strong>esset.</strong></span> <span class='ocrx_word' id='word_1_52' title='bbox 610 1003 736 1057; x_wconf 87' lang='lat' dir='ltr'><strong>Non</strong></span> <span class='ocrx_word' id='word_1_53' title='bbox 769 1000 929 1056; x_wconf 92' lang='lat' dir='ltr'><strong>enim</strong></span> <span class='ocrx_word' id='word_1_54' title='bbox 960 1000 1171 1056; x_wconf 90' lang='lat' dir='ltr'><strong>mortis</strong></span> <span class='ocrx_word' id='word_1_55' title='bbox 1200 1016 1389 1072; x_wconf 68' lang='lat' dir='ltr'><strong>pmnm</strong></span> <span class='ocrx_word' id='word_1_56' title='bbox 1409 1004 1467 1054; x_wconf 90' lang='lat' dir='ltr'><strong>et</strong></span> <span class='ocrx_word' id='word_1_57' title='bbox 1494 997 1771 1053; x_wconf 63' lang='lat' dir='ltr'><strong>vindictae</strong></span> <span class='ocrx_word' id='word_1_58' title='bbox 1802 997 1930 1051; x_wconf 90' lang='lat' dir='ltr'><strong>erat</strong></span> <span class='ocrx_word' id='word_1_59' title='bbox 1949 991 2057 1049; x_wconf 90' lang='lat' dir='ltr'><strong>ob-</strong></span> 
     </span>
    </p>
   </div>
   <div class='ocr_carea' id='block_1_11' title="bbox 403 1089 1777 1163">
    <p class='ocr_par' dir='ltr' id='par_1_11' title="bbox 403 1089 1777 1163">
     <span class='ocr_line' id='line_1_11' title="bbox 403 1089 1777 1163; baseline -0.006 -14"><span class='ocrx_word' id='word_1_60' title='bbox 403 1093 637 1160; x_wconf 79' lang='lat' dir='ltr'><strong>noxius,</strong></span> <span class='ocrx_word' id='word_1_61' title='bbox 670 1090 772 1163; x_wconf 87' lang='lat' dir='ltr'><strong>qui</strong></span> <span class='ocrx_word' id='word_1_62' title='bbox 802 1095 1113 1163; x_wconf 89' lang='lat' dir='ltr'><strong>peccatum</strong></span> <span class='ocrx_word' id='word_1_63' title='bbox 1142 1089 1393 1146; x_wconf 90' lang='lat' dir='ltr'><strong>minime</strong></span> <span class='ocrx_word' id='word_1_64' title='bbox 1422 1090 1777 1161; x_wconf 81' lang='lat' dir='ltr'><strong>gustaverat.</strong></span> 
     </span>
    </p>
   </div>
   <div class='ocr_carea' id='block_1_12' title="bbox 473 1193 2055 1273">
    <p class='ocr_par' dir='ltr' id='par_1_12' title="bbox 473 1193 2055 1273">
     <span class='ocr_line' id='line_1_12' title="bbox 473 1193 2055 1273; baseline -0.003 -18"><span class='ocrx_word' id='word_1_65' title='bbox 473 1202 525 1256; x_wconf 80' lang='lat'><strong>5.</strong></span> <span class='ocrx_word' id='word_1_66' title='bbox 545 1198 943 1267; x_wconf 87' lang='lat' dir='ltr'><strong>Quamobrem</strong></span> <span class='ocrx_word' id='word_1_67' title='bbox 964 1199 1068 1257; x_wconf 91' lang='lat' dir='ltr'><strong>ille</strong></span> <span class='ocrx_word' id='word_1_68' title='bbox 1084 1198 1189 1273; x_wconf 90' lang='lat' dir='ltr'><strong>qui</strong></span> <span class='ocrx_word' id='word_1_69' title='bbox 1205 1199 1428 1272; x_wconf 85' lang='lat' dir='ltr'><strong>injuste</strong></span> <span class='ocrx_word' id='word_1_70' title='bbox 1448 1196 1756 1254; x_wconf 87' lang='lat' dir='ltr'><strong>hominem</strong></span> <span class='ocrx_word' id='word_1_71' title='bbox 1778 1193 2055 1269; x_wconf 86' lang='lat' dir='ltr'><strong>peremit,</strong></span> 
     </span>
    </p>
   </div>
   <div class='ocr_carea' id='block_1_13' title="bbox 399 1284 2057 1363">
    <p class='ocr_par' dir='ltr' id='par_1_13' title="bbox 399 1284 2057 1363">
     <span class='ocr_line' id='line_1_13' title="bbox 399 1284 2057 1363; baseline -0.004 -17"><span class='ocrx_word' id='word_1_72' title='bbox 399 1288 659 1346; x_wconf 84' lang='lat' dir='ltr'><strong>vicissim</strong></span> <span class='ocrx_word' id='word_1_73' title='bbox 688 1289 815 1363; x_wconf 90' lang='lat' dir='ltr'><strong>ipse</strong></span> <span class='ocrx_word' id='word_1_74' title='bbox 837 1290 975 1363; x_wconf 86' lang='lat' dir='ltr'><strong>jure</strong></span> <span class='ocrx_word' id='word_1_75' title='bbox 997 1288 1385 1363; x_wconf 91' lang='lat' dir='ltr'><strong>perimendus</strong></span> <span class='ocrx_word' id='word_1_76' title='bbox 1407 1288 1539 1357; x_wconf 89' lang='lat' dir='ltr'><strong>erit,</strong></span> <span class='ocrx_word' id='word_1_77' title='bbox 1561 1292 1618 1342; x_wconf 88' lang='lat' dir='ltr'><strong>et</strong></span> <span class='ocrx_word' id='word_1_78' title='bbox 1638 1302 1785 1359; x_wconf 90' lang='lat' dir='ltr'><strong>quas</strong></span> <span class='ocrx_word' id='word_1_79' title='bbox 1802 1284 2057 1358; x_wconf 87' lang='lat' dir='ltr'><strong>conqui-</strong></span> 
     </span>
    </p>
   </div>
   <div class='ocr_carea' id='block_1_14' title="bbox 400 1375 2054 1451">
    <p class='ocr_par' dir='ltr' id='par_1_14' title="bbox 400 1375 2054 1451">
     <span class='ocr_line' id='line_1_14' title="bbox 400 1375 2054 1451; baseline -0.004 -13"><span class='ocrx_word' id='word_1_80' title='bbox 400 1380 580 1438; x_wconf 88' lang='lat' dir='ltr'><strong>sierat</strong></span> <span class='ocrx_word' id='word_1_81' title='bbox 598 1396 741 1451; x_wconf 89' lang='lat' dir='ltr'><strong>opes</strong></span> <span class='ocrx_word' id='word_1_82' title='bbox 758 1379 1087 1436; x_wconf 85' lang='lat' dir='ltr'><strong>amissurus</strong></span> <span class='ocrx_word' id='word_1_83' title='bbox 1106 1384 1215 1436; x_wconf 91' lang='lat' dir='ltr'><strong>est.</strong></span> <span class='ocrx_word' id='word_1_84' title='bbox 1230 1378 1398 1435; x_wconf 87' lang='lat' dir='ltr'><strong>Illius</strong></span> <span class='ocrx_word' id='word_1_85' title='bbox 1414 1377 1635 1434; x_wconf 90' lang='lat' dir='ltr'><strong>etenim</strong></span> <span class='ocrx_word' id='word_1_86' title='bbox 1649 1375 2054 1449; x_wconf 90' lang='lat' dir='ltr'><strong>interemptio,</strong></span> 
     </span>
    </p>
   </div>
   <div class='ocr_carea' id='block_1_15' title="bbox 394 1465 2056 1543">
    <p class='ocr_par' dir='ltr' id='par_1_15' title="bbox 394 1465 2056 1543">
     <span class='ocr_line' id='line_1_15' title="bbox 394 1465 2056 1543; baseline -0.004 -19"><span class='ocrx_word' id='word_1_87' title='bbox 394 1468 708 1543; x_wconf 83' lang='lat' dir='ltr'><strong>potestatis</strong></span> <span class='ocrx_word' id='word_1_88' title='bbox 731 1468 975 1525; x_wconf 86' lang='lat' dir='ltr'><strong>amissio</strong></span> <span class='ocrx_word' id='word_1_89' title='bbox 999 1473 1058 1525; x_wconf 89' lang='lat' dir='ltr'><strong>et</strong></span> <span class='ocrx_word' id='word_1_90' title='bbox 1078 1467 1294 1542; x_wconf 85' lang='lat' dir='ltr'><strong>ejectio</strong></span> <span class='ocrx_word' id='word_1_91' title='bbox 1321 1471 1414 1523; x_wconf 87' lang='lat' dir='ltr'><strong>est</strong></span> <span class='ocrx_word' id='word_1_92' title='bbox 1437 1484 1449 1522; x_wconf 93' lang='lat'><strong>:</strong></span> <span class='ocrx_word' id='word_1_93' title='bbox 1473 1466 1813 1523; x_wconf 75' lang='lat' dir='ltr'><strong>dmmonum</strong></span> <span class='ocrx_word' id='word_1_94' title='bbox 1836 1465 2056 1539; x_wconf 86' lang='lat' dir='ltr'><strong>quippe</strong></span> 
     </span>
    </p>
   </div>
   <div class='ocr_carea' id='block_1_16' title="bbox 400 1554 2057 1633">
    <p class='ocr_par' dir='ltr' id='par_1_16' title="bbox 400 1554 2057 1633">
     <span class='ocr_line' id='line_1_16' title="bbox 400 1554 2057 1633; baseline -0.002 -19"><span class='ocrx_word' id='word_1_95' title='bbox 400 1575 588 1633; x_wconf 89' lang='lat' dir='ltr'><strong>genus</strong></span> <span class='ocrx_word' id='word_1_96' title='bbox 622 1557 965 1613; x_wconf 85' lang='lat' dir='ltr'><strong>immortale</strong></span> <span class='ocrx_word' id='word_1_97' title='bbox 998 1557 1305 1614; x_wconf 90' lang='lat' dir='ltr'><strong>conditum</strong></span> <span class='ocrx_word' id='word_1_98' title='bbox 1335 1574 1369 1613; x_wconf 89' lang='lat' dir='ltr'><strong>a</strong></span> <span class='ocrx_word' id='word_1_99' title='bbox 1400 1557 1517 1612; x_wconf 91' lang='lat' dir='ltr'><strong>Deo</strong></span> <span class='ocrx_word' id='word_1_100' title='bbox 1548 1555 1678 1612; x_wconf 86' lang='lat' dir='ltr'><strong>fuit.</strong></span> <span class='ocrx_word' id='word_1_101' title='bbox 1712 1555 1824 1611; x_wconf 90' lang='lat' dir='ltr'><strong>Sed</strong></span> <span class='ocrx_word' id='word_1_102' title='bbox 1857 1558 1915 1610; x_wconf 91' lang='lat' dir='ltr'><strong>et</strong></span> <span class='ocrx_word' id='word_1_103' title='bbox 1943 1554 2057 1611; x_wconf 85' lang='lat' dir='ltr'><strong>Do-</strong></span> 
     </span>
    </p>
   </div>
   <div class='ocr_carea' id='block_1_17' title="bbox 401 1645 2059 1722">
    <p class='ocr_par' dir='ltr' id='par_1_17' title="bbox 401 1645 2059 1722">
     <span class='ocr_line' id='line_1_17' title="bbox 401 1645 2059 1722; baseline -0.002 -19"><span class='ocrx_word' id='word_1_104' title='bbox 401 1648 604 1704; x_wconf 89' lang='lat' dir='ltr'><strong>minus</strong></span> <span class='ocrx_word' id='word_1_105' title='bbox 635 1665 751 1720; x_wconf 91' lang='lat' dir='ltr'><strong>quo</strong></span> <span class='ocrx_word' id='word_1_106' title='bbox 781 1665 994 1722; x_wconf 90' lang='lat' dir='ltr'><strong>passus</strong></span> <span class='ocrx_word' id='word_1_107' title='bbox 1025 1652 1117 1704; x_wconf 91' lang='lat' dir='ltr'><strong>est</strong></span> <span class='ocrx_word' id='word_1_108' title='bbox 1145 1651 1437 1721; x_wconf 88' lang='lat' dir='ltr'><strong>tempore,</strong></span> <span class='ocrx_word' id='word_1_109' title='bbox 1470 1645 1700 1703; x_wconf 87' lang='lat' dir='ltr'><strong>aiebat:</strong></span> <span class='ocrx_word' id='word_1_110' title='bbox 1740 1646 1880 1701; x_wconf 85' lang='lat' dir='ltr'><strong>Veni</strong></span> <span class='ocrx_word' id='word_1_111' title='bbox 1890 1646 2059 1717; x_wconf 84' lang='lat' dir='ltr'><strong>prin-</strong></span> 
     </span>
    </p>
   </div>
   <div class='ocr_carea' id='block_1_18' title="bbox 400 1733 2053 1810">
    <p class='ocr_par' dir='ltr' id='par_1_18' title="bbox 400 1733 2053 1810">
     <span class='ocr_line' id='line_1_18' title="bbox 400 1733 2053 1810; baseline -0.004 -14"><span class='ocrx_word' id='word_1_112' title='bbox 400 1754 525 1810; x_wconf 83' lang='lat' dir='ltr'><strong>ceps</strong></span> <span class='ocrx_word' id='word_1_113' title='bbox 552 1738 748 1794; x_wconf 83' lang='lat' dir='ltr'><strong>mundi</strong></span> <span class='ocrx_word' id='word_1_114' title='bbox 778 1737 962 1810; x_wconf 87' lang='lat' dir='ltr'><strong>hujus,</strong></span> <span class='ocrx_word' id='word_1_115' title='bbox 988 1744 1040 1794; x_wconf 87' lang='lat' dir='ltr'><strong>et</strong></span> <span class='ocrx_word' id='word_1_116' title='bbox 1070 1739 1130 1793; x_wconf 79' lang='lat' dir='ltr'><strong>in</strong></span> <span class='ocrx_word' id='word_1_117' title='bbox 1156 1753 1241 1792; x_wconf 89' lang='lat' dir='ltr'><strong>me</strong></span> <span class='ocrx_word' id='word_1_118' title='bbox 1264 1753 1375 1792; x_wconf 89' lang='lat' dir='ltr'><strong>non</strong></span> <span class='ocrx_word' id='word_1_119' title='bbox 1400 1737 1641 1792; x_wconf 77' lang='lat' dir='ltr'><strong>inveniet</strong></span> <span class='ocrx_word' id='word_1_120' title='bbox 1658 1735 1962 1808; x_wconf 81' lang='lat' dir='ltr'><strong>quidquam</strong></span> <span class='ocrx_word' id='word_1_121' title='bbox 1984 1733 2053 1790; x_wconf 75' lang='grc' dir='ltr'><strong>²²ε</strong></span> 
     </span>
    </p>
   </div>
   <div class='ocr_carea' id='block_1_19' title="bbox 404 1824 2060 1901">
    <p class='ocr_par' dir='ltr' id='par_1_19' title="bbox 404 1824 2060 1901">
     <span class='ocr_line' id='line_1_19' title="bbox 404 1824 2060 1901; baseline -0.003 -17"><span class='ocrx_word' id='word_1_122' title='bbox 404 1828 517 1884; x_wconf 90' lang='lat' dir='ltr'><strong>hoc</strong></span> <span class='ocrx_word' id='word_1_123' title='bbox 549 1832 638 1882; x_wconf 83' lang='lat' dir='ltr'><strong>est</strong></span> <span class='ocrx_word' id='word_1_124' title='bbox 669 1826 904 1884; x_wconf 91' lang='lat' dir='ltr'><strong>nullum</strong></span> <span class='ocrx_word' id='word_1_125' title='bbox 935 1842 1180 1901; x_wconf 79' lang='lat' dir='ltr'><strong>germen</strong></span> <span class='ocrx_word' id='word_1_126' title='bbox 1202 1842 1408 1883; x_wconf 89' lang='lat' dir='ltr'><strong>eorum</strong></span> <span class='ocrx_word' id='word_1_127' title='bbox 1441 1842 1571 1898; x_wconf 71' lang='lat' dir='ltr'><strong>quaa</strong></span> <span class='ocrx_word' id='word_1_128' title='bbox 1594 1824 1927 1892; x_wconf 87' lang='lat' dir='ltr'><strong>seminavit,</strong></span> <span class='ocrx_word' id='word_1_129' title='bbox 1954 1828 2060 1881; x_wconf 91' lang='lat' dir='ltr'><strong>aut</strong></span> 
     </span>
    </p>
   </div>
   <div class='ocr_carea' id='block_1_20' title="bbox 2163 618 3825 697">
    <p class='ocr_par' dir='ltr' id='par_1_20' title="bbox 2163 618 3825 697">
     <span class='ocr_line' id='line_1_20' title="bbox 2163 618 3825 697; baseline 0 -20"><span class='ocrx_word' id='word_1_130' title='bbox 2163 622 2256 678; x_wconf 85' lang='grc' dir='ltr'><strong>τὸν</strong></span> <span class='ocrx_word' id='word_1_131' title='bbox 2289 619 2560 677; x_wconf 75' lang='grc' dir='ltr'><strong>ἀντίδικον</strong></span> <span class='ocrx_word' id='word_1_132' title='bbox 2589 618 2871 694; x_wconf 76' lang='grc' dir='ltr'><strong>δελεάσας,</strong></span> <span class='ocrx_word' id='word_1_133' title='bbox 2917 621 3010 678; x_wconf 74' lang='grc' dir='ltr'><strong>καὶ</strong></span> <span class='ocrx_word' id='word_1_134' title='bbox 3057 620 3137 696; x_wconf 84' lang='grc' dir='ltr'>τῷ</span> <span class='ocrx_word' id='word_1_135' title='bbox 3186 621 3407 697; x_wconf 87' lang='grc' dir='ltr'><strong>σταυρῷ</strong></span> <span class='ocrx_word' id='word_1_136' title='bbox 3444 621 3825 697; x_wconf 78' lang='grc' dir='ltr'><strong>καταγωνισά-</strong></span> 
     </span>
    </p>
   </div>
   <div class='ocr_carea' id='block_1_21' title="bbox 2167 704 3828 785">
    <p class='ocr_par' dir='ltr' id='par_1_21' title="bbox 2167 704 3828 785">
     <span class='ocr_line' id='line_1_21' title="bbox 2167 704 3828 785; baseline -0.002 -17"><span class='ocrx_word' id='word_1_137' title='bbox 2167 730 2345 785; x_wconf 83' lang='grc' dir='ltr'><strong>μενος,</strong></span> <span class='ocrx_word' id='word_1_138' title='bbox 2382 708 2606 775; x_wconf 90' lang='grc' dir='ltr'><strong>δικαίως</strong></span> <span class='ocrx_word' id='word_1_139' title='bbox 2654 717 2758 782; x_wconf 84' lang='grc' dir='ltr'><strong>τῆς</strong></span> <span class='ocrx_word' id='word_1_140' title='bbox 2808 708 3126 785; x_wconf 78' lang='grc' dir='ltr'><strong>τυραννίδος</strong></span> <span class='ocrx_word' id='word_1_141' title='bbox 3179 704 3536 781; x_wconf 71' lang='grc' dir='ltr'><strong>ἰκόἐόληκεν,</strong></span> <span class='ocrx_word' id='word_1_142' title='bbox 3597 709 3672 773; x_wconf 83' lang='grc' dir='ltr'><strong>ὡς</strong></span> <span class='ocrx_word' id='word_1_143' title='bbox 3699 706 3828 765; x_wconf 84' lang='grc' dir='ltr'><strong>ἀδί-</strong></span> 
     </span>
    </p>
   </div>
   <div class='ocr_carea' id='block_1_22' title="bbox 2161 798 3826 879">
    <p class='ocr_par' dir='ltr' id='par_1_22' title="bbox 2161 798 3826 879">
     <span class='ocr_line' id='line_1_22' title="bbox 2161 798 3826 879; baseline -0.002 -22"><span class='ocrx_word' id='word_1_144' title='bbox 2161 821 2276 866; x_wconf 90' lang='grc' dir='ltr'><strong>κως</strong></span> <span class='ocrx_word' id='word_1_145' title='bbox 2300 805 2382 874; x_wconf 84' lang='grc' dir='ltr'><strong>τῷ</strong></span> <span class='ocrx_word' id='word_1_146' title='bbox 2415 801 2685 879; x_wconf 81' lang='grc' dir='ltr'><strong>ἁμαρτίας</strong></span> <span class='ocrx_word' id='word_1_147' title='bbox 2713 802 2952 879; x_wconf 80' lang='grc' dir='ltr'><strong>ίιπείρῳ,</strong></span> <span class='ocrx_word' id='word_1_148' title='bbox 2980 802 3099 856; x_wconf 84' lang='grc' dir='ltr'><strong>καθ’</strong></span> <span class='ocrx_word' id='word_1_149' title='bbox 3130 798 3198 871; x_wconf 76' lang='grc' dir='ltr'><strong>ἤν</strong></span> <span class='ocrx_word' id='word_1_150' title='bbox 3253 802 3283 856; x_wconf 78' lang='grc' dir='ltr'><strong>ὁ</strong></span> <span class='ocrx_word' id='word_1_151' title='bbox 3338 801 3568 863; x_wconf 84' lang='grc' dir='ltr'><strong>θάνατος</strong></span> <span class='ocrx_word' id='word_1_152' title='bbox 3598 800 3826 875; x_wconf 78' lang='grc' dir='ltr'><strong>ὥριστο,</strong></span> 
     </span>
    </p>
   </div>
   <div class='ocr_carea' id='block_1_23' title="bbox 2159 887 3832 971">
    <p class='ocr_par' dir='ltr' id='par_1_23' title="bbox 2159 887 3832 971">
     <span class='ocr_line' id='line_1_23' title="bbox 2159 887 3832 971; baseline -0.002 -24"><span class='ocrx_word' id='word_1_153' title='bbox 2159 890 2253 947; x_wconf 83' lang='grc' dir='ltr'><strong>τὸν</strong></span> <span class='ocrx_word' id='word_1_154' title='bbox 2288 891 2518 955; x_wconf 83' lang='grc' dir='ltr'><strong>θάνατον</strong></span> <span class='ocrx_word' id='word_1_155' title='bbox 2569 889 2965 971; x_wconf 73' lang='grc' dir='ltr'><strong>ἰφοπλίσαντα.</strong></span> <span class='ocrx_word' id='word_1_156' title='bbox 3021 889 3100 949; x_wconf 77' lang='grc' dir='ltr'>Οὐ</span> <span class='ocrx_word' id='word_1_157' title='bbox 3159 889 3263 968; x_wconf 74' lang='grc' dir='ltr'><strong>γὰρ</strong></span> <span class='ocrx_word' id='word_1_158' title='bbox 3321 888 3554 955; x_wconf 80' lang='grc' dir='ltr'><strong>θανάτου</strong></span> <span class='ocrx_word' id='word_1_159' title='bbox 3581 887 3832 955; x_wconf 77' lang='grc' dir='ltr'><strong>εὐθύναις</strong></span> 
     </span>
    </p>
   </div>
   <div class='ocr_carea' id='block_1_24' title="bbox 2160 976 3828 1055">
    <p class='ocr_par' dir='ltr' id='par_1_24' title="bbox 2160 976 3828 1055">
     <span class='ocr_line' id='line_1_24' title="bbox 2160 976 3828 1055; baseline -0.002 -19"><span class='ocrx_word' id='word_1_160' title='bbox 2160 977 2253 1036; x_wconf 76' lang='grc' dir='ltr'><strong>καὶ</strong></span> <span class='ocrx_word' id='word_1_161' title='bbox 2311 978 2612 1053; x_wconf 71' lang='grc' dir='ltr'><strong>Ξπιτιμίοις</strong></span> <span class='ocrx_word' id='word_1_162' title='bbox 2698 979 2973 1054; x_wconf 68' lang='grc' dir='ltr'><strong>ὕπίκειτο,</strong></span> <span class='ocrx_word' id='word_1_163' title='bbox 3033 979 3064 1036; x_wconf 78' lang='grc' dir='ltr'><strong>ὁ</strong></span> <span class='ocrx_word' id='word_1_164' title='bbox 3135 978 3405 1055; x_wconf 80' lang='grc' dir='ltr'><strong>ἁμαρτίας</strong></span> <span class='ocrx_word' id='word_1_165' title='bbox 3490 976 3828 1035; x_wconf 87' lang='grc' dir='ltr'><strong>παντάπασιν</strong></span> 
     </span>
    </p>
   </div>
   <div class='ocr_carea' id='block_1_25' title="bbox 2165 1064 2445 1145">
    <p class='ocr_par' dir='ltr' id='par_1_25' title="bbox 2165 1064 2445 1145">
     <span class='ocr_line' id='line_1_25' title="bbox 2165 1064 2445 1145; baseline 0.014 -22"><span class='ocrx_word' id='word_1_166' title='bbox 2165 1064 2445 1145; x_wconf 75' lang='grc' dir='ltr'><strong>ἄγευστος.</strong></span> 
     </span>
    </p>
   </div>
   <div class='ocr_carea' id='block_1_26' title="bbox 2235 1172 3827 1252">
    <p class='ocr_par' dir='ltr' id='par_1_26' title="bbox 2235 1172 3827 1252">
     <span class='ocr_line' id='line_1_26' title="bbox 2235 1172 3827 1252; baseline 0 -21"><span class='ocrx_word' id='word_1_167' title='bbox 2235 1181 2294 1234; x_wconf 89' lang='grc' dir='ltr'><strong>ε’.</strong></span> <span class='ocrx_word' id='word_1_168' title='bbox 2344 1174 2402 1230; x_wconf 82' lang='grc' dir='ltr'>Ὀ</span> <span class='ocrx_word' id='word_1_169' title='bbox 2456 1173 2635 1234; x_wconf 90' lang='grc' dir='ltr'><strong>τοίνυν</strong></span> <span class='ocrx_word' id='word_1_170' title='bbox 2693 1180 2889 1233; x_wconf 89' lang='grc' dir='ltr'><strong>τοῦτον</strong></span> <span class='ocrx_word' id='word_1_171' title='bbox 2947 1173 3154 1241; x_wconf 85' lang='grc' dir='ltr'><strong>ἀδίκως</strong></span> <span class='ocrx_word' id='word_1_172' title='bbox 3209 1174 3523 1252; x_wconf 75' lang='grc' dir='ltr'><strong>ἀνῃρηκὼς,</strong></span> <span class='ocrx_word' id='word_1_173' title='bbox 3600 1172 3827 1241; x_wconf 79' lang='grc' dir='ltr'><strong>ἐνδίκως</strong></span> 
     </span>
    </p>
   </div>
   <div class='ocr_carea' id='block_1_27' title="bbox 2163 1263 3827 1344">
    <p class='ocr_par' dir='ltr' id='par_1_27' title="bbox 2163 1263 3827 1344">
     <span class='ocr_line' id='line_1_27' title="bbox 2163 1263 3827 1344; baseline 0.001 -22"><span class='ocrx_word' id='word_1_174' title='bbox 2163 1264 2696 1344; x_wconf 75' lang='grc' dir='ltr'><strong>ἀνταναιρεθήσεται,</strong></span> <span class='ocrx_word' id='word_1_175' title='bbox 2754 1266 2845 1324; x_wconf 73' lang='grc' dir='ltr'><strong>καὶ</strong></span> <span class='ocrx_word' id='word_1_176' title='bbox 2906 1267 2967 1323; x_wconf 84' lang='grc' dir='ltr'><strong>οὗ</strong></span> <span class='ocrx_word' id='word_1_177' title='bbox 3026 1266 3286 1338; x_wconf 69' lang='grc' dir='ltr'><strong>ἐκέκτητο</strong></span> <span class='ocrx_word' id='word_1_178' title='bbox 3331 1263 3600 1335; x_wconf 71' lang='grc' dir='ltr'><strong>πλούτου,</strong></span> <span class='ocrx_word' id='word_1_179' title='bbox 3633 1287 3827 1343; x_wconf 88' lang='grc' dir='ltr'><strong>στερη-</strong></span> 
     </span>
    </p>
   </div>
   <div class='ocr_carea' id='block_1_28' title="bbox 2165 1357 3827 1438">
    <p class='ocr_par' dir='ltr' id='par_1_28' title="bbox 2165 1357 3827 1438">
     <span class='ocr_line' id='line_1_28' title="bbox 2165 1357 3827 1438; baseline -0.001 -22"><span class='ocrx_word' id='word_1_180' title='bbox 2165 1360 2408 1431; x_wconf 74' lang='grc' dir='ltr'><strong>θήσεται.</strong></span> <span class='ocrx_word' id='word_1_181' title='bbox 2467 1360 2713 1418; x_wconf 83' lang='grc' dir='ltr'><strong>Ἐκείνου</strong></span> <span class='ocrx_word' id='word_1_182' title='bbox 2784 1360 2886 1438; x_wconf 69' lang='grc' dir='ltr'><strong>γὰρ</strong></span> <span class='ocrx_word' id='word_1_183' title='bbox 2976 1358 3268 1434; x_wconf 86' lang='grc' dir='ltr'><strong>ἀναίρεσις,</strong></span> <span class='ocrx_word' id='word_1_184' title='bbox 3327 1358 3363 1430; x_wconf 78' lang='grc' dir='ltr'><strong>ἡ</strong></span> <span class='ocrx_word' id='word_1_185' title='bbox 3430 1359 3531 1429; x_wconf 71' lang='grc' dir='ltr'><strong>τῆς</strong></span> <span class='ocrx_word' id='word_1_186' title='bbox 3585 1357 3827 1431; x_wconf 76' lang='grc' dir='ltr'><strong>ἐξουσίας</strong></span> 
     </span>
    </p>
   </div>
   <div class='ocr_carea' id='block_1_29' title="bbox 2164 1446 3827 1529">
    <p class='ocr_par' dir='ltr' id='par_1_29' title="bbox 2164 1446 3827 1529">
     <span class='ocr_line' id='line_1_29' title="bbox 2164 1446 3827 1529; baseline -0.002 -21"><span class='ocrx_word' id='word_1_187' title='bbox 2164 1448 2306 1508; x_wconf 68' lang='grc' dir='ltr'><strong>ἐστὶν</strong></span> <span class='ocrx_word' id='word_1_188' title='bbox 2338 1446 2546 1521; x_wconf 75' lang='grc' dir='ltr'><strong>ἐκϐολὴ</strong></span> <span class='ocrx_word' id='word_1_189' title='bbox 2604 1449 2695 1508; x_wconf 76' lang='grc' dir='ltr'><strong>καί</strong></span> <span class='ocrx_word' id='word_1_190' title='bbox 2750 1448 3041 1514; x_wconf 76' lang='grc' dir='ltr'><strong>ἔκπτωσις·</strong></span> <span class='ocrx_word' id='word_1_191' title='bbox 3100 1450 3366 1506; x_wconf 78' lang='grc' dir='ltr'><strong>ἀθάνατον</strong></span> <span class='ocrx_word' id='word_1_192' title='bbox 3398 1451 3504 1529; x_wconf 72' lang='grc' dir='ltr'><strong>γὰρ</strong></span> <span class='ocrx_word' id='word_1_193' title='bbox 3533 1452 3596 1506; x_wconf 87' lang='grc' dir='ltr'><strong>τὸ</strong></span> <span class='ocrx_word' id='word_1_194' title='bbox 3629 1448 3827 1526; x_wconf 76' lang='grc' dir='ltr'><strong>δαιμό-</strong></span> 
     </span>
    </p>
   </div>
   <div class='ocr_carea' id='block_1_30' title="bbox 2162 1535 3826 1620">
    <p class='ocr_par' dir='ltr' id='par_1_30' title="bbox 2162 1535 3826 1620">
     <span class='ocr_line' id='line_1_30' title="bbox 2162 1535 3826 1620; baseline 0.001 -25"><span class='ocrx_word' id='word_1_195' title='bbox 2162 1561 2277 1597; x_wconf 90' lang='grc' dir='ltr'><strong>νιον</strong></span> <span class='ocrx_word' id='word_1_196' title='bbox 2310 1538 2484 1620; x_wconf 79' lang='grc' dir='ltr'><strong>φῦλον</strong></span> <span class='ocrx_word' id='word_1_197' title='bbox 2537 1540 2641 1596; x_wconf 79' lang='grc' dir='ltr'><strong>ὑπὸ</strong></span> <span class='ocrx_word' id='word_1_198' title='bbox 2696 1544 2794 1595; x_wconf 90' lang='grc' dir='ltr'><strong>τοῦ</strong></span> <span class='ocrx_word' id='word_1_199' title='bbox 2849 1538 3082 1598; x_wconf 85' lang='grc' dir='ltr'><strong>Κτίστου</strong></span> <span class='ocrx_word' id='word_1_200' title='bbox 3143 1535 3639 1616; x_wconf 70' lang='grc' dir='ltr'><strong>δεδημιούργηται.</strong></span> <span class='ocrx_word' id='word_1_201' title='bbox 3670 1540 3826 1597; x_wconf 78' lang='grc' dir='ltr'><strong>Καὶό</strong></span> 
     </span>
    </p>
   </div>
   <div class='ocr_carea' id='block_1_31' title="bbox 2163 1626 3825 1709">
    <p class='ocr_par' dir='ltr' id='par_1_31' title="bbox 2163 1626 3825 1709">
     <span class='ocr_line' id='line_1_31' title="bbox 2163 1626 3825 1709; baseline 0 -23"><span class='ocrx_word' id='word_1_202' title='bbox 2163 1630 2368 1705; x_wconf 74' lang='grc' dir='ltr'><strong>Κύριος</strong></span> <span class='ocrx_word' id='word_1_203' title='bbox 2416 1630 2519 1707; x_wconf 75' lang='grc' dir='ltr'><strong>γὰρ</strong></span> <span class='ocrx_word' id='word_1_204' title='bbox 2580 1630 2731 1709; x_wconf 83' lang='grc' dir='ltr'><strong>παρά</strong></span> <span class='ocrx_word' id='word_1_205' title='bbox 2786 1630 2879 1686; x_wconf 88' lang='grc' dir='ltr'><strong>τὸν</strong></span> <span class='ocrx_word' id='word_1_206' title='bbox 2936 1634 3035 1687; x_wconf 89' lang='grc' dir='ltr'><strong>τοῦ</strong></span> <span class='ocrx_word' id='word_1_207' title='bbox 3090 1628 3298 1694; x_wconf 87' lang='grc' dir='ltr'><strong>πάθους</strong></span> <span class='ocrx_word' id='word_1_208' title='bbox 3356 1630 3545 1707; x_wconf 81' lang='grc' dir='ltr'><strong>καιρὸν</strong></span> <span class='ocrx_word' id='word_1_209' title='bbox 3578 1626 3825 1709; x_wconf 71' lang='grc' dir='ltr'><strong>ἔφασκεν·</strong></span> 
     </span>
    </p>
   </div>
   <div class='ocr_carea' id='block_1_32' title="bbox 2162 1718 3825 1798">
    <p class='ocr_par' dir='ltr' id='par_1_32' title="bbox 2162 1718 3825 1798">
     <span class='ocr_line' id='line_1_32' title="bbox 2162 1718 3825 1798; baseline -0.001 -21"><span class='ocrx_word' id='word_1_210' title='bbox 2162 1721 2426 1798; x_wconf 83' lang='grc' dir='ltr'><strong>Ἔρχεται</strong></span> <span class='ocrx_word' id='word_1_211' title='bbox 2487 1721 2673 1798; x_wconf 83' lang='grc' dir='ltr'><strong>ἄρχων</strong></span> <span class='ocrx_word' id='word_1_212' title='bbox 2730 1724 2830 1778; x_wconf 90' lang='grc' dir='ltr'><strong>τοῦ</strong></span> <span class='ocrx_word' id='word_1_213' title='bbox 2882 1720 3097 1795; x_wconf 88' lang='grc' dir='ltr'><strong>κόσμου</strong></span> <span class='ocrx_word' id='word_1_214' title='bbox 3155 1718 3378 1790; x_wconf 69' lang='grc' dir='ltr'><strong>τοῦτου,</strong></span> <span class='ocrx_word' id='word_1_215' title='bbox 3436 1720 3527 1776; x_wconf 78' lang='grc' dir='ltr'><strong>καὶ</strong></span> <span class='ocrx_word' id='word_1_216' title='bbox 3586 1718 3639 1776; x_wconf 77' lang='grc' dir='ltr'><strong>ἐν</strong></span> <span class='ocrx_word' id='word_1_217' title='bbox 3701 1718 3825 1795; x_wconf 72' lang='grc' dir='ltr'><strong>ἐμοὶ</strong></span> 
     </span>
    </p>
   </div>
   <div class='ocr_carea' id='block_1_33' title="bbox 2163 1806 3823 1888">
    <p class='ocr_par' dir='ltr' id='par_1_33' title="bbox 2163 1806 3823 1888">
     <span class='ocr_line' id='line_1_33' title="bbox 2163 1806 3823 1888; baseline -0.001 -21"><span class='ocrx_word' id='word_1_218' title='bbox 2163 1808 2383 1881; x_wconf 71' lang='grc' dir='ltr'><strong>εὑρήσει</strong></span> <span class='ocrx_word' id='word_1_219' title='bbox 2462 1806 2639 1866; x_wconf 67' lang='grc' dir='ltr'><strong>οὐδὲν·</strong></span> <span class='ocrx_word' id='word_1_220' title='bbox 2712 1810 2984 1881; x_wconf 75' lang='grc' dir='ltr'><strong>τουτίστι,</strong></span> <span class='ocrx_word' id='word_1_221' title='bbox 3042 1812 3149 1865; x_wconf 86' lang='grc' dir='ltr'><strong>τῶν</strong></span> <span class='ocrx_word' id='word_1_222' title='bbox 3228 1807 3436 1866; x_wconf 70' lang='grc' dir='ltr'><strong>ἐκείνου</strong></span> <span class='ocrx_word' id='word_1_223' title='bbox 3496 1808 3823 1888; x_wconf 77' lang='grc' dir='ltr'><strong>σπερμάτων</strong></span> 
     </span>
    </p>
   </div>
   <div class='ocr_carea' id='block_1_34' title="bbox 406 1899 2055 1998">
    <p class='ocr_par' dir='ltr' id='par_1_34' title="bbox 406 1899 2055 1992">
     <span class='ocr_line' id='line_1_34' title="bbox 406 1899 2055 1992; baseline -0.002 -19"><span class='ocrx_word' id='word_1_224' title='bbox 406 1917 633 1992; x_wconf 85' lang='lat' dir='ltr'><strong>peccati</strong></span> <span class='ocrx_word' id='word_1_225' title='bbox 647 1899 981 1991; x_wconf 79' lang='lat' dir='ltr'><strong>vestigium,</strong></span> <span class='ocrx_word' id='word_1_226' title='bbox 998 1916 1375 1985; x_wconf 89' lang='lat' dir='ltr'><strong>autodorem,</strong></span> <span class='ocrx_word' id='word_1_227' title='bbox 1391 1914 1729 1973; x_wconf 81' lang='lat' dir='ltr'><strong>autumbrae</strong></span> <span class='ocrx_word' id='word_1_228' title='bbox 1748 1914 2055 1971; x_wconf 89' lang='lat' dir='ltr'><strong>indicium.</strong></span> 
     </span>
    </p>
   </div>
   <div class='ocr_carea' id='block_1_35' title="bbox 2166 1899 3823 1998">
    <p class='ocr_par' dir='ltr' id='par_1_35' title="bbox 2168 1899 3823 1979">
     <span class='ocr_line' id='line_1_35' title="bbox 2168 1899 3823 1979; baseline 0.001 -23"><span class='ocrx_word' id='word_1_229' title='bbox 2168 1902 2460 1978; x_wconf 85' lang='grc' dir='ltr'><strong>γεώργιον,</strong></span> <span class='ocrx_word' id='word_1_230' title='bbox 2493 1899 2530 1973; x_wconf 74' lang='grc' dir='ltr'><strong>ἢ</strong></span> <span class='ocrx_word' id='word_1_231' title='bbox 2563 1899 2832 1979; x_wconf 79' lang='grc' dir='ltr'><strong>ἁμαρτίας</strong></span> <span class='ocrx_word' id='word_1_232' title='bbox 2864 1900 3041 1979; x_wconf 74' lang='grc' dir='ltr'><strong>ἴχνος,</strong></span> <span class='ocrx_word' id='word_1_233' title='bbox 3072 1902 3108 1972; x_wconf 71' lang='grc' dir='ltr'><strong>ἢ</strong></span> <span class='ocrx_word' id='word_1_234' title='bbox 3143 1902 3345 1976; x_wconf 73' lang='grc' dir='ltr'><strong>ὀσμὴν,</strong></span> <span class='ocrx_word' id='word_1_235' title='bbox 3382 1901 3417 1973; x_wconf 71' lang='grc' dir='ltr'><strong>ἢ</strong></span> <span class='ocrx_word' id='word_1_236' title='bbox 3450 1900 3823 1975; x_wconf 85' lang='grc' dir='ltr'><strong>ἀποσκίασμα.</strong></span> 
     </span>
    </p>
   </div>
   <div class='ocr_carea' id='block_1_36' title="bbox 406 2004 2063 2080">
    <p class='ocr_par' dir='ltr' id='par_1_36' title="bbox 406 2004 2063 2080">
     <span class='ocr_line' id='line_1_36' title="bbox 406 2004 2063 2080; baseline -0.002 -17"><span class='ocrx_word' id='word_1_237' title='bbox 406 2008 575 2076; x_wconf 89' lang='lat' dir='ltr'><strong>Nam,</strong></span> <span class='ocrx_word' id='word_1_238' title='bbox 611 2011 678 2063; x_wconf 90' lang='lat' dir='ltr'><strong>ut</strong></span> <span class='ocrx_word' id='word_1_239' title='bbox 706 2023 843 2063; x_wconf 91' lang='lat' dir='ltr'><strong>cum</strong></span> <span class='ocrx_word' id='word_1_240' title='bbox 874 2006 1168 2080; x_wconf 88' lang='lat' dir='ltr'><strong>propheta</strong></span> <span class='ocrx_word' id='word_1_241' title='bbox 1183 2004 1396 2078; x_wconf 91' lang='lat' dir='ltr'><strong>loquar</strong></span> <span class='ocrx_word' id='word_1_242' title='bbox 1420 2021 1433 2060; x_wconf 88' lang='lat'><strong>:</strong></span> <span class='ocrx_word' id='word_1_243' title='bbox 1464 2006 1757 2062; x_wconf 81' lang='lat' dir='ltr'><strong>Peccatum</strong></span> <span class='ocrx_word' id='word_1_244' title='bbox 1776 2020 1885 2059; x_wconf 85' lang='lat' dir='ltr'><strong>non</strong></span> <span class='ocrx_word' id='word_1_245' title='bbox 1903 2005 2063 2073; x_wconf 79' lang='lat' dir='ltr'><strong>fecit,</strong></span> 
     </span>
    </p>
   </div>
   <div class='ocr_carea' id='block_1_37' title="bbox 405 2092 2062 2167">
    <p class='ocr_par' dir='ltr' id='par_1_37' title="bbox 405 2092 2062 2167">
     <span class='ocr_line' id='line_1_37' title="bbox 405 2092 2062 2167; baseline -0.002 -14"><span class='ocrx_word' id='word_1_246' title='bbox 405 2114 503 2153; x_wconf 86' lang='lat' dir='ltr'><strong>nec</strong></span> <span class='ocrx_word' id='word_1_247' title='bbox 533 2097 688 2153; x_wconf 87' lang='lat' dir='ltr'><strong>dolus</strong></span> <span class='ocrx_word' id='word_1_248' title='bbox 715 2096 968 2152; x_wconf 80' lang='lat' dir='ltr'><strong>inventus</strong></span> <span class='ocrx_word' id='word_1_249' title='bbox 1000 2101 1076 2151; x_wconf 80' lang='lat' dir='ltr'><strong>est</strong></span> <span class='ocrx_word' id='word_1_250' title='bbox 1106 2097 1165 2150; x_wconf 85' lang='lat' dir='ltr'><strong>in</strong></span> <span class='ocrx_word' id='word_1_251' title='bbox 1196 2111 1288 2151; x_wconf 82' lang='lat' dir='ltr'><strong>ove</strong></span> <span class='ocrx_word' id='word_1_252' title='bbox 1313 2094 1433 2167; x_wconf 86' lang='lat' dir='ltr'><strong>ejus</strong></span> <span class='ocrx_word' id='word_1_253' title='bbox 1448 2092 1513 2150; x_wconf 74' lang='lat'><strong>&#39;3.</strong></span> <span class='ocrx_word' id='word_1_254' title='bbox 1538 2094 1825 2163; x_wconf 86' lang='lat' dir='ltr'><strong>Quocirca</strong></span> <span class='ocrx_word' id='word_1_255' title='bbox 1845 2094 2062 2150; x_wconf 91' lang='lat' dir='ltr'><strong>iterum</strong></span> 
     </span>
    </p>
   </div>
   <div class='ocr_carea' id='block_1_38' title="bbox 406 2182 2064 2256">
    <p class='ocr_par' dir='ltr' id='par_1_38' title="bbox 406 2182 2064 2256">
     <span class='ocr_line' id='line_1_38' title="bbox 406 2182 2064 2256; baseline -0.003 -12"><span class='ocrx_word' id='word_1_256' title='bbox 406 2186 645 2244; x_wconf 88' lang='lat' dir='ltr'><strong>dicebat</strong></span> <span class='ocrx_word' id='word_1_257' title='bbox 680 2202 694 2241; x_wconf 89' lang='lat'><strong>:</strong></span> <span class='ocrx_word' id='word_1_258' title='bbox 727 2187 881 2242; x_wconf 88' lang='lat' dir='ltr'><strong>Nunc</strong></span> <span class='ocrx_word' id='word_1_259' title='bbox 922 2185 1204 2256; x_wconf 83' lang='lat' dir='ltr'><strong>judicium</strong></span> <span class='ocrx_word' id='word_1_260' title='bbox 1234 2191 1311 2239; x_wconf 85' lang='lat' dir='ltr'><strong>est</strong></span> <span class='ocrx_word' id='word_1_261' title='bbox 1360 2184 1573 2255; x_wconf 84' lang='lat' dir='ltr'><strong>mundi,</strong></span> <span class='ocrx_word' id='word_1_262' title='bbox 1623 2200 1769 2240; x_wconf 84' lang='lat' dir='ltr'><strong>nunc</strong></span> <span class='ocrx_word' id='word_1_263' title='bbox 1798 2182 2064 2256; x_wconf 85' lang='lat' dir='ltr'><strong>princeps</strong></span> 
     </span>
    </p>
   </div>
   <div class='ocr_carea' id='block_1_39' title="bbox 405 2271 2061 2347">
    <p class='ocr_par' dir='ltr' id='par_1_39' title="bbox 405 2271 2061 2347">
     <span class='ocr_line' id='line_1_39' title="bbox 405 2271 2061 2347; baseline -0.001 -17"><span class='ocrx_word' id='word_1_264' title='bbox 405 2275 572 2347; x_wconf 85' lang='lat' dir='ltr'><strong>hujus</strong></span> <span class='ocrx_word' id='word_1_265' title='bbox 620 2274 815 2332; x_wconf 82' lang='lat' dir='ltr'><strong>mundi</strong></span> <span class='ocrx_word' id='word_1_266' title='bbox 864 2276 1123 2347; x_wconf 81' lang='lat' dir='ltr'><strong>ejicielur</strong></span> <span class='ocrx_word' id='word_1_267' title='bbox 1164 2276 1325 2344; x_wconf 84' lang='lat' dir='ltr'><strong>foras</strong></span> <span class='ocrx_word' id='word_1_268' title='bbox 1371 2271 1459 2341; x_wconf 79' lang='grc'>²⁴;</span> <span class='ocrx_word' id='word_1_269' title='bbox 1510 2272 1631 2329; x_wconf 83' lang='lat' dir='ltr'><strong>sive</strong></span> <span class='ocrx_word' id='word_1_270' title='bbox 1681 2273 2061 2347; x_wconf 85' lang='lat' dir='ltr'><strong>tyrannidem</strong></span> 
     </span>
    </p>
   </div>
   <div class='ocr_carea' id='block_1_40' title="bbox 413 2362 2059 2436">
    <p class='ocr_par' dir='ltr' id='par_1_40' title="bbox 413 2362 2059 2436">
     <span class='ocr_line' id='line_1_40' title="bbox 413 2362 2059 2436; baseline -0.002 -14"><span class='ocrx_word' id='word_1_271' title='bbox 413 2365 670 2433; x_wconf 84' lang='lat' dir='ltr'><strong>amittet,</strong></span> <span class='ocrx_word' id='word_1_272' title='bbox 706 2369 764 2419; x_wconf 90' lang='lat' dir='ltr'><strong>et</strong></span> <span class='ocrx_word' id='word_1_273' title='bbox 789 2363 1227 2419; x_wconf 90' lang='lat' dir='ltr'><strong>amandabitur.</strong></span> <span class='ocrx_word' id='word_1_274' title='bbox 1260 2363 1375 2419; x_wconf 89' lang='lat' dir='ltr'><strong>Sua</strong></span> <span class='ocrx_word' id='word_1_275' title='bbox 1394 2362 1576 2436; x_wconf 83' lang='lat' dir='ltr'><strong>igitur</strong></span> <span class='ocrx_word' id='word_1_276' title='bbox 1602 2363 2059 2430; x_wconf 87' lang='lat' dir='ltr'><strong>resurrectione,</strong></span> 
     </span>
    </p>
   </div>
   <div class='ocr_carea' id='block_1_41' title="bbox 396 2451 2061 2527">
    <p class='ocr_par' dir='ltr' id='par_1_41' title="bbox 396 2451 2061 2527">
     <span class='ocr_line' id='line_1_41' title="bbox 396 2451 2061 2527; baseline 0.001 -19"><span class='ocrx_word' id='word_1_277' title='bbox 396 2453 663 2511; x_wconf 88' lang='lat' dir='ltr'><strong>humana</strong></span> <span class='ocrx_word' id='word_1_278' title='bbox 692 2469 889 2511; x_wconf 86' lang='lat' dir='ltr'><strong>massa</strong></span> <span class='ocrx_word' id='word_1_279' title='bbox 924 2458 1222 2525; x_wconf 86' lang='lat' dir='ltr'><strong>reparata,</strong></span> <span class='ocrx_word' id='word_1_280' title='bbox 1252 2457 1489 2509; x_wconf 91' lang='lat' dir='ltr'><strong>sanctos</strong></span> <span class='ocrx_word' id='word_1_281' title='bbox 1511 2451 1793 2526; x_wconf 88' lang='lat' dir='ltr'><strong>deinceps</strong></span> <span class='ocrx_word' id='word_1_282' title='bbox 1823 2459 2061 2527; x_wconf 89' lang='lat' dir='ltr'><strong>aposto-</strong></span> 
     </span>
    </p>
   </div>
   <div class='ocr_carea' id='block_1_42' title="bbox 413 2541 2060 2613">
    <p class='ocr_par' dir='ltr' id='par_1_42' title="bbox 413 2541 2060 2613">
     <span class='ocr_line' id='line_1_42' title="bbox 413 2541 2060 2613; baseline 0.001 -14"><span class='ocrx_word' id='word_1_283' title='bbox 413 2544 507 2600; x_wconf 91' lang='lat' dir='ltr'><strong>los</strong></span> <span class='ocrx_word' id='word_1_284' title='bbox 525 2544 586 2600; x_wconf 92' lang='lat' dir='ltr'><strong>in</strong></span> <span class='ocrx_word' id='word_1_285' title='bbox 608 2543 869 2600; x_wconf 90' lang='lat' dir='ltr'><strong>universi</strong></span> <span class='ocrx_word' id='word_1_286' title='bbox 892 2547 1187 2599; x_wconf 88' lang='lat' dir='ltr'><strong>terrarum</strong></span> <span class='ocrx_word' id='word_1_287' title='bbox 1209 2541 1371 2597; x_wconf 88' lang='lat' dir='ltr'><strong>orbis</strong></span> <span class='ocrx_word' id='word_1_288' title='bbox 1394 2542 1532 2599; x_wconf 82' lang='lat' dir='ltr'><strong>ﬁnis</strong></span> <span class='ocrx_word' id='word_1_289' title='bbox 1554 2543 1792 2613; x_wconf 89' lang='lat' dir='ltr'><strong>emittit,</strong></span> <span class='ocrx_word' id='word_1_290' title='bbox 1813 2547 1876 2599; x_wconf 87' lang='lat' dir='ltr'><strong>ut</strong></span> <span class='ocrx_word' id='word_1_291' title='bbox 1908 2543 2060 2600; x_wconf 88' lang='lat' dir='ltr'><strong>salu-</strong></span> 
     </span>
    </p>
   </div>
   <div class='ocr_carea' id='block_1_43' title="bbox 397 2630 2060 2706">
    <p class='ocr_par' dir='ltr' id='par_1_43' title="bbox 397 2630 2060 2706">
     <span class='ocr_line' id='line_1_43' title="bbox 397 2630 2060 2706; baseline 0 -17"><span class='ocrx_word' id='word_1_292' title='bbox 397 2638 588 2690; x_wconf 88' lang='lat' dir='ltr'><strong>tarem</strong></span> <span class='ocrx_word' id='word_1_293' title='bbox 622 2632 1115 2706; x_wconf 81' lang='lat' dir='ltr'><strong>praedicationem</strong></span> <span class='ocrx_word' id='word_1_294' title='bbox 1136 2630 1481 2688; x_wconf 89' lang='lat' dir='ltr'><strong>hominibus</strong></span> <span class='ocrx_word' id='word_1_295' title='bbox 1508 2633 1889 2698; x_wconf 89' lang='lat' dir='ltr'><strong>annuntient,</strong></span> <span class='ocrx_word' id='word_1_296' title='bbox 1914 2638 1971 2688; x_wconf 91' lang='lat' dir='ltr'><strong>et</strong></span> <span class='ocrx_word' id='word_1_297' title='bbox 1986 2632 2060 2689; x_wconf 90' lang='lat' dir='ltr'><strong>ad</strong></span> 
     </span>
    </p>
   </div>
   <div class='ocr_carea' id='block_1_44' title="bbox 404 2721 2060 2796">
    <p class='ocr_par' dir='ltr' id='par_1_44' title="bbox 404 2721 2060 2796">
     <span class='ocr_line' id='line_1_44' title="bbox 404 2721 2060 2796; baseline 0.001 -18"><span class='ocrx_word' id='word_1_298' title='bbox 404 2739 581 2778; x_wconf 88' lang='lat' dir='ltr'><strong>suum</strong></span> <span class='ocrx_word' id='word_1_299' title='bbox 612 2721 908 2778; x_wconf 85' lang='lat' dir='ltr'><strong>reducant</strong></span> <span class='ocrx_word' id='word_1_300' title='bbox 937 2728 1265 2791; x_wconf 88' lang='lat' dir='ltr'><strong>auctorem,</strong></span> <span class='ocrx_word' id='word_1_301' title='bbox 1306 2721 1680 2794; x_wconf 89' lang='lat' dir='ltr'><strong>Spiritusque</strong></span> <span class='ocrx_word' id='word_1_302' title='bbox 1729 2722 2060 2796; x_wconf 82' lang='lat' dir='ltr'><strong>fulgoribus</strong></span> 
     </span>
    </p>
   </div>
   <div class='ocr_carea' id='block_1_45' title="bbox 398 2809 2062 2884">
    <p class='ocr_par' dir='ltr' id='par_1_45' title="bbox 398 2809 2062 2884">
     <span class='ocr_line' id='line_1_45' title="bbox 398 2809 2062 2884; baseline 0 -16"><span class='ocrx_word' id='word_1_303' title='bbox 398 2811 728 2884; x_wconf 88' lang='lat' dir='ltr'><strong>impietatis</strong></span> <span class='ocrx_word' id='word_1_304' title='bbox 758 2810 1037 2867; x_wconf 88' lang='lat' dir='ltr'><strong>tenebras</strong></span> <span class='ocrx_word' id='word_1_305' title='bbox 1076 2809 1422 2882; x_wconf 87' lang='lat' dir='ltr'><strong>dissolvant,</strong></span> <span class='ocrx_word' id='word_1_306' title='bbox 1471 2827 1735 2867; x_wconf 91' lang='lat' dir='ltr'><strong>errorem</strong></span> <span class='ocrx_word' id='word_1_307' title='bbox 1778 2813 2062 2869; x_wconf 87' lang='lat' dir='ltr'><strong>extermi-</strong></span> 
     </span>
    </p>
   </div>
   <div class='ocr_carea' id='block_1_46' title="bbox 400 2899 2060 2978">
    <p class='ocr_par' dir='ltr' id='par_1_46' title="bbox 400 2899 2060 2978">
     <span class='ocr_line' id='line_1_46' title="bbox 400 2899 2060 2978; baseline -0.001 -19"><span class='ocrx_word' id='word_1_308' title='bbox 400 2902 884 2971; x_wconf 81' lang='lat' dir='ltr'><strong>nent,veritatem</strong></span> <span class='ocrx_word' id='word_1_309' title='bbox 900 2900 1175 2957; x_wconf 87' lang='lat' dir='ltr'><strong>doceant.</strong></span> <span class='ocrx_word' id='word_1_310' title='bbox 1191 2899 1356 2969; x_wconf 89' lang='lat' dir='ltr'><strong>Inde,</strong></span> <span class='ocrx_word' id='word_1_311' title='bbox 1378 2901 1883 2973; x_wconf 89' lang='lat' dir='ltr'><strong>quemadmodum</strong></span> <span class='ocrx_word' id='word_1_312' title='bbox 1905 2902 2060 2978; x_wconf 89' lang='lat' dir='ltr'><strong>ignis</strong></span> 
     </span>
    </p>
   </div>
   <div class='ocr_carea' id='block_1_47' title="bbox 399 2989 2058 3064">
    <p class='ocr_par' dir='ltr' id='par_1_47' title="bbox 399 2989 2058 3064">
     <span class='ocr_line' id='line_1_47' title="bbox 399 2989 2058 3064; baseline 0.001 -17"><span class='ocrx_word' id='word_1_313' title='bbox 399 2991 817 3064; x_wconf 88' lang='lat' dir='ltr'><strong>copiosissima</strong></span> <span class='ocrx_word' id='word_1_314' title='bbox 856 2990 1348 3064; x_wconf 88' lang='lat' dir='ltr'><strong>amplissimaque</strong></span> <span class='ocrx_word' id='word_1_315' title='bbox 1378 2989 1676 3064; x_wconf 90' lang='lat' dir='ltr'><strong>lignorum</strong></span> <span class='ocrx_word' id='word_1_316' title='bbox 1708 2997 1871 3048; x_wconf 89' lang='lat' dir='ltr'><strong>strue</strong></span> <span class='ocrx_word' id='word_1_317' title='bbox 1919 3010 2058 3049; x_wconf 93' lang='lat' dir='ltr'><strong>cor-</strong></span> 
     </span>
    </p>
   </div>
   <div class='ocr_carea' id='block_1_48' title="bbox 399 3080 2056 3156">
    <p class='ocr_par' dir='ltr' id='par_1_48' title="bbox 399 3080 2056 3156">
     <span class='ocr_line' id='line_1_48' title="bbox 399 3080 2056 3156; baseline 0.001 -19"><span class='ocrx_word' id='word_1_318' title='bbox 399 3087 591 3153; x_wconf 91' lang='lat' dir='ltr'><strong>cepta,</strong></span> <span class='ocrx_word' id='word_1_319' title='bbox 625 3081 942 3137; x_wconf 90' lang='lat' dir='ltr'><strong>celerrime</strong></span> <span class='ocrx_word' id='word_1_320' title='bbox 973 3080 1283 3137; x_wconf 84' lang='lat' dir='ltr'><strong>elatiorem</strong></span> <span class='ocrx_word' id='word_1_321' title='bbox 1333 3080 1394 3136; x_wconf 90' lang='lat' dir='ltr'><strong>in</strong></span> <span class='ocrx_word' id='word_1_322' title='bbox 1427 3080 1731 3139; x_wconf 88' lang='lat' dir='ltr'><strong>ﬂammam</strong></span> <span class='ocrx_word' id='word_1_323' title='bbox 1776 3084 2056 3156; x_wconf 80' lang='lat' dir='ltr'><strong>exsurgit,</strong></span> 
     </span>
    </p>
   </div>
   <div class='ocr_carea' id='block_1_49' title="bbox 401 3168 2057 3244">
    <p class='ocr_par' dir='ltr' id='par_1_49' title="bbox 401 3168 2057 3244">
     <span class='ocr_line' id='line_1_49' title="bbox 401 3168 2057 3244; baseline 0.002 -19"><span class='ocrx_word' id='word_1_324' title='bbox 401 3170 641 3242; x_wconf 90' lang='lat' dir='ltr'><strong>aliaque</strong></span> <span class='ocrx_word' id='word_1_325' title='bbox 673 3186 744 3225; x_wconf 88' lang='lat' dir='ltr'><strong>ex</strong></span> <span class='ocrx_word' id='word_1_326' title='bbox 775 3169 910 3225; x_wconf 86' lang='lat' dir='ltr'><strong>aliis</strong></span> <span class='ocrx_word' id='word_1_327' title='bbox 941 3168 1134 3226; x_wconf 75' lang='lat' dir='ltr'><strong>vicina</strong></span> <span class='ocrx_word' id='word_1_328' title='bbox 1163 3170 1524 3242; x_wconf 81' lang='lat' dir='ltr'><strong>depascitur,</strong></span> <span class='ocrx_word' id='word_1_329' title='bbox 1544 3187 1740 3244; x_wconf 90' lang='lat' dir='ltr'><strong>neque</strong></span> <span class='ocrx_word' id='word_1_330' title='bbox 1762 3171 1914 3229; x_wconf 90' lang='lat' dir='ltr'><strong>lucis</strong></span> <span class='ocrx_word' id='word_1_331' title='bbox 1937 3190 2057 3229; x_wconf 65' lang='lat' dir='ltr'><strong>sua:</strong></span> 
     </span>
    </p>
   </div>
   <div class='ocr_carea' id='block_1_50' title="bbox 400 3258 2057 3333">
    <p class='ocr_par' dir='ltr' id='par_1_50' title="bbox 400 3258 2057 3333">
     <span class='ocr_line' id='line_1_50' title="bbox 400 3258 2057 3333; baseline 0.002 -18"><span class='ocrx_word' id='word_1_332' title='bbox 400 3259 521 3315; x_wconf 86' lang='lat' dir='ltr'><strong>vim</strong></span> <span class='ocrx_word' id='word_1_333' title='bbox 573 3259 637 3314; x_wconf 92' lang='lat' dir='ltr'><strong>in</strong></span> <span class='ocrx_word' id='word_1_334' title='bbox 666 3258 821 3314; x_wconf 77' lang='lat'><strong>898</strong></span> <span class='ocrx_word' id='word_1_335' title='bbox 870 3259 1087 3333; x_wconf 82' lang='lat' dir='ltr'><strong>angulo</strong></span> <span class='ocrx_word' id='word_1_336' title='bbox 1136 3264 1336 3333; x_wconf 89' lang='lat' dir='ltr'><strong>potest</strong></span> <span class='ocrx_word' id='word_1_337' title='bbox 1381 3258 1621 3325; x_wconf 87' lang='lat' dir='ltr'><strong>abdere,</strong></span> <span class='ocrx_word' id='word_1_338' title='bbox 1674 3260 1778 3316; x_wconf 91' lang='lat' dir='ltr'><strong>sed</strong></span> <span class='ocrx_word' id='word_1_339' title='bbox 1826 3263 2057 3318; x_wconf 91' lang='lat' dir='ltr'><strong>cunctis</strong></span> 
     </span>
    </p>
   </div>
   <div class='ocr_carea' id='block_1_51' title="bbox 395 3347 2056 3422">
    <p class='ocr_par' dir='ltr' id='par_1_51' title="bbox 395 3347 2056 3422">
     <span class='ocr_line' id='line_1_51' title="bbox 395 3347 2056 3422; baseline 0.002 -17"><span class='ocrx_word' id='word_1_340' title='bbox 395 3348 576 3405; x_wconf 88' lang='lat' dir='ltr'><strong>etiam</strong></span> <span class='ocrx_word' id='word_1_341' title='bbox 599 3347 1020 3405; x_wconf 88' lang='lat' dir='ltr'><strong>remotissimis</strong></span> <span class='ocrx_word' id='word_1_342' title='bbox 1045 3348 1434 3422; x_wconf 87' lang='lat' dir='ltr'><strong>conspicuam</strong></span> <span class='ocrx_word' id='word_1_343' title='bbox 1457 3348 1652 3406; x_wconf 89' lang='lat' dir='ltr'><strong>reddit</strong></span> <span class='ocrx_word' id='word_1_344' title='bbox 1676 3366 1690 3405; x_wconf 89' lang='lat'><strong>:</strong></span> <span class='ocrx_word' id='word_1_345' title='bbox 1715 3350 1800 3406; x_wconf 91' lang='lat' dir='ltr'><strong>sic</strong></span> <span class='ocrx_word' id='word_1_346' title='bbox 1821 3350 2056 3408; x_wconf 91' lang='lat' dir='ltr'><strong>divinus</strong></span> 
     </span>
    </p>
   </div>
   <div class='ocr_carea' id='block_1_52' title="bbox 392 3437 2057 3512">
    <p class='ocr_par' dir='ltr' id='par_1_52' title="bbox 392 3437 2057 3512">
     <span class='ocr_line' id='line_1_52' title="bbox 392 3437 2057 3512; baseline 0.003 -19"><span class='ocrx_word' id='word_1_347' title='bbox 392 3438 497 3495; x_wconf 91' lang='lat' dir='ltr'><strong>ille</strong></span> <span class='ocrx_word' id='word_1_348' title='bbox 531 3438 706 3512; x_wconf 90' lang='lat' dir='ltr'><strong>ignis,</strong></span> <span class='ocrx_word' id='word_1_349' title='bbox 739 3454 918 3511; x_wconf 89' lang='lat' dir='ltr'><strong>quem</strong></span> <span class='ocrx_word' id='word_1_350' title='bbox 949 3443 1015 3494; x_wconf 91' lang='lat' dir='ltr'><strong>ut</strong></span> <span class='ocrx_word' id='word_1_351' title='bbox 1058 3437 1325 3495; x_wconf 84' lang='lat' dir='ltr'><strong>mitteret</strong></span> <span class='ocrx_word' id='word_1_352' title='bbox 1370 3438 1434 3495; x_wconf 87' lang='lat' dir='ltr'><strong>in</strong></span> <span class='ocrx_word' id='word_1_353' title='bbox 1477 3443 1723 3512; x_wconf 88' lang='lat' dir='ltr'><strong>terram,</strong></span> <span class='ocrx_word' id='word_1_354' title='bbox 1773 3440 2057 3498; x_wconf 90' lang='lat' dir='ltr'><strong>Dominus</strong></span> 
     </span>
    </p>
   </div>
   <div class='ocr_carea' id='block_1_53' title="bbox 399 3525 2053 3603">
    <p class='ocr_par' dir='ltr' id='par_1_53' title="bbox 399 3525 2053 3603">
     <span class='ocr_line' id='line_1_53' title="bbox 399 3525 2053 3603; baseline 0.003 -22"><span class='ocrx_word' id='word_1_355' title='bbox 399 3543 582 3600; x_wconf 90' lang='lat' dir='ltr'><strong>supra</strong></span> <span class='ocrx_word' id='word_1_356' title='bbox 610 3531 830 3582; x_wconf 89' lang='lat' dir='ltr'><strong>terram</strong></span> <span class='ocrx_word' id='word_1_357' title='bbox 856 3525 1129 3583; x_wconf 87' lang='lat' dir='ltr'><strong>ascendit</strong></span> <span class='ocrx_word' id='word_1_358' title='bbox 1164 3525 1233 3596; x_wconf 62' lang='grc'><strong>⁸⁵,</strong></span> <span class='ocrx_word' id='word_1_359' title='bbox 1268 3525 1391 3598; x_wconf 90' lang='lat' dir='ltr'><strong>ille,</strong></span> <span class='ocrx_word' id='word_1_360' title='bbox 1425 3527 1696 3602; x_wconf 86' lang='lat' dir='ltr'><strong>inquam,</strong></span> <span class='ocrx_word' id='word_1_361' title='bbox 1728 3529 1830 3603; x_wconf 88' lang='lat' dir='ltr'><strong>qui</strong></span> <span class='ocrx_word' id='word_1_362' title='bbox 1876 3545 2053 3586; x_wconf 87' lang='lat' dir='ltr'><strong>omne</strong></span> 
     </span>
    </p>
   </div>
   <div class='ocr_carea' id='block_1_54' title="bbox 389 3617 2056 3690">
    <p class='ocr_par' dir='ltr' id='par_1_54' title="bbox 389 3617 2056 3690">
     <span class='ocr_line' id='line_1_54' title="bbox 389 3617 2056 3690; baseline 0.003 -20"><span class='ocrx_word' id='word_1_363' title='bbox 389 3621 729 3688; x_wconf 86' lang='lat' dir='ltr'><strong>peccatum,</strong></span> <span class='ocrx_word' id='word_1_364' title='bbox 750 3631 1111 3689; x_wconf 88' lang='lat' dir='ltr'><strong>omnemque</strong></span> <span class='ocrx_word' id='word_1_365' title='bbox 1127 3632 1378 3690; x_wconf 88' lang='lat' dir='ltr'><strong>pravum</strong></span> <span class='ocrx_word' id='word_1_366' title='bbox 1397 3620 1771 3673; x_wconf 87' lang='lat' dir='ltr'><strong>etterrenum</strong></span> <span class='ocrx_word' id='word_1_367' title='bbox 1784 3617 2056 3675; x_wconf 89' lang='lat' dir='ltr'><strong>habitum</strong></span> 
     </span>
    </p>
   </div>
   <div class='ocr_carea' id='block_1_55' title="bbox 395 3705 2054 3780">
    <p class='ocr_par' dir='ltr' id='par_1_55' title="bbox 395 3705 2054 3780">
     <span class='ocr_line' id='line_1_55' title="bbox 395 3705 2054 3780; baseline 0.004 -20"><span class='ocrx_word' id='word_1_368' title='bbox 395 3710 456 3760; x_wconf 88' lang='lat' dir='ltr'><strong>et</strong></span> <span class='ocrx_word' id='word_1_369' title='bbox 485 3705 862 3763; x_wconf 78' lang='lat' dir='ltr'><strong>affectionem</strong></span> <span class='ocrx_word' id='word_1_370' title='bbox 879 3706 1143 3762; x_wconf 89' lang='lat' dir='ltr'><strong>absumit</strong></span> <span class='ocrx_word' id='word_1_371' title='bbox 1172 3710 1232 3761; x_wconf 90' lang='lat' dir='ltr'><strong>et</strong></span> <span class='ocrx_word' id='word_1_372' title='bbox 1258 3705 1479 3778; x_wconf 88' lang='lat' dir='ltr'><strong>abolet,</strong></span> <span class='ocrx_word' id='word_1_373' title='bbox 1502 3722 1610 3780; x_wconf 91' lang='lat' dir='ltr'><strong>per</strong></span> <span class='ocrx_word' id='word_1_374' title='bbox 1630 3707 1933 3779; x_wconf 89' lang='lat' dir='ltr'><strong>apostolos</strong></span> <span class='ocrx_word' id='word_1_375' title='bbox 1955 3725 2054 3765; x_wconf 85' lang='lat' dir='ltr'><strong>eo-</strong></span> 
     </span>
    </p>
   </div>
   <div class='ocr_carea' id='block_1_56' title="bbox 396 3795 2057 3868">
    <p class='ocr_par' dir='ltr' id='par_1_56' title="bbox 396 3795 2057 3868">
     <span class='ocr_line' id='line_1_56' title="bbox 396 3795 2057 3868; baseline 0 -16"><span class='ocrx_word' id='word_1_376' title='bbox 396 3812 653 3868; x_wconf 90' lang='lat' dir='ltr'><strong>rumque</strong></span> <span class='ocrx_word' id='word_1_377' title='bbox 687 3811 1084 3862; x_wconf 89' lang='lat' dir='ltr'><strong>successores,</strong></span> <span class='ocrx_word' id='word_1_378' title='bbox 1115 3795 1177 3851; x_wconf 92' lang='lat' dir='ltr'><strong>in</strong></span> <span class='ocrx_word' id='word_1_379' title='bbox 1199 3795 1514 3852; x_wconf 86' lang='lat' dir='ltr'><strong>hominum</strong></span> <span class='ocrx_word' id='word_1_380' title='bbox 1546 3797 1778 3854; x_wconf 89' lang='lat' dir='ltr'><strong>animos</strong></span> <span class='ocrx_word' id='word_1_381' title='bbox 1805 3797 2057 3855; x_wconf 88' lang='lat' dir='ltr'><strong>commi-</strong></span> 
     </span>
    </p>
   </div>
   <div class='ocr_carea' id='block_1_57' title="bbox 395 3885 2053 3963">
    <p class='ocr_par' dir='ltr' id='par_1_57' title="bbox 395 3885 2053 3963">
     <span class='ocr_line' id='line_1_57' title="bbox 395 3885 2053 3963; baseline 0.003 -23"><span class='ocrx_word' id='word_1_382' title='bbox 395 3901 575 3961; x_wconf 89' lang='lat' dir='ltr'><strong>grans</strong></span> <span class='ocrx_word' id='word_1_383' title='bbox 602 3903 615 3953; x_wconf 90' lang='lat'><strong>;</strong></span> <span class='ocrx_word' id='word_1_384' title='bbox 641 3901 741 3941; x_wconf 91' lang='lat' dir='ltr'><strong>eos</strong></span> <span class='ocrx_word' id='word_1_385' title='bbox 762 3885 1007 3957; x_wconf 90' lang='lat' dir='ltr'><strong>quidem</strong></span> <span class='ocrx_word' id='word_1_386' title='bbox 1030 3890 1325 3959; x_wconf 92' lang='lat' dir='ltr'><strong>quotquot</strong></span> <span class='ocrx_word' id='word_1_387' title='bbox 1343 3885 1512 3942; x_wconf 90' lang='lat' dir='ltr'><strong>lenes</strong></span> <span class='ocrx_word' id='word_1_388' title='bbox 1529 3891 1702 3943; x_wconf 90' lang='lat' dir='ltr'><strong>erant</strong></span> <span class='ocrx_word' id='word_1_389' title='bbox 1720 3887 2053 3963; x_wconf 89' lang='lat' dir='ltr'><strong>mollesque</strong></span> 
     </span>
    </p>
   </div>
   <div class='ocr_carea' id='block_1_58' title="bbox 394 3975 2052 4051">
    <p class='ocr_par' dir='ltr' id='par_1_58' title="bbox 394 3975 2052 4051">
     <span class='ocr_line' id='line_1_58' title="bbox 394 3975 2052 4051; baseline 0.001 -19"><span class='ocrx_word' id='word_1_390' title='bbox 394 3981 457 4032; x_wconf 90' lang='lat' dir='ltr'><strong>et</strong></span> <span class='ocrx_word' id='word_1_391' title='bbox 475 3975 883 4032; x_wconf 85' lang='lat' dir='ltr'><strong>reformationi</strong></span> <span class='ocrx_word' id='word_1_392' title='bbox 914 3975 1139 4041; x_wconf 85' lang='lat' dir='ltr'><strong>idonei,</strong></span> <span class='ocrx_word' id='word_1_393' title='bbox 1172 3991 1467 4049; x_wconf 90' lang='lat' dir='ltr'><strong>suumque</strong></span> <span class='ocrx_word' id='word_1_394' title='bbox 1497 3981 1826 4047; x_wconf 88' lang='lat' dir='ltr'><strong>auctorem,</strong></span> <span class='ocrx_word' id='word_1_395' title='bbox 1874 3983 2052 4051; x_wconf 89' lang='lat' dir='ltr'><strong>atque</strong></span> 
     </span>
    </p>
   </div>
   <div class='ocr_carea' id='block_1_59' title="bbox 403 4064 2051 4141">
    <p class='ocr_par' dir='ltr' id='par_1_59' title="bbox 403 4064 2051 4141">
     <span class='ocr_line' id='line_1_59' title="bbox 403 4064 2051 4141; baseline 0.001 -18"><span class='ocrx_word' id='word_1_396' title='bbox 403 4083 437 4123; x_wconf 92' lang='lat' dir='ltr'><strong>a</strong></span> <span class='ocrx_word' id='word_1_397' title='bbox 465 4066 801 4140; x_wconf 84' lang='lat' dir='ltr'><strong>captivitate</strong></span> <span class='ocrx_word' id='word_1_398' title='bbox 832 4064 928 4122; x_wconf 93' lang='lat' dir='ltr'><strong>cui</strong></span> <span class='ocrx_word' id='word_1_399' title='bbox 959 4064 1183 4122; x_wconf 89' lang='lat' dir='ltr'><strong>addicti</strong></span> <span class='ocrx_word' id='word_1_400' title='bbox 1222 4070 1415 4136; x_wconf 91' lang='lat' dir='ltr'><strong>erant,</strong></span> <span class='ocrx_word' id='word_1_401' title='bbox 1459 4066 1903 4141; x_wconf 89' lang='lat' dir='ltr'><strong>redemptorem</strong></span> <span class='ocrx_word' id='word_1_402' title='bbox 1952 4085 2051 4125; x_wconf 81' lang='lat' dir='ltr'><strong>ex-</strong></span> 
     </span>
    </p>
   </div>
   <div class='ocr_carea' id='block_1_60' title="bbox 395 4154 2048 4229">
    <p class='ocr_par' dir='ltr' id='par_1_60' title="bbox 395 4154 2048 4229">
     <span class='ocr_line' id='line_1_60' title="bbox 395 4154 2048 4229; baseline 0.001 -17"><span class='ocrx_word' id='word_1_403' title='bbox 395 4155 766 4229; x_wconf 90' lang='lat' dir='ltr'><strong>spectabant,</strong></span> <span class='ocrx_word' id='word_1_404' title='bbox 798 4154 1113 4211; x_wconf 88' lang='lat' dir='ltr'><strong>confestim</strong></span> <span class='ocrx_word' id='word_1_405' title='bbox 1144 4154 1430 4211; x_wconf 88' lang='lat' dir='ltr'><strong>abstersis</strong></span> <span class='ocrx_word' id='word_1_406' title='bbox 1451 4161 1833 4229; x_wconf 88' lang='lat' dir='ltr'><strong>peccatorum</strong></span> <span class='ocrx_word' id='word_1_407' title='bbox 1857 4157 2048 4214; x_wconf 84' lang='lat' dir='ltr'><strong>sordi-</strong></span> 
     </span>
    </p>
   </div>
   <div class='ocr_carea' id='block_1_61' title="bbox 392 4243 2054 4315">
    <p class='ocr_par' dir='ltr' id='par_1_61' title="bbox 392 4243 2054 4315">
     <span class='ocr_line' id='line_1_61' title="bbox 392 4243 2054 4315; baseline 0 -13"><span class='ocrx_word' id='word_1_408' title='bbox 392 4246 507 4302; x_wconf 86' lang='lat' dir='ltr'><strong>bus</strong></span> <span class='ocrx_word' id='word_1_409' title='bbox 537 4250 597 4302; x_wconf 93' lang='lat' dir='ltr'><strong>et</strong></span> <span class='ocrx_word' id='word_1_410' title='bbox 626 4244 987 4313; x_wconf 89' lang='lat' dir='ltr'><strong>emundatis,</strong></span> <span class='ocrx_word' id='word_1_411' title='bbox 1020 4243 1271 4315; x_wconf 85' lang='lat' dir='ltr'><strong>divinos,</strong></span> <span class='ocrx_word' id='word_1_412' title='bbox 1305 4244 1539 4302; x_wconf 90' lang='lat' dir='ltr'><strong>lucidos</strong></span> <span class='ocrx_word' id='word_1_413' title='bbox 1570 4251 1631 4302; x_wconf 92' lang='lat' dir='ltr'><strong>et</strong></span> <span class='ocrx_word' id='word_1_414' title='bbox 1658 4246 1853 4302; x_wconf 89' lang='lat' dir='ltr'><strong>claros</strong></span> <span class='ocrx_word' id='word_1_415' title='bbox 1885 4246 2054 4303; x_wconf 82' lang='lat' dir='ltr'><strong>ador-</strong></span> 
     </span>
    </p>
   </div>
   <div class='ocr_carea' id='block_1_62' title="bbox 393 4333 2052 4408">
    <p class='ocr_par' dir='ltr' id='par_1_62' title="bbox 393 4333 2052 4408">
     <span class='ocr_line' id='line_1_62' title="bbox 393 4333 2052 4408; baseline 0.002 -18"><span class='ocrx_word' id='word_1_416' title='bbox 393 4335 593 4405; x_wconf 88' lang='lat' dir='ltr'><strong>navit;</strong></span> <span class='ocrx_word' id='word_1_417' title='bbox 618 4333 756 4390; x_wconf 91' lang='lat' dir='ltr'><strong>illos</strong></span> <span class='ocrx_word' id='word_1_418' title='bbox 785 4339 984 4390; x_wconf 90' lang='lat' dir='ltr'><strong>autem</strong></span> <span class='ocrx_word' id='word_1_419' title='bbox 1007 4333 1109 4407; x_wconf 88' lang='lat' dir='ltr'><strong>qui</strong></span> <span class='ocrx_word' id='word_1_420' title='bbox 1131 4333 1457 4408; x_wconf 88' lang='lat' dir='ltr'><strong>impietatis</strong></span> <span class='ocrx_word' id='word_1_421' title='bbox 1480 4334 1680 4392; x_wconf 89' lang='lat' dir='ltr'><strong>labem</strong></span> <span class='ocrx_word' id='word_1_422' title='bbox 1696 4335 1814 4392; x_wconf 84' lang='lat' dir='ltr'><strong>alte</strong></span> <span class='ocrx_word' id='word_1_423' title='bbox 1836 4336 2052 4393; x_wconf 51' lang='lat' dir='ltr'><strong>hause-</strong></span> 
     </span>
    </p>
   </div>
   <div class='ocr_carea' id='block_1_63' title="bbox 393 4423 2053 4499">
    <p class='ocr_par' dir='ltr' id='par_1_63' title="bbox 393 4423 2053 4499">
     <span class='ocr_line' id='line_1_63' title="bbox 393 4423 2053 4499; baseline 0.002 -19"><span class='ocrx_word' id='word_1_424' title='bbox 393 4429 554 4490; x_wconf 84' lang='lat' dir='ltr'><strong>rant,</strong></span> <span class='ocrx_word' id='word_1_425' title='bbox 586 4440 654 4480; x_wconf 88' lang='lat' dir='ltr'><strong>ac</strong></span> <span class='ocrx_word' id='word_1_426' title='bbox 679 4423 1167 4495; x_wconf 88' lang='lat' dir='ltr'><strong>vespertilionum</strong></span> <span class='ocrx_word' id='word_1_427' title='bbox 1197 4440 1386 4495; x_wconf 90' lang='lat' dir='ltr'><strong>more,</strong></span> <span class='ocrx_word' id='word_1_428' title='bbox 1429 4440 1505 4480; x_wconf 92' lang='lat' dir='ltr'><strong>ne</strong></span> <span class='ocrx_word' id='word_1_429' title='bbox 1535 4424 1777 4483; x_wconf 88' lang='lat' dir='ltr'><strong>lucente</strong></span> <span class='ocrx_word' id='word_1_430' title='bbox 1808 4425 2053 4499; x_wconf 90' lang='lat' dir='ltr'><strong>quidem</strong></span> 
     </span>
    </p>
   </div>
   <div class='ocr_carea' id='block_1_64' title="bbox 395 4512 2053 4587">
    <p class='ocr_par' dir='ltr' id='par_1_64' title="bbox 395 4512 2053 4587">
     <span class='ocr_line' id='line_1_64' title="bbox 395 4512 2053 4587; baseline 0 -16"><span class='ocrx_word' id='word_1_431' title='bbox 395 4515 521 4572; x_wconf 89' lang='lat' dir='ltr'><strong>sole</strong></span> <span class='ocrx_word' id='word_1_432' title='bbox 552 4513 675 4569; x_wconf 89' lang='lat' dir='ltr'><strong>suis</strong></span> <span class='ocrx_word' id='word_1_433' title='bbox 702 4512 970 4587; x_wconf 89' lang='lat' dir='ltr'><strong>ipsorum</strong></span> <span class='ocrx_word' id='word_1_434' title='bbox 1006 4513 1197 4569; x_wconf 89' lang='lat' dir='ltr'><strong>oculis</strong></span> <span class='ocrx_word' id='word_1_435' title='bbox 1236 4514 1559 4570; x_wconf 81' lang='lat' dir='ltr'><strong>micantem</strong></span> <span class='ocrx_word' id='word_1_436' title='bbox 1592 4513 1791 4572; x_wconf 88' lang='lat' dir='ltr'><strong>lucem</strong></span> <span class='ocrx_word' id='word_1_437' title='bbox 1843 4514 2053 4573; x_wconf 84' lang='lat' dir='ltr'><strong>inferri</strong></span> 
     </span>
    </p>
   </div>
   <div class='ocr_carea' id='block_1_65' title="bbox 396 4602 2053 4679">
    <p class='ocr_par' dir='ltr' id='par_1_65' title="bbox 396 4602 2053 4679">
     <span class='ocr_line' id='line_1_65' title="bbox 396 4602 2053 4679; baseline 0.001 -18"><span class='ocrx_word' id='word_1_438' title='bbox 396 4602 791 4675; x_wconf 87' lang='lat' dir='ltr'><strong>sustinebant,</strong></span> <span class='ocrx_word' id='word_1_439' title='bbox 825 4602 928 4661; x_wconf 88' lang='lat' dir='ltr'><strong>sed</strong></span> <span class='ocrx_word' id='word_1_440' title='bbox 956 4603 1018 4659; x_wconf 91' lang='lat' dir='ltr'><strong>in</strong></span> <span class='ocrx_word' id='word_1_441' title='bbox 1058 4602 1323 4660; x_wconf 88' lang='lat' dir='ltr'><strong>tenebris</strong></span> <span class='ocrx_word' id='word_1_442' title='bbox 1352 4608 1638 4678; x_wconf 88' lang='lat' dir='ltr'><strong>perpetuo</strong></span> <span class='ocrx_word' id='word_1_443' title='bbox 1683 4620 1855 4679; x_wconf 89' lang='lat' dir='ltr'><strong>agere</strong></span> <span class='ocrx_word' id='word_1_444' title='bbox 1906 4610 1965 4662; x_wconf 91' lang='lat' dir='ltr'><strong>et</strong></span> <span class='ocrx_word' id='word_1_445' title='bbox 1990 4606 2053 4662; x_wconf 91' lang='lat' dir='ltr'><strong>in</strong></span> 
     </span>
    </p>
   </div>
   <div class='ocr_carea' id='block_1_66' title="bbox 2168 1989 3823 2072">
    <p class='ocr_par' dir='ltr' id='par_1_66' title="bbox 2168 1989 3823 2072">
     <span class='ocr_line' id='line_1_66' title="bbox 2168 1989 3823 2072; baseline -0.001 -23"><span class='ocrx_word' id='word_1_446' title='bbox 2168 1990 2465 2070; x_wconf 83' lang='grc' dir='ltr'><strong>Ἀμαρτίαν</strong></span> <span class='ocrx_word' id='word_1_447' title='bbox 2524 1990 2625 2072; x_wconf 78' lang='grc' dir='ltr'><strong>γὰρ</strong></span> <span class='ocrx_word' id='word_1_448' title='bbox 2686 1990 2788 2049; x_wconf 78' lang='grc' dir='ltr'><strong>οῦκ</strong></span> <span class='ocrx_word' id='word_1_449' title='bbox 2860 1989 3138 2064; x_wconf 79' lang='grc' dir='ltr'><strong>ἐποίησεν,</strong></span> <span class='ocrx_word' id='word_1_450' title='bbox 3223 1994 3579 2071; x_wconf 67' lang='grc' dir='ltr'><strong>προφητικῶς</strong></span> <span class='ocrx_word' id='word_1_451' title='bbox 3633 1992 3823 2062; x_wconf 76' lang='grc' dir='ltr'><strong>εἰπεῖν,</strong></span> 
     </span>
    </p>
   </div>
   <div class='ocr_carea' id='block_1_67' title="bbox 2171 2077 3823 2158">
    <p class='ocr_par' dir='ltr' id='par_1_67' title="bbox 2171 2077 3823 2158">
     <span class='ocr_line' id='line_1_67' title="bbox 2171 2077 3823 2158; baseline 0.001 -21"><span class='ocrx_word' id='word_1_452' title='bbox 2171 2078 2299 2137; x_wconf 71' lang='grc' dir='ltr'><strong>οὐδὲ</strong></span> <span class='ocrx_word' id='word_1_453' title='bbox 2355 2077 2520 2147; x_wconf 84' lang='grc' dir='ltr'><strong>δόλος</strong></span> <span class='ocrx_word' id='word_1_454' title='bbox 2575 2080 2766 2158; x_wconf 78' lang='grc' dir='ltr'><strong>εὖρέθη</strong></span> <span class='ocrx_word' id='word_1_455' title='bbox 2826 2080 2879 2139; x_wconf 75' lang='grc' dir='ltr'><strong>ἒν</strong></span> <span class='ocrx_word' id='word_1_456' title='bbox 2936 2085 3017 2158; x_wconf 79' lang='grc' dir='ltr'><strong>τῷ</strong></span> <span class='ocrx_word' id='word_1_457' title='bbox 3076 2079 3306 2157; x_wconf 87' lang='grc' dir='ltr'><strong>στόματι</strong></span> <span class='ocrx_word' id='word_1_458' title='bbox 3364 2082 3551 2138; x_wconf 77' lang='grc' dir='ltr'><strong>αὐτοῦ.</strong></span> <span class='ocrx_word' id='word_1_459' title='bbox 3609 2083 3707 2139; x_wconf 87' lang='grc' dir='ltr'><strong>Διὸ</strong></span> <span class='ocrx_word' id='word_1_460' title='bbox 3735 2082 3823 2139; x_wconf 81' lang='grc' dir='ltr'><strong>καὶ</strong></span> 
     </span>
    </p>
   </div>
   <div class='ocr_carea' id='block_1_68' title="bbox 2169 2170 3821 2252">
    <p class='ocr_par' dir='ltr' id='par_1_68' title="bbox 2169 2170 3821 2252">
     <span class='ocr_line' id='line_1_68' title="bbox 2169 2170 3821 2252; baseline 0.001 -23"><span class='ocrx_word' id='word_1_461' title='bbox 2169 2172 2335 2231; x_wconf 85' lang='grc' dir='ltr'><strong>πάλιν</strong></span> <span class='ocrx_word' id='word_1_462' title='bbox 2369 2170 2571 2252; x_wconf 77' lang='grc' dir='ltr'><strong>ἔλεγεν,</strong></span> <span class='ocrx_word' id='word_1_463' title='bbox 2621 2178 2734 2230; x_wconf 85' lang='grc' dir='ltr'><strong>Νῦν</strong></span> <span class='ocrx_word' id='word_1_464' title='bbox 2789 2173 2968 2251; x_wconf 87' lang='grc' dir='ltr'><strong>κρίσις</strong></span> <span class='ocrx_word' id='word_1_465' title='bbox 3014 2178 3113 2230; x_wconf 86' lang='grc' dir='ltr'><strong>τοῦ</strong></span> <span class='ocrx_word' id='word_1_466' title='bbox 3167 2171 3378 2247; x_wconf 77' lang='grc' dir='ltr'><strong>κόσμου</strong></span> <span class='ocrx_word' id='word_1_467' title='bbox 3428 2172 3627 2229; x_wconf 69' lang='grc' dir='ltr'><strong>τούτου</strong></span> <span class='ocrx_word' id='word_1_468' title='bbox 3658 2172 3821 2230; x_wconf 72' lang='grc' dir='ltr'><strong>ἐστίν*</strong></span> 
     </span>
    </p>
   </div>
   <div class='ocr_carea' id='block_1_69' title="bbox 2169 2259 3824 2342">
    <p class='ocr_par' dir='ltr' id='par_1_69' title="bbox 2169 2259 3824 2342">
     <span class='ocr_line' id='line_1_69' title="bbox 2169 2259 3824 2342; baseline 0.001 -23"><span class='ocrx_word' id='word_1_469' title='bbox 2169 2266 2257 2319; x_wconf 89' lang='grc' dir='ltr'><strong>νῦν</strong></span> <span class='ocrx_word' id='word_1_470' title='bbox 2301 2263 2329 2319; x_wconf 81' lang='grc' dir='ltr'><strong>ὁ</strong></span> <span class='ocrx_word' id='word_1_471' title='bbox 2371 2260 2559 2342; x_wconf 78' lang='grc' dir='ltr'><strong>ἅρχων</strong></span> <span class='ocrx_word' id='word_1_472' title='bbox 2615 2266 2712 2320; x_wconf 89' lang='grc' dir='ltr'><strong>τοῦ</strong></span> <span class='ocrx_word' id='word_1_473' title='bbox 2767 2259 2978 2339; x_wconf 80' lang='grc' dir='ltr'><strong>κόσμου</strong></span> <span class='ocrx_word' id='word_1_474' title='bbox 3032 2261 3233 2321; x_wconf 77' lang='grc' dir='ltr'><strong>τούτου</strong></span> <span class='ocrx_word' id='word_1_475' title='bbox 3263 2259 3669 2335; x_wconf 69' lang='grc' dir='ltr'><strong>ἐκϐληθήσεται</strong></span> <span class='ocrx_word' id='word_1_476' title='bbox 3703 2261 3824 2339; x_wconf 77' lang='grc' dir='ltr'><strong>ἔξω,</strong></span> 
     </span>
    </p>
   </div>
   <div class='ocr_carea' id='block_1_70' title="bbox 2168 2350 3824 2431">
    <p class='ocr_par' dir='ltr' id='par_1_70' title="bbox 2168 2350 3824 2431">
     <span class='ocr_line' id='line_1_70' title="bbox 2168 2350 3824 2431; baseline 0.001 -20"><span class='ocrx_word' id='word_1_477' title='bbox 2168 2351 2319 2428; x_wconf 75' lang='grc' dir='ltr'><strong>ἤτοι,</strong></span> <span class='ocrx_word' id='word_1_478' title='bbox 2350 2361 2449 2425; x_wconf 82' lang='grc' dir='ltr'><strong>τῆς</strong></span> <span class='ocrx_word' id='word_1_479' title='bbox 2497 2350 2815 2431; x_wconf 76' lang='grc' dir='ltr'><strong>τυραννίδος</strong></span> <span class='ocrx_word' id='word_1_480' title='bbox 2874 2354 3204 2425; x_wconf 70' lang='grc' dir='ltr'><strong>ὶκπεσεῖται,</strong></span> <span class='ocrx_word' id='word_1_481' title='bbox 3258 2352 3349 2410; x_wconf 77' lang='grc' dir='ltr'><strong>καὶ</strong></span> <span class='ocrx_word' id='word_1_482' title='bbox 3409 2356 3824 2429; x_wconf 72' lang='grc' dir='ltr'><strong>μεταστήσεται.</strong></span> 
     </span>
    </p>
   </div>
   <div class='ocr_carea' id='block_1_71' title="bbox 2172 2442 3823 2522">
    <p class='ocr_par' dir='ltr' id='par_1_71' title="bbox 2172 2442 3823 2522">
     <span class='ocr_line' id='line_1_71' title="bbox 2172 2442 3823 2522; baseline 0 -22"><span class='ocrx_word' id='word_1_483' title='bbox 2172 2444 2270 2503; x_wconf 67' lang='grc' dir='ltr'><strong>Διὶ</strong></span> <span class='ocrx_word' id='word_1_484' title='bbox 2324 2446 2422 2515; x_wconf 76' lang='grc' dir='ltr'><strong>τῆς</strong></span> <span class='ocrx_word' id='word_1_485' title='bbox 2478 2445 2669 2501; x_wconf 67' lang='grc' dir='ltr'><strong>ἑαυτοῦ</strong></span> <span class='ocrx_word' id='word_1_486' title='bbox 2724 2442 3017 2522; x_wconf 89' lang='grc' dir='ltr'><strong>τοιγαροῦν</strong></span> <span class='ocrx_word' id='word_1_487' title='bbox 3079 2442 3417 2507; x_wconf 73' lang='grc' dir='ltr'><strong>ἀναστάσεως</strong></span> <span class='ocrx_word' id='word_1_488' title='bbox 3465 2445 3530 2500; x_wconf 87' lang='grc' dir='ltr'><strong>τὸ</strong></span> <span class='ocrx_word' id='word_1_489' title='bbox 3558 2446 3823 2520; x_wconf 72' lang='grc' dir='ltr'><strong>ἡμέτερον</strong></span> 
     </span>
    </p>
   </div>
   <div class='ocr_carea' id='block_1_72' title="bbox 2172 2533 3822 2612">
    <p class='ocr_par' dir='ltr' id='par_1_72' title="bbox 2172 2533 3822 2612">
     <span class='ocr_line' id='line_1_72' title="bbox 2172 2533 3822 2612; baseline -0.001 -22"><span class='ocrx_word' id='word_1_490' title='bbox 2172 2534 2536 2598; x_wconf 81' lang='grc' dir='ltr'><strong>ἀνασκευάσας</strong></span> <span class='ocrx_word' id='word_1_491' title='bbox 2565 2535 2656 2591; x_wconf 81' lang='grc' dir='ltr'><strong>καὶ</strong></span> <span class='ocrx_word' id='word_1_492' title='bbox 2700 2535 3145 2611; x_wconf 71' lang='grc' dir='ltr'><strong>ἀνανεωσάμενος</strong></span> <span class='ocrx_word' id='word_1_493' title='bbox 3190 2536 3435 2612; x_wconf 71' lang='grc' dir='ltr'><strong>φύραμα,</strong></span> <span class='ocrx_word' id='word_1_494' title='bbox 3492 2533 3617 2599; x_wconf 78' lang='grc' dir='ltr'><strong>τοῦς</strong></span> <span class='ocrx_word' id='word_1_495' title='bbox 3643 2533 3822 2609; x_wconf 70' lang='grc' dir='ltr'><strong>ἱεροὺς</strong></span> 
     </span>
    </p>
   </div>
   <div class='ocr_carea' id='block_1_73' title="bbox 2170 2622 3824 2700">
    <p class='ocr_par' dir='ltr' id='par_1_73' title="bbox 2170 2622 3824 2700">
     <span class='ocr_line' id='line_1_73' title="bbox 2170 2622 3824 2700; baseline -0.002 -18"><span class='ocrx_word' id='word_1_496' title='bbox 2170 2622 2366 2682; x_wconf 69' lang='grc' dir='ltr'><strong>λοιπόν</strong></span> <span class='ocrx_word' id='word_1_497' title='bbox 2396 2623 2746 2687; x_wconf 81' lang='grc' dir='ltr'><strong>ἀποστόλους</strong></span> <span class='ocrx_word' id='word_1_498' title='bbox 2776 2625 2912 2681; x_wconf 80' lang='grc' dir='ltr'><strong>κατὰ</strong></span> <span class='ocrx_word' id='word_1_499' title='bbox 2968 2625 3146 2699; x_wconf 89' lang='grc' dir='ltr'><strong>πάσης</strong></span> <span class='ocrx_word' id='word_1_500' title='bbox 3181 2623 3451 2700; x_wconf 71' lang='grc' dir='ltr'><strong>ἐκπέμπει</strong></span> <span class='ocrx_word' id='word_1_501' title='bbox 3481 2632 3581 2695; x_wconf 77' lang='grc' dir='ltr'><strong>τῆς</strong></span> <span class='ocrx_word' id='word_1_502' title='bbox 3633 2625 3824 2680; x_wconf 73' lang='grc' dir='ltr'><strong>οίκου-</strong></span> 
     </span>
    </p>
   </div>
   <div class='ocr_carea' id='block_1_74' title="bbox 2172 2711 3823 2792">
    <p class='ocr_par' dir='ltr' id='par_1_74' title="bbox 2172 2711 3823 2792">
     <span class='ocr_line' id='line_1_74' title="bbox 2172 2711 3823 2792; baseline 0 -21"><span class='ocrx_word' id='word_1_503' title='bbox 2172 2714 2340 2791; x_wconf 76' lang='grc' dir='ltr'><strong>μένης</strong></span> <span class='ocrx_word' id='word_1_504' title='bbox 2359 2714 2427 2770; x_wconf 66' lang='grc' dir='ltr'><strong>τὰ</strong></span> <span class='ocrx_word' id='word_1_505' title='bbox 2454 2715 2682 2789; x_wconf 70' lang='grc' dir='ltr'><strong>πέρατα,</strong></span> <span class='ocrx_word' id='word_1_506' title='bbox 2726 2715 2789 2771; x_wconf 87' lang='grc' dir='ltr'><strong>τὸ</strong></span> <span class='ocrx_word' id='word_1_507' title='bbox 2825 2716 3096 2792; x_wconf 75' lang='grc' dir='ltr'><strong>σωτήριον</strong></span> <span class='ocrx_word' id='word_1_508' title='bbox 3140 2719 3261 2779; x_wconf 87' lang='grc' dir='ltr'><strong>τοῖς</strong></span> <span class='ocrx_word' id='word_1_509' title='bbox 3316 2714 3538 2791; x_wconf 86' lang='grc' dir='ltr'><strong>βροτοῖς</strong></span> <span class='ocrx_word' id='word_1_510' title='bbox 3568 2711 3823 2792; x_wconf 72' lang='grc' dir='ltr'><strong>διαγγελ-</strong></span> 
     </span>
    </p>
   </div>
   <div class='ocr_carea' id='block_1_75' title="bbox 2169 2800 3826 2883">
    <p class='ocr_par' dir='ltr' id='par_1_75' title="bbox 2169 2800 3826 2883">
     <span class='ocr_line' id='line_1_75' title="bbox 2169 2800 3826 2883; baseline -0.001 -22"><span class='ocrx_word' id='word_1_511' title='bbox 2169 2802 2365 2868; x_wconf 88' lang='grc' dir='ltr'><strong>λοντας</strong></span> <span class='ocrx_word' id='word_1_512' title='bbox 2394 2807 2678 2882; x_wconf 72' lang='grc' dir='ltr'><strong>κηρυγμα,</strong></span> <span class='ocrx_word' id='word_1_513' title='bbox 2708 2804 2799 2861; x_wconf 84' lang='grc' dir='ltr'><strong>καὶ</strong></span> <span class='ocrx_word' id='word_1_514' title='bbox 2841 2806 2978 2883; x_wconf 88' lang='grc' dir='ltr'><strong>πρὸς</strong></span> <span class='ocrx_word' id='word_1_515' title='bbox 3032 2801 3127 2861; x_wconf 77' lang='grc' dir='ltr'><strong>τόν</strong></span> <span class='ocrx_word' id='word_1_516' title='bbox 3183 2800 3321 2861; x_wconf 74' lang='grc' dir='ltr'><strong>ἴδιον</strong></span> <span class='ocrx_word' id='word_1_517' title='bbox 3354 2806 3591 2878; x_wconf 72' lang='grc' dir='ltr'><strong>ποιητὴν</strong></span> <span class='ocrx_word' id='word_1_518' title='bbox 3625 2803 3826 2860; x_wconf 76' lang='grc' dir='ltr'><strong>ἐπανά-</strong></span> 
     </span>
    </p>
   </div>
   <div class='ocr_carea' id='block_1_76' title="bbox 2167 2891 3823 2972">
    <p class='ocr_par' dir='ltr' id='par_1_76' title="bbox 2167 2891 3823 2972">
     <span class='ocr_line' id='line_1_76' title="bbox 2167 2891 3823 2972; baseline 0.001 -23"><span class='ocrx_word' id='word_1_519' title='bbox 2167 2915 2387 2972; x_wconf 89' lang='grc' dir='ltr'><strong>γοντας,</strong></span> <span class='ocrx_word' id='word_1_520' title='bbox 2417 2895 2507 2950; x_wconf 78' lang='grc' dir='ltr'><strong>καὶ</strong></span> <span class='ocrx_word' id='word_1_521' title='bbox 2538 2901 2638 2965; x_wconf 80' lang='grc' dir='ltr'><strong>τῆς</strong></span> <span class='ocrx_word' id='word_1_522' title='bbox 2685 2891 2869 2960; x_wconf 76' lang='grc' dir='ltr'><strong>ἀθείας</strong></span> <span class='ocrx_word' id='word_1_523' title='bbox 2924 2894 3017 2950; x_wconf 84' lang='grc' dir='ltr'><strong>τὸν</strong></span> <span class='ocrx_word' id='word_1_524' title='bbox 3076 2892 3268 2952; x_wconf 84' lang='grc' dir='ltr'><strong>σκότον</strong></span> <span class='ocrx_word' id='word_1_525' title='bbox 3299 2900 3417 2959; x_wconf 88' lang='grc' dir='ltr'><strong>τοῖς</strong></span> <span class='ocrx_word' id='word_1_526' title='bbox 3447 2898 3548 2950; x_wconf 89' lang='grc' dir='ltr'><strong>τοῦ</strong></span> <span class='ocrx_word' id='word_1_527' title='bbox 3580 2893 3823 2968; x_wconf 70' lang='grc' dir='ltr'><strong>πνεῦμα-</strong></span> 
     </span>
    </p>
   </div>
   <div class='ocr_carea' id='block_1_77' title="bbox 2165 2979 3825 3062">
    <p class='ocr_par' dir='ltr' id='par_1_77' title="bbox 2165 2979 3825 3062">
     <span class='ocr_line' id='line_1_77' title="bbox 2165 2979 3825 3062; baseline 0.001 -23"><span class='ocrx_word' id='word_1_528' title='bbox 2165 3003 2259 3045; x_wconf 90' lang='grc' dir='ltr'><strong>τος</strong></span> <span class='ocrx_word' id='word_1_529' title='bbox 2287 2981 2669 3062; x_wconf 74' lang='grc' dir='ltr'><strong>ἀμαρύγμασιν</strong></span> <span class='ocrx_word' id='word_1_530' title='bbox 2731 2979 3074 3054; x_wconf 79' lang='grc' dir='ltr'><strong>διαλύοντας,</strong></span> <span class='ocrx_word' id='word_1_531' title='bbox 3133 2983 3223 3039; x_wconf 80' lang='grc' dir='ltr'><strong>καὶ</strong></span> <span class='ocrx_word' id='word_1_532' title='bbox 3281 2984 3381 3054; x_wconf 76' lang='grc' dir='ltr'><strong>τὴν</strong></span> <span class='ocrx_word' id='word_1_533' title='bbox 3437 2979 3651 3057; x_wconf 83' lang='grc' dir='ltr'><strong>πλάνην</strong></span> <span class='ocrx_word' id='word_1_534' title='bbox 3704 2983 3825 3056; x_wconf 79' lang='grc' dir='ltr'><strong>ἐξα-</strong></span> 
     </span>
    </p>
   </div>
   <div class='ocr_carea' id='block_1_78' title="bbox 2168 3070 3820 3152">
    <p class='ocr_par' dir='ltr' id='par_1_78' title="bbox 2168 3070 3820 3152">
     <span class='ocr_line' id='line_1_78' title="bbox 2168 3070 3820 3152; baseline 0.001 -25"><span class='ocrx_word' id='word_1_535' title='bbox 2168 3071 2507 3152; x_wconf 74' lang='grc' dir='ltr'><strong>φανίζοντας,</strong></span> <span class='ocrx_word' id='word_1_536' title='bbox 2555 3072 2647 3128; x_wconf 79' lang='grc' dir='ltr'><strong>καὶ</strong></span> <span class='ocrx_word' id='word_1_537' title='bbox 2704 3071 3033 3152; x_wconf 86' lang='grc' dir='ltr'><strong>θεογνωσίαν</strong></span> <span class='ocrx_word' id='word_1_538' title='bbox 3108 3070 3477 3139; x_wconf 73' lang='grc' dir='ltr'><strong>διδάσκοντας.</strong></span> <span class='ocrx_word' id='word_1_539' title='bbox 3546 3071 3820 3139; x_wconf 83' lang='grc' dir='ltr'><strong>Ἐντεῦθεν</strong></span> 
     </span>
    </p>
   </div>
   <div class='ocr_carea' id='block_1_79' title="bbox 2168 3159 3821 3243">
    <p class='ocr_par' dir='ltr' id='par_1_79' title="bbox 2168 3159 3821 3243">
     <span class='ocr_line' id='line_1_79' title="bbox 2168 3159 3821 3243; baseline 0.001 -26"><span class='ocrx_word' id='word_1_540' title='bbox 2168 3160 2350 3239; x_wconf 81' lang='grc' dir='ltr'><strong>ὥσπερ</strong></span> <span class='ocrx_word' id='word_1_541' title='bbox 2406 3160 2744 3237; x_wconf 76' lang='grc' dir='ltr'><strong>πολυξύλου,</strong></span> <span class='ocrx_word' id='word_1_542' title='bbox 2801 3161 2892 3217; x_wconf 84' lang='grc' dir='ltr'><strong>καὶ</strong></span> <span class='ocrx_word' id='word_1_543' title='bbox 2973 3159 3459 3243; x_wconf 75' lang='grc' dir='ltr'><strong>ἀμφιλαφεστάτης</strong></span> <span class='ocrx_word' id='word_1_544' title='bbox 3517 3162 3657 3239; x_wconf 74' lang='grc' dir='ltr'><strong>ὕλης</strong></span> <span class='ocrx_word' id='word_1_545' title='bbox 3716 3168 3821 3242; x_wconf 89' lang='grc' dir='ltr'><strong>πῦρ</strong></span> 
     </span>
    </p>
   </div>
   <div class='ocr_carea' id='block_1_80' title="bbox 2165 3247 3826 3332">
    <p class='ocr_par' dir='ltr' id='par_1_80' title="bbox 2165 3247 3826 3332">
     <span class='ocr_line' id='line_1_80' title="bbox 2165 3247 3826 3332; baseline 0.002 -26"><span class='ocrx_word' id='word_1_546' title='bbox 2165 3247 2616 3328; x_wconf 73' lang='grc' dir='ltr'><strong>ἐπιδραξάμενον,</strong></span> <span class='ocrx_word' id='word_1_547' title='bbox 2673 3254 2913 3329; x_wconf 85' lang='grc' dir='ltr'><strong>τάχιστα</strong></span> <span class='ocrx_word' id='word_1_548' title='bbox 2967 3250 3045 3316; x_wconf 80' lang='grc' dir='ltr'><strong>είς</strong></span> <span class='ocrx_word' id='word_1_549' title='bbox 3103 3251 3420 3329; x_wconf 72' lang='grc' dir='ltr'><strong>ἐπηρμένην</strong></span> <span class='ocrx_word' id='word_1_550' title='bbox 3465 3251 3643 3332; x_wconf 76' lang='grc' dir='ltr'><strong>φλόγα</strong></span> <span class='ocrx_word' id='word_1_551' title='bbox 3672 3251 3826 3310; x_wconf 72' lang='grc' dir='ltr'><strong>ἑπαί-</strong></span> 
     </span>
    </p>
   </div>
   <div class='ocr_carea' id='block_1_81' title="bbox 2088 3311 3821 3422">
    <p class='ocr_par' dir='ltr' id='par_1_81' title="bbox 2088 3311 3821 3422">
     <span class='ocr_line' id='line_1_81' title="bbox 2088 3311 3821 3422; baseline 0.002 -25"><span class='ocrx_word' id='word_1_552' title='bbox 2088 3311 2130 3378; x_wconf 78' lang='lat' dir='ltr'>c</span> <span class='ocrx_word' id='word_1_553' title='bbox 2166 3311 2335 3419; x_wconf 62' lang='grc' dir='ltr'><strong>ρεταί,</strong></span> <span class='ocrx_word' id='word_1_554' title='bbox 2365 3341 2458 3397; x_wconf 84' lang='grc' dir='ltr'><strong>καὶ</strong></span> <span class='ocrx_word' id='word_1_555' title='bbox 2492 3340 2569 3407; x_wconf 74' lang='grc' dir='ltr'><strong>είς</strong></span> <span class='ocrx_word' id='word_1_556' title='bbox 2620 3341 2689 3398; x_wconf 76' lang='grc' dir='ltr'><strong>τὰ</strong></span> <span class='ocrx_word' id='word_1_557' title='bbox 2742 3311 2995 3422; x_wconf 34' lang='grc' dir='ltr'><strong>¹ίτῆροσεχῆ</strong></span> <span class='ocrx_word' id='word_1_558' title='bbox 3060 3311 3438 3419; x_wconf 67' lang='grc' dir='ltr'><strong>μεταέάτικῶς</strong></span> <span class='ocrx_word' id='word_1_559' title='bbox 3475 3311 3821 3401; x_wconf 51' lang='grc' dir='ltr'><strong>’διαδίδοταν</strong></span> 
     </span>
    </p>
   </div>
   <div class='ocr_carea' id='block_1_82' title="bbox 2162 3427 3825 3512">
    <p class='ocr_par' dir='ltr' id='par_1_82' title="bbox 2162 3427 3825 3512">
     <span class='ocr_line' id='line_1_82' title="bbox 2162 3427 3825 3512; baseline 0.004 -27"><span class='ocrx_word' id='word_1_560' title='bbox 2162 3429 2253 3486; x_wconf 84' lang='grc' dir='ltr'><strong>καὶ</strong></span> <span class='ocrx_word' id='word_1_561' title='bbox 2282 3431 2384 3501; x_wconf 79' lang='grc' dir='ltr'><strong>τὴν</strong></span> <span class='ocrx_word' id='word_1_562' title='bbox 2417 3427 2771 3503; x_wconf 80' lang='grc' dir='ltr'><strong>Λαμπηδόνα,</strong></span> <span class='ocrx_word' id='word_1_563' title='bbox 2830 3430 2919 3488; x_wconf 82' lang='grc' dir='ltr'><strong>καὶ</strong></span> <span class='ocrx_word' id='word_1_564' title='bbox 2979 3431 3246 3511; x_wconf 72' lang='grc' dir='ltr'><strong>ἐνέργειαν</strong></span> <span class='ocrx_word' id='word_1_565' title='bbox 3305 3434 3408 3491; x_wconf 84' lang='grc' dir='ltr'><strong>οὐκ</strong></span> <span class='ocrx_word' id='word_1_566' title='bbox 3457 3433 3510 3489; x_wconf 80' lang='grc' dir='ltr'><strong>ὲν</strong></span> <span class='ocrx_word' id='word_1_567' title='bbox 3540 3438 3619 3508; x_wconf 78' lang='grc' dir='ltr'><strong>τῷ</strong></span> <span class='ocrx_word' id='word_1_568' title='bbox 3648 3455 3825 3512; x_wconf 88' lang='grc' dir='ltr'><strong>παρα-</strong></span> 
     </span>
    </p>
   </div>
   <div class='ocr_carea' id='block_1_83' title="bbox 2163 3516 3823 3598">
    <p class='ocr_par' dir='ltr' id='par_1_83' title="bbox 2163 3516 3823 3598">
     <span class='ocr_line' id='line_1_83' title="bbox 2163 3516 3823 3598; baseline 0 -19"><span class='ocrx_word' id='word_1_569' title='bbox 2163 3516 2347 3595; x_wconf 73' lang='grc' dir='ltr'><strong>ϐύστῳ</strong></span> <span class='ocrx_word' id='word_1_570' title='bbox 2398 3520 2650 3598; x_wconf 69' lang='grc' dir='ltr'><strong>κατέχειν</strong></span> <span class='ocrx_word' id='word_1_571' title='bbox 2712 3518 2956 3596; x_wconf 77' lang='grc' dir='ltr'><strong>δύναται,</strong></span> <span class='ocrx_word' id='word_1_572' title='bbox 3017 3521 3147 3579; x_wconf 79' lang='grc' dir='ltr'><strong>ἀλλ’</strong></span> <span class='ocrx_word' id='word_1_573' title='bbox 3204 3520 3444 3596; x_wconf 82' lang='grc' dir='ltr'><strong>ἔκδηλον</strong></span> <span class='ocrx_word' id='word_1_574' title='bbox 3503 3525 3693 3594; x_wconf 73' lang='grc' dir='ltr'><strong>ἅπασι,</strong></span> <span class='ocrx_word' id='word_1_575' title='bbox 3734 3523 3823 3582; x_wconf 83' lang='grc' dir='ltr'><strong>καὶ</strong></span> 
     </span>
    </p>
   </div>
   <div class='ocr_carea' id='block_1_84' title="bbox 2160 3611 3818 3688">
    <p class='ocr_par' dir='ltr' id='par_1_84' title="bbox 2160 3611 3818 3688">
     <span class='ocr_line' id='line_1_84' title="bbox 2160 3611 3818 3688; baseline 0.002 -20"><span class='ocrx_word' id='word_1_576' title='bbox 2160 3616 2280 3675; x_wconf 85' lang='grc' dir='ltr'><strong>τοῖς</strong></span> <span class='ocrx_word' id='word_1_577' title='bbox 2337 3611 2546 3687; x_wconf 79' lang='grc' dir='ltr'><strong>μακράν</strong></span> <span class='ocrx_word' id='word_1_578' title='bbox 2608 3611 3020 3687; x_wconf 76' lang='grc' dir='ltr'><strong>ἀπῳκισμένοις</strong></span> <span class='ocrx_word' id='word_1_579' title='bbox 3093 3611 3438 3684; x_wconf 89' lang='grc' dir='ltr'><strong>καθίσσησιν.</strong></span> <span class='ocrx_word' id='word_1_580' title='bbox 3502 3613 3695 3678; x_wconf 77' lang='grc' dir='ltr'><strong>Οῦτως</strong></span> <span class='ocrx_word' id='word_1_581' title='bbox 3754 3611 3818 3688; x_wconf 76' lang='grc' dir='ltr'>δὴ</span> 
     </span>
    </p>
   </div>
   <div class='ocr_carea' id='block_1_85' title="bbox 2164 3700 3823 3780">
    <p class='ocr_par' dir='ltr' id='par_1_85' title="bbox 2164 3700 3823 3780">
     <span class='ocr_line' id='line_1_85' title="bbox 2164 3700 3823 3780; baseline 0.001 -22"><span class='ocrx_word' id='word_1_582' title='bbox 2164 3700 2360 3758; x_wconf 87' lang='grc' dir='ltr'><strong>λοιπὸν</strong></span> <span class='ocrx_word' id='word_1_583' title='bbox 2392 3701 2483 3757; x_wconf 76' lang='grc' dir='ltr'><strong>καὶ</strong></span> <span class='ocrx_word' id='word_1_584' title='bbox 2512 3700 2575 3756; x_wconf 84' lang='grc' dir='ltr'><strong>τὸ</strong></span> <span class='ocrx_word' id='word_1_585' title='bbox 2606 3706 2751 3765; x_wconf 86' lang='grc' dir='ltr'><strong>θεῖον</strong></span> <span class='ocrx_word' id='word_1_586' title='bbox 2782 3704 2913 3777; x_wconf 89' lang='grc' dir='ltr'><strong>πῦρ,</strong></span> <span class='ocrx_word' id='word_1_587' title='bbox 2947 3702 2978 3758; x_wconf 77' lang='grc' dir='ltr'><strong>δ</strong></span> <span class='ocrx_word' id='word_1_588' title='bbox 3010 3700 3199 3780; x_wconf 79' lang='grc' dir='ltr'><strong>βαλεῖν</strong></span> <span class='ocrx_word' id='word_1_589' title='bbox 3254 3701 3340 3760; x_wconf 73' lang='grc' dir='ltr'><strong>ἐπὶ</strong></span> <span class='ocrx_word' id='word_1_590' title='bbox 3379 3708 3483 3777; x_wconf 86' lang='grc' dir='ltr'><strong>τῆς</strong></span> <span class='ocrx_word' id='word_1_591' title='bbox 3508 3711 3635 3780; x_wconf 84' lang='grc' dir='ltr'><strong>γῆς,</strong></span> <span class='ocrx_word' id='word_1_592' title='bbox 3666 3704 3695 3759; x_wconf 87' lang='grc' dir='ltr'><strong>ὁ</strong></span> <span class='ocrx_word' id='word_1_593' title='bbox 3725 3710 3823 3775; x_wconf 82' lang='grc' dir='ltr'><strong>τῆς</strong></span> 
     </span>
    </p>
   </div>
   <div class='ocr_carea' id='block_1_86' title="bbox 2160 3793 3819 3872">
    <p class='ocr_par' dir='ltr' id='par_1_86' title="bbox 2160 3793 3819 3872">
     <span class='ocr_line' id='line_1_86' title="bbox 2160 3793 3819 3872; baseline 0.002 -25"><span class='ocrx_word' id='word_1_594' title='bbox 2160 3793 2268 3869; x_wconf 79' lang='grc' dir='ltr'><strong>γῆς</strong></span> <span class='ocrx_word' id='word_1_595' title='bbox 2316 3793 2519 3859; x_wconf 81' lang='grc' dir='ltr'><strong>ἄνωθεν</strong></span> <span class='ocrx_word' id='word_1_596' title='bbox 2575 3795 3018 3870; x_wconf 71' lang='grc' dir='ltr'><strong>κατα-πεφοίτηκε</strong></span> <span class='ocrx_word' id='word_1_597' title='bbox 3077 3793 3305 3872; x_wconf 76' lang='grc' dir='ltr'><strong>Κύριος,</strong></span> <span class='ocrx_word' id='word_1_598' title='bbox 3364 3793 3428 3851; x_wconf 82' lang='grc' dir='ltr'><strong>τὸ</strong></span> <span class='ocrx_word' id='word_1_599' title='bbox 3479 3794 3819 3852; x_wconf 85' lang='grc' dir='ltr'><strong>ἀναλωτικὸν</strong></span> 
     </span>
    </p>
   </div>
   <div class='ocr_carea' id='block_1_87' title="bbox 2161 3880 3820 3961">
    <p class='ocr_par' dir='ltr' id='par_1_87' title="bbox 2161 3880 3820 3961">
     <span class='ocr_line' id='line_1_87' title="bbox 2161 3880 3820 3961; baseline 0.001 -23"><span class='ocrx_word' id='word_1_600' title='bbox 2161 3880 2375 3954; x_wconf 84' lang='grc' dir='ltr'><strong>ἀπάσης</strong></span> <span class='ocrx_word' id='word_1_601' title='bbox 2407 3884 2697 3958; x_wconf 79' lang='grc' dir='ltr'><strong>ἁμαρτίας,</strong></span> <span class='ocrx_word' id='word_1_602' title='bbox 2740 3884 2830 3943; x_wconf 79' lang='grc' dir='ltr'><strong>καὶ</strong></span> <span class='ocrx_word' id='word_1_603' title='bbox 2889 3888 3206 3961; x_wconf 80' lang='grc' dir='ltr'><strong>μοχθηρᾶς,</strong></span> <span class='ocrx_word' id='word_1_604' title='bbox 3255 3883 3345 3939; x_wconf 77' lang='grc' dir='ltr'><strong>καὶ</strong></span> <span class='ocrx_word' id='word_1_605' title='bbox 3382 3881 3630 3949; x_wconf 80' lang='grc' dir='ltr'><strong>ὑλώδοῠς</strong></span> <span class='ocrx_word' id='word_1_606' title='bbox 3659 3882 3820 3958; x_wconf 75' lang='grc' dir='ltr'><strong>’ἐξεώς</strong></span> 
     </span>
    </p>
   </div>
   <div class='ocr_carea' id='block_1_88' title="bbox 2159 3970 3822 4049">
    <p class='ocr_par' dir='ltr' id='par_1_88' title="bbox 2159 3970 3822 4049">
     <span class='ocr_line' id='line_1_88' title="bbox 2159 3970 3822 4049; baseline -0.001 -18"><span class='ocrx_word' id='word_1_607' title='bbox 2159 3992 2241 4042; x_wconf 78' lang='grc' dir='ltr'><strong>τε,</strong></span> <span class='ocrx_word' id='word_1_608' title='bbox 2270 3973 2357 4031; x_wconf 80' lang='grc' dir='ltr'><strong>καὶ</strong></span> <span class='ocrx_word' id='word_1_609' title='bbox 2410 3970 2700 4038; x_wconf 66' lang='grc' dir='ltr'><strong>διαθέσεως</strong></span> <span class='ocrx_word' id='word_1_610' title='bbox 2748 3970 2838 4030; x_wconf 82' lang='grc' dir='ltr'><strong>διὰ</strong></span> <span class='ocrx_word' id='word_1_611' title='bbox 2884 3977 2992 4031; x_wconf 84' lang='grc' dir='ltr'><strong>τῶν</strong></span> <span class='ocrx_word' id='word_1_612' title='bbox 3043 3973 3393 4046; x_wconf 77' lang='grc' dir='ltr'><strong>ἀποστόλων,</strong></span> <span class='ocrx_word' id='word_1_613' title='bbox 3427 3973 3658 4032; x_wconf 77' lang='grc' dir='ltr'><strong>καὶτῶν</strong></span> <span class='ocrx_word' id='word_1_614' title='bbox 3686 3976 3822 4049; x_wconf 67' lang='grc' dir='ltr'><strong>τους-</strong></span> 
     </span>
    </p>
   </div>
   <div class='ocr_carea' id='block_1_89' title="bbox 2158 4058 3817 4143">
    <p class='ocr_par' dir='ltr' id='par_1_89' title="bbox 2158 4058 3817 4143">
     <span class='ocr_line' id='line_1_89' title="bbox 2158 4058 3817 4143; baseline 0.001 -24"><span class='ocrx_word' id='word_1_615' title='bbox 2158 4083 2269 4119; x_wconf 89' lang='grc' dir='ltr'><strong>των</strong></span> <span class='ocrx_word' id='word_1_616' title='bbox 2302 4058 2603 4142; x_wconf 86' lang='grc' dir='ltr'><strong>διαδόχων,</strong></span> <span class='ocrx_word' id='word_1_617' title='bbox 2654 4062 2731 4128; x_wconf 87' lang='grc' dir='ltr'><strong>είς</strong></span> <span class='ocrx_word' id='word_1_618' title='bbox 2776 4063 2879 4120; x_wconf 85' lang='grc' dir='ltr'><strong>τάσ</strong></span> <span class='ocrx_word' id='word_1_619' title='bbox 2924 4061 3268 4140; x_wconf 80' lang='grc' dir='ltr'><strong>ἀνθρωπίνας</strong></span> <span class='ocrx_word' id='word_1_620' title='bbox 3298 4058 3579 4121; x_wconf 77' lang='grc' dir='ltr'><strong>διαϐαῖνυν</strong></span> <span class='ocrx_word' id='word_1_621' title='bbox 3611 4065 3817 4143; x_wconf 76' lang='grc' dir='ltr'><strong>ψυχάς.</strong></span> 
     </span>
    </p>
   </div>
   <div class='ocr_carea' id='block_1_90' title="bbox 2161 4152 3821 4229">
    <p class='ocr_par' dir='ltr' id='par_1_90' title="bbox 2161 4152 3821 4229">
     <span class='ocr_line' id='line_1_90' title="bbox 2161 4152 3821 4229; baseline 0.001 -20"><span class='ocrx_word' id='word_1_622' title='bbox 2161 4152 2391 4217; x_wconf 78' lang='grc' dir='ltr'><strong>Καῖτάς</strong></span> <span class='ocrx_word' id='word_1_623' title='bbox 2425 4155 2543 4229; x_wconf 76' lang='grc' dir='ltr'><strong>μὶν,</strong></span> <span class='ocrx_word' id='word_1_624' title='bbox 2601 4154 2722 4212; x_wconf 85' lang='grc' dir='ltr'><strong>’ὀσαι</strong></span> <span class='ocrx_word' id='word_1_625' title='bbox 2780 4153 2927 4211; x_wconf 87' lang='grc' dir='ltr'><strong>λεῖαί</strong></span> <span class='ocrx_word' id='word_1_626' title='bbox 2984 4175 3044 4211; x_wconf 89' lang='grc' dir='ltr'><strong>τε</strong></span> <span class='ocrx_word' id='word_1_627' title='bbox 3098 4155 3261 4226; x_wconf 74' lang='grc' dir='ltr'><strong>ἦσαν,</strong></span> <span class='ocrx_word' id='word_1_628' title='bbox 3309 4156 3401 4213; x_wconf 85' lang='grc' dir='ltr'><strong>καὶ</strong></span> <span class='ocrx_word' id='word_1_629' title='bbox 3458 4154 3691 4229; x_wconf 87' lang='grc' dir='ltr'><strong>ἀπαλαί,</strong></span> <span class='ocrx_word' id='word_1_630' title='bbox 3731 4155 3821 4214; x_wconf 81' lang='grc' dir='ltr'><strong>καὶ</strong></span> 
     </span>
    </p>
   </div>
   <div class='ocr_carea' id='block_1_91' title="bbox 2158 4241 3821 4321">
    <p class='ocr_par' dir='ltr' id='par_1_91' title="bbox 2158 4241 3821 4321">
     <span class='ocr_line' id='line_1_91' title="bbox 2158 4241 3821 4321; baseline 0.002 -21"><span class='ocrx_word' id='word_1_631' title='bbox 2158 4244 2296 4321; x_wconf 82' lang='grc' dir='ltr'><strong>πρὸς</strong></span> <span class='ocrx_word' id='word_1_632' title='bbox 2328 4243 2631 4302; x_wconf 71' lang='grc' dir='ltr'><strong>ἀνάπλασιν</strong></span> <span class='ocrx_word' id='word_1_633' title='bbox 2663 4241 2995 4316; x_wconf 70' lang='grc' dir='ltr'><strong>ἐπιτήδειαι,</strong></span> <span class='ocrx_word' id='word_1_634' title='bbox 3054 4244 3147 4301; x_wconf 85' lang='grc' dir='ltr'><strong>καὶ</strong></span> <span class='ocrx_word' id='word_1_635' title='bbox 3202 4244 3295 4303; x_wconf 85' lang='grc' dir='ltr'><strong>τὸν</strong></span> <span class='ocrx_word' id='word_1_636' title='bbox 3345 4249 3549 4302; x_wconf 72' lang='grc' dir='ltr'><strong>ἑαυτῶν</strong></span> <span class='ocrx_word' id='word_1_637' title='bbox 3582 4248 3821 4320; x_wconf 76' lang='grc' dir='ltr'><strong>ποιητὴν</strong></span> 
     </span>
    </p>
   </div>
   <div class='ocr_carea' id='block_1_92' title="bbox 2159 4332 3825 4413">
    <p class='ocr_par' dir='ltr' id='par_1_92' title="bbox 2159 4332 3825 4413">
     <span class='ocr_line' id='line_1_92' title="bbox 2159 4332 3825 4413; baseline 0.001 -23"><span class='ocrx_word' id='word_1_638' title='bbox 2159 4334 2248 4390; x_wconf 83' lang='grc' dir='ltr'><strong>καὶ</strong></span> <span class='ocrx_word' id='word_1_639' title='bbox 2283 4332 2570 4412; x_wconf 75' lang='grc' dir='ltr'><strong>λυτρωτὴν</strong></span> <span class='ocrx_word' id='word_1_640' title='bbox 2628 4332 2688 4392; x_wconf 71' lang='grc' dir='ltr'><strong>ἐκ</strong></span> <span class='ocrx_word' id='word_1_641' title='bbox 2734 4341 2840 4406; x_wconf 84' lang='grc' dir='ltr'><strong>τῆς</strong></span> <span class='ocrx_word' id='word_1_642' title='bbox 2898 4332 3236 4412; x_wconf 76' lang='grc' dir='ltr'><strong>συνεχούσης</strong></span> <span class='ocrx_word' id='word_1_643' title='bbox 3281 4334 3677 4413; x_wconf 81' lang='grc' dir='ltr'><strong>αἰχμαλωσίας</strong></span> <span class='ocrx_word' id='word_1_644' title='bbox 3704 4337 3825 4393; x_wconf 76' lang='grc' dir='ltr'><strong>ἐπι-</strong></span> 
     </span>
    </p>
   </div>
   <div class='ocr_carea' id='block_1_93' title="bbox 2162 4424 3825 4502">
    <p class='ocr_par' dir='ltr' id='par_1_93' title="bbox 2162 4424 3825 4502">
     <span class='ocr_line' id='line_1_93' title="bbox 2162 4424 3825 4502; baseline 0.001 -21"><span class='ocrx_word' id='word_1_645' title='bbox 2162 4425 2449 4495; x_wconf 86' lang='grc' dir='ltr'><strong>ποθοῦσαι,</strong></span> <span class='ocrx_word' id='word_1_646' title='bbox 2509 4425 2597 4482; x_wconf 81' lang='grc' dir='ltr'><strong>καὶ</strong></span> <span class='ocrx_word' id='word_1_647' title='bbox 2660 4424 3047 4500; x_wconf 72' lang='grc' dir='ltr'><strong>ἀναμένουσαι,</strong></span> <span class='ocrx_word' id='word_1_648' title='bbox 3097 4424 3294 4482; x_wconf 83' lang='grc' dir='ltr'><strong>αὐτίκα</strong></span> <span class='ocrx_word' id='word_1_649' title='bbox 3340 4432 3440 4497; x_wconf 86' lang='grc' dir='ltr'><strong>τῆς</strong></span> <span class='ocrx_word' id='word_1_650' title='bbox 3482 4431 3589 4482; x_wconf 89' lang='grc' dir='ltr'><strong>τῶν</strong></span> <span class='ocrx_word' id='word_1_651' title='bbox 3642 4429 3825 4502; x_wconf 85' lang='grc' dir='ltr'><strong>ἀμαρ-</strong></span> 
     </span>
    </p>
   </div>
   <div class='ocr_carea' id='block_1_94' title="bbox 2159 4512 3822 4593">
    <p class='ocr_par' dir='ltr' id='par_1_94' title="bbox 2159 4512 3822 4593">
     <span class='ocr_line' id='line_1_94' title="bbox 2159 4512 3822 4593; baseline 0.001 -22"><span class='ocrx_word' id='word_1_652' title='bbox 2159 4516 2421 4590; x_wconf 82' lang='grc' dir='ltr'><strong>τημάτων</strong></span> <span class='ocrx_word' id='word_1_653' title='bbox 2498 4512 2732 4590; x_wconf 87' lang='grc' dir='ltr'><strong>κηλίδος</strong></span> <span class='ocrx_word' id='word_1_654' title='bbox 2818 4515 3176 4592; x_wconf 85' lang='grc' dir='ltr'><strong>ἀποσμῆχον,</strong></span> <span class='ocrx_word' id='word_1_655' title='bbox 3260 4516 3349 4571; x_wconf 77' lang='grc' dir='ltr'><strong>καὶ</strong></span> <span class='ocrx_word' id='word_1_656' title='bbox 3437 4517 3822 4593; x_wconf 80' lang='grc' dir='ltr'><strong>ἀνακαθαῖρον,</strong></span> 
     </span>
    </p>
   </div>
   <div class='ocr_carea' id='block_1_95' title="bbox 2162 4603 3822 4684">
    <p class='ocr_par' dir='ltr' id='par_1_95' title="bbox 2162 4603 3822 4684">
     <span class='ocr_line' id='line_1_95' title="bbox 2162 4603 3822 4684; baseline -0.001 -22"><span class='ocrx_word' id='word_1_657' title='bbox 2162 4603 2437 4677; x_wconf 82' lang='grc' dir='ltr'><strong>θεοειδεῖς,</strong></span> <span class='ocrx_word' id='word_1_658' title='bbox 2468 4606 2559 4661; x_wconf 78' lang='grc' dir='ltr'><strong>καὶ</strong></span> <span class='ocrx_word' id='word_1_659' title='bbox 2619 4604 2907 4680; x_wconf 80' lang='grc' dir='ltr'><strong>φωτεινάς,</strong></span> <span class='ocrx_word' id='word_1_660' title='bbox 2966 4604 3057 4661; x_wconf 82' lang='grc' dir='ltr'><strong>καὶ</strong></span> <span class='ocrx_word' id='word_1_661' title='bbox 3116 4604 3376 4684; x_wconf 70' lang='grc' dir='ltr'><strong>λαμπρᾶς</strong></span> <span class='ocrx_word' id='word_1_662' title='bbox 3407 4606 3822 4682; x_wconf 75' lang='grc' dir='ltr'><strong>ἀπετόρνευσενο</strong></span> 
     </span>
    </p>
   </div>
   <div class='ocr_carea' id='block_1_96' title="bbox 401 4690 2055 4773">
    <p class='ocr_par' dir='ltr' id='par_1_96' title="bbox 401 4692 2055 4771">
     <span class='ocr_line' id='line_1_96' title="bbox 401 4692 2055 4771; baseline 0.001 -20"><span class='ocrx_word' id='word_1_663' title='bbox 401 4711 570 4751; x_wconf 80' lang='lat' dir='ltr'><strong>cmno</strong></span> <span class='ocrx_word' id='word_1_664' title='bbox 601 4692 854 4749; x_wconf 85' lang='lat' dir='ltr'><strong>volutari</strong></span> <span class='ocrx_word' id='word_1_665' title='bbox 895 4692 1254 4760; x_wconf 88' lang='lat' dir='ltr'><strong>maluerant,</strong></span> <span class='ocrx_word' id='word_1_666' title='bbox 1304 4699 1570 4751; x_wconf 90' lang='lat' dir='ltr'><strong>extremo</strong></span> <span class='ocrx_word' id='word_1_667' title='bbox 1614 4694 1904 4769; x_wconf 82' lang='lat' dir='ltr'><strong>gehennae</strong></span> <span class='ocrx_word' id='word_1_668' title='bbox 1936 4696 2055 4771; x_wconf 92' lang='lat' dir='ltr'><strong>igni</strong></span> 
     </span>
    </p>
   </div>
   <div class='ocr_carea' id='block_1_97' title="bbox 2166 4690 3818 4773">
    <p class='ocr_par' dir='ltr' id='par_1_97' title="bbox 2166 4690 3818 4773">
     <span class='ocr_line' id='line_1_97' title="bbox 2166 4690 3818 4773; baseline 0 -22"><span class='ocrx_word' id='word_1_669' title='bbox 2166 4694 2293 4758; x_wconf 77' lang='grc' dir='ltr'><strong>τοὺς</strong></span> <span class='ocrx_word' id='word_1_670' title='bbox 2324 4691 2381 4751; x_wconf 74' lang='grc' dir='ltr'><strong>δὲ</strong></span> <span class='ocrx_word' id='word_1_671' title='bbox 2411 4715 2472 4773; x_wconf 86' lang='grc' dir='ltr'><strong>γε</strong></span> <span class='ocrx_word' id='word_1_672' title='bbox 2502 4695 2640 4750; x_wconf 82' lang='grc' dir='ltr'><strong>κατά</strong></span> <span class='ocrx_word' id='word_1_673' title='bbox 2693 4690 2865 4772; x_wconf 74' lang='grc' dir='ltr'><strong>βάθος</strong></span> <span class='ocrx_word' id='word_1_674' title='bbox 2916 4690 3275 4772; x_wconf 68' lang='grc' dir='ltr'><strong>δεδεγμένους</strong></span> <span class='ocrx_word' id='word_1_675' title='bbox 3305 4695 3405 4766; x_wconf 78' lang='grc' dir='ltr'><strong>τὴν</strong></span> <span class='ocrx_word' id='word_1_676' title='bbox 3437 4703 3539 4766; x_wconf 82' lang='grc' dir='ltr'><strong>τῆς</strong></span> <span class='ocrx_word' id='word_1_677' title='bbox 3568 4691 3818 4759; x_wconf 78' lang='grc' dir='ltr'><strong>ἀσεϐείας</strong></span> 
     </span>
    </p>
   </div>
   <div class='ocr_carea' id='block_1_98' title="bbox 397 4784 2052 4863">
    <p class='ocr_par' dir='ltr' id='par_1_98' title="bbox 397 4784 2052 4863">
     <span class='ocr_line' id='line_1_98' title="bbox 397 4784 2052 4863; baseline -0.001 -18"><span class='ocrx_word' id='word_1_678' title='bbox 397 4786 646 4856; x_wconf 81' lang='lat' dir='ltr'><strong>addixit,</strong></span> <span class='ocrx_word' id='word_1_679' title='bbox 667 4802 776 4842; x_wconf 91' lang='lat' dir='ltr'><strong>ceu</strong></span> <span class='ocrx_word' id='word_1_680' title='bbox 802 4785 904 4862; x_wconf 90' lang='lat' dir='ltr'><strong>qui</strong></span> <span class='ocrx_word' id='word_1_681' title='bbox 927 4789 1138 4859; x_wconf 86' lang='lat' dir='ltr'><strong>sponte</strong></span> <span class='ocrx_word' id='word_1_682' title='bbox 1158 4784 1577 4843; x_wconf 88' lang='lat' dir='ltr'><strong>insanabiliter</strong></span> <span class='ocrx_word' id='word_1_683' title='bbox 1592 4784 1866 4845; x_wconf 87' lang='lat' dir='ltr'><strong>laborare</strong></span> <span class='ocrx_word' id='word_1_684' title='bbox 1888 4788 2052 4863; x_wconf 85' lang='lat' dir='ltr'><strong>cupi-</strong></span> 
     </span>
    </p>
   </div>
   <div class='ocr_carea' id='block_1_99' title="bbox 394 4877 608 4934">
    <p class='ocr_par' dir='ltr' id='par_1_99' title="bbox 394 4877 608 4934">
     <span class='ocr_line' id='line_1_99' title="bbox 394 4877 608 4934; baseline 0 -1"><span class='ocrx_word' id='word_1_685' title='bbox 394 4877 608 4934; x_wconf 90' lang='lat' dir='ltr'><strong>verint.</strong></span> 
     </span>
    </p>
   </div>
   <div class='ocr_carea' id='block_1_100' title="bbox 399 4957 2616 5043">
    <p class='ocr_par' dir='ltr' id='par_1_100' title="bbox 399 4957 2616 5043">
     <span class='ocr_line' id='line_1_100' title="bbox 399 4957 2616 5043; baseline -0.003 -20"><span class='ocrx_word' id='word_1_686' title='bbox 399 4964 775 5043; x_wconf 74' lang='grc' dir='ltr'><strong>βουλομὲνους</strong></span> <span class='ocrx_word' id='word_1_687' title='bbox 827 4959 1190 5041; x_wconf 69' lang='grc' dir='ltr'><strong>εἰσδέχεσθαι,</strong></span> <span class='ocrx_word' id='word_1_688' title='bbox 1247 4960 1380 5023; x_wconf 83' lang='grc' dir='ltr'><strong>ἀλλ’</strong></span> <span class='ocrx_word' id='word_1_689' title='bbox 1444 4960 1498 5021; x_wconf 64' lang='grc' dir='ltr'><strong>ἐν</strong></span> <span class='ocrx_word' id='word_1_690' title='bbox 1556 4962 1738 5020; x_wconf 79' lang='grc' dir='ltr'><strong>σκότει</strong></span> <span class='ocrx_word' id='word_1_691' title='bbox 1793 4961 2021 5043; x_wconf 83' lang='grc' dir='ltr'><strong>διάγειν,</strong></span> <span class='ocrx_word' id='word_1_692' title='bbox 2074 4963 2165 5020; x_wconf 81' lang='grc' dir='ltr'><strong>καὶ</strong></span> <span class='ocrx_word' id='word_1_693' title='bbox 2221 4967 2301 5037; x_wconf 84' lang='grc' dir='ltr'><strong>τῷ</strong></span> <span class='ocrx_word' id='word_1_694' title='bbox 2360 4957 2616 5043; x_wconf 79' lang='grc' dir='ltr'><strong>βορϐόρῳ</strong></span> 
     </span>
    </p>
   </div>
   <div class='ocr_carea' id='block_1_101' title="bbox 2165 4781 3823 4861">
    <p class='ocr_par' dir='ltr' id='par_1_101' title="bbox 2165 4781 3823 4861">
     <span class='ocr_line' id='line_1_101' title="bbox 2165 4781 3823 4861; baseline -0.002 -19"><span class='ocrx_word' id='word_1_695' title='bbox 2165 4784 2432 4848; x_wconf 70' lang='grc' dir='ltr'><strong>δκουσίως</strong></span> <span class='ocrx_word' id='word_1_696' title='bbox 2489 4783 2781 4856; x_wconf 88' lang='grc' dir='ltr'><strong>ποιότητα,</strong></span> <span class='ocrx_word' id='word_1_697' title='bbox 2837 4783 2927 4840; x_wconf 83' lang='grc' dir='ltr'><strong>καὶ</strong></span> <span class='ocrx_word' id='word_1_698' title='bbox 2985 4781 3317 4861; x_wconf 86' lang='grc' dir='ltr'><strong>νυκτερίδων</strong></span> <span class='ocrx_word' id='word_1_699' title='bbox 3361 4781 3521 4857; x_wconf 84' lang='grc' dir='ltr'><strong>δίκην</strong></span> <span class='ocrx_word' id='word_1_700' title='bbox 3556 4789 3696 4860; x_wconf 78' lang='grc' dir='ltr'><strong>μήτε</strong></span> <span class='ocrx_word' id='word_1_701' title='bbox 3724 4789 3823 4841; x_wconf 91' lang='grc' dir='ltr'><strong>τοῦ</strong></span> 
     </span>
    </p>
   </div>
   <div class='ocr_carea' id='block_1_102' title="bbox 2163 4871 3824 4956">
    <p class='ocr_par' dir='ltr' id='par_1_102' title="bbox 2163 4871 3824 4956">
     <span class='ocr_line' id='line_1_102' title="bbox 2163 4871 3824 4956; baseline -0.001 -26"><span class='ocrx_word' id='word_1_702' title='bbox 2163 4872 2332 4947; x_wconf 78' lang='grc' dir='ltr'><strong>ἡλίου</strong></span> <span class='ocrx_word' id='word_1_703' title='bbox 2361 4873 2688 4949; x_wconf 77' lang='grc' dir='ltr'><strong>λάμψαντος</strong></span> <span class='ocrx_word' id='word_1_704' title='bbox 2736 4872 2800 4928; x_wconf 84' lang='grc' dir='ltr'><strong>τὸ</strong></span> <span class='ocrx_word' id='word_1_705' title='bbox 2858 4871 3059 4953; x_wconf 75' lang='grc' dir='ltr'><strong>φέγγος</strong></span> <span class='ocrx_word' id='word_1_706' title='bbox 3116 4879 3233 4937; x_wconf 84' lang='grc' dir='ltr'><strong>τοῖς</strong></span> <span class='ocrx_word' id='word_1_707' title='bbox 3277 4874 3480 4931; x_wconf 61' lang='grc' dir='ltr'><strong>ἑαυτῶν</strong></span> <span class='ocrx_word' id='word_1_708' title='bbox 3514 4872 3824 4956; x_wconf 71' lang='grc' dir='ltr'><strong>ὀφθαλμοῖς</strong></span> 
     </span>
    </p>
   </div>
   <div class='ocr_carea' id='block_1_103' title="bbox 2703 4959 3827 5043">
    <p class='ocr_par' dir='ltr' id='par_1_103' title="bbox 2703 4959 3827 5043">
     <span class='ocr_line' id='line_1_103' title="bbox 2703 4959 3827 5043; baseline 0.004 -26"><span class='ocrx_word' id='word_1_709' title='bbox 2703 4959 3142 5038; x_wconf 76' lang='grc' dir='ltr'><strong>ἒγκαλινδεῖσθαι</strong></span> <span class='ocrx_word' id='word_1_710' title='bbox 3204 4959 3472 5037; x_wconf 82' lang='grc' dir='ltr'><strong>διηνεκῶς</strong></span> <span class='ocrx_word' id='word_1_711' title='bbox 3526 4984 3827 5043; x_wconf 85' lang='grc' dir='ltr'><strong>προαιρου-</strong></span> 
     </span>
    </p>
   </div>
   <div class='ocr_carea' id='block_1_104' title="bbox 394 5050 3285 5135">
    <p class='ocr_par' dir='ltr' id='par_1_104' title="bbox 394 5050 3285 5135">
     <span class='ocr_line' id='line_1_104' title="bbox 394 5050 3285 5135; baseline -0 -23"><span class='ocrx_word' id='word_1_712' title='bbox 394 5055 613 5135; x_wconf 72' lang='grc' dir='ltr'><strong>μένους,</strong></span> <span class='ocrx_word' id='word_1_713' title='bbox 641 5057 722 5131; x_wconf 78' lang='grc' dir='ltr'><strong>τῷ</strong></span> <span class='ocrx_word' id='word_1_714' title='bbox 742 5050 1044 5129; x_wconf 82' lang='grc' dir='ltr'><strong>τελευταίῳ</strong></span> <span class='ocrx_word' id='word_1_715' title='bbox 1070 5059 1171 5125; x_wconf 72' lang='grc' dir='ltr'><strong>τῆς</strong></span> <span class='ocrx_word' id='word_1_716' title='bbox 1200 5050 1423 5132; x_wconf 67' lang='grc' dir='ltr'><strong>γείννης</strong></span> <span class='ocrx_word' id='word_1_717' title='bbox 1450 5054 1584 5133; x_wconf 81' lang='grc' dir='ltr'><strong>πυρὶ</strong></span> <span class='ocrx_word' id='word_1_718' title='bbox 1612 5055 1988 5133; x_wconf 66' lang='grc' dir='ltr'><strong>παρέπεμπεν,</strong></span> <span class='ocrx_word' id='word_1_719' title='bbox 2022 5053 2096 5119; x_wconf 85' lang='grc' dir='ltr'>ὡς</span> <span class='ocrx_word' id='word_1_720' title='bbox 2129 5053 2321 5112; x_wconf 86' lang='grc' dir='ltr'><strong>ἀνίατα</strong></span> <span class='ocrx_word' id='word_1_721' title='bbox 2348 5056 2523 5111; x_wconf 87' lang='grc' dir='ltr'><strong>νοσεῖν</strong></span> <span class='ocrx_word' id='word_1_722' title='bbox 2552 5050 2882 5117; x_wconf 76' lang='grc' dir='ltr'><strong>ἰθελουσίως</strong></span> <span class='ocrx_word' id='word_1_723' title='bbox 2910 5053 3285 5126; x_wconf 73' lang='grc' dir='ltr'><strong>ποθήσαντας.</strong></span> 
     </span>
    </p>
   </div>
   <div class='ocr_carea' id='block_1_105' title="bbox 460 5181 2058 5254">
    <p class='ocr_par' dir='ltr' id='par_1_105' title="bbox 460 5181 2058 5254">
     <span class='ocr_line' id='line_1_105' title="bbox 460 5181 2058 5254; baseline -0.001 -10"><span class='ocrx_word' id='word_1_724' title='bbox 460 5190 513 5246; x_wconf 85' lang='lat'><strong>6.</strong></span> <span class='ocrx_word' id='word_1_725' title='bbox 553 5187 771 5244; x_wconf 87' lang='lat' dir='ltr'><strong>Verum</strong></span> <span class='ocrx_word' id='word_1_726' title='bbox 802 5182 1099 5254; x_wconf 87' lang='lat' dir='ltr'><strong>ejusmodi</strong></span> <span class='ocrx_word' id='word_1_727' title='bbox 1127 5199 1249 5240; x_wconf 90' lang='lat' dir='ltr'><strong>non</strong></span> <span class='ocrx_word' id='word_1_728' title='bbox 1268 5181 1384 5241; x_wconf 84' lang='lat' dir='ltr'><strong>fuit</strong></span> <span class='ocrx_word' id='word_1_729' title='bbox 1412 5182 1821 5241; x_wconf 70' lang='lat' dir='ltr'><strong>celeberrimis</strong></span> <span class='ocrx_word' id='word_1_730' title='bbox 1843 5182 2058 5242; x_wconf 85' lang='lat' dir='ltr'><strong>Barba-</strong></span> 
     </span>
    </p>
   </div>
   <div class='ocr_carea' id='block_1_106' title="bbox 382 5271 2056 5345">
    <p class='ocr_par' dir='ltr' id='par_1_106' title="bbox 382 5271 2056 5345">
     <span class='ocr_line' id='line_1_106' title="bbox 382 5271 2056 5345; baseline -0.004 -9"><span class='ocrx_word' id='word_1_731' title='bbox 382 5296 464 5336; x_wconf 68' lang='lat' dir='ltr'><strong>ros</strong></span> <span class='ocrx_word' id='word_1_732' title='bbox 486 5273 924 5334; x_wconf 88' lang='lat' dir='ltr'><strong>sacratissimus</strong></span> <span class='ocrx_word' id='word_1_733' title='bbox 937 5287 1003 5329; x_wconf 89' lang='lat' dir='ltr'><strong>ac</strong></span> <span class='ocrx_word' id='word_1_734' title='bbox 1013 5271 1372 5344; x_wconf 89' lang='lat' dir='ltr'><strong>purissimus</strong></span> <span class='ocrx_word' id='word_1_735' title='bbox 1386 5273 1645 5330; x_wconf 87' lang='lat' dir='ltr'><strong>animus.</strong></span> <span class='ocrx_word' id='word_1_736' title='bbox 1684 5273 1841 5341; x_wconf 89' lang='lat' dir='ltr'><strong>Quin</strong></span> <span class='ocrx_word' id='word_1_737' title='bbox 1857 5273 2056 5345; x_wconf 88' lang='lat' dir='ltr'><strong>potius</strong></span> 
     </span>
    </p>
   </div>
   <div class='ocr_carea' id='block_1_107' title="bbox 386 5361 2049 5438">
    <p class='ocr_par' dir='ltr' id='par_1_107' title="bbox 386 5361 2049 5438">
     <span class='ocr_line' id='line_1_107' title="bbox 386 5361 2049 5438; baseline -0.005 -13"><span class='ocrx_word' id='word_1_738' title='bbox 386 5368 526 5425; x_wconf 80' lang='lat' dir='ltr'><strong>fidei</strong></span> <span class='ocrx_word' id='word_1_739' title='bbox 554 5363 873 5438; x_wconf 90' lang='lat' dir='ltr'><strong>splendore</strong></span> <span class='ocrx_word' id='word_1_740' title='bbox 906 5367 1207 5434; x_wconf 88' lang='lat' dir='ltr'><strong>suscepto,</strong></span> <span class='ocrx_word' id='word_1_741' title='bbox 1235 5367 1293 5416; x_wconf 91' lang='lat' dir='ltr'><strong>et</strong></span> <span class='ocrx_word' id='word_1_742' title='bbox 1317 5361 1578 5418; x_wconf 87' lang='lat' dir='ltr'><strong>tenebris</strong></span> <span class='ocrx_word' id='word_1_743' title='bbox 1605 5378 1740 5418; x_wconf 91' lang='lat' dir='ltr'><strong>cum</strong></span> <span class='ocrx_word' id='word_1_744' title='bbox 1770 5363 1904 5419; x_wconf 92' lang='lat' dir='ltr'><strong>luce</strong></span> <span class='ocrx_word' id='word_1_745' title='bbox 1926 5362 2049 5419; x_wconf 87' lang='lat' dir='ltr'><strong>col-</strong></span> 
     </span>
    </p>
   </div>
   <div class='ocr_carea' id='block_1_108' title="bbox 389 5449 2055 5524">
    <p class='ocr_par' dir='ltr' id='par_1_108' title="bbox 389 5449 2055 5524">
     <span class='ocr_line' id='line_1_108' title="bbox 389 5449 2055 5524; baseline -0.004 -12"><span class='ocrx_word' id='word_1_746' title='bbox 389 5457 929 5519; x_wconf 81' lang='lat' dir='ltr'><strong>latis,immensum</strong></span> <span class='ocrx_word' id='word_1_747' title='bbox 945 5451 1213 5507; x_wconf 85' lang='lat' dir='ltr'><strong>intereas</strong></span> <span class='ocrx_word' id='word_1_748' title='bbox 1233 5449 1556 5506; x_wconf 86' lang='lat' dir='ltr'><strong>discrimen</strong></span> <span class='ocrx_word' id='word_1_749' title='bbox 1579 5451 1977 5524; x_wconf 89' lang='lat' dir='ltr'><strong>comperiens,</strong></span> <span class='ocrx_word' id='word_1_750' title='bbox 1996 5456 2055 5507; x_wconf 91' lang='lat' dir='ltr'><strong>et</strong></span> 
     </span>
    </p>
   </div>
   <div class='ocr_carea' id='block_1_109' title="bbox 392 5539 2050 5619">
    <p class='ocr_par' dir='ltr' id='par_1_109' title="bbox 392 5539 2050 5619">
     <span class='ocr_line' id='line_1_109' title="bbox 392 5539 2050 5619; baseline -0.003 -18"><span class='ocrx_word' id='word_1_751' title='bbox 392 5550 681 5619; x_wconf 88' lang='lat' dir='ltr'><strong>quantum</strong></span> <span class='ocrx_word' id='word_1_752' title='bbox 714 5542 816 5598; x_wconf 92' lang='lat' dir='ltr'><strong>Dei</strong></span> <span class='ocrx_word' id='word_1_753' title='bbox 861 5540 1075 5596; x_wconf 88' lang='lat' dir='ltr'><strong>notitia</strong></span> <span class='ocrx_word' id='word_1_754' title='bbox 1118 5539 1415 5595; x_wconf 90' lang='lat' dir='ltr'><strong>idolorum</strong></span> <span class='ocrx_word' id='word_1_755' title='bbox 1461 5540 1650 5597; x_wconf 85' lang='lat' dir='ltr'><strong>erorri</strong></span> <span class='ocrx_word' id='word_1_756' title='bbox 1701 5546 1761 5596; x_wconf 92' lang='lat' dir='ltr'><strong>et</strong></span> <span class='ocrx_word' id='word_1_757' title='bbox 1807 5540 2050 5614; x_wconf 90' lang='lat' dir='ltr'><strong>caligini</strong></span> 
     </span>
    </p>
   </div>
   <div class='ocr_carea' id='block_1_110' title="bbox 394 5629 2051 5703">
    <p class='ocr_par' dir='ltr' id='par_1_110' title="bbox 394 5629 2051 5703">
     <span class='ocr_line' id='line_1_110' title="bbox 394 5629 2051 5703; baseline -0.003 -12"><span class='ocrx_word' id='word_1_758' title='bbox 394 5631 801 5700; x_wconf 90' lang='lat' dir='ltr'><strong>antecelleret,</strong></span> <span class='ocrx_word' id='word_1_759' title='bbox 834 5630 1053 5699; x_wconf 89' lang='lat' dir='ltr'><strong>statim,</strong></span> <span class='ocrx_word' id='word_1_760' title='bbox 1088 5645 1198 5686; x_wconf 90' lang='lat' dir='ltr'><strong>ceu</strong></span> <span class='ocrx_word' id='word_1_761' title='bbox 1219 5634 1378 5686; x_wconf 89' lang='lat' dir='ltr'><strong>terra</strong></span> <span class='ocrx_word' id='word_1_762' title='bbox 1399 5629 1556 5687; x_wconf 90' lang='lat' dir='ltr'><strong>bona</strong></span> <span class='ocrx_word' id='word_1_763' title='bbox 1578 5633 1637 5687; x_wconf 90' lang='lat' dir='ltr'><strong>et</strong></span> <span class='ocrx_word' id='word_1_764' title='bbox 1656 5629 1915 5703; x_wconf 84' lang='lat' dir='ltr'><strong>pinguis,</strong></span> <span class='ocrx_word' id='word_1_765' title='bbox 1939 5646 2051 5686; x_wconf 76' lang='lat' dir='ltr'><strong>cce-</strong></span> 
     </span>
    </p>
   </div>
   <div class='ocr_carea' id='block_1_111' title="bbox 2238 5177 3831 5258">
    <p class='ocr_par' dir='ltr' id='par_1_111' title="bbox 2238 5177 3831 5258">
     <span class='ocr_line' id='line_1_111' title="bbox 2238 5177 3831 5258; baseline -0.004 -16"><span class='ocrx_word' id='word_1_766' title='bbox 2238 5186 2298 5253; x_wconf 81' lang='grc' dir='ltr'><strong>ζ.</strong></span> <span class='ocrx_word' id='word_1_767' title='bbox 2331 5180 2492 5239; x_wconf 74' lang='grc' dir='ltr'><strong>Ἀλλ’</strong></span> <span class='ocrx_word' id='word_1_768' title='bbox 2551 5178 2614 5237; x_wconf 78' lang='grc' dir='ltr'><strong>οὗ</strong></span> <span class='ocrx_word' id='word_1_769' title='bbox 2668 5177 2897 5251; x_wconf 78' lang='grc' dir='ltr'><strong>τοιαύτη</strong></span> <span class='ocrx_word' id='word_1_770' title='bbox 2953 5186 3059 5251; x_wconf 78' lang='grc' dir='ltr'><strong>τῆς</strong></span> <span class='ocrx_word' id='word_1_771' title='bbox 3125 5182 3490 5258; x_wconf 75' lang='grc' dir='ltr'><strong>πανευφήμου</strong></span> <span class='ocrx_word' id='word_1_772' title='bbox 3551 5182 3831 5258; x_wconf 84' lang='grc' dir='ltr'><strong>μάρτυρος</strong></span> 
     </span>
    </p>
   </div>
   <div class='ocr_carea' id='block_1_112' title="bbox 2165 5265 3831 5348">
    <p class='ocr_par' dir='ltr' id='par_1_112' title="bbox 2165 5265 3831 5348">
     <span class='ocr_line' id='line_1_112' title="bbox 2165 5265 3831 5348; baseline 0.001 -22"><span class='ocrx_word' id='word_1_773' title='bbox 2165 5265 2451 5348; x_wconf 81' lang='grc' dir='ltr'><strong>Βαρϐάρας</strong></span> <span class='ocrx_word' id='word_1_774' title='bbox 2482 5271 2518 5340; x_wconf 74' lang='grc' dir='ltr'><strong>ἡ</strong></span> <span class='ocrx_word' id='word_1_775' title='bbox 2564 5268 2819 5346; x_wconf 86' lang='grc' dir='ltr'><strong>πανίερος</strong></span> <span class='ocrx_word' id='word_1_776' title='bbox 2872 5268 2964 5327; x_wconf 80' lang='grc' dir='ltr'><strong>καὶ</strong></span> <span class='ocrx_word' id='word_1_777' title='bbox 3022 5271 3383 5346; x_wconf 79' lang='grc' dir='ltr'><strong>καθαρωτάτη</strong></span> <span class='ocrx_word' id='word_1_778' title='bbox 3443 5272 3623 5347; x_wconf 75' lang='grc' dir='ltr'><strong>ψυχὴ,</strong></span> <span class='ocrx_word' id='word_1_779' title='bbox 3679 5268 3831 5328; x_wconf 81' lang='grc' dir='ltr'><strong>δεδε-</strong></span> 
     </span>
    </p>
   </div>
   <div class='ocr_carea' id='block_1_113' title="bbox 2162 5356 3829 5442">
    <p class='ocr_par' dir='ltr' id='par_1_113' title="bbox 2162 5356 3829 5442">
     <span class='ocr_line' id='line_1_113' title="bbox 2162 5356 3829 5442; baseline 0.001 -27"><span class='ocrx_word' id='word_1_780' title='bbox 2162 5362 2336 5439; x_wconf 71' lang='grc' dir='ltr'><strong>γμένη</strong></span> <span class='ocrx_word' id='word_1_781' title='bbox 2371 5357 2429 5415; x_wconf 78' lang='grc' dir='ltr'><strong>δὲ</strong></span> <span class='ocrx_word' id='word_1_782' title='bbox 2461 5358 2678 5433; x_wconf 79' lang='grc' dir='ltr'><strong>μᾶλλον</strong></span> <span class='ocrx_word' id='word_1_783' title='bbox 2705 5360 2804 5429; x_wconf 84' lang='grc' dir='ltr'><strong>τήν</strong></span> <span class='ocrx_word' id='word_1_784' title='bbox 2837 5356 3041 5434; x_wconf 77' lang='grc' dir='ltr'><strong>αἴγλην</strong></span> <span class='ocrx_word' id='word_1_785' title='bbox 3082 5366 3185 5430; x_wconf 78' lang='grc' dir='ltr'><strong>τῆς</strong></span> <span class='ocrx_word' id='word_1_786' title='bbox 3210 5360 3464 5431; x_wconf 88' lang='grc' dir='ltr'><strong>πίστεως,</strong></span> <span class='ocrx_word' id='word_1_787' title='bbox 3495 5361 3588 5417; x_wconf 82' lang='grc' dir='ltr'><strong>καὶ</strong></span> <span class='ocrx_word' id='word_1_788' title='bbox 3616 5362 3680 5417; x_wconf 86' lang='grc' dir='ltr'><strong>τὸ</strong></span> <span class='ocrx_word' id='word_1_789' title='bbox 3712 5366 3829 5442; x_wconf 75' lang='grc' dir='ltr'><strong>φῶς</strong></span> 
     </span>
    </p>
   </div>
   <div class='ocr_carea' id='block_1_114' title="bbox 2160 5446 3829 5529">
    <p class='ocr_par' dir='ltr' id='par_1_114' title="bbox 2160 5446 3829 5529">
     <span class='ocr_line' id='line_1_114' title="bbox 2160 5446 3829 5529; baseline 0.001 -23"><span class='ocrx_word' id='word_1_790' title='bbox 2160 5453 2241 5522; x_wconf 82' lang='grc' dir='ltr'><strong>τῷ</strong></span> <span class='ocrx_word' id='word_1_791' title='bbox 2268 5452 2419 5529; x_wconf 71' lang='grc' dir='ltr'>ζόφῳ</span> <span class='ocrx_word' id='word_1_792' title='bbox 2449 5446 2800 5525; x_wconf 87' lang='grc' dir='ltr'><strong>συγκρίνασα,</strong></span> <span class='ocrx_word' id='word_1_793' title='bbox 2856 5447 2948 5503; x_wconf 84' lang='grc' dir='ltr'><strong>καὶ</strong></span> <span class='ocrx_word' id='word_1_794' title='bbox 3004 5448 3068 5503; x_wconf 87' lang='grc' dir='ltr'><strong>τὸ</strong></span> <span class='ocrx_word' id='word_1_795' title='bbox 3126 5448 3456 5526; x_wconf 73' lang='grc' dir='ltr'><strong>ἀσύγκριτον</strong></span> <span class='ocrx_word' id='word_1_796' title='bbox 3499 5450 3623 5508; x_wconf 79' lang='grc' dir='ltr'><strong>ὅσον</strong></span> <span class='ocrx_word' id='word_1_797' title='bbox 3661 5452 3829 5528; x_wconf 86' lang='grc' dir='ltr'><strong>ὑπερ·-</strong></span> 
     </span>
    </p>
   </div>
   <div class='ocr_carea' id='block_1_115' title="bbox 2161 5532 3825 5617">
    <p class='ocr_par' dir='ltr' id='par_1_115' title="bbox 2161 5532 3825 5617">
     <span class='ocr_line' id='line_1_115' title="bbox 2161 5532 3825 5617; baseline 0.001 -23"><span class='ocrx_word' id='word_1_798' title='bbox 2161 5546 2371 5613; x_wconf 78' lang='grc' dir='ltr'><strong>οχικῶς</strong></span> <span class='ocrx_word' id='word_1_799' title='bbox 2429 5535 2641 5610; x_wconf 67' lang='grc' dir='ltr'><strong>ἰδοῦσα,</strong></span> <span class='ocrx_word' id='word_1_800' title='bbox 2712 5532 3018 5608; x_wconf 80' lang='grc' dir='ltr'><strong>κεκτημένη</strong></span> <span class='ocrx_word' id='word_1_801' title='bbox 3108 5539 3209 5608; x_wconf 78' lang='grc' dir='ltr'><strong>τήν</strong></span> <span class='ocrx_word' id='word_1_802' title='bbox 3299 5543 3444 5605; x_wconf 89' lang='grc' dir='ltr'><strong>θείαν</strong></span> <span class='ocrx_word' id='word_1_803' title='bbox 3533 5540 3825 5617; x_wconf 74' lang='grc' dir='ltr'><strong>ἐπίγνωσιν</strong></span> 
     </span>
    </p>
   </div>
   <div class='ocr_carea' id='block_1_116' title="bbox 2157 5622 3821 5705">
    <p class='ocr_par' dir='ltr' id='par_1_116' title="bbox 2157 5622 3821 5705">
     <span class='ocr_line' id='line_1_116' title="bbox 2157 5622 3821 5705; baseline 0.001 -22"><span class='ocrx_word' id='word_1_804' title='bbox 2157 5627 2295 5705; x_wconf 85' lang='grc' dir='ltr'><strong>πρὸς</strong></span> <span class='ocrx_word' id='word_1_805' title='bbox 2351 5627 2453 5699; x_wconf 78' lang='grc' dir='ltr'><strong>τήν</strong></span> <span class='ocrx_word' id='word_1_806' title='bbox 2502 5626 2611 5683; x_wconf 86' lang='grc' dir='ltr'><strong>τῶν</strong></span> <span class='ocrx_word' id='word_1_807' title='bbox 2676 5622 3069 5702; x_wconf 84' lang='grc' dir='ltr'><strong>βδελυγμάτων</strong></span> <span class='ocrx_word' id='word_1_808' title='bbox 3126 5625 3339 5701; x_wconf 80' lang='grc' dir='ltr'><strong>πλάνην</strong></span> <span class='ocrx_word' id='word_1_809' title='bbox 3392 5627 3485 5685; x_wconf 78' lang='grc' dir='ltr'><strong>καὶ</strong></span> <span class='ocrx_word' id='word_1_810' title='bbox 3543 5628 3821 5700; x_wconf 88' lang='grc' dir='ltr'><strong>σκότασιν,</strong></span> 
     </span>
    </p>
   </div>
   <div class='ocr_carea' id='block_1_117' title="bbox 470 5788 2055 5862">
    <p class='ocr_par' dir='ltr' id='par_1_117' title="bbox 470 5788 2055 5862">
     <span class='ocr_line' id='line_1_117' title="bbox 470 5788 2055 5862; baseline 0.001 -17"><span class='ocrx_word' id='word_1_811' title='bbox 470 5791 521 5826; x_wconf 77' lang='grc'><strong>²²</strong></span> <span class='ocrx_word' id='word_1_812' title='bbox 548 5790 715 5846; x_wconf 86' lang='lat' dir='ltr'><strong>Joan.</strong></span> <span class='ocrx_word' id='word_1_813' title='bbox 745 5806 856 5858; x_wconf 77' lang='lat' dir='ltr'><strong>xiv,</strong></span> <span class='ocrx_word' id='word_1_814' title='bbox 888 5791 977 5843; x_wconf 89' lang='lat'><strong>30.</strong></span> <span class='ocrx_word' id='word_1_815' title='bbox 1010 5788 1058 5824; x_wconf 76' lang='grc'><strong>³³</strong></span> <span class='ocrx_word' id='word_1_816' title='bbox 1086 5791 1199 5846; x_wconf 88' lang='lat' dir='ltr'><strong>Isa.</strong></span> <span class='ocrx_word' id='word_1_817' title='bbox 1231 5807 1285 5862; x_wconf 89' lang='lat' dir='ltr'><strong>v,</strong></span> <span class='ocrx_word' id='word_1_818' title='bbox 1317 5793 1372 5860; x_wconf 85' lang='lat'><strong>3,</strong></span> <span class='ocrx_word' id='word_1_819' title='bbox 1402 5795 1456 5850; x_wconf 81' lang='lat'><strong>9.</strong></span> <span class='ocrx_word' id='word_1_820' title='bbox 1487 5793 1534 5829; x_wconf 72' lang='lat'><strong>“</strong></span> <span class='ocrx_word' id='word_1_821' title='bbox 1563 5794 1728 5850; x_wconf 80' lang='lat' dir='ltr'><strong>Joan.</strong></span> <span class='ocrx_word' id='word_1_822' title='bbox 1761 5808 1861 5862; x_wconf 84' lang='lat' dir='ltr'><strong>xu,</strong></span> <span class='ocrx_word' id='word_1_823' title='bbox 1893 5793 1981 5848; x_wconf 72' lang='grc'><strong>31.</strong></span> <span class='ocrx_word' id='word_1_824' title='bbox 2011 5790 2055 5827; x_wconf 82' lang='grc'><strong>³⁵</strong></span> 
     </span>
    </p>
   </div>
   <div class='ocr_carea' id='block_1_118' title="bbox 2166 5788 2481 5862">
    <p class='ocr_par' dir='ltr' id='par_1_118' title="bbox 2166 5791 2481 5862">
     <span class='ocr_line' id='line_1_118' title="bbox 2166 5791 2481 5862; baseline -0.006 -13"><span class='ocrx_word' id='word_1_825' title='bbox 2166 5806 2228 5850; x_wconf 68' lang='grc' dir='ltr'><strong>ιο.</strong></span> <span class='ocrx_word' id='word_1_826' title='bbox 2257 5806 2359 5862; x_wconf 85' lang='lat' dir='ltr'><strong>xu,</strong></span> <span class='ocrx_word' id='word_1_827' title='bbox 2390 5791 2481 5847; x_wconf 67' lang='grc'><strong>49⁸</strong></span> 
     </span>
    </p>
   </div>
  </div>
