4160 6450
388 415 508 471 789

1560 416 1929 476 LAUDATIO
1962 419 2023 473 Β.
2062 416 2423 474 BABBARB
2460 419 2684 475 MART.

3719 420 3835 477 790

392 537 557 606 εὐθὺς
587 538 771 618 ὥσπερ
801 543 877 616 γῆ
905 535 1053 611 καλή
1083 559 1142 595 τε
1170 540 1260 596 καὶ
1312 538 1474 612 πίων,
1504 538 1597 597 τὸν
1631 540 1882 617 οὐράνιον
1914 539 2030 596 σπό-

2167 541 2305 598 lesti
2333 542 2561 597 semine
2582 543 3310 615 suscepto,mandatorum
3337 546 3714 603 exsecutione
3736 548 3831 604 di—

393 652 491 706 pov
522 630 828 705 άρπιὶσασα,
850 629 941 685 καὶ
979 629 1259 704 ἐπιμελῶς
1283 635 1353 707 τῇ
1409 630 1628 708 ἐργασίᾳ
1676 636 1784 687 τῶν
1820 629 2059 687 ἐντολῶν

388 721 781 797 γεωργήσασα,
828 718 1275 798 ἐκαρποφόρησεν
1333 721 1412 786 εἷς
1466 722 1777 797 τριάκοντα,
1835 721 1928 776 καὶ
1987 721 2063 782 εἷς

390 810 679 882 ἑξήκοντα,
729 810 822 865 καὶ
876 810 952 873 είς
1012 810 1226 881 ἑκατὸν,
1285 805 1570 873 ἀναϐάσεις
1627 812 1679 866 ἐν
1736 815 1805 886 τῇ
1862 809 2062 887 καρδίᾳ

388 900 676 975 τιθεμένη,
720 900 807 956 καὶ
861 899 1001 977 πρὸς
1056 899 1262 973 ἀρετῶν
1319 896 1692 974 προϐαίνουσα
1717 900 2058 973 τελειότητα.

395 991 572 1067 Πὲρας
603 988 672 1060 δὴ
705 988 825 1063 οὖν,
883 990 947 1045 τὸ
1004 993 1345 1067 προφητικὸν
1404 989 1619 1067 ἐδέξατο
1680 991 1890 1068 λόγιον,
1953 991 2057 1049 Καὶ

392 1080 799 1152 πλησθήσεται,
858 1081 1086 1155 φάσκον,
1144 1084 1289 1136 πᾶσα
1344 1083 1381 1151 ἡ
1438 1088 1509 1157 γῆ
1567 1086 1667 1137 τοῦ
1710 1085 1908 1159 γνῶναι
1961 1083 2054 1138 τὸν

404 1168 624 1245 Κύριον,
677 1169 750 1232 ὡς
808 1166 954 1245 ὕδωρ
1018 1169 1162 1225 πολὺ
1222 1173 1335 1245 (82)
1399 1169 1679 1227 καλύπτον
1762 1169 2053 1236 θαλάσσαςο

393 1263 509 1314 τῶν
543 1258 707 1315 ἐθνῶν
741 1256 960 1330 δηλαδή
1018 1260 1086 1315 τά
1133 1262 1473 1334 συστήματα,
1529 1260 1805 1325 Θαλάσσας
1858 1281 2054 1338 τροπι-

387 1354 505 1412 κῶς
534 1358 635 1420 τῆς
665 1355 1025 1429 προφητικῶς
1058 1372 1573 1429 προσαγορευουσης
1604 1354 1858 1428 χάριτος.
1891 1351 2055 1409 Ἀλλ’

385 1440 488 1495 ούκ
546 1440 774 1515 ἤνεγκεν
839 1440 866 1495 ὁ
926 1440 1224 1517 μισάγαθος
1271 1444 1360 1497 καὶ
1423 1441 1808 1518 φιλοπόνηρος
1837 1440 2051 1516 δαίμων

380 1533 495 1585 τῶν
532 1530 860 1603 σωζομένων
914 1532 1017 1600 τὴν
1060 1530 1277 1601 πληθὺν
1326 1534 1455 1607 ὁρᾷν
1516 1533 1786 1608 ὁσημέραι
1844 1534 2049 1606 προκό-

382 1640 651 1679 πτουσαν.
674 1620 736 1677 Ὁ
764 1620 866 1697 γὰρ
930 1621 983 1676 ἐν
1040 1621 1189 1697 ἀρχῇ
1246 1622 1342 1677 τὸν
1375 1619 1558 1697 ’Λδάμ
1591 1623 1726 1697 μετά
1747 1629 1849 1693 τῆς
1884 1623 2045 1694 συζύ-

385 1733 493 1788 γου
519 1712 790 1788 βασκήνας
817 1713 913 1782 τῆς
945 1710 999 1767 ἐν
1030 1710 1346 1789 παραδείσῳ
1404 1711 1712 1790 διαγωγῆς,
1773 1714 1955 1791 σχολῇ
1987 1736 2048 1791 γε

390 1799 454 1856 ἂν
520 1801 787 1878 ἐκαρτέρει
840 1802 933 1864 τὰς
986 1803 1389 1877 ἀναριθμήτους
1450 1803 1733 1881 μυριάδας,
1798 1805 1899 1861 ούκ
1968 1804 2044 1869 εἰς

2172 630 2425 703 ligenter
2473 632 2725 700 exculta,
2772 634 3145 689 tricesimum
3194 634 3478 700 fructum,
3524 639 3826 709 sexagesi-

2172 736 2477 792 mumque,
2510 737 2579 777 ac
2627 725 3022 779 centesimum
3080 725 3300 793 attulit,
3350 725 3736 781 escensiones
3767 728 3829 782 in

2172 811 2349 866 corde
2380 828 2487 866 suo
2518 811 2593 866 ad
2644 813 2926 868 virtutum
2984 814 3417 885 perfectionem
3471 815 3827 885 provehens.

2170 900 2567 966 Quamobrem
2590 901 2903 973 impletum
2926 903 3167 959 tandem
3200 910 3290 959 est
3322 904 3833 976 prOpheticumil-

2168 990 2271 1047 lud
2285 991 2740 1062 oraculum,quo
2763 992 3233 1065 diciturzﬂepteta
3256 1002 3333 1050 est
3348 1002 3497 1050 terra
3510 994 3831 1065 cognitione

2166 1083 2420 1150 Domini,
2475 1082 2636 1152 quasi
2700 1097 2848 1152 aqua
2904 1084 3079 1137 multa
3138 1087 3453 1154 cooperiens
3499 1088 3683 1141 maria
3739 1086 3826 1151 ³ος

2165 1172 2512 1244 prophetica
2568 1172 2798 1227 scilicet
2826 1172 3015 1245 gratia
3048 1173 3296 1245 figurato
3331 1190 3510 1230 sensu
3556 1175 3823 1247 gentium

2166 1267 2351 1318 cmtus
2383 1262 2467 1317 sic
2488 1261 2848 1334 appellante.
2882 1265 2958 1316 At
2988 1278 3109 1317 non
3140 1263 3278 1318 tulit
3308 1263 3409 1319 ille
3440 1264 3613 1320 bonis
3669 1264 3814 1320 infe-

2165 1357 2290 1407 stus
2324 1358 2381 1406 et
2410 1352 2816 1422 nequissimus
2848 1351 3107 1419 damon,
3140 1357 3205 1407 ut
3235 1370 3441 1408 eorum
3497 1354 3596 1425 qui
3630 1354 3820 1410 salute

2162 1441 2425 1497 donandi
2447 1446 2665 1510 essent,
2703 1442 2870 1497 novis
2917 1441 3184 1513 quotidie
3242 1444 3686 1498 accessionibus
3717 1461 3820 1499 au-

2159 1537 2499 1604 gescentem
2531 1547 2778 1587 censum
2826 1531 3073 1587 videret.
3132 1533 3241 1597 Qui
3306 1534 3469 1588 enim
3519 1534 3590 1589 ab
3651 1535 3819 1589 initio

2157 1621 2395 1678 felicem
2426 1622 2593 1677 illam
2627 1623 2687 1676 in
2720 1622 2997 1693 paradiso
3045 1623 3181 1677 vitm
3241 1624 3541 1679 rationem
3593 1623 3820 1679 Adamo

2157 1712 2516 1783 conjugique
2547 1712 2858 1780 inviderat,
2892 1712 3079 1767 multo
3106 1712 3328 1777 minus,
3362 1730 3495 1768 cum
3531 1714 3615 1769 sic
3639 1714 3816 1769 innu-

2155 1801 2475 1856 merabiles
2497 1800 2945 1872 myriadas,non
2962 1802 3024 1856 in
3038 1803 3463 1873 aspectabilem
3483 1808 3817 1859 terrenum-

387 1887 716 1965 παράδεισον
750 1889 1005 1961 αῗσθητὸν
1038 1892 1127 1947 καὶ
1160 1892 1419 1970 ἐπίγειον,
1471 1893 1601 1950 ἀλλ’
1656 1895 1732 1957 εἷς
1791 1896 2030 1973 οὐρανὸν

2159 1908 2273 1964 que
2296 1892 2660 1964 paradisum,
2701 1892 2805 1948 sed
2854 1892 2917 1948 in
2953 1892 3189 1959 caelum,
3239 1894 3398 1949 unde
3454 1894 3580 1965 ipse
3628 1894 3810 1950 veluti

377 1980 474 2058 ἀφ’
504 1980 670 2054 οὗπερ
704 1979 861 2043 αὐτὸς
910 1980 983 2044 ὡς
1032 1979 1287 2055 σιδήρεος
1349 1982 1516 2059 βόλος
1564 1983 1889 2061 ἐξὲῥριπται,
1948 1982 2038 2041 διὰ

373 2068 613 2134 πίστεως
649 2076 749 2141 τῆς
834 2070 911 2134 είς
985 2073 1212 2149 Χριστὸν
1300 2074 1574 2149 θεώμενος
1630 2073 2032 2139 ἀναϐαίνοντας.

392 2159 699 2231 Εξαιτεῖται
729 2159 909 2217 τοίνυν
934 2161 1033 2231 τὴν
1094 2168 1285 2237 πεῖραν
1337 2164 1366 2220 ὁ
1422 2166 1743 2239 πειραστής·
1801 2166 1865 2221 οὐ
1930 2166 2034 2243 γὰρ

370 2242 495 2325 ἔχει
528 2251 602 2323 μὴ
636 2245 933 2323 λαμϐάνων
994 2252 1114 2308 κατ’
1172 2250 1392 2317 ούδενὸς
1439 2255 1540 2325 τήν
1589 2253 1848 2325 ἐξουσίαν’
1906 2254 2036 2311 ἀλλ’

373 2336 558 2413 ὥσπερ
592 2338 761 2394 πάλαι
793 2338 1046 2411 ἀκηκοὼς
1097 2337 1193 2395 τοῦ
1241 2344 1376 2397 Θεοῦ
1427 2345 1507 2415 τῷ
1565 2339 1693 2415 ἷδίῳ
1748 2341 2032 2419 ἐγκαυχω-

377 2426 544 2499 μένου
618 2429 940 2503 θεράποντι,
1024 2428 1114 2485 καὶ
1192 2429 1513 2508 φάσκοντος,
1600 2430 1910 2508 Προσὲσχες
1963 2434 2031 2506 τῇ

372 2512 589 2589 διανοίᾳ
646 2539 742 2573 σου
797 2523 879 2591 τῷ
934 2519 1223 2593 θεράποντί
1282 2542 1387 2594 μου
1436 2516 1583 2594 Ἰὼϐ,
1644 2520 1726 2576 ὅτι
1761 2520 1859 2576 ούκ
1886 2518 2030 2577 ἔστιν

366 2608 491 2663 κατ’
549 2607 710 2663 αύτὸν
770 2603 1061 2685 ἅνθρωπος
1136 2608 1224 2665 ἐπὶ
1306 2617 1406 2681 τῆς
1479 2617 1606 2686 γῆς,
1667 2612 1887 2685 ἄκακος,
1948 2610 2031 2667 δί-

370 2716 553 2767 καιος,
609 2694 895 2770 ἀληθινὸς,
984 2694 1265 2770 θεοσεϐὴς,
1323 2699 1671 2776 ἀπεχόμενος
1735 2700 1842 2755 ἀπὸ
1904 2721 2034 2756 παν-

366 2788 468 2849 τὸς
503 2788 749 2863 πονηροῦ
796 2788 1167 2864 πράγματος;
1223 2788 1392 2851 Εὐθὺς
1451 2788 1657 2852 ἐκεῖνος
1712 2792 1791 2863 τῷ
1847 2791 2031 2868 φθόνῳ

361 2873 628 2951 πληγεὶς,
662 2877 1016 2953 ἀπεκρίνατο,
1072 2878 1166 2947 Μὴ
1224 2877 1432 2955 δωρεὰν
1493 2874 1617 2936 Ἰὼϐ
1674 2882 1764 2933 τὸν
1824 2879 2026 2953 Κύριον

360 2960 582 3022 σέϐεται
619 2985 632 3037 ;
664 2987 717 3025 κ.
751 2987 803 3027 τ.
859 2987 902 3025 ε.
938 2965 1096 3025 Ἀλλ’
1152 2967 1475 3024 ἀπόστειλόν
1538 2988 1625 3043 με,
1653 2967 1745 3024 ’ἱνα
1800 2968 2026 3043 ἅψωμαι

354 3059 472 3109 τῶν
538 3060 751 3132 σαρκῶν
812 3055 1001 3126 αὐτοῦ,
1060 3055 1114 3111 εἷ’
1162 3058 1239 3130 μὴ
1299 3057 1375 3120 εἷς
1430 3060 1724 3135 πρόσωπον
1784 3058 2023 3135 εὐλογεῖ.

356 3146 504 3203 Εἶτα
540 3146 887 3222 βουλόμενος
918 3152 1081 3202 πᾶσιν
1112 3144 1395 3219 ἀποδεῖξαι
1424 3150 1516 3204 τὸν
1550 3147 1690 3204 ἴδιον
1725 3150 2027 3225 θεράποντα

354 3235 387 3289 ὁ
425 3234 582 3304 Θεὸς,
612 3237 703 3292 καὶ
758 3234 812 3292 ἐν
871 3242 990 3299 τοῖς
1050 3236 1306 3313 ἐσχάτοις
1336 3233 1609 3301 κινδύνοις
1658 3238 1881 3315 στερρὸν
1934 3239 2025 3295 καὶ

360 3324 672 3399 ἀνάλωτον,
703 3326 883 3401 τούτῳ
910 3329 1011 3396 τήν
1047 3324 1259 3398 α’ίτησιν
1295 3325 1544 3399 δίδωσιν,
1566 3330 1655 3384 ἳνα
1682 3330 1758 3403 μὴ
1784 3326 1911 3404 δόξῃ
1947 3330 2021 3392 ὡς
2055 3304 2098 3373 c

354 3412 554 3489 ἔτυχεν
575 3415 823 3489 εἰρῆσθαι
856 3419 891 3486 ἡ
923 3415 1220 3491 καύχησις.
1258 3418 1427 3475 Οὕτω
1455 3418 1545 3474 καὶ
1595 3418 1740 3487 τότε,
1772 3418 2028 3489 ἀκηκοὼς

350 3506 384 3560 ὁ
416 3506 786 3582 παμπόνηρος
838 3512 936 3563 τοῦ
968 3507 1170 3584 Κυρίου
1191 3510 1317 3585 περὶ
1346 3516 1450 3580 τῆς
1496 3508 1827 3580 Ἐκκλησίας
1856 3509 2026 3587 ἐγκω-

367 3606 675 3674 μιαστικῶς
728 3602 1199 3677 ἀποφαινομένου,
1228 3603 1332 3661 Καὶ
1390 3604 1561 3661 πύλαι
1616 3602 1750 3676 ᾅδου
1808 3604 1871 3660 σὺ
1916 3624 2023 3660 κα-

364 3690 717 3764 τισχύσουσιν
774 3691 962 3761 αὐτῆς,
1019 3691 1199 3755 πύλας
1259 3689 1394 3764 ᾅδου
1446 3690 1544 3756 τὰς
1596 3692 1858 3756 παντοίας
1912 3699 2021 3749 τῶν

354 3778 639 3837 κολάσεων
675 3779 820 3844 ίδέας
855 3781 932 3844 εἰς
958 3779 1094 3854 ᾅδην
1150 3784 1240 3838 καὶ
1304 3783 1530 3847 θάνατον
1580 3781 1847 3849 ὠθούσας,
1929 3782 2022 3838 καὶ

347 3871 695 3945 καταγούσας
782 3871 1177 3945 ὀνομάζοντος,
1239 3872 1523 3944 ἐξαιτεῖται
1575 3871 1740 3928 πάλιν
1788 3869 2022 3934 ἀναιδῶς

341 3961 453 4029 τήν
485 3965 700 4033 πεῖραν.
732 3960 837 4018 Καὶ
870 3959 937 4030 δὴ
973 3954 1157 4017 λαϐὼν
1190 3963 1289 4032 τὴν
1351 3960 1617 4033 ἐξουσίαν,
1650 3957 1855 4037 ὄργανα
1906 3959 2023 4016 λοι-

342 4051 453 4104 πὸν
485 4055 587 4118 τῆς
621 4044 870 4113 ἀσεϐείας
933 4051 1123 4124 μεστὰ,
1176 4052 1268 4105 καὶ
1328 4050 1475 4124 αὐτῷ
1529 4055 1598 4127 τῇ
1660 4054 1756 4107 τοῦ
1810 4050 2018 4127 τρόπου

342 4139 795 4214 παρισουμένους
846 4138 1097 4212 ὠμότητι
1150 4139 1531 4216 ἐκλεξάμενος,
1584 4142 1812 4205 τούτους
1860 4141 2020 4197 καθί-

343 4248 546 4297 στησιν
572 4230 851 4301 ἠγεμονας
882 4227 972 4283 καὶ
1031 4227 1329 4305 ἄρχοντας’
1392 4230 1485 4286 καὶ
1544 4228 1725 4308 δόγμα
1777 4229 2016 4286 καθολι-

339 4320 463 4380 κῶς
489 4313 561 4371 δι’
591 4316 804 4373 ἐκείνων
834 4316 1129 4388 ἐκτίθησιν,
1181 4322 1278 4374 τοῦ
1336 4321 1430 4392 μὶν
1487 4317 1723 4397 Χριστοῦ
1752 4319 2014 4376 παύεσθαι

338 4407 450 4474 τὴν
492 4402 886 4481 προσκύνησιν,
946 4405 1209 4470 εἶ’δώλοίς
1271 4405 1329 4463 δὲ
1386 4410 1482 4471 τὰς
1527 4408 1712 4473 θυσίας
1768 4406 2013 4486 προσφέ-

341 4507 559 4571 ρεσθαι,
634 4498 723 4552 καὶ
812 4495 1049 4575 ἀφειδῶς
1128 4497 1415 4563 παντοίαις
1493 4495 1780 4554 κολάσεσιν
1862 4499 2016 4553 ἀναι-

339 4590 556 4660 ρεῖσθαι
631 4585 758 4648 τοὺς
799 4584 1203 4662 ἀντιλέγοντας.
1263 4588 1535 4652 Ἐντεῦθεν
1595 4586 1795 4657 ἡλικία
1842 4595 2008 4658 πᾶσα,

2148 1981 2342 2037 ferrea
2370 1982 2562 2039 moles
2592 1983 2895 2055 projectus
2925 1982 3140 2051 fuerat,
3177 1999 3283 2054 per
3331 1984 3511 2039 fidem
3543 1984 3605 2039 in
3637 1984 3808 2039 Chri-

2147 2076 2303 2127 stum
2331 2073 2727 2129 ascendentes
2756 2080 3181 2142 cerneret,rem
3196 2087 3318 2129 non
3338 2074 3800 2139 sustinuit.Quo-

2146 2162 2305 2218 circa
2324 2164 2596 2218 tentandi
2650 2164 2954 2219 licentiam
3010 2169 3271 2219 tentator
3301 2165 3509 2236 poscit.
3565 2164 3800 2219 Nullam

2146 2252 2365 2324 quippe
2396 2253 2676 2309 adversus
2707 2254 2970 2325 aliquem
3018 2258 3373 2325 potestatem
3422 2254 3621 2321 habet,
3656 2254 3801 2325 quin

2146 2341 2460 2414 acceperit.
2497 2343 2607 2398 Sed
2642 2343 2795 2398 sicut
2824 2341 3131 2410 olim,cum
3154 2345 3340 2399 Deum
3364 2342 3435 2398 de
3453 2344 3675 2398 famulo
3695 2360 3800 2397 suo

2148 2432 2503 2504 gloriantem
2535 2433 2875 2501 audivisset,
2899 2438 3077 2504 atque
3127 2432 3427 2488 dicentem
3461 2434 3805 2489 :Attendisti

2145 2530 2324 2577 mente
2352 2529 2448 2577 tua
2475 2537 2628 2579 servo
2652 2537 2770 2578 meo
2819 2524 2942 2589 Job,
3002 2524 3151 2593 quod
3198 2539 3309 2577 non
3339 2524 3408 2577 sit
3440 2523 3600 2579 homo
3620 2522 3804 2593 qualis

2141 2611 2238 2667 ille
2277 2627 2443 2683 super
2481 2618 2705 2677 terram,
2761 2615 3046 2679 innocens,
3102 2613 3313 2682 justus,
3362 2629 3556 2677 verax,
3618 2613 3800 2667 colens

2141 2702 2331 2769 Deum,
2363 2702 2641 2756 abstinens
2669 2702 2736 2756 ab
2766 2703 2917 2756 omni
2934 2718 2994 2756 re
3038 2702 3190 2756 mata
3221 2703 3262 2736 ⁸⁷
3294 2702 3320 2756 ‘2
3352 2717 3490 2756 mox
3521 2701 3622 2756 ille
3648 2701 3794 2755 invi-

2140 2789 2237 2845 dia
2259 2791 2539 2862 percitus,
2572 2789 2882 2861 respondit
2916 2807 2929 2844 :
2961 2793 3103 2846 Num
3140 2793 3317 2860 gratis
3372 2791 3474 2845 Job
3506 2792 3794 2845 Dominum

2138 2880 2271 2935 colit
2290 2879 2376 2935 38?
2396 2885 2455 2935 et
2476 2896 2607 2950 qum
2640 2885 2974 2950 sequuntur
3006 2880 3131 2945 ;sed
3160 2882 3314 2934 mitte
3345 2897 3449 2946 me,
3472 2886 3532 2934 ut
3566 2886 3791 2949 tangam

2137 2970 2255 3039 ejus
2284 2971 2607 3036 carnes,nisi
2636 2972 2694 3024 in
2741 2971 2941 3038 faciem
2999 2970 3281 3025 benedicat
3312 2968 3376 3025 2°.
3426 2971 3573 3024 Tum
3611 2970 3788 3036 Deus,

2136 3066 2202 3113 ut
2231 3059 2441 3114 famuli
2464 3059 2554 3113 sui
2586 3059 2649 3113 in
2675 3058 2956 3114 extremis
2988 3075 3224 3129 quoque
3251 3059 3534 3130 periculis
3554 3058 3788 3114 firmam

2136 3154 2195 3204 et
2211 3149 2489 3205 invictam
2508 3148 3117 3204 animifortitudinem
3143 3149 3527 3220 conspicuam
3544 3149 3790 3214 faceret,

2136 3240 2362 3309 petenti
2394 3239 2633 3295 diabolo
2655 3239 2889 3304 annuit,
2923 3254 2999 3293 ne
3030 3237 3251 3293 frustra
3293 3238 3579 3310 gloriatus
3628 3238 3789 3293 vide-

2136 3333 2320 3384 retur.
2346 3329 2439 3384 Sic
2463 3334 2603 3384 tunc
2634 3329 2813 3384 etiam
2874 3328 3352 3395 scelestissimus,
3387 3327 3587 3383 audito
3632 3328 3793 3398 quod

2136 3419 2422 3475 Dominus
2453 3419 2526 3475 de
2556 3419 2822 3475 Ecclesia
2842 3435 2963 3475 non
2989 3419 3118 3474 sine
3149 3418 3482 3491 magnificae
3503 3418 3700 3474 laudis
3728 3420 3794 3473 ti-

2135 3509 2259 3565 tulo
2283 3509 2549 3566 dixerat:
2590 3513 2655 3565 Et
2695 3516 2879 3579 portae
2908 3512 3079 3578 inferi
3107 3526 3219 3564 non
3270 3509 3652 3580 praevalebunt
3682 3508 3789 3563 ad-

2131 3614 2314 3654 versus
2351 3616 2472 3654 eam
2500 3597 2547 3634 3°
2589 3598 2712 3669 (ubi
2742 3603 2944 3669 portas
2974 3598 3126 3654 899
3185 3597 3362 3652 inferi
3393 3597 3536 3652 varii
3568 3596 3788 3665 omnis-

2132 3706 2246 3761 que
2277 3688 2512 3761 generis
2544 3688 2861 3753 cruciatus,
2897 3687 2998 3759 qui
3047 3687 3121 3743 ad
3155 3687 3376 3743 inferos
3432 3692 3491 3742 et
3533 3690 3787 3741 mortem

2130 3778 2378 3833 trudunt
2398 3783 2455 3833 et
2472 3777 3454 3849 praecipitant,appellavit),rursus
3476 3774 3787 3847 impuden-

2128 3870 2219 3922 ter
2250 3866 2519 3921 tentandi
2550 3866 2815 3937 postulat
2842 3865 3209 3921 facultatem.
3235 3868 3361 3931 Qua
3388 3870 3652 3937 accepta,
3676 3863 3783 3919 de-

2124 3956 2297 4013 lectis
2329 3957 2610 4029 deinceps
2640 3956 2806 4012 omni
2836 3956 3143 4028 impietate
3172 3956 3385 4028 plenis,
3412 3956 3645 4026 sibique
3669 3973 3780 4011 sa)-

2123 4047 2265 4102 vitia
2292 4046 2534 4118 paribus
2565 4046 3006 4114 instrumentis,
3042 4046 3150 4101 hos
3193 4045 3503 4116 praefectos
3536 4050 3593 4098 et
3622 4044 3782 4115 prin-

2124 4137 2286 4209 cipes
2316 4136 2879 4207 constituit,perque
2912 4153 3016 4192 eos
3033 4134 3367 4191 universale
3386 4135 3498 4189 hoc
3520 4133 3779 4188 edictum

2126 4227 2354 4301 sancit;
2407 4227 2655 4282 Desinat
2710 4226 2946 4281 Christo
3006 4226 3202 4281 cultus
3251 4223 3559 4281 adhiberi:
3602 4222 3779 4277 idolis

2122 4318 2372 4374 victimas
2404 4318 2578 4383 fiant;
2611 4334 2679 4373 ac
2709 4315 3185 4373 contradicentes
3214 4315 3383 4371 nulla
3408 4312 3781 4386 indulgentia

2124 4408 2286 4464 omni
2303 4407 2731 4479 suppliciorum
2747 4422 2964 4479 genere
2979 4406 3404 4479 pereant.Hinc
3426 4404 3621 4459 omnis
3634 4408 3777 4458 aetas

2122 4504 2183 4555 et
2209 4499 2486 4572 dignitas,
2521 4498 2770 4553 masculi
2829 4502 2889 4552 et
2914 4496 3175 4564 feminea,
3203 4496 3305 4567 qui
3337 4494 3550 4549 Christi
3594 4492 3775 4548 fidem

2121 4589 2195 4644 ad
2228 4594 2479 4644 mortem
2509 4604 2701 4659 usque
2743 4586 3149 4643 inviolabilem
3183 4586 3597 4655 sinceramque
3648 4600 3771 4637 ser-

342 4676 439 4732 καὶ
475 4675 618 4746 ἀξία,
651 4674 889 4751 ἀρῥένων
915 4696 974 4732 τε
1000 4676 1088 4732 καὶ
1118 4676 1363 4748 θηλύων,
1396 4677 1603 4754 χόρτου
1631 4675 1787 4749 δίκην
1821 4680 2004 4752 ἀσυμ-

2143 4696 2257 4735 rare
2277 4678 2749 4751 pr0posuissent,
2800 4677 2958 4732 haud
2991 4694 3161 4733 secus
3222 4692 3290 4733 ac
3345 4675 3550 4730 fenum
3605 4672 3773 4729 nulla

351 4765 546 4827 παθῶς
587 4765 961 4839 κατεθερίζετο
1011 4770 1120 4822 τῶν
1180 4767 1418 4841 Χριστοῦ
1473 4770 1573 4838 τήν
1623 4767 1804 4824 πίστιν
1840 4770 2006 4845 μέχρι

348 4855 585 4909 θανάτου
641 4860 829 4931 τηρεῖν
897 4858 1350 4932 προαιρουμένων
1410 4856 1673 4935 ἄτρωτον,
1730 4860 1821 4915 καί
1876 4859 2010 4915 ἀπα-

341 4942 737 5019 ρεγχείρητον.

420 5051 482 5119 ζ’.
521 5052 650 5107 Κατ’
680 5049 889 5106 ἐκείνου
923 5048 989 5123 δὴ
1045 5054 1140 5108 οὗν
1196 5057 1410 5130 καιροῦ,
1471 5056 1818 5130 Μαξιμιανοῦ
1902 5059 2001 5112 τοῦ

338 5134 578 5202 ἀσεϐοῦς
613 5140 1025 5216 βασιλεύοντος,
1056 5142 1519 5218 ἡγεμονεύοντος,
1554 5142 1610 5201 δὲ
1664 5146 2008 5220 Μαρκιανοῦ,

343 5228 415 5299 ἦν
449 5251 533 5291 τις
561 5229 874 5307 τοπάρχης,
908 5234 1100 5309 φησὶν,
1134 5232 1365 5308 ὀνόματι
1398 5237 1717 5309 Διόσκορος,
1739 5234 2009 5299 πλούσιος

345 5316 583 5397 σφόδρα,
619 5320 873 5394 ἐμμανὴς
903 5318 960 5377 δὲ
990 5322 1114 5398 περὶ
1148 5323 1248 5393 τήν
1302 5328 1409 5379 τῶν
1467 5324 1698 5400 ἀψύχων
1760 5323 2006 5380 εἰδώλων

340 5409 740 5487 προσκύνησιν.
774 5411 947 5475 Οὗτος
975 5413 1271 5490 μονογενὲς
1320 5410 1451 5491 ἓσχε
1507 5416 1813 5491 Θυγάτριον,
1866 5420 2005 5492 Βαρ-

2117 4770 2529 4827 misericordia
2557 4766 3032 4825 demetebantur.

2184 5057 2242 5112 7.
2276 5057 2389 5111 Per
2409 5055 2468 5111 id
2497 5054 2698 5127 itaque
2729 5058 2986 5126 tempus,
3021 5053 3355 5125 imperante
3377 5050 3561 5121 impio
3594 5046 3772 5103 Maxi-

2119 5148 2341 5216 miano,
2370 5150 2427 5201 et
2452 5146 2745 5201 Marciano
2761 5144 3173 5217 preeside,erat
3198 5142 3331 5213 quis
3345 5140 3774 5213 regionispraa-

2118 5237 2369 5310 positus,
2405 5237 2719 5292 Dioscorus
2751 5236 3016 5305 nomine,
3066 5232 3235 5289 valde
3277 5232 3460 5299 dives,
3494 5244 3632 5302 erga
3690 5228 3774 5282 in-

2119 5328 2379 5384 animata
2410 5326 2569 5381 idola
2628 5325 2702 5382 ad
2762 5325 3058 5381 insaniam
3092 5322 3357 5379 devotus.
3403 5320 3506 5375 Hic
3536 5316 3777 5373 unicam

2120 5421 2461 5489 susceperat
2495 5416 2703 5487 filiam,
2735 5416 2979 5471 nomine
3010 5413 3353 5477 Barbaram,
3388 5409 3623 5483 egregia
3651 5405 3777 5479 pul-

416 5595 463 5630 "
489 5595 601 5651 Isa.
634 5601 715 5665 xi,
741 5600 793 5655 9.
827 5596 871 5633 ’7
901 5597 1008 5655 Job
1039 5615 1078 5667 ι,
1110 5601 1162 5655 8.
1193 5598 1242 5635 ’8
1270 5599 1415 5657 ibid.
1449 5602 1501 5656 9.
1534 5601 1582 5636 ²⁹
1618 5600 1763 5657 ibid.
1799 5603 1883 5657 ti.
1916 5598 2030 5655 30M

2143 5617 2183 5655 ι.
2215 5615 2325 5666 xw,
2361 5599 2446 5653 18.

412 5796 530 5867 (82)
564 5794 726 5869 Syxt.
754 5791 790 5851 ἅ
812 5792 1215 5872 κατακαλύψαι,
1250 5814 1372 5869 ςυστ
1394 5800 1570 5871 possit
1590 5800 1828 5871 operire,
