4160 6392
420 370 522 425 791

1719 375 1783 428 8.
1820 370 2128 428 JOANNIB
2164 373 2587 429 DAMABCBNI

3727 368 3842 424 792

430 493 770 550 chritudine
827 494 1172 556 formosam.
1203 497 1264 550 et
1291 510 1528 551 morum
1567 495 1881 552 honestate
1929 495 2079 553 insi-

2201 489 2359 570 Ξάραν
2389 493 2640 569 ὀνόματι,
2670 491 2912 556 κάλλους
2943 491 3247 568 ὦραιότητι
3291 488 3724 566 διαπρέπουσαν,
3754 489 3849 547 καὶ

424 601 624 657 gnem.
656 585 1054 651 Quamobrem
1086 590 1382 640 exstructa
1411 585 1559 640 turri
1591 585 1800 656 alta,in
1829 585 2082 659 eavirgi-

426 690 668 740 nem,ne
689 675 1001 730 hominum
1018 673 1356 745 aspectibus
1387 680 1638 746 pateret,
1658 675 1731 730 ob
1766 676 2081 732 florentem

424 764 1000 836 praefulgentemque
1014 763 1342 819 venustatis
1374 763 1706 820 claritatem
1729 771 1789 820 et
1809 764 2085 837 splendo-

424 870 555 909 rem
585 853 1042 919 conclusit.Quaa
1060 869 1194 908 cum
1209 853 1334 909 illic
1364 858 1626 926 ageret,a
1657 853 1858 910 smculi
1878 871 2082 910 rerum

427 943 1030 1013 tumultibusvacans,
1070 943 1289 1015 pietate
1320 943 1530 1016 plenas
1544 944 1934 1017 cogitationes
1947 944 2081 1001 ani-

424 1049 520 1089 mo
533 1031 1050 1104 versabat,easque
1069 1033 1304 1089 colebat
1317 1038 1376 1090 et
1404 1033 1721 1090 alebat.Sic
1737 1035 1900 1090 enim
1916 1050 2082 1091 com-

422 1129 696 1195 paratum
729 1128 911 1193 est,ut
941 1124 1200 1180 solitudo
1219 1125 1528 1182 subtilium
1543 1131 1602 1182 et
1616 1126 2081 1198 praamagnifico-

418 1231 554 1270 rum
585 1215 948 1288 cogitatuum
976 1232 1195 1288 parens
1227 1217 1324 1272 sit.
1359 1218 1440 1272 Ac
1487 1217 1731 1288 quidem
1782 1216 2082 1273 idolorum

419 1321 682 1361 errorem
715 1311 774 1362 et
803 1307 1135 1372 cultum,ut
1156 1307 1256 1378 qui
1284 1307 1359 1363 ad
1390 1307 1609 1362 inferni
1641 1308 1922 1379 laqueum
1954 1313 2080 1363 tru-

421 1396 610 1462 deret,
661 1397 1120 1452 exsecrabatur:
1152 1413 1350 1453 veram
1381 1402 1582 1452 autem
1609 1397 2082 1453 Christianorum

425 1483 978 1556 fidem,sanctaaque
1013 1490 1070 1540 et
1099 1487 1628 1543 consubstantialis
1644 1487 1948 1542 Trinitatis
1985 1502 2086 1542 ve-

425 1574 756 1630 nerandam
787 1575 1258 1644 confessionem,
1282 1593 1393 1632 ceu
1420 1594 1551 1648 quas
1583 1577 1643 1631 in
1675 1577 1855 1632 ccelos
1877 1576 2082 1632 subve-

425 1665 971 1733 heret,confovebat
1025 1671 1086 1721 et
1141 1667 1719 1738 amplexabatur;ac
1749 1668 2083 1724 doctrinam

425 1755 498 1810 de
525 1754 709 1810 animi
741 1755 1289 1823 immortalitate,de
1316 1773 1499 1828 regno
1531 1757 1840 1824 caelorum,
1876 1757 1948 1812 de
1980 1774 2082 1829 pe-

423 1844 596 1899 renni
627 1843 1171 1912 beat1tate,necnon
1187 1844 1258 1900 de
1290 1845 1938 1918 gehenna,aaternoque
1961 1847 2084 1902 illic

423 1932 755 2003 supplicio;
808 1933 1054 2004 insuper
1109 1950 1248 1989 vero
1302 1939 1826 2008 temporanearum
1879 1936 2083 1992 saeculi

421 2037 624 2076 rerum
655 2021 1002 2078 instabilem
1035 2023 1402 2096 labilemque
1448 2025 1822 2098 vertiginem,
1882 2027 2083 2082 animo

419 2110 701 2184 pingebat
721 2128 789 2167 ac
819 2112 1109 2180 volvebat,
1145 2113 1468 2171 instructas
1502 2114 1646 2171 item
1705 2115 2085 2186 lampadibus

419 2201 697 2273 virgines,
750 2201 1195 2274 incorruptibili
1249 2221 1468 2275 sponso
1499 2205 1732 2260 Christo
1765 2205 1827 2260 in
1861 2205 2086 2262 caelesti

422 2287 685 2344 thalamo
717 2289 1111 2360 copulatas,et
1131 2290 1434 2347 interioris
1449 2297 1752 2348 etarcanaa
1783 2293 2086 2349 felicitatis

427 2376 660 2433 deliciis
691 2378 1010 2449 patientes,
1031 2385 1320 2452 perpetuo
1355 2381 1468 2436 sibi
1502 2382 1986 2453 repraesentabat,
2018 2399 2088 2438 ac

427 2465 777 2522 beatissima
806 2467 912 2523 illa
941 2474 1100 2524 sorte
1131 2468 1657 2542 inexplicabilique
1688 2471 1999 2544 gaudio,et
2019 2488 2089 2527 ea

429 2555 618 2628 gloria
649 2574 827 2628 quam
861 2575 1056 2613 sermo
1108 2559 1310 2614 nullus
1369 2560 1703 2631 eloquatur,
1739 2560 1918 2635 digna
1958 2560 2087 2616 fleri

427 2644 734 2719 gliscebat,
762 2645 1162 2718 desiderabat,
1197 2652 1256 2703 et
1283 2647 1583 2704 exorabat.

491 2932 546 2985 8.
581 2931 737 2986 Dum
761 2929 1026 3002 prudens
1045 2935 1278 2988 etcasta
1301 2931 1463 3006 virgo
1494 2933 1789 3006 ejusmodi
1811 2934 2084 2990 conside-

424 3020 761 3076 rationibus
804 3021 1074 3076 animum
1099 3023 1484 3094 constiparet,
1533 3023 1724 3080 adfuit
1779 3029 1950 3096 pater
1983 3042 1996 3081 :
2031 3030 2091 3080 et

422 3110 630 3166 multis
641 3110 989 3182 proceribus
1001 3111 1421 3183 profitentibus
1436 3113 1625 3185 pluris
1639 3131 1702 3170 se
1717 3114 1911 3170 facere
1924 3115 2088 3170 illius

423 3201 662 3272 nuptias
681 3200 1168 3274 etconnubium.j
1179 3201 1527 3275 ubetipsam
1548 3204 1698 3260 votis
1720 3207 2090 3261 annuere.At

425 3289 533 3346 illa
550 3305 856 3346 sermones
875 3290 1172 3362 ejusmodi
1187 3297 1470 3364 tanquam
1487 3310 1674 3367 nugas
1695 3299 1756 3350 et
1771 3294 1884 3350 sibi
1903 3295 2090 3350 mole-

430 3386 555 3435 stos
577 3397 887 3451 spernens,
915 3381 1070 3436 irato
1092 3382 1256 3438 vultu
1281 3389 1511 3455 patrem
1536 3384 2098 3458 inspiciens.perni-

427 3471 654 3526 ciosam
679 3471 832 3526 hanc
854 3471 1058 3526 animo
1076 3472 1550 3530 cohortationem
1583 3491 1832 3546 prorsus
1848 3475 2094 3531 submo-

424 3558 990 3631 ve‘t,denuntiatque
1012 3575 1139 3615 rem
1154 3561 1451 3631 ejusmodi
1472 3579 1783 3635 nunquam
1798 3569 2091 3637 suggerat.

435 3647 776 3704 Ridiculum
796 3649 955 3704 enim
977 3667 1340 3722 prorsusque
1361 3651 1687 3708 absurdum
1702 3654 1864 3726 virgo
1886 3670 2092 3710 cense-

436 3739 558 3805 bat,
593 3755 725 3809 qum
744 3755 806 3794 se
831 3739 1017 3794 semel
1037 3739 1260 3794 cmlesti
1285 3741 1689 3797 etimmortali
1725 3743 1956 3798 Christo
1987 3741 2092 3799 ad-

439 3827 691 3882 dixisset
711 3843 778 3883 ac
810 3827 1168 3900 copulasset,
1193 3828 1266 3883 iis
1293 3829 1396 3900 qui
1443 3831 1735 3886 vermium
1793 3831 1984 3888 instar
2031 3831 2094 3887 in

437 3917 677 3972 cenosis
705 3933 768 3972 se
798 3917 1192 3974 volutantium
1217 3918 1466 3974 lacubus
1489 3919 1552 3975 in
1595 3921 1943 3993 gentilitatis
1969 3921 2093 3977 luto

437 4006 1449 4073 versabantur,obsecundare.900
1461 4010 1747 4074 Quocirca
1761 4011 1975 4084 puellm
1997 4027 2096 4084 pa-

434 4098 765 4165 rens,omni
780 4096 1089 4170 diligentia
1108 4097 1391 4153 balneum
1405 4104 1928 4169 construens,cum
1946 4101 2096 4157 duas

435 4185 728 4242 fenestras
751 4185 823 4242 ad
837 4187 1356 4259 austrum,quibus
1376 4187 1582 4244 lumen
1605 4189 2098 4260 induceretur,fa-

434 4275 558 4329 bris
579 4275 1022 4348 imperasset,in
1035 4275 1233 4331 locum
1247 4277 1567 4349 quemdam
1589 4279 1892 4350 profectus
1907 4283 2099 4338 est.At

433 4366 738 4421 Trinitatis
759 4365 980 4420 ancilla
1003 4381 1340 4438 sponsaque
1371 4367 1921 4441 Barbara,dispecto
1953 4370 2097 4426 aedi-

435 4455 592 4526 ficio,
627 4455 951 4527 Operarios,
984 4461 1052 4510 ut
1080 4461 1200 4511 tres
1227 4456 1522 4514 fenestras
1575 4463 1888 4514 structura:
1919 4464 2096 4532 apta-

434 4551 588 4612 rent,
623 4545 931 4616 compulit.
964 4547 1110 4602 Tum
1140 4563 1396 4616 reversa,
1429 4565 1566 4604 cum
1599 4565 1662 4604 se
1690 4548 1907 4605 iterum
1954 4568 2096 4623 spe-

434 4634 595 4690 ciosa
623 4635 782 4708 virgo
826 4635 888 4690 in
929 4637 1141 4692 turrim
1175 4654 1344 4694 suam
1378 4639 1724 4710 recepisset,
1778 4639 2100 4698 simulacra
2133 4604 2174 4669 Β

432 4724 590 4779 videt
612 4742 746 4797 qua:
763 4730 932 4797 pater
955 4727 1402 4796 colebat,animi
1429 4744 1763 4800 sensusque
1782 4731 2050 4803 expertia
2081 4749 2094 4788 :

434 4830 572 4870 mox
593 4814 815 4886 Spiritu
839 4822 1043 4873 sancto
1065 4817 1315 4889 repleta,
1351 4816 1731 4890 divinamque
1755 4835 1822 4875 ac
1853 4821 2100 4893 praefer-

432 4903 627 4960 vidam
659 4905 1104 4962 zemulationem
1137 4908 1792 4979 assumens,in‘eorum
1827 4909 2096 4982 despica-

434 4993 587 5049 biles
617 4994 810 5050 vultus
843 4997 1140 5067 conspuit,
1174 5003 1508 5069 opportune
1556 4999 1904 5055 Davidicum
1935 4999 2097 5062 illud

437 5083 628 5138 melos
648 5099 944 5154 usurpans
967 5101 980 5140 :
1005 5085 1220 5140 Similes
1241 5085 1407 5141 vobis
1443 5091 1582 5157 ﬁant
1605 5089 1704 5158 qui
1731 5090 1950 5157 faciunt
1971 5105 2096 5154 vos,

436 5178 487 5227 et
503 5189 684 5228 omnes
705 5175 804 5243 qui
821 5175 1104 5244 conﬁdunt
1141 5177 1200 5230 in
1226 5175 1392 5232 vobis
1413 5176 1479 5231 ³¹.
1505 5177 1548 5232 0
1595 5176 1830 5232 beatam
1875 5193 2007 5232 vere
2041 5181 2099 5232 et

434 5261 777 5335 religiosam
809 5263 1071 5318 animam
1099 5263 1112 5318 ί
1139 5265 1180 5320 0
1201 5265 1317 5320 ﬁde
1339 5265 1664 5321 ferventem
1687 5265 2096 5337 puellam,fide

437 5357 707 5407 ornatam
730 5351 802 5408 ΞΟ
815 5352 1326 5409 adolescentulam
1346 5353 1546 5409 divino
1563 5371 1744 5409 sensu
1762 5371 1829 5410 ac
1843 5355 2095 5426 pruden-

437 5441 520 5494 tia
538 5441 724 5512 patris
743 5441 1039 5497 insaniam
1059 5443 1543 5513 dcmentiamque
1563 5443 1940 5498 irridentem!
1964 5445 2006 5500 Ο
2029 5444 2096 5498 ﬁ-

441 5528 578 5584 liam
605 5530 870 5600 parentis
892 5533 1018 5586 Eva:
1046 5531 1215 5586 firmo
1241 5548 1420 5588 sensu
1440 5537 1817 5588 revocantem
1841 5532 2098 5607 fatuita-

513 5725 556 5760 ³¹
590 5725 746 5779 Psal.
779 5742 928 5796 cxm,
961 5729 1016 5784 8.

2116 1888 2163 1954 Β

2190 583 2398 659 τρόπου
2427 584 2723 658 σεμνότητι
2755 580 3198 657 διαλάμπουσαν.
3235 580 3446 658 Πύργον
3479 581 3570 637 οὗν
3633 579 3850 656 ὑψηλὸν

2193 670 2546 748 δειμάμενος,
2605 673 2777 730 ἐκεῖσε
2816 673 2918 743 τὴν
2966 673 3232 749 παρθένον
3288 669 3659 740 κατέκλεισεν,
3711 669 3852 726 ὥστε

2194 765 2272 839 μή
2305 766 2530 841 ὁρᾶσθαι
2561 763 2730 834 αὐτὴν
2767 763 2871 820 ὑπὸ
2901 767 3010 819 τῶν
3043 763 3372 836 ἀνθρώπων,
3427 758 3518 816 διά
3553 761 3652 831 τὴν
3686 757 3848 816 ἐπαν·

2191 858 2386 919 θοῦσαν
2428 854 2517 910 καὶ
2574 851 3061 930 ἂπαστράπτουσαν
3113 855 3213 910 τοῦ
3267 850 3512 914 κάλλους
3570 849 3852 930 φανότητα

2189 943 2281 1000 καὶ
2312 942 2701 1019 λαμπρότητα.
2735 941 2936 1006 Δύτόθι
2995 942 3088 998 οὖν
3147 939 3508 1016 διαιτωμένη,
3559 939 3686 1016 ἀτερ
3738 944 3848 996 τῶν

2191 1031 2381 1104 ἔξωθεν
2442 1028 2691 1108 θορύϐων
2751 1033 3173 1112 ἀφησυχάσασα,
3235 1029 3544 1107 λογισμοὺς
3617 1031 3850 1087 ἀνεκίνει

2192 1117 2487 1192 θεοσεϐεῖς,
2519 1122 2610 1178 καὶ
2639 1120 2868 1185 τούτους
2925 1119 3202 1197 ἐγεώργει,
3255 1119 3346 1176 καὶ
3404 1116 3644 1200 ἔτρεφεν·
3708 1117 3848 1176 οἶδεν

2190 1211 2295 1288 γὰρ
2354 1211 2560 1287 ἐρημία
2614 1211 2832 1268 ἐννοιῶν
2883 1211 3091 1287 ἱσχνῶν
3152 1209 3244 1266 καὶ
3321 1208 3846 1288 μεγαλοφυεστάτων

2196 1303 2380 1376 μήτηρ
2411 1302 2787 1365 καθίστασθαι.
2820 1300 2918 1356 Καὶ
2948 1300 3048 1369 τήν
3087 1300 3181 1373 μὶν
3239 1303 3347 1356 τῶν
3399 1297 3645 1355 εἰδώλων
3703 1297 3849 1355 πλά-

2191 1412 2291 1462 νην
2322 1391 2412 1446 καὶ
2467 1389 2745 1467 λατρείαν,
2808 1391 2882 1453 ὡς
2940 1389 3018 1452 εἷς
3072 1386 3204 1460 ’ᾲδου
3265 1387 3532 1460 πέταυρον
3577 1388 3846 1465 κατάγου-

2193 1501 2286 1536 σαν
2315 1476 2694 1548 ἐϐδελύττετο,
2720 1480 2818 1548 τήν
2852 1476 2900 1534 δ’
2932 1477 3115 1550 ἀληθῆ
3171 1482 3281 1534 τῶν
3339 1482 3676 1552 Χριστιανῶν
3731 1477 3848 1532 πίσ-

2190 1593 2296 1644 τιν,
2328 1571 2420 1628 καὶ
2452 1571 2552 1640 τὴν
2583 1572 2681 1640 τῆς
2710 1569 2864 1646 ἀγίας
2894 1569 2980 1624 καὶ
3026 1567 3324 1642 ὁμοουσίου
3355 1565 3594 1643 Τριάδος
3647 1568 3846 1636 σεπτήν

2193 1659 2517 1737 ὁμολογίαν,
2559 1659 2634 1722 ὡς
2685 1658 2761 1722 είς
2822 1656 3089 1734 οὐρανοὺς
3145 1658 3467 1734 ἀνάγουσαν,
3517 1656 3848 1733 περιέθαλπε

2192 1750 2282 1806 καὶ
2311 1748 2593 1824 προσίετο⁶
2625 1746 2753 1811 τούς
2785 1769 2843 1803 τε
2878 1747 3002 1823 περὶ
3036 1745 3326 1812 ἀθανασίας
3375 1749 3566 1823 ψυχῆς
3628 1744 3850 1822 λόγους,

2192 1839 2317 1916 περί
2349 1860 2406 1895 τε
2451 1837 2733 1914 βασιλείας
2785 1836 3047 1914 οὐρανῶν,
3095 1835 3185 1893 καὶ
3237 1840 3339 1903 τῆς
3398 1841 3506 1892 τῶν
3566 1835 3850 1912 ἀκηράτων

2195 1927 2577 1998 ἀπολαύσεως,
2598 1925 2724 2004 περί
2760 1947 2816 1983 τε
2846 1928 3092 2003 γεέννης,
3124 1925 3214 1982 καὶ
3243 1932 3348 1996 τῆς
3400 1925 3572 1982 ἐκεῖσε
3630 1924 3852 1981 ἀτελευ-

2192 2021 2362 2090 τήτου
2392 2016 2697 2088 κολάσεως,
2729 2017 2866 2092 πρὸς
2894 2017 3113 2082 τούτοις
3144 2013 3222 2088 δὲ,
3280 2016 3369 2071 καὶ
3412 2017 3513 2085 τὴν
3543 2018 3652 2071 τῶν
3681 2036 3850 2092 προσ·

2192 2107 2399 2183 καίρων
2429 2111 2528 2162 τοῦ
2561 2107 2775 2180 κόσμου
2803 2105 3004 2162 τούτου
3033 2105 3372 2184 πραγμάτων
3407 2107 3639 2162 ἄστατον
3699 2127 3856 2182 περι-

2196 2196 2366 2276 φορὰν
2451 2195 2543 2252 καὶ
2613 2190 2868 2252 ἀϐέϐαιον
2952 2196 3092 2251 κατά
3145 2200 3273 2252 νοῦν
3359 2194 3691 2273 ἐζωγράφει,
3773 2195 3856 2252 καὶ

2195 2283 2518 2341 ἀνείλιττεν·
2572 2284 2665 2340 καὶ
2719 2284 2818 2348 τάς
2873 2281 3350 2362 λαμπαδηφόρους
3396 2284 3718 2361 παρθένους,
3771 2283 3860 2348 τάς

2194 2379 2274 2448 τῷ
2303 2373 2561 2454 ἀφθάρτῳ
2590 2373 2814 2451 νυμφίῳ
2855 2375 3076 2450 Χριστῷ
3125 2373 3176 2429 ἐν
3231 2377 3300 2448 τῇ
3359 2373 3667 2450 ἐπουράνίῳ
3720 2394 3856 2428 πασ-

2194 2463 2318 2520 τάδι
2349 2463 2787 2537 συναπτομένας,
2817 2466 2907 2518 καί
2963 2468 3065 2532 τῆς
3125 2458 3276 2518 ἔνδον
3338 2461 3659 2540 ἀπορρήτου
3695 2483 3859 2518 κατα-

2196 2555 2487 2630 τρυφώσας
2541 2553 2966 2629 μακαριότητος,
3026 2552 3105 2608 ἀεὶ
3168 2551 3514 2628 ἐφαντάζετο.
3596 2552 3698 2610 Καὶ
3751 2559 3850 2622 τῆς

2197 2637 2503 2700 πάνολϐίου
2535 2641 2746 2713 ἐκείνης
2776 2641 2972 2718 μοίρας
3000 2642 3091 2697 καὶ
3125 2648 3416 2718 χαρμονῆς
3468 2641 3855 2718 ἀνεκφράστου,

2195 2732 2286 2789 καὶ
2317 2731 2698 2804 ἀνεκλαλήτου
2746 2729 2931 2805 δόξης,
2979 2731 3382 2804 καταξιωθῆναι
3429 2730 3712 2807 ἐγλίχετο,
3766 2728 3857 2788 καὶ

2197 2821 2479 2897 ἐπεθύμει,
2511 2822 2604 2878 καὶ
2635 2821 2865 2898 ηὔχετο.

2269 2935 2342 3000 η’.
2375 2931 2466 2986 Ἐν
2488 2934 2607 2992 τοῖς
2633 2927 2910 2992 τοιούτοις
2971 2925 3063 2984 οὖν
3114 2929 3432 3004 θεωρήμασι
3482 2935 3585 2999 τῆς
3641 2928 3863 3006 σώφρο-

2195 3040 2284 3082 νος
2309 3018 2402 3075 καὶ
2435 3019 2606 3095 ἁγνῆς
2663 3019 2935 3095 παρθένου
3011 3019 3112 3088 τήν
3186 3020 3374 3094 ψυχὴν
3456 3018 3860 3089 πυκναζούσης,

2196 3107 2475 3184 ἐφίσταται
2507 3109 2536 3164 ὁ
2567 3109 2770 3182 πατήρ.
2825 3104 3330 3166 Ἀναδιδασκόντων
3388 3105 3446 3164 δέ
3500 3107 3662 3164 αὐτὸν
3719 3105 3866 3164 πολ-

2202 3196 2316 3254 λῶν
2346 3197 2708 3274 μεγιστάνων,
2728 3196 2820 3253 καὶ
2852 3198 2977 3274 περὶ
3008 3195 3226 3254 πολλοῦ
3282 3202 3557 3263 ποιεῖσθαι
3603 3197 3705 3267 την
3735 3197 3866 3253 ταύ·

2201 3311 2303 3361 της
2357 3290 2612 3367 συζυγίαν
2667 3310 2750 3361 τε,
2800 3289 2892 3346 καὶ
2949 3291 3088 3366 πρὸς
3137 3291 3379 3365 γαμικὴν
3431 3288 3656 3364 ὁμιλίαν
3706 3291 3864 3346 συνά-

2203 3401 2380 3458 φειαν,
2430 3379 2508 3444 είς
2561 3383 2724 3435 τοῦτο
2781 3377 2950 3449 αὐτὴν
3008 3378 3284 3436 ἐπινεῦσαι
3341 3381 3734 3457 προυτρέπετο.
3793 3381 3857 3437 Ἦ

2206 3467 2265 3526 δὲ
2293 3468 2421 3533 τοὺς
2451 3468 2736 3533 τοιούτους
2781 3467 2986 3545 λόγους
3033 3468 3108 3533 ὠς
3143 3467 3372 3544 λήρους,
3423 3469 3515 3526 καὶ
3575 3468 3862 3546 ὀχληροὺς

2207 3558 2563 3633 διαπτύσασα,
2627 3561 2742 3634 μετ’
2784 3559 2956 3636 ὀργῆς
3004 3564 3084 3633 τῷ
3157 3559 3502 3638 γεγεννηκότι
3584 3555 3861 3637 ἐμερίθως

2207 3649 2514 3720 ἀτενίσασα,
2570 3651 2670 3720 τήν
2733 3644 3072 3725 ψυχοϐλαϐἧ
3119 3650 3322 3722 ταύτην
3374 3649 3686 3726 παραίνεσιν
3729 3671 3863 3705 παν-

2204 3737 2384 3802 τελῶς
2417 3737 2748 3809 ἀποσείεται,
2783 3739 2980 3812 μηκέτι
3044 3740 3269 3813 μνήμην
3318 3738 3572 3795 τοιούτου
3611 3740 3866 3815 πράγμα-

2203 3849 2296 3891 τος
2325 3828 2464 3904 αὐτῇ
2495 3828 2792 3904 προσάγειν
2823 3829 3273 3904 παρεγγυήσασα.
3333 3825 3557 3884 Γελοῖον
3613 3829 3722 3905 γάρ
3774 3828 3862 3884 καὶ

2205 3920 2385 3988 πάσης
2466 3917 2698 3982 ἀτοπίας
2771 3919 3073 3992 ἀνάμεστον
3159 3919 3195 3988 ἡ
3273 3919 3537 3992 παρθένος
3593 3921 3862 3996 ἡγήσατο,

2204 4008 2451 4079 καθάπαξ
2495 4008 2690 4078 ἑαυτὴν
2747 4011 2830 4079 τῷ
2887 4005 3125 4082 οὐρανίῳ
3180 4005 3271 4062 καὶ
3331 4007 3584 4081 ἀθανάτῳ
3641 4009 3864 4086 νυμφίῳ

2207 4097 2462 4154 ἀναθεῖσά
2487 4117 2548 4153 τε
2585 4097 2673 4152 καὶ
2705 4095 3004 4172 συνάψασα,
3064 4094 3116 4152 εἴ
3161 4101 3280 4160 τοῖς
3341 4094 3650 4168 σκωλήκων
3708 4096 3863 4169 δίκην

2207 4187 2472 4246 ίλυώδεσι
2501 4188 2765 4264 τέλμασιν
2813 4188 3212 4264 ίλυσπωμένων
3270 4188 3552 4262 ἐλΛηνικῷ
3611 4185 3864 4266 βορϐόρῳ

2212 4280 2492 4353 ύπείξειεν.
2523 4280 2586 4338 Ὀ
2615 4277 2795 4338 τοίνυν
2852 4279 3056 4350 ταύτης
3108 4281 3290 4356 πατὴρ
3327 4277 3616 4356 βαλανεῖον
3653 4276 3863 4354 σπουδῇ

2206 4369 2400 4445 πολλῇ
2428 4369 2492 4426 τὸ
2521 4373 2822 4442 τηνικαῦτα
2883 4365 3223 4444 οἰκοδομῶν,
3278 4369 3528 4442 ἐπιτάξας
3563 4375 3680 4433 τοῖς
3709 4368 3864 4446 τεχνί

2206 4481 2322 4523 ταις
2351 4459 2487 4516 κατά
2515 4459 2672 4516 νότον
2727 4458 2825 4516 δύο
2875 4455 3097 4534 θυρίδας
3157 4460 3528 4538 φωταγωγοὺς
3573 4481 3866 4515 κατασκευ-

2207 4551 2354 4619 άσαι,
2387 4547 2742 4624 ἀπεδήμησεν
2779 4548 2855 4612 είς
2881 4548 3068 4625 χώραν
3098 4549 3243 4606 τινά.
3275 4550 3338 4607 Ἦ
3401 4547 3460 4605 δὲ
3504 4553 3606 4614 τῆς
3633 4547 3870 4626 Τριάδος

2211 4637 2383 4710 δούλη
2416 4639 2508 4695 καὶ
2537 4639 2727 4714 νύμφη
2762 4634 3038 4714 Βαρϐάρα,
3095 4639 3159 4694 τὸ
3214 4636 3368 4714 ἔργον
3401 4646 3502 4710 τῆς
3561 4636 3870 4713 οἷκοδομῆς

2209 4726 2638 4802 ἐπισκεψαμένη,
2669 4733 2819 4803 τρεῖς
2873 4725 3094 4804 θυρίδας
3149 4727 3457 4807 ἐφαρμόσαι
3506 4734 3588 4802 τῷ
3648 4725 3872 4785 οἰκοδο-

2212 4819 2427 4891 μήματι
2455 4815 2589 4880 τοὺς
2621 4816 2854 4892 ἐργάτας
2901 4816 3230 4892 ἠνάγκασεν.
3283 4821 3613 4878 Ἐπανιοῦσα
3644 4816 3725 4889 δέ,
3774 4819 3866 4874 καὶ

2206 4903 2662 4980 παλινδρομοῦσα
2694 4905 2782 4962 ἐπὶ
2810 4907 2902 4962 τὸν
2939 4903 3073 4962 ἴδιον
3099 4905 3308 4982 πύργον
3331 4909 3366 4978 ἡ
3398 4905 3543 4977 καλὴ
3569 4909 3866 4982 παρθένος,

2209 4997 2310 5073 ὁρᾷ
2337 4997 2404 5052 τά
2433 4993 2619 5073 ἄψυχα
2655 4997 2745 5052 καὶ
2793 4995 3091 5068 ἀναίσθητα
3147 4994 3374 5069 εἷ’δωλα,
3411 4999 3494 5060 οἷς
3547 4998 3612 5054 τὸ
3645 4994 3808 5061 σέϐας
3843 4998 3872 5054 ὁ

2207 5087 2386 5162 πατὴρ
2419 5085 2842 5160 προσεκόμιζεν,
2890 5085 2981 5141 καὶ
3033 5084 3098 5155 δὴ
3136 5085 3453 5161 Πνεύματος
3505 5088 3660 5165 ἁγίου
3689 5086 3878 5159 πλησ-

2212 5181 2384 5244 θεῖσα,
2444 5173 2539 5230 καὶ
2593 5174 2760 5245 ζῆλον
2822 5170 3170 5232 ἀναλαϐοῦσα
3217 5171 3394 5232 ἔνθεον
3450 5178 3541 5233 καὶ
3599 5177 3875 5254 ἀνάπυρον

2209 5263 2287 5327 εἷς
2315 5265 2384 5320 τὰ
2419 5262 2589 5337 ἄτιμα
2617 5265 2797 5320 αὐτῶν
2853 5261 3134 5320 ἐνέπτυσεν
3198 5264 3492 5342 πρόσωπα,
3519 5266 3582 5322 τὸ
3611 5272 3709 5322 τοῦ
3741 5287 3878 5344 προ-

2210 5357 2386 5432 φήτου
2418 5349 2587 5410 Δαόἰδ
2642 5354 2909 5430 εὐκαίρως
2968 5353 3196 5410 εἰποῦσα
3258 5353 3590 5430 μελῲδημα,
3648 5359 3876 5432 Ὅμοιοι

2211 5445 2362 5518 ὑμῶν
2419 5443 2666 5520 γένοιντο
2728 5445 2782 5499 οἱ
2830 5448 3119 5506 ποιοῦντες
3179 5445 3340 5518 ὑμᾶς,
3416 5447 3508 5501 καὶ
3565 5447 3762 5509 πάντες
3823 5445 3876 5501 οἱ

2207 5533 2528 5597 πεποιθότες
2561 5531 2645 5614 ἐφ’
2679 5533 2840 5608 ὑμᾶς.
2873 5539 2942 5589 ’Ὠ
3002 5533 3268 5611 μακαρίας
3316 5530 3512 5609 ὅντως,
3567 5535 3658 5592 καὶ
3711 5534 3880 5612 φιλο-
