4160 6420
432 378 548 435 793

1594 379 1964 437 LAUDATIO
1998 380 2059 435 8.
2097 378 2457 434 BARBABB
2495 378 2716 434 MART.

3747 381 3861 439 794

432 504 562 569 θέου
594 502 819 578 ψυχῆςί
849 507 916 556 ’Ὠ
974 498 1217 565 νεάνιδος
1276 502 1455 558 πίστει
1513 502 1761 574 ζεούσης,
1794 500 1971 557 πίστει
2004 521 2094 557 κε-

2213 507 2327 559 tem
2359 520 2426 558 ac
2457 502 2867 576 deceptionem
2895 502 2908 559 ί
2941 501 3069 574 Illa,
3094 503 3255 559 nuda
3275 504 3461 561 hostis
3478 508 3857 581 suggestione

427 590 799 668 κοσμημένης
831 593 843 647 ί
878 592 940 646 ’Θ
989 592 1160 665 κόρης
1224 591 1429 647 συνέσει
1490 593 1606 665 θείᾳ
1635 594 1733 661 τὴν
1760 596 1859 648 105
1890 592 2097 666 πατρὸς

438 684 858 759 μυκτηρισάσης
887 681 1200 760 ἀφροσύνην
1256 702 1315 736 τε
1366 682 1455 736 καὶ
1516 684 1812 758 παράνοιαν
1843 682 1856 739 ί
1888 687 1956 735 ’Ὢ
2003 682 2098 734 θυ-

430 774 658 851 γατρὸς,
720 773 819 842 τὴν
899 777 1000 840 τῆς
1075 773 1437 847 προμήτορος
1498 768 1640 834 Εὐας
1698 770 1946 843 εὐήθειαν
2005 768 2095 825 καὶ

428 864 667 935 ἀπάτην,
726 866 807 934 τῷ
860 860 1068 938 στερῥῷ
1121 865 1219 916 105
1274 864 1630 939 φρονήματος
1685 859 2099 935 ἀνακαλεσαμέ-

426 975 531 1026 νης
559 955 571 1011 ί
605 953 820 1021 Ἐκείνη
853 945 1178 1027 προσϐολὴν
1210 948 1382 1025 ψιλὴν
1428 955 1524 1005 105
1570 949 1774 1027 ἐχθροῦ
1806 948 2093 1025 δεξαμένη,

2211 598 2506 664 suscepta,
2542 593 2856 648 confestim
2888 610 3095 650 eversa
3127 600 3256 649 est:
3301 595 3426 650 haec
3455 613 3589 651 vero
3622 604 3859 655 austera

2205 683 2511 755 gravitate,
2532 699 2653 737 non
2675 684 2847 738 modo
2871 684 3031 738 illius
3055 684 3369 739 illecebras
3390 687 3637 756 respuit,
3652 705 3855 744 verum

2207 779 2266 829 et
2295 773 2355 827 in
2389 774 2438 845 ej
2452 790 2518 827 us
2550 773 2795 841 vultum,
2829 791 2937 846 per
2966 775 3286 831 simulacra
3311 777 3605 846 conspuit.
3626 779 3769 833 Nam
3793 779 3855 834 in

2207 863 2502 918 malorum
2516 869 2686 918 aucto
2696 880 2820 918 rem
2834 865 2949 934 ,qui
2965 882 3070 936 per
3082 865 3208 919 haec
3224 864 3854 938 agebat,hominesque

2208 952 2562 1023 decipiebat,
2579 953 2734 1024 sputi
2754 953 2835 1024 inj
2846 953 3038 1008 uriam
3054 954 3331 1021 intendit,
3352 954 3571 1020 emisit,
3596 956 3855 1011 intorsit.

430 1043 591 1108 εὐθὺς
622 1039 964 1115 ἀνετρέπετο·
993 1038 1127 1111 αὕτη
1165 1038 1243 1111 δὲ,
1276 1041 1337 1095 οὐ
1375 1041 1537 1114 μόνον
1565 1041 1634 1097 τὰ
1660 1039 1857 1096 τούτου
1890 1040 2189 1115 θελκτήρια
2218 1039 2504 1114 αὐστηρῶς
2538 1038 2823 1113 αὐστηρῶς
2854 1040 3246 1113 ἀπεκρούσατο,
3278 1039 3425 1097 ἀλλά
3452 1042 3538 1097 καὶ
3578 1042 3745 1097 αὐτοῦ
3773 1047 3855 1115 τῷ

433 1133 718 1210 προσώπῳ
774 1128 865 1186 διὰ
917 1134 1027 1185 τῶν
1086 1127 1332 1185 εἰδώλων
1385 1129 1685 1188 ἐνέπτυσεν.
1748 1131 1892 1205 Πρὸς
1938 1129 2041 1206 γάρ
2091 1129 2183 1184 τὸν
2240 1126 2310 1184 δι’
2359 1129 2533 1185 αὐτῶν
2586 1129 2909 1206 ἐνεργοῦντα
2955 1130 3047 1185 καὶ
3089 1129 3376 1186 ἀπατῶντα
3422 1131 3726 1208 ἀρχέκακον
3757 1135 3856 1189 τοῦ

436 1221 791 1297 ἐμπτύματος
821 1220 921 1289 τὴν
957 1214 1112 1296 ὕϐριν
1154 1218 1424 1293 ἐξέτεινεν,
1456 1218 1546 1274 καὶ
1578 1218 1895 1294 ἐξέπεμψεν,
1928 1219 2017 1274 καὶ
2046 1218 2453 1289 κατηκόντισεν.

507 1332 568 1389 θ’.
602 1327 1095 1398 Ἐπαναζεύξαντος
1156 1324 1213 1381 δὲ
1269 1332 1369 1397 τῆς
1430 1323 1730 1399 ἐπιδημίας
1769 1330 1868 1382 105
1897 1325 2099 1397 ταύτης

427 1422 793 1497 γεννήτορος,
823 1417 915 1473 καὶ
947 1417 1035 1473 ἐπὶ
1068 1416 1406 1492 παραλλάξει
1440 1425 1541 1487 τῆς
1586 1418 1778 1473 ἑαυτοῦ
1810 1414 2100 1490 διατάξεως

426 1515 547 1573 τοῖς
603 1505 932 1582 οῗκοδόμοις
1002 1506 1421 1583 χαλεπήναντος
1480 1506 1570 1562 καὶ
1629 1508 2098 1581 ἀγανακτήσαντος

436 1598 529 1655 διὰ
585 1600 684 1667 τήν
742 1599 964 1674 τριττῆς
1022 1594 1241 1671 θυρίδος
1297 1596 1609 1672 πρόσθεσιν,
1655 1595 1869 1665 ἐπίτήν
1901 1600 2097 1651 τοῦτου

442 1688 709 1764 θυγατρὸς
737 1686 981 1741 κέλευσιν
1030 1686 1129 1755 τήν
1186 1684 1358 1741 αἰτίαν
1420 1687 1757 1760 μετήγαγον.
1792 1686 1853 1742 Ὀ
1885 1682 1942 1739 δὲ
1971 1685 2099 1760 παρ’

447 1776 618 1847 αὐτῆς
648 1777 746 1846 τήν
778 1782 876 1845 τῆς
905 1773 1148 1847 τριπλῆς
1207 1776 1466 1854 ἀφορμὴν
1519 1772 1740 1849 θυρίδος
1771 1773 2095 1847 πυθόμενος,

443 1866 698 1941 εὐκαίρου
755 1869 789 1934 ὴ
851 1863 1207 1943 πανεύιρημος
1263 1861 1574 1937 δραξαμένη
1615 1862 1964 1940 προφάσεως,
1996 1870 2095 1933 τῆς

436 1952 667 2030 Τριάδος
698 1950 1003 2031 διαρρήδην
1063 1954 1162 2021 τὴν
1226 1950 1381 2027 δόξαν
1443 1953 1745 2031 ἐθεολόγει,
1788 1952 1865 2018 είς
1916 1953 2095 2009 πίστιν

427 2044 529 2099 τὸν
580 2045 807 2099 ἄπιστον
862 2042 1285 2118 προτρεπομένη
1349 2045 1646 2118 σωτήριον.
1684 2068 1711 2095 ‹‹
1747 2043 1871 2112 Ναὶ,
1907 2043 2094 2121 φησὶν,

424 2135 523 2190 καὶ
551 2135 651 2211 γὰρ
683 2136 719 2204 ἡ
752 2135 929 2209 Τριάς
981 2132 1206 2210 φωτίζει
1264 2132 1438 2188 πάντα
1469 2131 1753 2209 ἄνθρωπον
1788 2133 2092 2209 ἐρχόμενον

430 2224 514 2285 εἷς
542 2224 633 2279 τὸν
664 2224 896 2297 κόσμον.
945 2223 1022 2279 Τὸ
1073 2222 1176 2298 γάρ
1236 2221 1489 2294 αἰσθητὸν
1546 2226 1707 2278 τοῦτο
1743 2227 1880 2301 φῶς,
1912 2227 2009 2277 105
2042 2220 2092 2277 ἐν

425 2314 608 2390 τρισὶν
641 2310 831 2384 ἡλίοις
861 2312 1154 2389 ἐχομένοις
1182 2311 1453 2384 ἀλλήλων
1476 2312 1779 2387 νοουμένου
1801 2312 1892 2368 καὶ
1924 2333 2098 2388 προσ-

426 2404 774 2478 κυνουμένου
832 2404 1033 2482 φωτὸς,
1093 2401 1353 2479 τυγχάνει
1411 2404 1615 2477 κτίσμα
1670 2404 1761 2458 καὶ
1820 2401 2095 2478 δημιούρ-

426 2516 615 2573 γημα,
645 2500 738 2550 καῖ
762 2492 1139 2569 ἀμυδρότατον
1196 2494 1288 2549 καὶ
1341 2493 1586 2569 ἀμαυρὸν
1636 2493 1977 2567 ἐξεικόνισμα
2006 2492 2096 2548 καὶ

427 2584 808 2666 ᾆποσκίασμα,
841 2609 869 2637 ››
901 2585 964 2641 Ὀ
1023 2582 1081 2639 δὲ
1132 2590 1233 2655 τῆς
1287 2578 1536 2648 ἀσεϐείας
1576 2582 1974 2659 τεθραμμένος,
2005 2583 2092 2638 καὶ

424 2679 533 2731 105
586 2674 815 2738 σκότους
898 2676 1219 2751 συνήγορος,
1307 2672 1488 2749 ὥσπερ
1563 2677 1632 2747 τῇ
1688 2672 1937 2749 ἀστραπῇ
1994 2676 2096 2747 τῇς

427 2764 817 2841 τρισσοφώτου
847 2762 1134 2833 θεότητος,
1193 2761 1283 2819 διὰ
1334 2766 1442 2829 τῆς
1499 2769 1700 2840 τρανῆς
1756 2762 1846 2818 καὶ
1886 2763 2100 2837 ἀπαρα-

430 2853 722 2910 καλύπτου
750 2860 853 2924 τῆς
882 2850 1214 2927 πανενδόξου
1269 2854 1440 2928 κόρης
1500 2851 1827 2927 ὁμολογίας,
1867 2853 1966 2921 τήν
2000 2859 2099 2923 τῆς

435 2946 630 3018 ψυχῆς
662 2939 784 3018 ὄψιν
818 2940 1076 3018 πληγεὶς,
1109 2943 1197 2997 καὶ
1258 2946 1337 3014 τῷ
1394 2940 1602 3017 στερῥῷ
1639 2945 1738 2997 105
1767 2941 2098 3018 ἀμαρύγμαο

434 3053 537 3095 τος
572 3030 785 3106 μᾶλλον
818 3030 1189 3108 ἀμαυρωθεὶς,
1255 3030 1445 3105 μανίας
1496 3031 1785 3106 γενόμενος
1817 3025 2097 3104 ἔμπλεως,

438 3121 536 3178 καὶ
566 3127 647 3195 τῷ
680 3126 840 3195 θυμῷ
872 3120 1187 3197 ὑπερζέσας,
1248 3121 1311 3177 τὸ
1367 3121 1519 3200 ξίφος
1579 3122 1945 3195 σπασάμενος,
1981 3122 2098 3196 ὥρ-

442 3232 616 3287 μησεν
650 3212 679 3266 ὁ
712 3210 1093 3284 ἐσκοτισμένος
1147 3210 1210 3266 τὸ
1270 3210 1558 3287 μονογενὲς
1614 3208 1946 3289 κατασφάξαι
2007 3220 2098 3273 θυ-

429 3303 682 3376 γάτριον,
738 3306 840 3368 τῆς
899 3294 1172 3362 εὐσεϐείας
1232 3300 1374 3373 ὁμοῦ
1431 3299 1522 3355 καὶ
1577 3306 1678 3369 τῆς
1728 3300 1940 3377 φύσεως
1969 3297 2099 3362 τοὺς

437 3390 607 3466 ὅρους
664 3384 998 3460 ἐκϐεϐηκὼς,
1055 3388 1139 3444 ὅτι
1199 3388 1349 3462 αὐτῷ
1405 3389 1506 3457 τήν
1564 3395 1665 3459 τῆς
1724 3393 1870 3459 ζωῆς
1912 3384 2101 3463 τρίϐον

442 3477 732 3551 ὑπέδειξεν.
766 3480 973 3541 Ὄντως
1005 3478 1068 3534 οὐ
1104 3478 1272 3553 μόνον
1303 3477 1353 3552 ἐξ
1410 3475 1688 3542 ἀνθώδους
1719 3483 1910 3557 φυτοῦ,
1944 3476 2105 3554 ῥόδον

445 3570 648 3644 ὡραῖον
706 3568 797 3624 καὶ
858 3566 1225 3624 εὐωδέστατον
1283 3566 1492 3644 φύεται,
1526 3565 1673 3623 ἀλλά
1703 3567 1792 3623 καὶ
1825 3568 1884 3623 ἐκ
1914 3564 2104 3623 δυσσε-

447 3654 580 3721 605:
637 3658 792 3736 ῥίζης
844 3659 1055 3733 καρπὸς
1106 3655 1381 3719 πολλάκις
1441 3652 1719 3720 εὐσεϐείας
1773 3654 2102 3715 ἀναδίδοται.

452 3748 554 3803 Καὶ
586 3750 789 3824 μάρτυς
823 3743 1080 3823 Ἀϐραάμ
1139 3748 1167 3802 ὁ
1226 3748 1599 3822 πατριάρχης,
1661 3745 1749 3801 καὶ
1810 3744 1899 3801 διὰ
1940 3750 2103 3802 τοῦτο

441 3839 553 3893 τῶν
587 3838 752 3894 ἐθνῶν
789 3839 995 3913 πατὴρ,
1026 3842 1134 3893 τῶν
1182 3838 1283 3905 τὴν
1334 3836 1500 3891 αὐτοῦ
1529 3834 1710 3891 πίστιν
1740 3835 2102 3907 ἐζηλωκότων

435 3925 688 3999 κληθεὶς,
731 3933 951 4003 πρῶτος
1010 3932 1284 4002 πατρικῆς
1340 3926 1719 4005 ἀποφοιτήσας
1786 3924 2103 3993 πολυθεΐας,

433 4018 529 4073 καὶ
586 4017 907 4089 ἀθεότητος.
978 4018 1189 4080 Ὄντως
1242 4016 1607 4091 πεπλήρωται
1666 4015 1758 4070 καὶ
1817 4015 1870 4071 ἐν
1924 4014 2104 4089 τούτῳ

431 4111 539 4164 105
574 4114 837 4183 Σωτῆρος
897 4109 1060 4181 ἡμῶν
1122 4106 1305 4176 Ἰησοῦ
1363 4105 1603 4183 Χριστοῦ
1634 4107 1669 4175 ἡ
1704 4104 1818 4160 θεία
1855 4104 2106 4182 πρόρῥη-

437 4219 550 4269 σις,
583 4196 850 4274 θυγατέρα
878 4197 969 4252 καί
1029 4196 1248 4274 νύμφην
1306 4195 1442 4252 κατά
1490 4196 1717 4270 πατρὸς,
1746 4197 1834 4250 καὶ
1874 4196 2102 4270 μητρὸς,

432 4287 532 4343 καὶ
562 4290 823 4363 πενθερᾶς
859 4286 1197 4359 ἐξανιστᾶσα,
1254 4285 1319 4341 τὰ
1379 4286 1471 4341 νέα
1528 4287 1619 4340 καὶ
1651 4286 1957 4364 πρόσφατα,
1988 4291 2105 4347 τοῖς

436 4377 702 4439 παλαιοῖς
744 4377 836 4432 καὶ
897 4372 1196 4451 ληρώδεσιο
1257 4374 1347 4430 καὶ
1407 4372 1790 4451 διχοτομοῦσα
1818 4374 1880 4429 τὸ
1912 4380 2101 4451 χεῖρον

435 4467 550 4523 ἀπὸ
579 4471 677 4522 τοῦ
707 4467 1044 4541 κρείττονος.

520 4581 567 4633 ι’.
627 4574 694 4631 Τί
752 4572 868 4641 οὗν,
928 4575 963 4643 ἡ
1023 4569 1360 4641 πανευκλεής
1420 4566 1715 4649 Βαρϐάρας
1759 4576 1856 4628 105
1897 4573 2102 4651 πατρὸς

438 4668 625 4739 ὁρῶσα
654 4665 715 4720 τὸ
774 4662 1097 4740 παμμίαρον
1158 4661 1413 4738 ὅρμημα,
1477 4662 1692 4737 μᾶλλον
1728 4660 1784 4719 δὲ
1813 4670 1912 4734 τῆς
1949 4686 2103 4738 μιαι-

437 4759 635 4839 φονίας
680 4760 873 4812 τοῦτον
942 4753 1273 4830 οίκτείρασα,
1335 4753 1405 4809 δι’
1461 4754 1637 4830 εὐχῆς
1693 4756 2101 4829 παρακειμένην

446 4849 709 4925 μεγίστην
761 4848 960 4920 πέτραν
1021 4843 1286 4917 διοίξασα,
1353 4841 1444 4900 διὰ
1503 4847 1677 4919 μέσης
1729 4845 1932 4917 ταύτης
1964 4847 2101 4922 πρὸς

432 4940 502 4996 τὸ
557 4936 741 5013 ἕτερον
799 4936 965 5011 μέρος
1020 4939 1118 4991 105
1199 4955 1362 5009 ορους
1443 4935 1826 5010 μεθώρμησεν.
1886 4936 1952 4990 Ὠ
2006 4939 2108 4991 105

442 5028 762 5100 θα·3ματοςί
824 5027 993 5102 πέτρα
1046 5030 1354 5100 σχισθεῖσα,
1416 5023 1707 5099 ἐγκόλπιον
1755 5025 1855 5094 τὴν
1892 5023 2105 5098 ἀμνάδα

442 5115 771 5193 είσδέχεται,
800 5114 891 5171 καὶ
947 5116 976 5170 ὁ
1036 5113 1203 5170 λίθων
1264 5113 1718 5189 ἀναισθητότερος
1762 5114 1966 5185 ταύτης
1995 5136 2100 5169 πα-

436 5208 545 5282 τὴρ
576 5205 668 5260 καὶ
700 5202 964 5275 διώκτης,
1029 5201 1242 5276 μᾶλλον
1300 5206 1370 5277 τῇ
1428 5204 1685 5279 πωρώσει
1745 5202 2099 5271 ἀπελιθοῦτο,

432 5296 529 5352 καὶ
571 5294 647 5351 εἰς
693 5290 948 5370 πετρώδη
1010 5291 1324 5348 ἀντιτυπίαν
1389 5294 1681 5369 μετήγετο.
1716 5291 1819 5349 Καὶ
1850 5288 1977 5347 οὐδὲ
2005 5295 2101 5347 105

438 5385 717 5458 θαύματος
769 5383 833 5438 τὸ
890 5379 1197 5457 παράδοξον
1252 5379 1490 5455 μαλάξαι
1548 5381 1745 5438 τούτου
1813 5379 2098 5451 δεδύνηται

435 5482 539 5545 τῆς
572 5474 762 5549 ψυχῆς
791 5473 853 5528 τὸ
895 5469 1135 5548 σκληρὸν
1192 5470 1282 5526 καὶ
1342 5471 1731 5546 ἀπάνθρωπον,
1765 5470 1892 5528 ἀλλ’
1924 5472 2097 5546 ὑπερ-

439 5562 542 5629 ϐἀς
572 5565 636 5620 τὸ
680 5559 835 5639 ὄρος,
890 5561 1091 5634 ταύτην
1152 5562 1332 5634 ἐζήτει
1388 5558 1456 5617 δι’
1513 5562 1858 5637 ἐρωτήσεως.
1892 5564 1994 5620 Καὶ
2027 5560 2093 5634 δή

517 5760 565 5795 ³³
594 5762 760 5818 Joan.
791 5777 832 5829 ι,
865 5762 919 5815 9.
952 5756 998 5795 ³³
1029 5756 1229 5813 Matth.
1262 5775 1318 5827 x,
1356 5760 1443 5812 '32-

2281 1332 2333 1385 9.
2368 1331 2617 1385 Reverso
2650 1334 2816 1401 patre
2849 1345 2922 1385 ex
2952 1345 3021 1384 ea
3046 1345 3225 1400 quam
3270 1335 3613 1402 susceperat
3658 1330 3855 1402 profe-

2210 1418 2428 1484 ctione,
2457 1436 2524 1474 ac
2555 1418 2949 1473 structoribus
2989 1419 3335 1491 indignante
3380 1420 3539 1490 quod
3570 1421 3861 1492 imperata

2212 1526 2318 1563 sua
2330 1514 2635 1564 mutassen
2646 1514 2963 1581 t,eegreque
2976 1508 3300 1563 fenestram
3315 1509 3550 1564 tertiam
3564 1510 3636 1565 ad
3635 1511 3859 1581 jectam

2207 1598 2456 1666 ferente,
2491 1599 2577 1653 illi
2610 1598 2670 1653 in
2701 1598 2838 1653 ﬁlim
2861 1599 3195 1672 jussionem
3233 1615 3472 1654 causam
3503 1600 3857 1654 retulerunt.

2209 1688 2361 1743 Tum
2394 1704 2462 1742 ex
2494 1687 2617 1743 filia
2660 1693 3066 1759 percontatur,
3091 1687 3234 1759 quid
3283 1705 3476 1744 causa;
3526 1688 3709 1743 fuerit
3755 1705 3861 1745 cur

2209 1778 2444 1833 tertiam
2474 1777 2639 1832 illam
2660 1777 2983 1833 fenestram
3007 1778 3137 1833 ﬁeri
3168 1778 3569 1850 praecepisset.
3595 1780 3739 1834 Tum
3763 1778 3857 1835 in-

2208 1868 2365 1939 clyta
2375 1867 2537 1940 virgo
2550 1867 3103 1923 commodissimum
3117 1872 3533 1940 argumentum
3552 1873 3727 1923 nacta
3741 1868 3861 1924 Tri-

2208 1959 2410 2013 uitatis
2424 1958 2672 2029 gloriam
2696 1956 3160 2022 etdivinitatem,
3178 1957 3555 2013 incredulum
3579 1957 3651 2013 ad
3678 1957 3858 2013 fidem

2208 2048 2549 2114 cohortans,
2579 2046 2777 2119 palam
2811 2046 3192 2119 praedicabat.
3222 2068 3250 2095 «
3285 2047 3456 2116 Sane,
3478 2048 3694 2119 inquit:
3716 2064 3857 2105 nam

2205 2140 2461 2195 Trinitas
2516 2139 2799 2193 illuminat
2849 2155 3059 2194 omnem
3108 2139 3381 2193 hominem
3436 2141 3740 2193 venientem
3797 2141 3857 2195 in

2207 2231 2349 2285 hunc
2366 2231 2632 2285 mundum
2656 2229 2723 2286 ”.
2740 2230 2860 2284 Hoc
2874 2229 3097 2300 quippe
3118 2228 3323 2283 lumen
3342 2228 3500 2299 quod
3518 2245 3698 2284 sensu
3720 2245 3856 2300 per-

2208 2319 2444 2391 cipitur,
2476 2336 2626 2374 verm
2655 2317 2818 2373 illius
2848 2317 3020 2388 lucis,
3041 2334 3172 2389 qum
3196 2318 3255 2371 in
3275 2317 3525 2388 triplicis
3548 2318 3691 2372 solis
3713 2334 3861 2373 con-

2200 2409 2514 2481 junctione
2536 2408 2889 2481 intelligitur
2910 2413 2969 2463 et
2984 2407 3557 2477 adoratur,creatum
3580 2424 3726 2480 Opus
3746 2412 3857 2478 est,

2209 2499 2457 2571 ejusque
2481 2498 2866 2571 perexiguum
2883 2503 2940 2552 et
2956 2497 3451 2553 obscurissimum
3474 2497 3861 2553 simulacrum

2208 2595 2267 2646 et
2296 2589 2694 2645 adumbratio.
2730 2611 2758 2638 »
2793 2591 2970 2645 Pater
2994 2587 3301 2660 impietate
3334 2587 3640 2655 educatus,
3666 2604 3734 2643 ac
3773 2593 3860 2643 te-

2208 2679 2532 2735 nebrarum
2558 2684 2866 2751 patronus,
2900 2677 3216 2749 perspicua
3246 2682 3571 2748 apertaque
3620 2677 3859 2748 inclytae

2206 2767 2424 2839 puellaa
2456 2767 2850 2835 confessione,
2886 2766 3066 2821 veluti
3100 2767 3271 2821 tiinaa
3304 2766 3454 2821 lucis
3488 2764 3724 2822 deitatis
3747 2766 3863 2821 ful-

2208 2874 2346 2931 gore
2378 2857 2748 2929 perstrictus,
2777 2856 2976 2911 furore
3006 2855 3292 2927 repletus,
3317 2872 3385 2911 ac
3416 2872 3596 2927 supra
3615 2855 3863 2911 modum

2210 2953 2491 3015 aastuans,
2519 2964 2638 3018 qua
2663 2946 2915 3019 caligine
2944 2945 3271 3012 laborabat,
3302 2944 3505 3000 stricto
3554 2945 3751 3017 gladio
3797 2946 3862 3000 in

2208 3038 2484 3110 unigenaa
2519 3038 2657 3092 ﬁlim
2689 3054 2812 3092 sum
2834 3052 3043 3091 necem
3076 3036 3268 3102 irruit,
3303 3035 3543 3107 pietatis
3592 3034 3772 3089 simul
3803 3039 3863 3089 et

2209 3133 2439 3183 natura;
2472 3128 2621 3182 ﬁnes
2655 3126 2971 3193 excedens,
2998 3124 3155 3197 quod
3182 3141 3250 3179 ea
3278 3125 3391 3196 ipsi
3423 3125 3555 3180 vita)
3586 3124 3861 3179 semitam

2210 3218 2736 3275 submonstrasset.
2770 3217 2865 3271 Sic
2896 3215 3073 3287 plane
3106 3232 3167 3270 se
3198 3231 3295 3269 res
3319 3214 3516 3282 habet,
3550 3219 3615 3268 ut
3640 3230 3760 3268 non
3793 3230 3865 3269 ex

2211 3310 2455 3382 spinosa
2486 3308 2681 3363 solum
2712 3308 2896 3379 stirpe
2924 3310 3175 3361 venusta
3202 3321 3339 3360 rosa
3358 3303 3865 3376 fragrantissima-

2217 3416 2332 3470 que
2372 3397 2639 3471 prodeat,
2669 3396 2772 3452 sed
2790 3402 2855 3451 ut
2872 3395 3049 3451 etiam
3069 3412 3139 3450 ex
3156 3394 3340 3466 impia
3368 3394 3567 3449 radice
3588 3409 3709 3448 non
3730 3409 3865 3448 raro

2213 3488 2453 3561 pietatis
2483 3487 2711 3542 fructus
2742 3485 2953 3541 edatur
2982 3502 2995 3539 :
3029 3486 3201 3556 cujus
3230 3483 3402 3539 testis
3447 3488 3538 3538 est
3567 3482 3866 3538 Abraham

2212 3578 2640 3650 patriarcha,et
2652 3576 2871 3631 idcirco
2884 3574 3172 3647 gentium,
3192 3590 3324 3644 quae
3344 3571 3521 3627 fidem
3536 3572 3667 3643 ejus
3680 3588 3865 3626 aemu-

2213 3667 2609 3739 lantur,pater
2620 3670 3021 3735 nuncupatus,
3039 3662 3268 3735 primus
3284 3679 3319 3717 a
3336 3667 3584 3733 paterna
3602 3660 3866 3731 plurium

2212 3759 2533 3814 numinum
2565 3755 2990 3828 superstitione
3021 3759 3199 3824 atque
3222 3752 3525 3824 impietate
3557 3749 3865 3807 recedens.

2215 3851 2363 3903 Vere
2394 3848 2454 3902 in
2488 3847 2598 3901 hoc
2631 3861 2867 3917 quoque
2898 3842 3215 3898 Salvatoris
3246 3841 3435 3897 nostri
3465 3842 3601 3896 Jesu
3648 3838 3868 3895 Christi

2213 3936 2412 3993 divina
2442 3935 2690 4006 impleta
2714 3931 3019 4005 prasdictio
3051 3936 3160 3994 est,
3190 3948 3323 4002 quae
3352 3930 3536 3984 filiam
3562 3934 3620 3984 et
3648 3944 3867 3983 nurum

2214 4026 2494 4082 adversus
2524 4029 2778 4095 patrem,
2812 4025 3186 4091 matremque
3219 4024 3277 4074 et
3306 4035 3542 4073 socrum
3566 4016 3782 4071 excitat
3799 4014 3867 4086 ³³,

2213 4130 2482 4186 novaque
2516 4118 2577 4168 et
2605 4111 2868 4169 recentia
2896 4111 3180 4166 adversus
3208 4114 3406 4164 vetera
3435 4112 3493 4161 et
3528 4106 3719 4161 delira
3746 4110 3867 4160 sta-

2214 4212 2409 4333 tuents,
2443 4204 2601 4277 quod
2629 4204 2890 4260 deterius
2903 4200 3105 4271 est,ab
3123 4216 3191 4256 eo
3226 4198 3385 4272 quod
3414 4198 3614 4271 potius
3637 4201 3745 4261 est,
3774 4210 3867 4251 re-

2215 4296 2349 4333 seca
2379 4319 2393 4333 .

2215 4296 2393 4335 εοεαε.

2285 4567 2431 4623 901
2470 4568 2553 4621 10.
2577 4562 2727 4631 Quid
2750 4562 2949 4636 igitur,
2976 4559 3386 4616 illustrissima
3408 4557 3665 4613 Barbara
3691 4556 3702 4612 !
3729 4573 3869 4612 con-

2214 4662 2415 4729 specto
2445 4655 2631 4729 patris
2668 4651 3128 4711 sceleratissimo
3166 4649 3415 4709 assultu,
3441 4648 3709 4718 quinimo
3742 4647 3870 4719 ejus

2214 4748 2461 4804 miserta
2475 4744 2873 4813 swvitimﬂusa
2890 4738 3506 4815 prece,pra3grandem
3531 4755 3662 4810 qum
3676 4738 3869 4793 vicina

2216 4843 2342 4894 erat
2366 4853 2574 4909 rupem
2590 4834 2887 4907 aperiens,
2902 4849 3010 4904 per
3026 4847 3156 4887 eam
3177 4830 3435 4886 mediam
3452 4828 3513 4883 in
3535 4828 3869 4900 appositam

2213 4930 2464 4986 alteram
2495 4928 2719 4983 montis
2750 4930 2980 4997 partem
3012 4928 3384 4995 transgressa
3423 4925 3533 4975 est.
3568 4921 3713 4976 Rem
3746 4918 3867 4973 mi-

2212 5036 2340 5076 ram
2363 5019 2375 5074 l
2409 5020 2584 5073 Petra
2603 5016 2790 5072 scissa
2812 5031 2917 5070 suo
2942 5029 3154 5086 agnam
3178 5009 3402 5085 gremio
3430 5008 3667 5079 excipit,
3692 5011 3749 5062 et
3771 5023 3872 5078 pa-

2212 5117 2304 5166 ter
2333 5110 2491 5165 saxis
2524 5107 2732 5163 durior
2762 5123 2829 5161 ac
2855 5109 3223 5178 persecutor,
3277 5100 3578 5156 obstinato
3627 5104 3869 5169 stupore

2212 5200 2400 5273 magis
2432 5197 2739 5271 magisque
2770 5195 3144 5267 lapidescens
3193 5193 3256 5247 in
3302 5206 3540 5246 saxeam
3586 5187 3869 5244 duritiem

2212 5290 2522 5346 transibat.
2544 5290 2742 5359 Neque
2758 5285 3036 5341 miraculi
3066 5286 3229 5338 tanta
3249 5281 3482 5337 novitas
3504 5279 3659 5334 hanc
3681 5277 3871 5333 animi

2212 5382 2341 5453 ejus
2375 5378 2659 5435 duritiam
2682 5382 2739 5431 et
2760 5375 3199 5431 immanitatem
3222 5370 3458 5427 mollire
3482 5368 3695 5441 potuit;
3720 5366 3869 5438 quin

2206 5471 2405 5544 potius
2424 5472 2699 5541 superato
2722 5471 2925 5521 monte
2944 5463 3186 5521 assidua
3206 5458 3654 5535 percontatione
3679 5457 3867 5513 tiliam

2209 5560 2769 5634 exquirebat.Quam
2783 5555 3021 5612 demum
3035 5554 3336 5610 inventam
3350 5565 3686 5622 cassamque
3700 5562 3871 5604 coma
