4160 6414
366 394 480 474 795

1656 418 1717 473 Β.
1756 416 2061 475 JOANNIS
2094 416 2516 476 DAMASCRNI

3682 418 3793 476 796

371 543 689 616 arripiens,
726 546 785 599 et
814 558 844 599 e
868 547 1068 600 monte
1090 543 1355 609 trahens,
1382 539 1623 597 domum
1641 539 1817 608 redit,
1842 545 2021 613 atque

2136 539 2304 616 εῦρὼν
2332 541 2424 597 καί
2487 540 2768 616 μαστίξας,
2828 546 2931 614 τῆς
2986 540 3171 617 κόμης
3224 539 3392 613 αὐτὴν
3453 538 3653 612 ἕλκων,
3700 542 3793 600 καὶ

372 639 627 707 angusta
645 632 882 689 beatam
914 632 1166 688 aedicula
1195 632 1436 687 claudit.
1461 632 1605 687 Tum
1638 632 1766 703 ejus
1785 647 2027 688 causam

373 723 619 797 praesidi
652 722 863 789 defert,
896 722 1277 778 cruciandam
1318 719 1584 788 tradens,
1617 720 2027 793 adjuratisque

375 815 725 870 numinibus
740 815 1057 870 obsecrans
1071 812 1379 869 utacerbis
1394 812 1708 868 tormentis
1723 811 2028 868 subactam

375 910 604 962 enecet.
639 902 1033 970 Quamobrem
1064 920 1287 976 praeses
1316 920 1422 975 pro
1472 902 1757 957 tribunali
1790 902 2024 970 sedens,

377 995 489 1051 sibi
524 1000 846 1066 martyrem
878 994 1006 1049 sisti
1032 992 1224 1066 jubet.
1260 994 1591 1065 Conspecta
1610 1008 1744 1048 vero
1777 992 2027 1048 florente

370 1083 567 1139 vultus
600 1083 816 1155 specie,
842 1082 1140 1139 luminum
1171 1083 1504 1139 claritatem
1530 1098 1596 1138 ac
1620 1098 1897 1138 serenum
1915 1082 2025 1137 mi-

371 1179 557 1241 ratus,
589 1178 818 1229 tentare
841 1190 972 1229 eam
994 1173 1305 1230 blanditiis
1322 1174 1519 1245 caapit,
1538 1172 1786 1228 suadere
1806 1170 2023 1240 nitens,

372 1268 431 1319 et
454 1262 752 1318 adulando
768 1263 1074 1318 seducere.
1102 1264 1234 1318 Haac
1258 1263 1417 1317 enim
1441 1263 1633 1335 prima
1653 1260 1873 1316 diaboli
1896 1261 2024 1316 ine~

373 1352 557 1408 scatio
582 1357 689 1407 est.
715 1353 833 1408 Aut
853 1352 1013 1408 enim
1040 1352 1405 1424 voluptatem
1426 1351 1789 1423 laudumque
1812 1351 2026 1406 lenoci-

372 1441 473 1497 nio
506 1442 848 1497 demulcere
864 1449 923 1498 et
936 1443 1207 1498 emollire
1220 1442 1522 1498 hominem
1539 1443 1769 1515 satagit,
1795 1445 1897 1497 aut
1914 1439 2029 1496 mi-

372 1532 469 1587 nis
500 1538 559 1588 et
587 1537 913 1588 tormentes
953 1537 1177 1588 terrere
1228 1538 1287 1587 et
1334 1532 1678 1605 percellere.
1730 1531 1837 1586 Ubi
1887 1547 2024 1602 ergo

375 1622 639 1693 priorem
666 1638 906 1678 omnem
939 1624 1286 1678 exhaustam
1316 1622 1659 1694 pharetram
1681 1621 1842 1685 vidit,
1873 1625 1931 1675 et
1952 1620 2023 1675 il-

375 1711 623 1767 lustrem
646 1712 907 1784 pugilem
932 1713 1538 1784 smculidespuentem
1562 1709 1894 1778 illecebras,
1915 1716 2026 1765 ter-

373 1817 706 1873 renamque
745 1802 995 1874 gloriam
1017 1817 1258 1857 omnem
1290 1817 1356 1857 ac
1386 1801 1747 1872 voluptatem
1771 1815 1879 1855 ceu
1900 1800 2022 1855 feni

373 1890 583 1946 ﬂorem
597 1892 698 1961 qui
712 1891 885 1945 facile
907 1892 1163 1945 intereat
1178 1896 1236 1946 et
1256 1895 1602 1953 marcescat,
1627 1889 2022 1945 mstimantem

373 1982 584 2050 sensit,
610 1995 832 2051 suaque
858 1978 1232 2036 hortamenta
1254 1984 1311 2035 et
1328 1980 1655 2053 praestigias
1670 1980 1828 2035 haud
1850 1995 2023 2035 secus

369 2085 439 2126 ac
452 2070 746 2142 serpentis
761 2070 918 2125 virus
931 2070 1349 2142 horrendaque
1362 2086 1591 2127 venena
1603 2071 2022 2140 detestantem,

368 2159 443 2215 ad
464 2160 624 2216 aliud
640 2160 955 2216 confestim
971 2161 1369 2216 tentationum
1387 2176 1572 2233 genus
1596 2160 1864 2216 animum
1884 2175 2024 2215 con-

363 2250 560 2306 vertit.
576 2251 720 2306 Cum
745 2255 945 2306 autem
964 2250 1158 2307 minas
1175 2251 1401 2323 pariter
1422 2249 1795 2307 deridentem
1819 2266 2023 2307 cerne-

365 2344 460 2396 ret
487 2339 688 2395 furore
718 2339 958 2411 plenus,
990 2339 1151 2395 velut
1171 2340 1404 2413 perdito
1432 2340 1588 2408 oleo,
1612 2340 1694 2396 ita
1719 2356 1851 2397 eam
1874 2340 2027 2395 allo-

362 2430 569 2502 quitur
592 2446 607 2485 :
642 2451 670 2481 «
686 2430 837 2495 Quid
866 2445 1003 2501 ergo
1026 2430 1133 2499 vis,
1154 2429 1359 2503 puella
1379 2431 1524 2487 ?aut
1549 2429 1663 2486 diis
1687 2430 2022 2498 immolare,

365 2524 471 2575 aut
499 2519 732 2576 acerbis
761 2525 1178 2593 consumptam
1210 2521 1525 2576 tormentis
1559 2522 1804 2577 interire
1825 2521 1897 2576 ‘2»
1934 2521 2022 2577 Ad

365 2626 546 2682 quem
575 2615 821 2683 martyr,
855 2612 1155 2667 constanti
1188 2612 1391 2667 animo
1425 2611 1753 2683 ﬁdentique
1776 2610 2024 2667 audacia

367 2700 577 2773 paucis
607 2700 820 2768 verbis,
855 2704 980 2757 tum
1007 2702 1167 2774 piam
1200 2700 1358 2757 clare
1390 2701 1658 2773 professa
1689 2701 1866 2756 fidem
1912 2706 2021 2770 est,

366 2793 543 2861 atque
559 2789 931 2846 infensorum
948 2792 1063 2846 Deo
1080 2797 1467 2864 tyrannorum
1482 2791 1807 2847 amentiam
1820 2791 1898 2845 im
1908 2791 2025 2863 pie-

367 2884 673 2952 tatemque
700 2880 982 2936 traduxit.
1015 2880 1244 2947 Quibus
1261 2896 1400 2937 vero
1423 2880 1581 2936 istud
1601 2881 1979 2936 sermonibus
1997 2881 2027 2937 ‘I

368 2990 398 3021 ιι
429 2971 547 3043 Ego
578 2975 785 3042 parata
818 2986 971 3041 sum,
1001 2971 1222 3041 inquit,
1249 2975 1318 3025 ut
1346 2970 1595 3026 Domino
1620 2971 1757 3025 lesu
1786 2970 2020 3027 Christo

364 3058 696 3123 immolem,
727 3057 828 3130 qui
858 3058 1001 3114 fecit
1030 3059 1246 3114 caelum
1278 3064 1336 3113 et
1361 3064 1602 3125 terram,
1644 3064 1704 3114 et
1732 3075 1918 3127 mare,
1965 3063 2025 3115 et

362 3148 641 3204 universa
670 3164 801 3219 qum
832 3148 893 3203 in
927 3148 1014 3203 eis
1046 3150 1360 3203 exsistunt.
1393 3150 1632 3204 Vestros
1652 3154 1849 3203 autem
1880 3148 2024 3204 deos

365 3236 617 3309 pulchre
638 3236 936 3307 Propheta
956 3235 1050 3291 his
1068 3236 1261 3291 verbis
1275 3235 1660 3291 subsannavit
1679 3251 1692 3290 :
1717 3236 1784 3291 Os
1800 3237 2021 3304 habent,

369 3333 423 3381 et
453 3341 563 3380 non
591 3327 922 3396 loquentur;
969 3326 1153 3381 oculos
1201 3326 1422 3393 habent,
1467 3331 1521 3381 et
1570 3341 1681 3381 non
1717 3328 1979 3382 videbunt
2001 3345 2024 3391 ;
2053 3316 2098 3380 C

366 3431 528 3471 aures
558 3415 781 3484 habent,
835 3422 889 3471 et
914 3430 1029 3471 non
1057 3417 1323 3481 audient;
1367 3430 1528 3471 nares
1568 3416 1770 3471 habent
1813 3423 1867 3472 et
1913 3432 2023 3471 non

366 3507 680 3562 odorabunt
699 3524 722 3571 ;
748 3520 948 3562 manus
978 3508 1196 3574 habent,
1225 3514 1275 3562 et
1305 3522 1415 3561 non
1454 3506 1815 3578 palpabunt;
1857 3508 2025 3577 pedes

368 3597 589 3663 habent,
620 3602 673 3652 et
703 3613 812 3652 non
843 3597 1251 3662 ambulabunt;
1278 3612 1390 3652 non
1431 3595 1747 3652 clamabunt
1793 3599 1850 3651 in
1892 3603 2024 3667 gut-

366 3693 492 3742 ture
518 3702 635 3742 suo.
669 3685 888 3742 Similes
915 3686 1029 3741 illis
1054 3690 1195 3756 ﬁant
1217 3688 1317 3758 qui
1351 3688 1567 3755 faciant
1618 3702 1703 3754 ea,
1746 3692 1798 3741 et
1843 3703 2024 3742 omnes

365 3775 468 3848 qui
496 3777 777 3845 conﬁdunt
807 3778 866 3831 in
896 3779 970 3832 eis
1000 3777 1069 3823 ³ιο
1101 3775 1614 3842 Quemadmodum
1646 3777 1806 3831 enim
1838 3792 2026 3849 augu-

372 3870 531 3922 stum
558 3866 1071 3938 reverendumque
1102 3867 1202 3922 Dei
1229 3882 1450 3922 nomen
1471 3866 1622 3921 falso
1646 3866 1764 3922 illis
1795 3883 1829 3923 a
1858 3867 2023 3923 vobis

369 3956 630 4012 inditum
646 3961 755 4024 est,
782 3956 945 4013 omni
971 3973 1216 4029 prorsus
1235 3956 1367 4012 vitae
1388 3961 1523 4013 actu
1545 3961 1750 4013 carent
1762 3963 1821 4013 et
1838 3957 2024 4013 desti-

370 4050 638 4102 tuuntur.
672 4069 699 4097 »

2141 628 2317 708 σύρων
2350 629 2457 687 ἀπὸ
2486 635 2583 687 τοῦ
2642 631 2829 707 ὅρους,
2887 629 3043 696 αὖθις
3103 631 3369 700 ἐπάνεισι,
3398 631 3489 688 καὶ
3522 631 3577 688 ἐν
3609 638 3792 708 μικρῷ

2135 720 2236 789 τήν
2269 718 2532 796 μακαρίαν
2567 718 2797 794 οίκίσκῳ
2848 718 3214 777 κατέκλεισεν.
3269 720 3376 779 Καὶ
3426 724 3507 795 τῷ
3554 721 3790 797 ἡγεμόνι

2136 808 2203 865 τά
2258 810 2374 866 κατ’
2432 809 2599 881 αὐτὴν
2658 811 2919 885 μηνύσας,
2982 810 3358 887 βασανίζεσθαι
3393 807 3790 888 παραδίδωσιν,

2137 899 2384 976 ὁρκώσας
2416 898 2574 957 αὐτὸν
2633 898 2771 957 κατά
2828 904 2939 956 τῶν
2996 902 3158 970 θεων,
3214 906 3437 975 πικραῖς
3492 900 3660 971 αὐτὴν
3692 923 3793 957 κα-

2133 988 2445 1048 ταναλῶσαι
2499 988 2809 1049 κολάσεσιν.
2866 991 3217 1068 ΙΙροκαθίσας
3265 989 3357 1046 οὖν
3390 991 3418 1047 ὁ
3448 992 3670 1070 ἡγεμὼν
3702 989 3791 1047 ἐπὶ

2133 1084 2233 1136 τοῦ
2294 1082 2562 1159 βήματος,
2620 1078 2899 1137 ἐκέλευσεν
2956 1087 3297 1158 παραστῆναι
3362 1082 3462 1152 τήν
3520 1082 3789 1157 μάρτυρα.

2136 1172 2477 1246 Θεασάμενος
2509 1168 2565 1228 δὲ
2594 1171 2695 1243 τὴν
2750 1169 3082 1227 ἐπανθοῦσαν
3142 1170 3309 1242 αὐτῆς
3361 1174 3456 1226 τοῦ
3486 1170 3790 1249 προσώπου

2137 1258 2477 1337 εὐπρέπειαν,
2537 1261 2745 1334 ἐξέστη,
2805 1261 2893 1317 καὶ
2979 1260 3043 1317 τὸ
3106 1257 3332 1340 φαιδρὸν
3388 1266 3491 1331 τῆς
3549 1260 3792 1338 ὁράσεως

2136 1350 2457 1424 ἐθαύμασεν*
2535 1350 2625 1407 καὶ
2715 1348 2918 1427 ἤρξατο
2989 1350 3249 1415 θωπείαις
3327 1349 3493 1420 αὐτὴν
3572 1354 3786 1426 πειρᾷν,

2135 1441 2334 1497 πείθειν
2411 1441 2757 1516 βιαζόμενος,
2842 1440 2934 1496 καὶ
3018 1438 3336 1503 κολακείαις
3393 1441 3787 1517 προσάγεσθαι.

2133 1535 2307 1586 Τοῦτο
2338 1530 2442 1607 γάρ
2473 1530 2535 1587 τὸ
2578 1535 2795 1607 πρῶτον
2850 1534 2950 1586 τοῦ
3009 1526 3277 1586 διαϐόλου
3336 1526 3552 1608 δέλεαρ.
3586 1533 3655 1587 Ἤ
3684 1531 3785 1607 γὰρ

2133 1618 2360 1691 ἡδοναῖς
2389 1620 2478 1677 καὶ
2509 1620 2753 1683 ἐπαίνοις
2810 1617 3048 1697 θέλγειν,
3101 1619 3192 1676 καὶ
3248 1619 3784 1694 καταμαλακίζεσθαι

2135 1708 2417 1784 δοκιμάζει
2448 1712 2539 1768 τὸν
2595 1708 2904 1785 ἄνθρωπον,
2959 1711 2995 1782 ἢ
3055 1705 3307 1766 ἐκφοϐεῖν
3335 1712 3428 1765 καὶ
3457 1715 3785 1766 καταπτοεῖν

2134 1799 2387 1865 ἀπειλαῖς
2412 1802 2503 1857 καὶ
2559 1800 2871 1860 κολάσεσιν.
2927 1800 3019 1864 Ὠς
3074 1798 3166 1857 οῦν
3225 1806 3398 1856 πᾶσαν
3456 1800 3626 1856 αὑτοῦ
3684 1800 3782 1869 τήν

2131 1892 2398 1968 προτέραν
2453 1891 2722 1967 φαρέτραν
2781 1890 3061 1960 ἐκένωσεν,
3142 1889 3234 1946 καὶ
3304 1889 3403 1960 τὴν
3461 1888 3780 1966 ἀθληφόρον

2135 1981 2277 2058 ἐώρα
2306 1983 2373 2038 τά
2426 1981 2668 2055 κοσμικά
2719 1978 3103 2052 διαπτύουσαν,
3164 1979 3457 2057 θέλγητρα,
3485 1980 3575 2035 καὶ
3608 1984 3779 2035 πᾶσαν

2135 2070 2317 2146 δόξαν,
2347 2072 2436 2129 καὶ
2464 2072 2673 2144 τρυφὴν
2708 2069 2943 2148 ἐπίγειον
2995 2071 3072 2135 ὡς
3123 2068 3285 2137 ἄνθος
3313 2071 3522 2147 χόρτου
3552 2068 3782 2146 λογιζο-

2138 2163 2306 2237 μένην
2367 2159 2665 2241 εῦφθαρτον
2715 2161 2807 2217 καὶ
2866 2159 3225 2237 εύμάραντον,
3283 2157 3374 2216 καὶ
3430 2160 3528 2223 τὰς
3590 2159 3788 2216 τούτου

2133 2251 2472 2328 προτροπὰς,
2504 2250 2592 2307 καὶ
2626 2250 3085 2328 καταγοητεύσεις
3114 2249 3189 2314 ὡς
3225 2249 3307 2305 ἰὸν
3341 2245 3519 2325 ὄφεως
3550 2247 3788 2328 βδελυτ-

2132 2339 2393 2413 τομένην,
2424 2339 2516 2395 καὶ
2549 2339 2751 2418 φευκτά
2808 2336 3145 2415 δηλητήρια,
3205 2337 3360 2402 εὐθὺς
3393 2338 3480 2394 ἐπὶ
3507 2340 3570 2394 τὸ
3598 2336 3785 2415 ἕτερον

2135 2428 2277 2493 εἶδος
2331 2434 2439 2485 τῶν
2494 2433 2813 2508 πειρασμῶν
2877 2429 3257 2506 μετετρέπετο.
3291 2429 3391 2485 Καὶ
3437 2428 3535 2492 τὰς
3566 2428 3791 2494 ἀπειλὰς

2134 2519 2395 2583 ὡσαύτως
2430 2516 2557 2575 ἶδὼν
2594 2518 3056 2596 μυκτηρίζουσαν,
3110 2519 3289 2595 θυμοῦ
3340 2519 3778 2594 μεμεστωμένος,

2134 2610 2210 2672 ὡς
2241 2614 2339 2666 τοῦ
2370 2611 2579 2665 σκοποῦ
2632 2606 2973 2685 διαμαρτὼν,
2999 2608 3136 2685 πρὸς
3194 2608 3364 2679 αὐτὴν
3399 2607 3785 2685 ἀπεφθέγγετο.

2133 2700 2196 2756 Τί
2225 2698 2322 2754 οὖν
2350 2698 2551 2767 θέλεις,
2609 2699 2841 2773 κορίον;
2903 2703 3058 2764 θῦσαι
3110 2702 3229 2762 τοῖς
3289 2703 3453 2769 θεοῖς,
3504 2698 3791 2773 ἦπικραῖς

2130 2788 2427 2865 τιμωρίαις
2459 2787 2847 2858 ἀναλωθῆναι;
2880 2787 3029 2863 Πρὸς
3075 2789 3133 2844 ὅν
3187 2789 3223 2860 ἦ
3282 2788 3511 2865 μάρτυς,
3546 2787 3793 2845 εὖσταθεῖ

2132 2882 2213 2951 τῷ
2268 2876 2415 2949 ἤθει,
2470 2877 2559 2933 καὶ
2623 2876 3162 2955 πεπαῤῥησιασμένῳ
3237 2881 3321 2951 τῷ
3378 2879 3790 2954 παραστήματι,

2135 2967 2353 3043 ὀλίγοις
2412 2966 2620 3044 ῥήμασι
2671 2967 2774 3038 τήν
2827 2968 2878 3023 τ’
2937 2963 3134 3039 εὐσεϐῆ
3184 2968 3367 3024 πίστιν
3426 2966 3793 3044 ὡμολόγησεν

2134 3055 2477 3133 διαπρύσιον,
2509 3056 2597 3112 καὶ
2628 3058 2728 3128 τὴν
2759 3060 2869 3113 τῶν
2925 3056 3097 3123 ἀθέων
3154 3060 3431 3135 τυράννων
3462 3059 3669 3127 ἄνοιαν,
3701 3057 3795 3114 καί

2132 3141 2378 3203 ἀσέϐειαν
2439 3144 2838 3217 ἐστηλίτευσεν.
2923 3144 2986 3201 Τί
3063 3145 3352 3226 φράσασα;
3413 3145 3545 3223 ἐγὼ,
3603 3146 3794 3226 φησὶν,

2134 3236 2374 3311 ἑτοίμως
2430 3233 2546 3294 ἔχω
2577 3236 2730 3292 θῦσαι
2785 3240 2868 3311 τῷ
2922 3236 3108 3312 Κυρίῳ
3172 3256 3278 3311 μου
3335 3237 3520 3309 Ἰησοῦ
3550 3236 3792 3313 Χριστῷ,

2132 3330 2213 3399 τῷ
2243 3328 2532 3397 ποιήσαντι
2563 3326 2654 3382 τὸν
2687 3324 2914 3402 οὐρανὸν
2971 3327 3061 3381 καὶ
3121 3326 3220 3396 τὴν
3276 3332 3400 3402 γῆν,
3445 3325 3534 3381 καὶ
3564 3326 3665 3396 τὴν
3700 3325 3794 3391 θά-

2133 3416 2358 3489 λασσαν,
2389 3415 2482 3471 καὶ
2530 3416 2704 3472 πάντα
2756 3414 2825 3471 τὰ
2881 3415 2935 3470 ἐν
2991 3414 3199 3479 αὐτοῖς.
3241 3414 3381 3479 Τοὺς
3414 3412 3471 3471 δὶ
3500 3416 3795 3492 ὑμετέρους

2132 3507 2310 3576 θεοὺς,
2370 3504 2556 3568 καλῶς
2609 3506 2638 3561 ὁ
2696 3507 2988 3583 προφήτης
3046 3504 3540 3582 κατεκερτόμησεν·
3601 3505 3791 3579 Στόμα

2129 3593 2345 3672 έχουσι,
2404 3595 2495 3652 καὶ
2582 3593 2643 3651 οὖ
2703 3594 3070 3666 λαλήσουσιν·
3160 3594 3487 3675 ὀφθαλμούς
3571 3593 3784 3671 ἔχουσι,

2130 3686 2222 3742 καί
2280 3685 2381 3743 ούκ
2438 3681 2681 3761 ὅψονται’
2742 3687 2855 3741 ὦτα
2938 3683 3150 3761 ἔχουσι,
3207 3683 3299 3741 καὶ
3360 3685 3464 3741 οὐκ
3527 3684 3789 3741 ἀκούσον-

2130 3794 2240 3832 ται·
2354 3776 2506 3853 ῥῖνας
2616 3769 2830 3852 ἔχουσι,
2915 3773 3007 3831 καὶ
3110 3776 3209 3831 ούκ
3289 3773 3788 3854 όσφρανθήσονται·

2131 3871 2325 3944 χεῖρας
2409 3863 2622 3943 ἔχουσι,
2732 3864 2823 3921 καὶ
2931 3865 2996 3920 ού
3082 3862 3499 3941 ψηλαφήσουσι·
3613 3862 3785 3927 πόδας

2132 3954 2345 4032 ἔχουσι,
2399 3954 2492 4011 καὶ
2577 3956 2643 4011 οὗ
2727 3955 3216 4031 περιπατήσουσιν
3296 3953 3359 4010 οὗ
3439 3953 3785 4033 φωνήσουσιν

2130 4043 2184 4101 ἐν
2241 4049 2321 4120 τῷ
2375 4043 2611 4122 λάρυγγι
2669 4043 2869 4100 αὐτῶν.
2927 4044 3155 4117 ’Ὀμοιοι
3209 4042 3396 4109 αὐτοῖς
3446 4043 3685 4119 γένοιντο
3735 4044 3787 4098 οἱ

365 4139 650 4200 ποιοῦντες
680 4134 836 4204 αὐτὰ,
866 4134 959 4191 καὶ
990 4136 1188 4200 πάντες
1217 4134 1268 4190 οἳ
1325 4135 1651 4199 πεποιθότες
1710 4134 1793 4191 ἐπ’
1850 4134 2056 4198 αὐτοῖς.
2114 4138 2318 4210 ’Ὠσπερ
2369 4135 2473 4211 γὰρ
2525 4136 2588 4190 τὸ
2643 4137 2740 4190 τοῦ
2785 4139 2919 4190 Θεοῦ
2951 4129 3244 4211 σεϐάσμιον
3279 4130 3455 4209 ὄνομα
3486 4130 3570 4190 ἐπ’
3597 4132 3793 4196 αὐτοὺς

366 4221 742 4299 ψευδωνύμως
775 4225 862 4304 ὑφ’
892 4226 1048 4299 ὐμῶν
1078 4224 1424 4297 ἐπιτέθειται,
1455 4231 1557 4296 τῆς
1590 4231 1825 4297 ζωτικῆς
1858 4226 2131 4302 ἐνεργείας
2159 4223 2454 4301 ἀμοιροῦσί
2482 4245 2541 4280 τε
2567 4224 2659 4280 καὶ
2685 4222 3037 4302 χηρεύονται.

445 4339 529 4393 lt.
563 4335 651 4391 Ad
684 4336 830 4403 hmo,
854 4334 1319 4391 scelestissimus
1339 4353 1404 4391 ac
1424 4334 1786 4391 suavissimus
1804 4352 2025 4408 prmses

371 4425 839 4497 obstupefactus,
855 4426 1143 4483 stridente
1168 4427 1276 4495 ira,
1295 4425 1531 4481 nudata:
1550 4426 1795 4498 virginis
1818 4442 2028 4481 carnes

371 4520 569 4575 nervis
582 4517 823 4575 bubulis
837 4517 963 4572 dire
978 4516 1417 4589 concidijubet,
1435 4516 1811 4589 inflictasque
1825 4517 2029 4590 plagas

372 4608 627 4665 cilicinis
644 4609 856 4680 pannis
872 4608 951 4663 ita
965 4604 1365 4680 perfricari,ut
1380 4612 1565 4661 totum
1588 4622 1804 4677 corpus
1818 4622 2027 4661 cruore

2210 4333 2298 4390 αι’.
2360 4333 2502 4410 Πρὸς
2557 4335 2725 4389 ταῦτα
2780 4331 3152 4408 καταπλαγεὶς
3210 4330 3238 4388 ό
3297 4331 3647 4408 παμμίαρος,
3701 4329 3789 4387 καὶ

2139 4422 2466 4497 ίταμὸτατος
2520 4422 2765 4498 ἡγεμὼν,
2827 4419 3171 4501 παφλάζοντι
3228 4425 3308 4495 τῷ
3366 4424 3527 4496 θυμῷ
3582 4420 3793 4478 κελεύει

2135 4515 2507 4589 γυμνωθεῖσαν
2564 4514 2666 4583 τὴν
2729 4511 2995 4589 μάρτυρα,
3054 4510 3368 4588 βουνεύροις
3434 4511 3531 4573 τάς
3592 4510 3787 4585 σάρκας

2139 4600 2305 4671 αὐτῆς
2377 4599 2613 4681 ἀφειδῶς
2683 4602 3051 4672 καταξὲεσθαι,
3130 4598 3222 4655 καὶ
3280 4597 3553 4676 τριχίνοις
3609 4599 3791 4675 ῥάκεσι

370 4698 717 4771 tingeretur.
735 4695 1336 4770 Papm,venerandam
1353 4711 1702 4766 sacramque
1714 4694 1868 4752 ποτ
1886 4711 2025 4750 con—

2136 4692 2227 4748 καὶ
2287 4690 2562 4767 ὑφάσμασι
2613 4692 2711 4755 τὰς
2789 4689 3123 4754 ἐπιτεθείσας
3182 4689 3322 4764 αὐτῇ
3375 4686 3597 4766 πληγὰς
3655 4689 3788 4745 ἀπο·

371 4786 697 4843 fessionem
741 4790 925 4851 tuam,
959 4784 1248 4859 praeclara
1295 4783 1523 4850 victrix,
1557 4783 1771 4840 Christi
1805 4791 2031 4856 martyr

370 4877 649 4946 Barbara,
676 4893 855 4949 quam
878 4876 1090 4949 spiritu
1116 4879 1321 4931 sancto
1345 4880 1607 4945 auctore,
1629 4873 1736 4929 sub
1759 4875 2025 4930 omnium

371 4972 695 5041 conspectu
716 4966 1013 5040 intrepide
1032 4970 1090 5021 et
1114 4981 1319 5021 secure
1338 4963 1605 5038 professa
1627 4980 1711 5036 es,
1735 4965 2028 5021 divinam-

373 5075 485 5131 que
504 5063 785 5114 naturam
804 5055 1119 5113 declarasti
1134 5055 1195 5111 in
1213 5054 1517 5111 audientia
1530 5054 1843 5110 hominum
1865 5070 2028 5128 ;spe-

371 5148 669 5204 ctantibus
688 5146 931 5218 quidem
951 5150 1254 5202 certamen
1276 5150 1444 5200 tuum
1467 5144 1715 5217 angelis,
1740 5143 2027 5201 daemoni-

370 5238 479 5297 bus
507 5255 642 5294 vero
676 5234 961 5292 invisibili
994 5252 1183 5291 cuneo
1199 5251 1333 5290 cum
1352 5233 2027 5290 visibiliadversantium

369 5329 615 5385 cohorte
645 5332 854 5384 contra
884 5332 939 5382 te
972 5324 1388 5399 prmliantibus
1418 5342 1431 5379 :
1458 5341 1636 5397 quam
1660 5323 1946 5378 Dominus
1968 5322 2029 5377 in

370 5420 534 5475 oculis
568 5417 905 5491 descripsit,
938 5422 999 5471 et
1029 5431 1231 5471 coram
1279 5416 1472 5480 Patre,
1523 5413 1726 5468 divino
1778 5411 1930 5466 lucis
1962 5428 2029 5467 ac

370 5507 503 5561 vita:
520 5508 703 5568 fonte,
730 5507 1041 5562 confessus
1062 5510 1170 5573 est,
1195 5519 1554 5573 rursumque
1581 5519 1649 5557 ex
1672 5501 1872 5556 animo
1895 5517 2031 5556 con.

374 5594 643 5652 ﬂtebitur
673 5602 731 5651 et
759 5592 1144 5668 praedicabit!
1179 5594 1375 5666 Papus,
1399 5597 1560 5647 tuam
1592 5589 1761 5646 illam
1787 5605 2031 5663 genero-

449 5787 498 5826 ³⁴
524 5789 681 5845 Psal.
711 5806 867 5861 cxiii,
898 5791 1017 5846 5-8.

2139 4780 2491 4855 σμήχεσθαι⁹,
2527 4779 2665 4834 ὥστε
2720 4777 2886 4847 αὐτῆς
2933 4776 3065 4833 ὅλον
3122 4778 3185 4833 τὸ
3225 4782 3385 4851 σῶμα
3411 4772 3793 4857 καταϐαφῆναι

2134 4874 2255 4934 τοῖς
2282 4868 2527 4943 αἳμασιν.
2580 4863 2753 4925 Βαϐαῖ
2807 4873 2909 4939 τῆς
2966 4875 3191 4940 σεπτῆς,
3248 4868 3341 4923 καί
3398 4868 3550 4942 ἱερᾶς
3598 4889 3719 4936 σου,
3750 4864 3795 4923 ὤ

2135 4957 2419 5015 καλλίνικε
2448 4961 2546 5014 τοῦ
2597 4959 2833 5032 Χριστοῦ
2896 4956 3101 5035 μάρτυς
3153 4953 3431 5034 Βαρϐάρα,
3464 4956 3793 5035 ὁμολογίαις,

2136 5048 2204 5119 ἤν
2265 5045 2355 5103 διὰ
2411 5047 2726 5122 Ηνεύματος
2788 5046 2945 5122 ἁγίου
3007 5046 3095 5103 ἐπὶ
3155 5048 3373 5103 πάντων
3434 5043 3675 5126 ἀφόϐως,
3708 5046 3794 5104 καὶ

2137 5136 2529 5200 ἀνυποστόλως
2614 5135 3005 5214 ὡμολόγησας,
3084 5137 3176 5192 καὶ
3267 5135 3633 5214 ἐθεολόγησας
3718 5138 3797 5201 εἷς

2138 5229 2375 5299 ἐπήκοον
2408 5228 2731 5302 ἀνθρώπων,
2765 5225 3009 5303 ἀγγέλων
3051 5247 3111 5282 τε
3156 5229 3265 5282 τῶν
3295 5229 3396 5298 τὴν
3433 5228 3533 5297 σήν
3561 5227 3792 5301 ἄθλησιν

2138 5318 2485 5397 ἐφορώντων,
2546 5317 2635 5373 καὶ
2690 5314 2967 5390 δαιμόνων
3025 5321 3137 5372 τῶν
3195 5316 3446 5393 ἀοράτως
3500 5318 3636 5391 μετά
3684 5338 3795 5373 των

2139 5410 2349 5483 ὁρατῶν
2426 5406 2738 5463 ἀντιπάλων
2816 5406 3383 5482 ἀντιστρατευομένων
3446 5427 3553 5462 σοι·
3612 5406 3680 5478 ἦν
3740 5406 3792 5463 ἐν

2140 5498 2391 5574 οὐρανοῖς
2438 5497 2784 5574 ἀπεγραψατο
2837 5496 3057 5573 Κύριος,
3096 5496 3187 5551 καὶ
3236 5495 3324 5551 ἐπὶ
3376 5498 3473 5552 τοῦ
3517 5493 3663 5552 ἰδίου
3696 5498 3793 5573 ἀρ-

2140 5588 2394 5671 χεφώτου
2446 5589 2535 5645 καί
2594 5590 2890 5663 θεαοχικοῦ
2973 5586 3184 5664 Πατρὸς
3265 5585 3625 5664 ὡμολόγησε,
3700 5586 3790 5642 καὶ
