4160 6452
439 445 560 502 ’797

1609 443 1980 504 ΙιΑΙῘΒΔΤῙΟ
2011 444 2072 498 Β·
2109 441 2473 498 ΒΔΒΒΑΒΔΕ
2511 444 2738 499 MART.

3775 448 3886 507 798

441 569 600 637 αὖθις
631 566 846 645 σπουδῇ
881 570 1224 646 ὁμολογήσει
1261 591 1322 626 τε
1375 569 1466 627 καὶ
1521 568 1886 645 ἀνακηρύξειί
1937 559 2099 624 Βαὸαἶ

2229 565 2524 621 sissimam
2555 567 2904 638 patientiam
2933 569 3171 642 vimque
3201 569 3641 644 tolerandi,qua
3663 573 3880 631 diabo-

439 683 540 717 σου
587 667 692 732 τῆς
750 661 1140 736 γενναιοτάτης
1200 661 1478 735 ὑπομονῆς
1533 661 1622 718 καὶ
1669 657 1976 736 καρτερίας·
2037 652 2106 710 δι’

435 749 534 820 ἢν,
562 749 656 804 τὸν
697 749 794 822 μὲν
827 743 1086 804 διάϐολον
1117 751 1208 805 καὶ
1257 749 1386 814 τοὺς
1443 749 1748 812 ἀποστάτας
1797 747 1963 803 αὐτοῦ
2012 767 2107 802 κα-

437 838 718 910 τέπληξας
753 836 1039 912 δαίμονας,
1101 837 1228 902 τοὺς
1283 840 1471 916 ἁγίους
1533 837 1591 896 δὲ
1646 837 1913 916 ἀγγέλους
1971 837 2108 913 πρὸς

435 931 626 1004 θαῦμα
654 929 747 985 καὶ
781 927 1056 1006 εὐφημίαν
1109 928 1388 1000 ἐκίνησας·
1449 929 1517 986 δι’
1565 927 1660 1002 ἦν,
1709 931 1807 999 τὴν
1855 929 1949 1002 μὶν
1997 932 2105 984 τῶν

441 1017 696 1076 εἰδώλων
726 1018 940 1087 πλάνην
975 1019 1050 1082 ὡς
1083 1019 1326 1094 ἀράχνην
1357 1017 1633 1093 διέλοσας,
1683 1020 1784 1089 τήν
1835 1017 2016 1090 ἀληθῆ
2051 1015 2108 1074 δὲ

441 1109 628 1165 πίστιν
664 1109 956 1185 ἑκράτυνάς
987 1128 1046 1163 τε
1073 1107 1163 1162 καὶ
1197 1103 1530 1172 έϐεϐαίωσας
1557 1111 1570 1168 l

527 1201 618 1276 ιβ’,
653 1199 948 1272 Ἐωρακὼς
987 1196 1078 1254 οὖν
1137 1199 1199 1254 τὸ
1259 1199 1588 1272 ἀμετάθετον
1641 1201 1729 1256 καὶ
1787 1197 2105 1274 καρτερικὸν

441 1295 548 1358 τῆς
579 1287 732 1364 άγίας
764 1289 792 1342 ὁ
827 1286 1086 1357 δικάζων,
1113 1286 1326 1344 κελεύει
1355 1289 1493 1351 τέως
1534 1289 1584 1344 έν
1643 1295 1853 1364 φρουρᾷ
1901 1289 2102 1360 ταύτην

435 1375 819 1450 ἐμϐληθῆναι,
849 1375 957 1439 ἕως
989 1377 1047 1431 ἂν
1084 1379 1346 1451 σκέψηται
1400 1377 1582 1441 ποίαις
1633 1379 1804 1448 αὐτῆς
1856 1379 2107 1454 βασάνοις

433 1468 798 1543 πικροτέραις
829 1467 1123 1543 ἐφάψηται.
1157 1467 1247 1524 Ἐν
1285 1463 1341 1523 δὲ
1391 1471 1460 1543 τῇ
1508 1470 1660 1523 νυκτὶ
1721 1467 1896 1544 ἐκείνῃ
1947 1468 2102 1541 μέσῃ,

443 1561 564 1636 φῶς
625 1557 794 1627 αὐτὴν
855 1555 1246 1632 ὑπέρλαμπρον
1309 1560 1731 1634 περιήστραψεν,
1791 1558 1842 1614 ἐν
1893 1559 2102 1634 ᾧπερὸ

435 1655 548 1718 τῆς
580 1645 740 1719 δόξης
770 1648 1120 1726 κατεραίνετο
1173 1647 1395 1722 Κύριος,
1453 1649 1515 1703 τὸ
1573 1647 1884 1704 κατώδυνον
1932 1649 2102 1719 αὐτῆς

433 1739 531 1794 καὶ
589 1737 886 1814 περίλυπον
938 1742 1008 1811 τῇ
1068 1739 1351 1816 ἐπιφανείᾳ
1409 1743 1954 1814 παραμυθνουμενος,
2009 1740 2100 1795 καὶ

439 1827 641 1903 λόγοις
671 1833 1092 1904 προτρεπτικοῖς
1119 1829 1460 1901 θαρσοποιῶν
1515 1831 1654 1905 πρὸς
1714 1831 1922 1904 ἀγῶνας
1971 1829 2098 1892 τοὺς

2221 655 2844 730 lum,desertoresque
2902 659 3210 718 daemones
3257 661 3385 734 ejus
3429 663 3762 733 perculisti,
3813 683 3882 722 ac

2219 751 2458 801 sanctos
2485 748 2723 819 angelos
2753 749 2830 804 ad
2859 751 3215 806 miraculum
3248 755 3305 806 et
3325 753 3692 823 prmconium
3727 755 3881 808 exci-

2219 836 2378 906 tasti,
2411 853 2530 908 qua
2559 838 3013 896 simulacrorum
3047 857 3244 896 errore
3277 858 3498 897 aranea
3529 841 3708 897 veluti
3759 843 3882 900 tela

2219 941 2442 996 everso,
2475 942 2672 982 veram
2703 926 2884 984 ﬁdem
2914 930 3280 986 conﬁrmasti
3313 936 3372 988 et
3391 930 3764 988 stabilivisti!

2291 1197 2376 1251 l2.
2407 1194 2592 1250 Judex
2621 1193 2819 1267 itaque
2851 1195 3203 1254 indomitam
3227 1206 3447 1257 sanctae
3470 1205 3868 1260 constantiam

2217 1300 2486 1353 cernens,
2521 1285 2584 1340 in
2607 1302 2906 1342 carcerem
2931 1304 3060 1342 eam
3083 1290 3296 1361 conjici
3325 1291 3746 1362 imperat,dum
3777 1294 3870 1350 di-

2215 1375 2734 1447 spexissetquibus
2753 1375 2916 1432 illam
2937 1379 3249 1434 tormentis
3262 1382 3649 1438 atrocioribus
3663 1400 3868 1456 aggre-

2215 1463 2570 1520 deretur.Ad
2583 1466 2775 1520 noctis
2789 1484 2923 1522 vero
2939 1485 2990 1522 m
3003 1468 3202 1523 edium
3215 1469 3316 1524 lux
3332 1487 3460 1525 eam
3476 1472 3872 1529 circumfulsit

2214 1554 2718 1626 splendidissima,
2752 1556 2812 1610 in
2846 1573 2962 1628 qua
2989 1575 3049 1612 se
3069 1559 3354 1614 Dominus
3375 1561 3576 1632 gloria;
3601 1569 3872 1633 spectan-

2213 1645 2352 1700 dum
2377 1645 2670 1716 prmbens,
2695 1649 3016 1718 praesentia
3037 1647 3304 1704 dolorem
3327 1651 3656 1722 mitigabat,
3681 1651 3872 1708 lenie—

2209 1733 2428 1804 batque
2450 1735 2773 1800 tristitiam,
2806 1743 2864 1791 et
2879 1737 2952 1792 ad
2967 1737 3167 1793 futura
3185 1740 3510 1796 certamina
3525 1741 3872 1798 adhortato-

2211 1824 2314 1878 riis
2340 1823 2532 1880 verbis
2566 1826 2889 1882 animabat.
2946 1849 2974 1878 «
3007 1828 3268 1896 Conﬁde,
3324 1831 3426 1898 ait,
3475 1831 3750 1900 Barbara,
3803 1849 3873 1889 ex

441 1917 776 1990 μέλλοντας·
809 1919 1087 1988 «Θάρσει,
1143 1915 1342 1992 λέγων,
1403 1915 1671 1995 Βαρϐάρα,
1731 1921 1814 1974 ὃτι
1871 1919 2095 1994 μεγίστη

2212 1914 2380 1986 cujus
2401 1914 2562 1969 lucta
2581 1916 2906 1970 maximum
2925 1916 2986 1970 in
3017 1917 3162 1972 caelo
3183 1918 3466 1990 gaudium
3485 1919 3870 1993 sitfuturum,

439 2007 594 2082 χαρά
625 2005 678 2061 έν
711 2006 926 2082 οὐρανῷ
955 2007 1044 2062 καὶ
1077 2005 1164 2062 ἐπὶ
1199 2015 1304 2083 γῆς
1361 2007 1448 2062 ἐπὶ
1495 2013 1562 2082 τῇ
1615 2013 1684 2084 σῇ
1735 2008 1960 2081 ἀθλήσει
2010 2030 2102 2084 γε·-

437 2098 693 2168 ντςοεται.
727 2097 834 2160 Τάς
893 2093 954 2151 δὲ
991 2101 1090 2152 τοῦ
1145 2099 1422 2170 τυμάννου
1480 2097 1708 2162 ἀπειλὰς
1771 2101 1846 2172 μή
1907 2095 2103 2177 φοϐοῦ,

449 2186 594 2259 μήτε
624 2183 812 2242 δέδιθι.
845 2187 988 2262 Ἐγὼ
1009 2186 1114 2262 γάρ
1148 2187 1264 2260 εἶμι
1302 2190 1436 2260 μετά
1465 2192 1583 2256 σοῦ,
1643 2191 1734 2244 καὶ
1778 2194 1965 2244 πασῶν
2017 2205 2104 2244 σοι

439 2281 557 2330 τῶν
637 2275 1046 2350 ἐπιφερομένων
1120 2274 1360 2352 πληγῶν
1421 2276 1860 2355 έκλυτρώσομαι.
1919 2303 1947 2332 ››
2007 2280 2102 2334 Καὶ

441 2363 648 2428 εὐθέως
676 2365 897 2439 ἀφανεῖς
938 2365 991 2420 αἱ
1049 2363 1265 2440 πληγαὶ
1324 2366 1428 2422 ἀπὸ
1485 2371 1582 2422 τοῦ
1633 2367 1802 2438 αὐτῆς
1859 2367 2106 2444 ἐγένοντο

450 2454 732 2527 σώματος.
781 2454 888 2510 Καὶ
941 2459 1114 2511 ταῦτα
1169 2455 1359 2528 εἶπών,
1419 2457 1496 2520 εἷς
1555 2457 1816 2533 οὐρανούς
1867 2455 2022 2522 αὖθις
2079 2460 2106 2512 ὁ

453 2547 571 2598 τῶν
619 2543 863 2620 οὐρανῶν
919 2545 1320 2625 άναπειροίτηκε
1399 2546 1622 2620 Κύριος.
1709 2549 1990 2623 Ἐγεγήθει
2050 2545 2107 2603 δὲ

445 2635 726 2712 μεγάλως,
759 2638 850 2692 καὶ
882 2636 1108 2712 πλήρης
1166 2640 1386 2714 γέγονεν
1437 2639 1716 2713 εὐθυμίας,
1765 2641 1855 2696 καί
1903 2647 2103 2717 χαρᾶς,

433 2726 532 2781 καὶ
564 2725 950 2801 ἀγαλλιάσεως
980 2727 1068 2783 ἐπὶ
1123 2731 1190 2802 τῇ
1247 2733 1345 2784 τοῦ
1403 2731 1641 2806 Χριστοῦ
1700 2735 2010 2806 προτροπῇ,
2065 2733 2100 2800 ἡ

429 2821 538 2872 τοῦ
569 2819 813 2891 Χριστοῦ
859 2818 1060 2894 γνησία
1126 2817 1331 2893 μάρτυς
1383 2839 1441 2874 τε
1477 2820 1568 2874 καὶ
1628 2821 1941 2892 θεράπαινα.
2000 2821 2101 2877 Καὶ

435 2905 674 2964 εἷ’κὸτως
707 2903 880 2971 ὅντως
936 2903 980 2960 ὥ
1035 2907 1173 2982 κόρη
1231 2903 1538 2983 τρισόλϐιε,
1599 2909 1853 2988 ἐγέγηθας
1883 2911 1896 2966 ί
1927 2913 1962 2980 ἡ
1995 2911 2101 2986 γὰρ

429 2999 542 3065 τῆς
573 2995 929 3072 χαρμοσύνης
964 2997 1238 3066 ὑπόθεσις,
1271 2998 1410 3072 μόνη
1445 2997 1590 3054 ἐστὶν
1649 2998 1862 3070 ἀληθὴς
1907 2999 2101 3076 εὐφρο-

433 3087 600 3157 σύνη,
633 3095 722 3141 καί
753 3085 995 3162 θυμηδία
1047 3087 1428 3151 ἀναλλοίωτος
1475 3109 1535 3144 τε
1581 3089 1670 3144 καὶ
1719 3089 2098 3169 ἀναφαίρετος.

429 3177 508 3230 Ὠ
542 3175 821 3252 μακαρίων
857 3199 952 3232 σου
985 3177 1060 3240 ὡς
1101 3179 1326 3248 ἀληθῶς
1380 3178 1670 3252 ὀμμάτων,
1715 3179 1808 3234 τὸν
1856 3181 1957 3248 τῆς
2005 3178 2100 3234 δό-

435 3265 542 3338 ξης
575 3265 770 3342 Κύριον
806 3263 938 3322 ἰδεῖν
987 3265 1330 3340 ἠξιωμένων,
1382 3269 1426 3342 ᾧ
1475 3269 1822 3342 ἀτενίσαιζού
1870 3269 2098 3343 τολμῶ-

424 3376 518 3409 σιν
583 3354 640 3409 έν
697 3355 911 3432 οὐρανῷ
969 3357 1035 3411 τά
1089 3353 1396 3432 Χερουϐὶμ,
1456 3360 1543 3413 καὶ
1603 3359 1672 3413 τὰ
1725 3357 2097 3433 πολυόμματα

433 3445 732 3520 τάγματαί
765 3447 830 3500 Ὠ
859 3441 1176 3502 πανολϐίων
1233 3451 1412 3518 ὤτων,
1471 3452 1578 3503 τῶν
1635 3449 1788 3523 ἠχὴν
1843 3454 1950 3504 τῶν
1999 3453 2096 3505 τοῦ

431 3539 580 3590 Θεοῦ
639 3535 899 3611 ῥημάτων
961 3534 1378 3613 εἶσδεδεγμένων
1409 3538 1421 3594 l
1455 3531 1500 3592 ὦ
1529 3541 1718 3613 ψυχῆς
1767 3538 2096 3614 ἀξιαγάστου

425 3620 1031 3701 καῖτρισευὸαίμονος,
1087 3625 1156 3696 ἥν
1197 3633 1539 3700 προτροπαῖς
1593 3627 1796 3684 οἰκείου
1845 3649 2094 3704 παρεμυ-

431 3715 637 3783 θήσατο
668 3717 958 3788 στόματος,
992 3717 1019 3771 ὁ
1052 3716 1324 3789 οὐρανίων
1377 3715 1468 3772 καὶ
1531 3717 1789 3792 ἐπιγείων
1847 3719 1934 3774 καὶ
1996 3738 2094 3773 κα-

425 3805 744 3878 ταχθονίων
776 3803 1074 3876 δεσπόζων,
1107 3806 1201 3861 καὶ
1231 3807 1364 3868 Θεὸς
1413 3807 1590 3875 πάσης
1643 3806 2045 3881 παρακλήσεως
2081 3807 2093 3864 !

427 3891 514 3947 Συ
543 3893 718 3948 καὶέν
751 3895 910 3970 σαρκὶ
953 3893 1107 3964 οὖσα,
1165 3896 1256 3951 τὸν
1312 3889 1605 3972 ἀρραϐῶνα
1653 3903 1755 3966 τῆς
1817 3894 2096 3971 βασιλείας

421 3987 542 4038 τῶν
577 3983 839 4059 οὐρανῶν,
872 3987 907 4054 ἡ
939 3989 1035 4040 τοῦ
1065 3989 1311 4060 Χριστοῦ
1341 3985 1548 4063 νύμφη,
1582 3985 1656 4049 ὡς
1685 3993 1786 4056 τῆς
1829 3984 1966 4056 ὅλης
1999 4007 2094 4042 σου

419 4074 664 4148 προικὸς
692 4075 986 4149 ἐμφάνειαν
1018 4071 1244 4146 δέδεξαι.
1300 4075 1398 4131 Διὰ
1451 4073 1615 4131 τοῦτο
1670 4081 1775 4131 τῶν
1841 4077 1936 4150 μὶν
1995 4075 2093 4132 ἆλ-

419 4167 626 4238 γεινῶν
655 4163 757 4232 τὴν
789 4169 1004 4240 πεῖραν,
1038 4164 1112 4225 ὡς
1143 4165 1360 4235 νηπίων
1415 4165 1576 4242 βέλη,
1607 4167 1642 4235 ἢ
1675 4164 1906 4242 ψύλλων
1957 4163 2094 4242 δηγ-

423 4251 572 4324 μοὺς
627 4251 836 4327 ἥγησαι
895 4252 985 4308 καὶ
1042 4249 1348 4329 λελόγισαι·
1405 4260 1486 4327 τῷ
1560 4252 1618 4310 δὲ
1672 4260 1769 4310 τοῦ
1837 4253 2093 4334 φανέντος

413 4338 589 4412 ἔρωτι
640 4341 956 4416 θελχθεῖσα,
1009 4342 1102 4398 καὶ
1160 4345 1260 4412 τὴν
1318 4343 1504 4420 ψυχὴν
1565 4344 1948 4421 στεῤῥωθεῖσα,
2007 4345 2096 4410 Τίς

417 4450 519 4504 με,
549 4428 748 4507 ἔλεγες,
785 4431 1020 4506 χωρίσει
1081 4431 1188 4487 ὰπὸ
1233 4435 1335 4497 τῆς
1399 4431 1615 4507 ἀγάπης
1661 4437 1760 4488 τοῦ
1807 4436 2090 4508 Χριστοῦς

415 4517 660 4593 Θλῖψις;
709 4518 746 4590 ἤ
799 4519 1190 4595 στενοχωρίας
1251 4518 1288 4590 ἤ
1367 4518 1574 4594 λιμός;
1633 4520 1670 4593 ἤ
1735 4519 2034 4598 διωγμός;
2094 4524 2130 4594 ἤ
2208 4524 2503 4597 μάστιγεςς

2217 2019 2286 2060 ac
2317 2020 2494 2075 super
2525 2009 2764 2060 terram.
2799 2007 3054 2077 Tyranni
3089 2007 3282 2064 minas
3310 2025 3384 2064 ne
3431 2009 3865 2078 formidaveris,

2217 2111 2328 2150 nec
2345 2096 2868 2152 timueris.Tecum
2892 2097 3052 2151 enim
3075 2115 3178 2170 ego
3201 2115 3353 2164 sum,
3383 2104 3558 2171 teque
3582 2099 3652 2155 ab
3672 2102 3868 2156 omni-

2215 2183 2326 2239 bus
2351 2201 2481 2254 quae
2514 2183 2620 2238 tibi
2653 2185 2992 2240 inferuntur
3021 2185 3210 2258 plagis
3253 2187 3537 2242 liberabo.
3567 2208 3592 2240 ι
3639 2191 3766 2244 Mox
3798 2208 3868 2245 ex

2218 2275 2350 2344 ejus
2381 2291 2628 2346 corpore
2659 2276 2904 2332 vulnera
2935 2283 3335 2332 evanuerunt:
3369 2279 3580 2350 hisque
3609 2281 3782 2334 dictis
3805 2281 3868 2336 in

2217 2364 2430 2419 caelum
2449 2381 2656 2420 rursus
2669 2367 2953 2421 Dominus
2967 2367 3252 2422 caelorum
3266 2367 3651 2440 rediit.Atqui
3671 2370 3872 2425 laetata

2217 2455 2540 2527 plurimum
2559 2461 2648 2510 est
2664 2472 2800 2511 vera
2815 2457 3030 2512 Christi
3055 2462 3283 2529 martyr
3299 2463 3358 2512 et
3377 2459 3596 2514 ancilla
3619 2476 3686 2514 ea
3701 2459 3873 2514 Chri~

2219 2545 2290 2600 sti
2315 2545 2744 2613 cohortatione,
2779 2549 2848 2602 ac
2875 2547 3256 2618 jucunditate
3307 2548 3516 2616 animi,
3565 2549 3780 2621 gaudio
3813 2554 3873 2604 et

2215 2635 2610 2690 exsultatione
2633 2637 2968 2706 repleta.Ac
2991 2638 3202 2692 merito
3225 2637 3400 2709 plane
3422 2639 3619 2712 gavisa
3635 2639 3871 2706 es,bea-

2213 2725 2446 2780 tissima
2477 2726 2695 2796 puella.
2731 2726 2936 2781 Caudii
2969 2727 3189 2798 quippe
3219 2727 3548 2793 ratio,vera
3579 2729 3869 2785 duntaxat

2214 2815 2530 2871 oblectatio
2557 2816 3796 2887 est,animiquejucunditasindemutabilis
3810 2825 3870 2874 et

2211 2905 2640 2961 inviolabilis.0
2665 2921 2798 2959 vere
2823 2905 3026 2960 beatos
3047 2905 3250 2961 oculos
3271 2908 3865 2978 tuos,quiDominum

2211 2995 2412 3068 gloriae
2439 2994 2638 3049 videre
2667 3000 3036 3062 meruerunt,
3069 2995 3132 3050 in
3163 3011 3340 3066 quem
3373 2995 3690 3051 Cherubim
3723 3013 3866 3052 ocu-

2209 3087 2404 3158 lisque
2427 3087 2589 3158 pleni
2611 3086 2854 3140 ordines
2869 3087 3059 3141 aciem
3083 3087 3262 3158 figere
3277 3104 3398 3142 non
3417 3087 3658 3143 audent!
3683 3105 3714 3144 ο
3733 3105 3867 3144 vere

2208 3176 2413 3232 beatas
2427 3192 2621 3244 aures,
2647 3193 2778 3247 qua:
2797 3175 3112 3230 verborum
3135 3175 3242 3232 Dei
3255 3193 3470 3232 sonum
3485 3178 3864 3249 exceperunt!

2210 3284 2244 3322 o
2258 3265 2650 3322 admiratione
2664 3265 2902 3337 dignam
2917 3265 3180 3320 animam
3203 3271 3409 3337 terque
3423 3267 3866 3338 felicem,quam

2211 3356 2331 3412 oris
2346 3355 2434 3410 sui
2447 3355 2923 3410 adhortamentis
2936 3355 3038 3409 ille
3059 3355 3283 3410 solatus
3297 3356 3514 3427 est,qui
3535 3356 3863 3412 cmlestium

2205 3446 2580 3502 terrestrium
2606 3451 2665 3500 et
2687 3445 3060 3501 infernorum
3085 3450 3174 3500 est
3189 3445 3495 3514 Dominus,
3521 3463 3590 3502 ac
3605 3447 3759 3502 Deus
3781 3452 3866 3504 to-

2208 3538 2328 3592 tius
2345 3535 2772 3591 consolationis
2799 3536 2844 3572 ³⁵
2868 3535 2879 3590 l
2912 3536 2994 3590 Tu
3021 3535 3204 3600 enim,
3239 3552 3375 3591 cum
3406 3535 3599 3592 adhuc
3620 3553 3862 3592 carnem

2205 3625 2662 3701 gestares,regni
2680 3625 2962 3680 caelorum
2975 3623 3394 3690 arrhabonem,
3412 3626 3626 3682 Christi
3644 3643 3864 3698 sponsa

2205 3721 2491 3786 tanquam
2511 3717 2689 3770 totius
2711 3715 2866 3770 dotis
2892 3715 3196 3786 specimen
3219 3715 3517 3786 accepisti.
3551 3715 3714 3771 Unde
3730 3715 3862 3772 illa-

2207 3809 2298 3860 tos
2329 3803 2434 3859 tibi
2468 3803 2782 3870 cruciatus,
2817 3805 3202 3875 parvulorum
3231 3804 3412 3860 veluti
3469 3805 3710 3878 sagittas
3760 3811 3864 3863 aut

2205 3895 2470 3968 pulicum
2483 3909 2718 3948 morsus
2733 3893 3348 3966 contempsisti,atque
3366 3893 3524 3949 illius
3537 3911 3716 3966 quem
3729 3911 3864 3950 con-

2207 3985 2472 4060 spexisti,
2497 3999 2698 4040 amore
2716 3989 2906 4055 capta.
2931 3989 2989 4038 et
3027 3984 3226 4038 animo
3257 3983 3561 4038 roborata:
3595 3987 3724 4049 Quis
3751 4001 3856 4052 me,

2204 4075 2428 4144 aiebas,
2449 4074 2730 4146 separabit
2759 4090 2794 4128 α
2823 4073 3097 4128 charitate
3135 4073 3387 4130 Christi?
3415 4072 3702 4126 tribulatio
3727 4077 3754 4128 ?
3783 4089 3856 4128 an

2203 4167 2506 4236 angustia?
2535 4165 2705 4219 Certa
2734 4165 2878 4218 enim
2905 4179 3044 4232 sum,
3076 4163 3226 4232 quod
3277 4178 3454 4232 neque
3499 4163 3633 4230 rita,
3681 4179 3856 4233 neque

2201 4271 2368 4320 mors,
2399 4271 2576 4325 neque
2595 4253 2843 4323 angelus,
2875 4269 3050 4324 neque
3079 4251 3370 4318 instantia,
3420 4267 3594 4322 neque
3634 4255 3852 4321 futura,

2201 4362 2378 4416 neque
2407 4345 2524 4400 alia
2551 4349 2806 4399 creatura
2841 4345 3054 4414 poterit
3105 4359 3189 4398 me
3233 4357 3492 4414 separare
3521 4359 3556 4398 a
3585 4343 3854 4400 charitate

2205 4437 2413 4494 Christi
2442 4435 2508 4488 ⁸⁸.

2590 4521 2626 4591 ἢ
2711 4519 3002 4592 κίνδυνοις
3085 4520 3384 4594 πέπεισμαι
3454 4521 3584 4596 γὰρ,
3661 4520 3736 4585 ὡς
3793 4519 3854 4575 οὐ

417 4608 566 4678 ζωὴ,
625 4609 687 4664 οὐ
743 4608 988 4679 θάνατος,
1047 4609 1146 4664 οὐκ
1205 4605 1461 4686 ἅγγελος,
1521 4609 1620 4666 οὐκ
1669 4610 1953 4686 ἐνεστῶτα,
2003 4613 2065 4670 οὐ
2120 4612 2420 4688 μέλλοντα,
2480 4606 2606 4666 οὔτε
2659 4631 2741 4673 τις
2809 4609 2984 4673 κτίσις
3041 4611 3220 4686 ἑτέρα,
3266 4618 3368 4682 τῆς
3449 4615 3548 4667 τοῦ
3615 4611 3856 4687 Χριστοῦ

423 4717 497 4772 με
528 4697 740 4774 ἀγάπης
775 4697 1010 4774 χωρίσαι
1045 4696 1354 4770 δυνήσεται.

500 4788 586 4861 ιγ’.
621 4787 843 4864 Πρωίας
881 4785 974 4842 οῦν
1005 4789 1327 4862 γενομένης,
1359 4787 1514 4866 ἤχθη
1568 4792 1708 4867 πρὸς
1758 4794 1820 4848 τὸ
1869 4794 2024 4870 βῆμα
2053 4795 2088 4864 ἡ
2125 4800 2168 4864 D

425 4876 653 4951 μάρτυς,
687 4882 782 4932 τοῦ
814 4875 1083 4954 ἄρχοντος
1112 4883 1275 4935 τοῦτο
1347 4882 1760 4956 προστάξαντος.
1813 4883 1910 4938 Καὶ
1960 4882 2088 4939 ἰδὼν

415 4966 596 5036 αὐτῆς
623 4966 754 5030 τοὺς
787 4966 1073 5041 μώλωπας
1105 4969 1350 5047 ἀφανεῖς,
1379 4971 1467 5026 καὶ
1523 4973 1586 5026 τὸ
1633 4975 1795 5046 σῶμα
1841 4973 2090 5045 ὁλόκλη-

416 5077 517 5134 ρον
545 5056 636 5110 καὶ
669 5055 948 5131 ἀκέραιον,
1006 5057 1146 5130 μήτε
1206 5058 1266 5112 τὸ
1314 5060 1483 5134 τυχὸν
1535 5053 1664 5136 ἕχον
1715 5064 2030 5138 σπάραγμα,
2063 5063 2090 5117 ὁ

413 5143 834 5226 φρενοϐλαϐὴς,
865 5145 1022 5225 φησὶ,
1082 5147 1173 5202 καὶ
1239 5147 1644 5225 φρενόληπτος,
1696 5175 1724 5204 ‹‹
1758 5150 1924 5220 ’¹Ιδες,
1970 5156 2088 5215 πῶς

413 5237 472 5292 οἱ
507 5236 620 5300 θεοὶ
651 5239 1078 5308 ἀντιποιοῦνται,
1113 5237 1204 5291 καὶ
1263 5239 1546 5312 ἀγαπῶσίν
1598 5261 1678 5310 σε,
1725 5239 1807 5295 ὅτι
1854 5241 1942 5296 καὶ
1991 5242 2088 5304 τὰς

413 5325 642 5402 πληγάς
703 5347 801 5380 σου
863 5327 1108 5382 ἱάσαντο.
1144 5350 1172 5378 ››
1231 5327 1296 5382 Ἡ
1353 5326 1412 5384 δὲ
1468 5329 1672 5406 μάρτυς
1723 5338 1822 5400 τῆς
1881 5331 2088 5387 ἐκείνου

411 5415 834 5492 καταγελάσασα
889 5415 1319 5494 παραφροσύνης
1393 5419 1484 5474 καὶ
1545 5416 1944 5495 ὲμϐροντησίας
1997 5423 2087 5478 καὶ

413 5497 831 5582 έπαραπληξίας,
909 5505 1358 5582 ἀνταπεκρίνατο·
1449 5533 1476 5560 (ι
1540 5510 1606 5568 Οἱ
1673 5512 1766 5584 μὲν
1825 5511 1914 5565 συὶ
1971 5513 2083 5567 θεοὶ

418 5595 736 5670 ὅμοιοίσού
769 5594 894 5667 εἰσι,
933 5593 1113 5674 κωφοί
1159 5595 1252 5652 καὶ
1309 5593 1534 5673 τυφλοὶ,
1592 5601 1684 5654 καὶ
1743 5600 2084 5674 ἀναίσθητοι,

492 5813 542 5850 ³⁵
569 5814 622 5869 II
651 5815 782 5870 Cor.
815 5829 860 5883 ι,
889 5813 940 5871 3.
1022 5813 1068 5850 ⁸⁸
1101 5815 1268 5871 Rom.
1302 5832 1419 5885 vui,
1455 5817 1544 5886 35,
1579 5818 1669 5874 38.

2275 4797 2360 4848 l3.
2397 4795 2561 4848 Mane
2593 4792 2772 4866 igitur
2797 4793 2976 4862 facto,
2999 4792 3270 4866 jubente,
3303 4793 3578 4866 praeside,
3628 4795 3855 4863 martyr

2203 4884 2275 4940 ad
2309 4883 2572 4938 tribunal
2606 4883 2784 4938 ducta
2817 4887 2924 4940 est.
2953 4883 3132 4954 Cujus
3159 4883 3222 4938 in
3254 4899 3520 4955 corpore,
3554 4897 3690 4937 cum
3741 4897 3852 4935 nec

2199 4975 2510 5047 plagarum
2534 4978 2766 5028 exstare
2787 4971 3052 5046 vestigia,
3077 4973 3182 5030 sed
3203 4973 3499 5045 integrum
3525 4971 3674 5026 illud
3693 4971 3848 5025 908

2203 5069 2260 5119 et
2289 5065 2565 5132 illaesum,
2593 5063 2694 5118 ille
2725 5063 2945 5118 mentis
2973 5063 3168 5136 inOps,
3193 5081 3298 5120 seu
3317 5067 3518 5118 mente
3540 5067 3746 5133 captus
3768 5061 3849 5116 vi-

2201 5154 2407 5220 disset,
2447 5177 2466 5202 α
2495 5153 2690 5222 Vides,
2719 5153 2820 5221 ait,
2855 5153 3154 5225 quomodo
3179 5154 3282 5208 tibi
3314 5153 3398 5226 pii
3429 5169 3604 5224 opem
3633 5151 3846 5218 ferant,

2197 5259 2266 5298 ac
2289 5249 2344 5298 te
2368 5243 2643 5315 diligant;
2665 5259 2886 5314 quippe
2905 5243 3006 5314 qui
3027 5243 3272 5298 vulnera
3289 5247 3390 5298 tua
3431 5241 3788 5297 sanaverint.
3820 5261 3850 5292 »

2197 5334 2285 5390 Ad
2315 5349 2492 5405 quem
2527 5341 2770 5406 martyr,
2799 5335 2906 5388 viri
2939 5335 3300 5391 dementiam
3331 5333 3704 5404 nimiumque
3726 5337 3847 5388 stu-

2196 5441 2402 5496 porem
2431 5425 2728 5488 deridens.
2764 5447 2790 5474 ιι
2825 5425 2914 5480 Dii
2949 5425 3054 5491 tui,
3079 5425 3292 5496 inquit,
3328 5424 3412 5479 tui
3433 5423 3660 5479 similes
3685 5434 3843 5481 sunt.

2198 5513 2360 5569 surdi
2392 5530 2460 5569 ac
2489 5513 2664 5568 caeci:
2698 5513 3012 5584 omnisque
3041 5529 3252 5569 sensus
3272 5519 3330 5568 et
3357 5519 3552 5568 motus
3575 5517 3846 5583 expertes

2195 5621 2330 5660 cum
2355 5605 2493 5672 sint,
2518 5605 2627 5660 sibi
2648 5603 2760 5676 ipsi
2773 5604 3044 5660 auxiliari
3065 5619 3186 5660 non
3216 5603 3432 5661 valent.
3466 5604 3720 5670 Quinam
3749 5619 3844 5658 me
