4160 6436
438 408 544 463 801
1594 406 1964 463 LAUDATIO
1997 408 2057 461 8.
2095 406 2462 462 BARBARE
2500 408 2729 463 MART.
3769 414 3879 471 802

434 534 511 605 τῇ
564 527 930 603 ἀπανθρωπίᾳ
989 526 1355 603 ὑπερήλασας.
1414 528 1630 583 Ἐκεῖνα
1710 526 1815 603 γάρ
1871 526 1937 583 τὰ
2001 522 2073 603 ἔγ·

2208 528 2329 583 illa!
2361 529 2559 601 proles
2592 546 2726 585 suas
2758 530 2883 585 ulla
2921 531 3145 604 injuria
3186 533 3397 589 violari
3436 534 3713 603 viderint,
3764 556 3872 611 pro

430 641 571 697 γονα
630 639 811 673 αυτων
864 618 952 695 up’
1002 638 1129 672 οτου
1161 619 1489 692 θεωρουνται
1526 616 1901 691 βλαπτομενα,
1938 637 2073 694 μεκφ

2218 619 2340 673 illis
2371 620 2444 674 ad
2475 626 2726 675 mortem
2756 638 2944 693 usque
2977 629 3245 695 pugnant
3271 641 3284 679 :
3320 630 3382 680 tu
3432 643 3568 681 vero
3601 633 3783 698 tuam,
3814 633 3872 684 et

443 708 677 774 θανάτου
723 708 901 762 αὐτῶν
970 707 1407 783 ὑπερμάχονται·
1464 706 1527 761 σὺ
1581 705 1639 762 δὲ
1691 708 1755 762 τὸ
1815 704 1952 762 ἴδιον
2012 728 2073 761 κα

2217 725 2397 780 quam
2428 709 2666 765 unicam
2697 712 3011 783 suscepisti
3044 712 3251 782 filiam,
3288 720 3576 785 tanquam
3621 717 3685 771 in
3734 734 3868 772 ma-

2216 800 2389 867 cello,
2425 799 2595 855 lactis
2645 802 2899 857 vasculis
2948 803 3271 859 crudeliter
3313 805 3473 860 ferro
3523 807 3867 877 amputatis,

2217 888 2671 944 dehonestatam
2702 889 2927 957 videns,
2978 910 3054 947 ne
3086 899 3313 949 natura:
3365 895 3607 965 quidem
3642 894 3870 950 illatam

2216 976 2501 1049 injuriam
2517 994 2579 1033 es
2603 979 2890 1035 reveritus
2916 998 3055 1036 :nec
3073 982 3147 1037 ad
3173 988 3367 1038 tantas
3388 984 3591 1057 plagas
3614 985 3871 1040 inﬂexus

2217 1082 2300 1135 es,
2336 1072 2622 1138 tanquam
2656 1085 2868 1124 saxeus
2900 1087 3083 1138 esses,
3113 1072 3397 1143 omnique
3422 1091 3606 1129 sensu
3628 1074 3874 1130 destitu-

2215 1161 2330 1212 tus.
2360 1158 2577 1212 Verum
2609 1158 2752 1229 quid
2784 1159 3091 1231 miramur,
3124 1161 3358 1228 fratres,
3394 1180 3494 1218 eos
3512 1164 3613 1234 qui
3651 1164 3862 1236 impie-

2213 1247 2350 1301 tatis
2381 1263 2581 1302 errore
2613 1247 2760 1302 ebrii
2795 1254 2952 1316 sunt,
2988 1250 3215 1305 Satanas
3248 1269 3483 1323 quoque
3527 1254 3725 1309 furore
3758 1254 3864 1309 de-

2210 1334 2486 1392 bacchari
2510 1336 3060 1402 ‘IQuemadmodum
3082 1340 3240 1393 enim
3255 1342 3521 1411 praclari
3546 1349 3860 1415 martyres,

2210 1424 2408 1480 divino
2439 1425 2625 1481 afﬂati
2657 1427 2901 1499 Spiritu,
2934 1428 3162 1484 devicta
3192 1435 3405 1485 natura
3452 1437 3511 1486 et
3561 1438 3858 1503 superata,

2210 1530 2390 1586 supra
2419 1522 2695 1571 naturam
2711 1522 3026 1572 evaserunt
3051 1534 3065 1572 :
3099 1518 3183 1573 sic
3198 1536 3433 1590 quoque
3450 1521 3548 1590 qui
3563 1521 3863 1575 Christum

441 798 733 873 μονογενὲς
792 797 1083 873 θυγάτριον
1163 797 1236 860 ὡς
1308 794 1360 852 ἐν
1420 795 1684 871 μακέλλῳ
1738 794 1977 874 ἀφειδῶς
2037 796 2107 852 τὰ

434 893 718 964 γυναικεῖα
776 885 1167 964 γαλακτοφόρα
1228 884 1368 959 μέλη
1429 886 1630 965 ξίφεσιν
1693 886 1968 959 θεώμενος
2018 884 2104 940 ἐκ·

436 978 779 1052 κοπτόμενα,
833 973 961 1031 οὐδὲ
1016 974 1111 1031 κᾶν
1165 978 1265 1046 τήν
1334 972 1489 1050 ὕϐριν
1546 975 1787 1051 ᾑδέσθης
1845 982 1948 1045 τῆς
2005 975 2105 1052 φύ-

440 1089 605 1138 σεως,
665 1064 789 1122 ούδὶ
843 1066 984 1142 πρὸς
1041 1067 1136 1128 τὰς
1203 1066 1467 1129 τοσαύτας
1527 1063 1744 1141 πληγὰς
1798 1064 2103 1138 ἐκάμφθης,

451 1161 530 1223 ὡς
559 1161 660 1230 τήν
690 1154 913 1231 καρδίαν
974 1154 1221 1229 λιθώδης
1286 1178 1346 1214 τε
1402 1157 1492 1213 καὶ
1545 1153 2105 1228 άναίσθητος.’Λλλᾶ

440 1250 497 1305 τί
528 1250 900 1323 θαυμάζομεν,
934 1245 1187 1326 ἀδελφοὶ,
1216 1246 1345 1311 τοὺς
1397 1246 1465 1323 τῇ
1507 1246 1689 1323 πλάνῃ
1721 1254 1822 1317 τῆς
1854 1241 2100 1310 ἀσεϐείας

435 1340 764 1414 μεθύοντας,
823 1338 915 1392 καὶ
972 1341 1042 1411 τῇ
1101 1341 1200 1392 τοῦ
1259 1342 1474 1392 Σατανᾶ
1532 1338 1698 1412 μανίᾳ
1735 1331 2103 1411 ἐκϐεϐακχευ-

434 1429 672 1503 μένουςς
733 1434 938 1503 Ὠσπερ
990 1426 1093 1502 γὰρ
1163 1427 1217 1482 οἱ
1301 1425 1613 1483 καλλίνικοι
1696 1424 1965 1503 μάρτυρες
2021 1430 2101 1498 τῷ

428 1518 557 1594 περὶ
611 1518 842 1593 Χριστὸν
898 1514 1115 1595 φίλτρῳ
1180 1520 1261 1589 τῷ
1336 1514 1466 1590 θείῳ
1521 1517 1809 1593 γενόμενοι
1866 1517 2096 1591 κάτοχοι

431 1607 735 1681 Ιινεύματι,
764 1609 865 1678 τὴν
914 1607 1073 1685 φύσιν
1130 1609 1451 1675 νικήσαντες
1497 1607 1588 1661 καὶ
1649 1601 2096 1682 ὑπεραναϐάντες,

437 1695 494 1752 ἐν
524 1703 644 1761 τοῖς
700 1698 831 1775 ὑπὲρ
887 1697 1045 1776 φύσιν
1104 1697 1414 1774 γεγόνασιν,
1470 1695 1616 1752 οὕτω
1676 1694 1742 1767 δὴ
1794 1696 1887 1751 καὶ
1918 1696 1971 1751 οἱ
1999 1700 2073 1751 to?

2208 1710 2271 1749 se
2304 1693 2613 1750 dcsertrici
2642 1696 2841 1751 virtuti
2875 1697 3298 1768 manciparint,
3346 1699 3457 1770 ipsi
3491 1699 3669 1754 etiam
3702 1704 3869 1754 extra

435 1788 675 1863 Χριστοῦ
704 1787 794 1842 καὶ
838 1786 1051 1843 τούτων
1112 1785 1364 1859 διῶκται,
1420 1792 1519 1843 τοῦ
1580 1790 1828 1861 πονηροῦ
1855 1784 2073 1861 πλήρεις

2204 1788 2433 1839 natura;
2463 1785 2757 1839 rationem
2792 1786 3166 1853 excedentes,
3186 1804 3307 1842 non
3338 1788 3409 1843 ad
3442 1788 3503 1842 id
3534 1788 3691 1860 quod
3714 1806 3863 1860 prae-

432 1878 874 1952 χρηματίζοντες
925 1876 1259 1952 πνεύματος,
1317 1878 1409 1933 καὶ
1466 1881 1536 1952 τῇ
1598 1878 1935 1950 ἀποστατικῇ
1968 1876 2073 1931 έαυ

2204 1874 2461 1929 stantius
2494 1874 2589 1943 sit,
2624 1875 2727 1930 sed
2755 1876 2816 1931 in
2869 1876 2929 1930 id
2961 1876 3120 1947 quod
3158 1876 3421 1933 deterius
3452 1883 3861 1950 proruerunt:

2212 1604 2415 1659 etillos
2434 1606 3277 1678 persequuntur,nequissimo
3292 1610 3506 1681 spiritu
3527 1610 3710 1681 pleni,
3731 1626 3866 1665 cum

423 1964 560 2030 τοὺς
611 1964 833 2041 δυνάμει
892 1964 1429 2037 καταδουλώσαντες,
1488 1964 1590 2037 ἔξω
1646 1965 1738 2022 καὶ
1796 1965 1951 2021 αὐτοὶ
1990 1967 2090 2035 τῆς

420 2054 661 2133 φύσεως,
696 2055 796 2111 οὐκ
827 2055 904 2121 είς
930 2062 1202 2132 κρεῖττον,
1235 2054 1362 2112 ἀλλ’
1413 2054 1490 2119 εἴς
1544 2057 1607 2111 τὸ
1643 2060 1832 2131 χεῖρον
1873 2052 2089 2109 ἀπώλι-

421 2157 579 2216 σθον,
609 2147 700 2201 καὶ
755 2144 1026 2220 ἐξέπεσον.
1088 2147 1191 2205 Καὶ
1252 2146 1434 2221 ὣσπερ
1496 2144 1693 2202 ἐκεῖνοι
1728 2147 1838 2200 ἄνω
1866 2150 1966 2214 τῆς
1996 2143 2089 2198 ἀν-

414 2234 706 2310 θρωπίνης
768 2235 1201 2311 ὑπερυψώθησαν
1261 2236 1660 2304 καταστάσεως,
1707 2237 1960 2290 τοσοῦτοι
1992 2232 2086 2288 καὶ

416 2323 571 2379 οὗτοι
630 2325 926 2401 κατωτέρω
1010 2325 1212 2398 ταύτης
1295 2322 1769 2395 κατεκλύσθησαν,
1821 2322 1910 2377 καὶ
1969 2326 2089 2385 τοῖς

411 2410 890 2489 ἆνθρωποκτόνοις
934 2414 1213 2491 γεγόνασιν
1266 2413 1517 2488 δαίμοσιν
1561 2414 1776 2487 ’ὁμοιοιο
1810 2410 1900 2466 καὶ
1935 2409 2085 2484 μάλα

411 2500 666 2567 εἰκότως.
730 2504 796 2560 Οἱ
860 2502 962 2579 γῖῑρ
1049 2506 1270 2579 Χριστῷ
1355 2504 1782 2580 προσεχόμενοι,
1842 2503 2083 2576 Χριστοῦ

415 2609 662 2662 μιμηται
696 2587 786 2644 διὰ
813 2597 913 2660 τῆς
954 2590 1127 2661 αὐτῆς
1180 2591 1379 2666 ἀρετῆς
1433 2590 1800 2646 καθίστανται·
1834 2588 1887 2643 οἱ
1915 2586 1973 2643 δὶ
1999 2591 2081 2659 τῷ

405 2682 513 2733 τοῦ
571 2674 837 2735 διαϐόλου
896 2685 1042 2756 ζυγῷ
1095 2680 1323 2744 ἑαυτοὺς
1411 2682 1819 2753 ὑποζεύξαντες,
1881 2676 2080 2749 ἱκείνφ

2202 1979 2271 2020 ac
2304 1964 2456 2018 sicut
2486 1963 2573 2018 illi
2621 1982 2799 2036 supra
2840 1965 3167 2021 humanam
3217 1966 3626 2022 conditionem
3675 1968 3860 2023 evecti

2203 2057 2361 2122 sunt,
2388 2052 2471 2107 ita
2494 2053 2666 2107 etisti
2690 2054 2847 2109 infra
2868 2071 2997 2109 eam
3021 2054 3280 2110 demersi
3300 2055 3486 2126 fuere,
3511 2056 3863 2111 homicidis—

2202 2158 2315 2214 que
2340 2142 2685 2197 hominibus
2707 2143 2936 2198 similes
2959 2144 3096 2199 facti
3123 2160 3135 2199 :
3160 2144 3340 2216 idque
3363 2145 3577 2200 merito
3596 2162 3862 2217 prorsus.

2199 2232 2306 2296 Qui
2343 2231 2503 2287 enim
2534 2249 2596 2287 se
2627 2233 2858 2289 Christo
2890 2233 3245 2306 adjungunt,
3280 2233 3498 2290 virtute
3523 2251 3630 2290 sua
3645 2234 3863 2291 Christi

2197 2320 2529 2377 imitatores
2552 2322 2896 2377 efficiuntur
2921 2340 2934 2377 :
2955 2323 3056 2394 qui
3077 2340 3212 2378 vero
3238 2322 3459 2378 diaboli
3479 2325 3695 2397 sejugo
3719 2324 3861 2379 sub-

2198 2410 2501 2479 diderunt,
2534 2411 2620 2466 illi
2636 2412 2884 2483 perinde
2903 2412 3194 2467 simillimi
3223 2418 3282 2468 et
3301 2429 3475 2485 pares
3497 2412 3851 2468 redduntur.

2194 2501 2416 2555 Verum
2474 2500 2779 2557 videamus
2841 2501 2984 2573 quid
3035 2502 3320 2573 deinceps
3374 2502 3746 2558 adversarius
3795 2505 3855 2556 et

2192 2589 2448 2645 aamulus
2479 2608 2587 2662 per
2617 2590 2907 2647 satellites
2940 2608 3077 2647 suos
3110 2592 3389 2647 adversus
3412 2592 3721 2647 honestam
3753 2607 3852 2646 ca-

2193 2684 2466 2751 stamque
2499 2681 2786 2754 virginem
2818 2681 3109 2753 excogitet
3140 2687 3199 2736 et
3228 2680 3623 2737 machinetur.

409 2764 687 2838 δήπουθεν
746 2769 991 2845 γίνονται
1044 2776 1419 2849 παρεμφερεῖς
1464 2770 1555 2827 καὶ
1604 2767 1931 2847 ἐφάμιλλοι.
1993 2764 2158 2822 Ἀλλ’
2215 2763 2417 2840 ἴδωμεν
2477 2768 2530 2822 τί
2583 2766 2750 2823 πάλιν
2784 2769 2811 2823 ὁ
2861 2767 3135 2831 ἀντίδικος
3175 2769 3267 2824 καὶ
3298 2767 3591 2831 ἀντίπαλος
3622 2764 3711 2823 διὰ
3736 2770 3848 2823 τῶν

408 2855 570 2913 ἰδίων
605 2859 952 2915 ὑπασπιστῶν
987 2862 1125 2916 κατὰ
1151 2868 1252 2931 τῆς
1282 2867 1487 2935 σεμνῆς
1514 2862 1603 2915 καὶ
1635 2860 1917 2938 σώφρονος
1949 2857 2231 2932 Παρθένου
2263 2854 2489 2930 ἐπινοεῖ,
2520 2856 2609 2913 καὶ
2638 2860 2988 2915 τεκταίνεται.

492 2954 575 3018 ιζ’.
637 2946 790 3005 Ἰδὼν
846 2950 950 3026 γὰρ
1009 2948 1092 3005 ὅτι
1147 2950 1247 3014 τὰς
1304 2954 1400 3005 τοῦ
1459 2948 1689 3023 σὲματος
1749 2947 1928 3009 αἲκίας
1987 2946 2075 3001 ἆν-

408 3035 616 3113 δρείως
647 3037 901 3118 ὑποφέρει
943 3061 1002 3095 τε
1058 3039 1149 3095 καὶ
1212 3039 1521 3117 ὑφίσταται,
1550 3044 1620 3113 τῇ
1652 3042 1807 3114 ψυχῇ
1844 3038 2073 3114 βάσανον

2263 2951 2348 3003 16.
2381 2949 2526 3004 Cum
2557 2966 2814 3021 namque
2844 2950 3229 3022 perspiceret,
3258 2950 3493 3006 fortiter
3524 2966 3656 3006 eam
3686 2949 3840 3007 tole-

2186 3053 2317 3094 rare
2347 3044 2405 3093 et
2436 3039 2731 3095 sustinere
2778 3040 3043 3111 corporis
3096 3039 3415 3109 cruciatus,
3467 3046 3833 3097 tormentum

402 3125 724 3199 ἐπιτηδεύει
766 3129 1067 3206 ἀφόρητον,
1112 3128 1201 3185 καὶ
1251 3129 1521 3205 αἰσχύνης
1570 3126 1740 3200 ἄξιον,
1773 3127 1847 3189 ὡς
1876 3123 2067 3185 οἷέται.

407 3224 447 3238 ἵν
496 3216 509 3235 δ
566 3214 592 3238 ,ί
784 3218 798 3238 (
902 3216 949 3238 ’Χ
1012 3230 1032 3238 Α
1048 3222 1075 3234 ην
1312 3219 1327 3238 Ι
1552 3218 1567 3238 \
1665 3222 1691 3233 α’
1843 3237 1852 3238 κ
1937 3215 1948 3238 Γ
1970 3236 1978 3238 Α

2184 3127 2430 3182 molitur
2460 3128 2856 3197 intolerabile,
2892 3134 2969 3197 et,
3020 3134 3087 3183 ut
3137 3129 3455 3197 existimat,
3509 3129 3835 3203 ignominia

2189 3216 2421 3238 J3-____-
2498 3219 2556 3238 Δ-
2596 3218 2764 3238 -1-..,
2812 3218 3095 3238 _!__,__x_j!
3135 3224 3210 3238 -,1
3268 3224 3328 3238 --ι
3371 3219 3579 3238 -_n_,,‘,
3618 3236 3650 3238 ,4
3711 3237 3715 3238 ,
3777 3237 3784 3238 κ

404 3216 513 3272 Καὶ
566 3214 708 3273 ἔστιν
769 3218 843 3280 ὡς
892 3216 1117 3290 ἀληθῶς
1173 3219 1426 3290 τοιαύτη,
1479 3218 1569 3274 καὶ
1625 3222 1734 3273 τῶν
1789 3215 2069 3293 προτέρων

406 3305 800 3384 χαλεπωτέρα.
861 3306 1038 3365 Ἀλλᾶ
1097 3306 1186 3364 διὰ
1256 3310 1492 3383 Χριστὸν
1552 3309 1806 3383 πάσχειν,
1861 3305 1958 3362 κᾶν
2015 3328 2068 3362 τι

401 3394 567 3452 δοκεῖ
625 3394 989 3453 ἐπονείδιστον
1055 3392 1203 3473 ἔχειν
1246 3398 1339 3453 καὶ
1395 3396 1673 3474 ἄσχημον,
1730 3395 1877 3466 πλην
1922 3393 2069 3451 ἀλλᾶ

396 3488 608 3550 παντὸς
666 3485 1135 3562 καλλωπίσματός
1192 3486 1331 3544 ἐστιν
1394 3488 1715 3563 σεμνότερόν
1761 3508 1822 3542 τε
1863 3485 1955 3541 καὶ
1982 3484 2067 3540 ἐύ-

404 3578 885 3653 σχημονέστερον,
937 3579 1030 3633 καὶ
1078 3578 1479 3655 κοσμιώτερον.
1533 3574 1757 3635 Κελεύει
1800 3575 1924 3653 γὰρ,
1960 3597 2069 3653 φη-

408 3665 522 3735 σὶν,
575 3668 601 3721 ὁ
656 3668 879 3745 ἡγεμὼν
941 3671 1160 3744 γυμνήν
1217 3671 1604 3743 πομπευθῆναι
1662 3666 1830 3736 αύτήν
1891 3671 2063 3721 πᾶσαν

401 3757 511 3825 τὴν
543 3757 853 3834 περίχωρον
884 3757 1117 3831 ἐκείνην,
1176 3758 1268 3815 καὶ
1321 3757 1567 3833 πληγαῖς
1627 3757 1927 3835 ἀφορήτοις
1959 3778 2066 3830 μα-

400 3844 702 3916 στίζεσθαι.
735 3850 878 3906 ’Ίστε
927 3845 985 3904 δὲ
1040 3850 1281 3920 πάντως,
1340 3848 1631 3925 ἀγαπητοὶ,
1665 3845 1797 3917 ὅσην
1827 3847 1891 3901 τὸ
1923 3852 2065 3922 πρᾶ-

395 3956 524 4011 γμα
552 3934 702 4012 φέρει
754 3942 875 4000 ταῖς
933 3937 1226 4014 παρθένοις
1280 3936 1550 4014 αἰσχύνην
1610 3936 1699 3992 καὶ
1758 3933 1913 4008 αίδὼ,
1971 3935 2061 3989 καὶ

404 4022 652 4098 μάλιστα
680 4032 799 4089 ταῖς
828 4026 966 4082 κατᾶ
1016 4028 1117 4097 τήν
1174 4026 1321 4083 ὁσίαν
1379 4026 1581 4097 ταύτην
1612 4025 1806 4103 κόρην,
1838 4028 1905 4094 ἧς
1937 4021 2062 4079 οὐδὲ

399 4113 578 4184 ἥλιος
631 4115 710 4179 εἰς
765 4136 952 4189 κορον,
1014 4118 1088 4180 ὡς
1162 4116 1357 4188 εἷπεῖν,
1414 4116 1722 4173 ἀπολαῦσαι
1773 4112 2059 4185 δεδύνηται

396 4204 689 4280 πρότερον.
742 4206 840 4260 Καὶ
896 4207 961 4262 οὐ
1022 4207 1185 4281 μόνον
1250 4205 1378 4280 μίαν
1429 4206 1630 4284 ἀγορὰν
1662 4204 1752 4261 καὶ
1778 4204 2059 4275 πλατεῖαν,

390 4291 436 4362 ἤ
494 4290 744 4368 δευτέραν
799 4296 1075 4371 περιάγειν
1134 4295 1456 4373 ἠνάγκαζεν,
1516 4294 1662 4351 ἀλλά
1716 4294 1808 4350 καὶ
1859 4294 2057 4370 χωρία,

387 4382 490 4438 καὶ
548 4381 731 4453 ἄστεα,
806 4385 899 4440 καὶ
985 4382 1199 4460 δήμους
1283 4380 1636 4460 ἀμείϐουσαν.
1698 4390 1876 4441 Ηᾶσαν
1933 4383 2057 4460 γὰρ,

392 4472 589 4550 φησὶν,
618 4475 719 4545 τὴν
780 4473 1099 4551 περίχωρον
1155 4475 1391 4547 ἐκείνην.
1449 4477 1673 4539 ’Όντως
1719 4473 1898 4545 πάσης
1924 4471 2058 4528 καύ-

394 4581 539 4627 σεως
566 4565 653 4619 καὶ
694 4566 972 4639 μαστίγων
1033 4563 1248 4637 ὀδύνης,
1306 4565 1464 4628 οὗτος
1521 4566 1549 4620 ὁ
1604 4563 1907 4639 πειρασμὸς
1935 4567 2056 4625 ταῖς

388 4648 801 4726 αἲσχυντηλαῖς
854 4654 943 4709 καὶ
1003 4660 1226 4729 σεμναῖς
1280 4653 1493 4731 κόραις,
1552 4649 1945 4728 χαλεπώτερός
1996 4671 2055 4706 τε

388 4740 488 4797 καὶ
517 4740 942 4819 ἐπαχθέστερος.
972 4743 1137 4800 Ἀλλ’
1167 4743 1321 4818 ὅμως
1374 4744 1463 4799 καὶ
1496 4742 1696 4814 ταύτην
1726 4744 1826 4811 τήν
1858 4738 2055 4816 αἰσχύ-

391 4850 497 4899 νην
558 4830 844 4905 ὑπέμεινεν
906 4829 997 4887 διὰ
1050 4834 1114 4889 τὸ
1195 4833 1335 4910 πρὸς
1390 4832 1621 4904 Χριστὸν
1677 4831 1904 4907 φίλτρον
1964 4827 2054 4885 καὶ

388 4912 592 4994 ἔρωτα,
625 4919 683 4983 ὅς
716 4919 786 4976 δι’
818 4924 968 4995 ἡμᾶς
1024 4923 1250 5000 σταυρὸν
1312 4922 1621 4997 ὑπέμεινεν,
1662 4919 1929 4998 αἰσχύνης
1953 4940 2054 4976 κα-

384 5012 761 5087 ταφρονήσας.
822 5013 927 5068 Τὸν
986 5012 1088 5089 γὰρ
1147 5012 1381 5068 παλαιὸν
1441 5011 1722 5087 ἄνθρωπον
1785 5009 1877 5065 σὺν
1934 5014 2054 5072 τοῖς

385 5102 738 5173 παθήμασιν,
797 5102 872 5157 ὧν
926 5101 1016 5158 καὶ
1074 5104 1110 5173 ἠ
1168 5102 1395 5175 τοιαύτη
1465 5100 1699 5177 αίσχύνη
1760 5099 2056 5176 ἐνυπάρχει

381 5196 493 5259 τῆς
521 5187 768 5262 ἐσθῆτος,
799 5193 835 5262 ἡ
868 5190 1132 5267 παρθένος
1188 5189 1587 5268 προεκδύσασα,
1620 5188 1710 5246 διὰ
1738 5194 1898 5245 τοῦτο
1930 5187 2056 5245 οὐδε

391 5278 743 5355 ἀσχημονεῖν
777 5279 1083 5359 ἐλογίζετοο
1146 5280 1274 5337 ἀλλ’
1330 5280 1512 5359 ὥσπερ
1545 5281 1597 5336 οἱ
1628 5278 2053 5356 πρωτόπλαστοι

392 5366 451 5423 ἐν
482 5375 564 5442 τῷ
594 5369 914 5447 παραδείσῳ
951 5373 1059 5449 πρὸ
1115 5377 1224 5428 τῶν
1282 5377 1471 5437 παθῶν
1526 5378 1627 5442 τῆς
1661 5370 1928 5447 ἁμαρτίας
1957 5391 2057 5446 γυ-

392 5460 521 5532 μνοὶ
555 5459 715 5533 ἦσαν,
747 5460 838 5516 καὶ
872 5461 970 5517 οὐκ
1022 5460 1356 5538 ᾐσχύνοντο,
1413 5459 1574 5532 ἡνίκα
1616 5457 1673 5515 δὲ
1702 5456 1793 5515 διὰ
1820 5466 1920 5530 τῆς
1946 5479 2053 5513 πα-

390 5558 610 5626 ρακοῆς
654 5552 723 5609 τὰ
779 5555 923 5625 πάθη
980 5551 1033 5610 ἐν
1092 5553 1278 5618 αὐτοῖς
1326 5552 1675 5626 ἐκινήθησαν,
1708 5551 2051 5628 ἀσχημονεῖν

453 5734 505 5772 ³⁸
537 5733 716 5792 Hebr.
749 5753 854 5807 xu,
888 5739 941 5797 2.
1022 5737 1068 5774 ⁵⁰
1100 5736 1324 5795 Coloss.
1357 5754 1437 5811 ιιι,
1466 5740 1518 5796 9.
1552 5740 1555 5743 λ
1597 5736 1642 5775 ⁴ί
1678 5737 1823 5793 Gen.
1856 5751 1916 5792 II.
1948 5737 2039 5791 25.

2182 3216 2449 3289 dignum.
2482 3219 2564 3273 Ac
2595 3218 2771 3290 plane
2804 3218 3097 3290 ejusmodi
3125 3224 3235 3288 est,
3267 3224 3335 3274 ut
3364 3219 3665 3275 anteriora
3697 3237 3829 3293 gra-

2177 3306 2353 3362 vitate
2386 3307 2649 3362 excedat.
2683 3309 2899 3363 Verum
2921 3308 3136 3363 Christi
3154 3309 3343 3381 gratia
3371 3309 3514 3381 pati,
3539 3308 3829 3381 quidquid

2179 3396 2384 3468 probri
2423 3402 2481 3452 et
2507 3396 2816 3453 dedecoris
2843 3396 3064 3453 habere
3098 3397 3390 3465 videatur,
3438 3399 3549 3455 hoc
3580 3416 3828 3470 prorsus

2178 3492 2453 3542 ornatum
2471 3503 2712 3542 omnem
2736 3486 3067 3543 honestatis
3089 3486 3301 3543 decore
3324 3493 3383 3543 et
3410 3488 3678 3544 castitate
3702 3490 3832 3545 vin-

2176 3576 2274 3631 cit.
2307 3576 2501 3645 Jubet,
2534 3576 2751 3648 inquit,
2784 3594 3005 3648 praeses
3035 3593 3165 3632 eam
3198 3577 3422 3633 nudam
3455 3594 3560 3650 per
3590 3595 3831 3637 omnem

2174 3665 2451 3721 viciniam
2480 3666 2872 3739 ignominiose
2906 3666 3157 3733 traduci,
3190 3673 3249 3723 et
3270 3667 3468 3741 ﬂagris
3499 3668 3829 3724 intoleran-

2174 3753 2263 3810 dis
2296 3754 2461 3810 caadi.
2496 3754 2669 3810 Scitis
2698 3755 2964 3821 omnino,
3004 3756 3368 3825 charissimi,
3418 3763 3707 3829 quantum
3758 3773 3828 3814 ea

2173 3861 2270 3899 res
2298 3843 2625 3916 virginibus
2646 3844 2935 3915 pudorem
2958 3862 3024 3901 ac
3045 3846 3466 3903 verecundiam
3488 3848 3725 3915 inferat,
3750 3848 3825 3903 il-

2171 3932 2366 4004 lisque
2400 3933 2655 3988 maxime
2687 3950 2820 4004 quas
2843 3940 3108 3989 sanctam
3132 3936 3287 3990 hanc
3308 3936 3569 4007 puellam
3592 3937 3828 3992 imitan-

2173 4027 2288 4088 tur,
2344 4022 2517 4095 cujus
2567 4038 2642 4077 ne
2693 4023 2780 4078 sol
2830 4024 3074 4095 quidem
3134 4025 3218 4094 (ut
3265 4025 3349 4080 ita
3398 4024 3630 4096 loquar)
3680 4026 3825 4081 satis

2171 4117 2413 4184 aspectu
2444 4111 2556 4167 frui
2588 4113 2902 4185 potuisset.
2936 4115 3051 4169 Nec
3082 4131 3219 4170 vero
3258 4114 3425 4170 illam
3455 4131 3643 4170 unum
3677 4114 3827 4170 dun-

2171 4207 2351 4272 taxat,
2386 4208 2489 4258 aut
2525 4202 2780 4257 alterum
2830 4204 3156 4275 compitum
3189 4205 3241 4259 ei
3271 4204 3531 4277 plateam
3580 4204 3821 4261 funesto

2172 4292 2509 4365 spectaculo
2523 4292 2775 4349 circuire
2798 4293 3045 4366 cogebat
3070 4312 3083 4363 ;
3109 4294 3213 4350 sed
3236 4300 3294 4349 et
3315 4294 3538 4367 Oppida
3562 4300 3620 4350 et
3639 4295 3822 4364 vicos,

2168 4384 2491 4456 urbesque,
2537 4390 2594 4439 et
2643 4384 2793 4440 alios
2832 4390 3010 4456 atque
3054 4385 3202 4441 alios
3246 4386 3519 4458 populos.
3572 4387 3823 4443 Omnem

2173 4475 2355 4541 enim,
2376 4474 2592 4545 inquit,
2614 4473 2890 4530 viciniam
2914 4474 3102 4531 illam.
3132 4476 3304 4531 Omni
3325 4492 3527 4531 revera
3543 4475 3821 4532 incendio

2092 4550 2135 4615 D
2168 4570 2226 4621 et
2255 4564 2566 4619 verberum
2599 4564 2889 4634 cruciatu,
2922 4566 3172 4621 tentatio
3191 4566 3319 4622 haec
3348 4566 3699 4622 verecundis
3720 4584 3817 4623 ca-

2165 4654 2392 4725 stisque
2423 4653 2640 4725 puellis
2667 4652 2898 4727 gravior
2928 4653 3002 4709 ad
3047 4655 3256 4711 durior
3303 4661 3410 4711 est.
3442 4656 3660 4712 Verum
3706 4655 3820 4711 hoc

2167 4760 2406 4816 quoque
2420 4743 2703 4815 probrum
2726 4743 3249 4816 pertulit,propter
3269 4746 3683 4802 vehementem
3707 4762 3823 4816 quo

2165 4832 2413 4889 ardebat
2443 4848 2579 4905 erga
2604 4831 2902 4887 Christum
2952 4849 3239 4901 amorem,
3275 4835 3377 4907 qui
3410 4834 3602 4891 nostri
3642 4850 3825 4890 causa

2166 4923 2453 4979 sustinuit
2481 4939 2739 4991 crucem,
2773 4923 3123 4981 confusione
3166 4930 3511 4997 contempta
3556 4924 3625 4981 3’.
3674 4927 3821 4980 Cum

2165 5012 2325 5067 enim
2357 5012 2515 5085 virgo
2544 5017 2802 5068 veterem
2833 5012 3139 5069 hominem
3180 5031 3315 5070 cum
3346 5014 3660 5070 affectibus
3695 5013 3818 5069 suis

2166 5105 2261 5175 (ex
2290 5101 2508 5173 quibus
2541 5106 2632 5156 est
2661 5100 2762 5156 ille
2793 5103 3045 5158 vestium
3078 5104 3292 5176 pudor)
3340 5103 3570 5176 pridem
3622 5102 3818 5159 exuis-

2164 5196 2255 5248 set
2283 5190 2330 5224 ⁴⁰
2356 5207 2369 5245 :
2402 5189 2622 5246 idcirco
2654 5190 2804 5245 nihil
2835 5208 2964 5247 rem
2996 5193 3108 5248 sibi
3133 5193 3478 5249 indecoram
3508 5192 3814 5249 censebat.

2166 5280 2277 5337 Sed
2310 5280 2464 5335 sicut
2490 5280 2669 5351 primi
2699 5287 2978 5352 parentes
3008 5281 3069 5337 in
3102 5283 3378 5354 paradiso
3410 5288 3548 5339 ante
3590 5281 3820 5355 peccati

2164 5371 2511 5427 affectiones
2541 5370 2686 5425 nudi
2720 5377 2909 5435 erant,
2946 5388 3055 5428 nec
3088 5372 3528 5429 erubuscebant
3576 5373 3646 5444 η,
3696 5371 3819 5428 illis

2163 5467 2363 5517 autem
2395 5476 2501 5531 per
2526 5459 3002 5517 inobedientiam
3035 5461 3097 5517 in
3125 5478 3187 5519 se
3218 5462 3448 5530 excitis,
3501 5463 3614 5518 hoc
3647 5466 3820 5534 turpe

2167 5550 2482 5617 duxerunt,
2516 5548 2633 5605 nisi
2666 5550 2765 5605 ﬁci
2793 5549 2955 5607 foliis
2986 5551 3319 5610 nuditatem
3359 5568 3529 5610 suam
3559 5550 3822 5609 obtexis-
