4160 6422
428 436 538 494 803

1724 431 1784 483 Β.
1822 426 2127 483 ,ΙΟΑΝΝῙΒ
2160 426 2590 482 ΒΔΜΔΒΟΕΝΙ

3730 439 3831 499 804

428 567 563 619 sent
588 563 672 618 "z
701 561 785 617 sic
816 575 1053 633 quoque
1084 557 1243 630 virgo
1278 556 1428 623 haec,
1480 553 1555 611 ad
1603 554 1929 628 pristinum
1977 551 2077 624 qui

2201 543 2609 623 ὑπελάμϐανον,
2661 549 2710 605 εἱ
2743 550 2847 640 Δμὴ
2886 548 3075 629 φύλλα
3132 554 3301 623 συκῆς
3357 551 3551 624 ἑαυτὴν
3606 558 3700 629 τήν
3741 563 3836 640 γό-

430 648 967 722 transgressionem
998 652 1056 702 et
1086 650 1390 719 peccatum
1424 648 1835 716 praecesserat,
1867 646 2085 697 statum

431 740 705 796 restituta
732 738 882 795 905
920 753 1055 792 cum
1086 735 1335 807 reliquis
1366 734 1700 804 affectibus,
1724 731 1927 806 probri
1951 748 2088 787 sen-

433 847 564 886 sum
598 834 858 884 exuerat.
893 828 1111 883 Verum
1141 841 1216 880 ne
1251 825 1469 897 impuri
1499 824 1774 879 homines
1811 821 2087 879 sacratis-

433 918 651 976 simum
675 934 888 990 corpus
901 916 1018 972 alio
1033 921 1211 987 atque
1224 914 1342 970 alio
1358 914 1718 971 circumiens
1733 916 2087 971 contuentes

428 1009 681 1065 irridere
696 1008 1057 1073 viderentur,
1087 1006 1150 1060 in
1173 1005 1387 1061 coelum
1410 1004 1752 1071 intendens,
1780 1004 1864 1058 ait
1889 1020 1902 1057 :
1925 1024 1954 1053 «
1980 1003 2087 1057 Do-

429 1099 589 1155 mine
621 1098 797 1168 Deus,
831 1097 932 1168 qui
965 1095 1225 1151 nubibus
1257 1095 1471 1150 cwlum
1497 1095 1715 1167 operis,
1768 1109 1967 1148 meum
2000 1096 2091 1146 te-

428 1205 500 1263 ge
532 1204 751 1260 corpus
800 1186 887 1242 tui
929 1202 1109 1241 causa
1155 1185 1469 1247 nudatum.
1501 1201 1579 1239 ne
1626 1184 1841 1239 horum
1872 1180 2087 1253 impio-

433 1295 567 1334 rum
580 1276 920 1349 aspectibus
936 1280 1154 1348 pateat.
1178 1296 1206 1326 »
1235 1276 1368 1330 Haec
1390 1274 1495 1330 illa
1511 1273 1760 1344 dixerat,
1783 1272 2090 1342 missoque

430 1364 720 1422 Dominus
751 1364 987 1438 angelo,
1021 1364 1174 1419 stola
1204 1362 1459 1419 candida
1499 1379 1630 1419 eam
1679 1360 2087 1419 circumtexit:

432 1471 499 1512 ac
532 1454 886 1511 circumibat
917 1453 1097 1509 veluti
1134 1471 1353 1526 sponsa
1383 1459 1595 1509 ornata
1620 1458 1679 1508 et
1725 1452 2022 1517 decorata,
2058 1465 2090 1505 θ

431 1550 687 1617 paterna
716 1543 891 1599 domo
924 1543 997 1599 ad
1026 1542 1179 1599 bene
1210 1549 1483 1617 paratum
1516 1542 1847 1615 nuptialem
1894 1540 2089 1596 thala-

430 1651 598 1690 mum
623 1650 973 1706 properans.
1007 1633 1578 1689 Circumducebatur
1608 1633 1809 1703 itaque
1850 1631 2086 1702 stipata,

429 1730 488 1780 et
501 1740 635 1780 cum
652 1740 869 1798 pompa
880 1722 1505 1797 precedens.martyrii
1521 1723 1716 1779 cincta
1730 1721 2087 1790 diademate,

429 1818 487 1868 et
518 1813 819 1869 athleticis
848 1818 1093 1885 propter
1111 1811 1411 1867 Christum
1436 1811 1547 1866 sibi
1573 1810 1881 1882 impressis
1904 1809 2085 1878 notis,

430 1902 858 1973 sanguinisque
882 1917 1146 1974 purpura
1168 1902 1503 1969 honestata,
1536 1917 1604 1957 ac
1638 1915 1818 1972 supra
1845 1913 2088 1954 omnem

427 1991 745 2058 unionum,
780 1990 1254 2063 smaragdorum,
1279 1989 1765 2062 hyacinthorum,
1796 1989 2092 2061 pretioso-

2201 659 2405 713 μνωσιν
2464 637 2861 716 περιέστειλαν·
2922 640 3095 705 οὕτως
3150 644 3242 698 καὶ
3296 644 3332 713 ἡ
3391 645 3655 719 παρθένος
3685 637 3833 728 αὕτη,

2197 728 2273 792 είς
2327 728 2536 802 ἐκείνην
2589 728 2960 796 ἐπανελθοῦσα
3012 734 3113 803 τὴν
3172 733 3282 809 πρὸ
3336 740 3438 804 τῆς
3496 734 3835 809 παραϐάσεως

2198 818 2467 896 ἁμαρτίας
2523 822 2870 894 κατάστασιν,
2943 821 3044 892 τὴν
3125 821 3392 898 αἷσχύνην
3447 830 3569 889 τοῖς
3626 824 3837 897 λοιποῖς

2198 912 2692 989 συναπημιριάσατο
2749 911 2996 970 πάθεσιν.
3056 912 3219 970 Ἀλλ’
3269 914 3425 987 ὅμως
3504 912 3596 971 ἵνα
3670 921 3744 992 μή
3788 925 3836 979 οἱ

2200 998 2391 1077 μιαροί
2444 1001 2508 1057 τὸ
2566 999 2825 1077 πανίερον
2883 1002 3058 1073 αὐτῆς
3122 1002 3566 1081 ἀπερικάλυπτον
3623 1028 3837 1083 περιπο.

2198 1088 2356 1145 λεῦον
2390 1094 2549 1164 σῶμα
2579 1092 2873 1164 θεώμενοι,
2937 1091 3239 1169 καταγελᾷν
3299 1090 3546 1167 δόξωσιν,
3577 1092 3839 1158 ἀτενίσασα

2198 1175 2276 1241 εἴς
2331 1179 2424 1234 τὸν
2473 1179 2705 1255 οὐρανὸν
2770 1179 2945 1238 δῖπεν⁹
3014 1206 3041 1238 ι
3074 1181 3236 1258 Κύριε
3285 1183 3315 1239 6
3345 1183 3499 1253 Θεὸς,
3531 1184 3560 1239 6
3590 1181 3838 1262 περιϐάλ-

2199 1264 2314 1324 λων
2343 1265 2437 1323 τόν
2499 1268 2728 1347 οὐρανὸν
2786 1269 2840 1327 ἐν
2890 1270 3179 1347 πεφὲλαις,
3233 1270 3497 1328 σκὲπασόν
3543 1294 3648 1346 μου
3673 1275 3735 1331 τὸ
3762 1273 3841 1334 διὰ

2201 1357 2261 1412 σε
2313 1360 2735 1434 γεγυμνωμένον
2792 1364 2976 1435 σῶμα,
3035 1360 3129 1417 ’ίνα
3205 1367 3285 1435 μὴ
3343 1360 3534 1438 δρᾶται
3595 1363 3697 1419 ὑπὸ
3743 1371 3838 1422 τῶν

2198 1442 2408 1505 ἀσεϐῶν
2467 1448 2703 1508 τούτων.
2753 1451 2857 1509 Καὶ
2909 1456 3075 1508 ταῦτα
3129 1449 3392 1523 εἷπούσης
3467 1452 3657 1525 αὐτῆς,
3719 1454 3839 1513 ἀπο-

2200 1535 2476 1603 στείλαςὸ
2511 1538 2709 1616 Κύριος
2763 1538 3022 1617 ἄγγελον,
3082 1540 3258 1616 στολῇ
3318 1539 3492 1617 λευκῇ
3545 1541 3709 1614 αύτήν
3755 1565 3842 1600 πε-

2200 1627 2552 1704 ριεκάλυψεν·
2611 1630 2703 1686 καὶ
2759 1631 2971 1705 περιείη
3033 1634 3273 1707 καθάπερ
3331 1631 3524 1711 νύμφη
3583 1653 3843 1708 κεκοσμη-

2204 1714 2339 1790 μένη
2371 1718 2465 1773 καὶ
2494 1716 3024 1795 κεκαλλωπισμένη,
3083 1720 3144 1778 ἐκ
3197 1725 3298 1777 τοῦ
3353 1725 3625 1797 πατρικοῦ
3684 1718 3842 1796 δόμου

2203 1804 2291 1862 ἐπὶ
2348 1807 2447 1877 τὴν
2535 1807 2959 1885 εύτρεπισμὲνην
3045 1814 3323 1890 νυμφικήν
3380 1807 3651 1883 παστάδα,
3700 1832 3838 1889 περι-

2201 1897 2445 1971 αγομὲνη
2474 1918 2537 1953 τε
2562 1898 2655 1954 καὶ
2706 1896 3159 1979 δορυφορουμὲνη
3216 1901 3306 1957 καὶ
3364 1901 3747 1974 πομπεύουσα,
3773 1906 3843 1976 τῷ

2204 1992 2522 2061 μαρτυρικῷ
2607 1989 3015 2064 κατεστεμμίνη
3097 2010 3160 2047 τε
3217 1987 3545 2064 διαδήματι,
3596 1990 3687 2045 καὶ
3739 1997 3842 2055 τοῖς

425 2097 679 2152 rumque
702 2079 1069 2153 lapillorum,
1098 2085 1158 2136 et
1176 2096 1495 2136 aureorum
1520 2079 1820 2151 torquium
1845 2077 2084 2133 clarita-

2201 2074 2334 2150 ὑπὲρ
2365 2080 2612 2152 Χριστοῦ
2642 2076 2973 2150 ἀθλητικοῖς
3016 2080 3303 2154 στίγμασι,
3338 2079 3428 2135 καὶ
3458 2082 3537 2153 τῇ
3564 2083 3662 2136 τοῦ
3689 2078 3843 2153 αἳμα-

428 2174 550 2225 tem
580 2168 960 2242 praefulgens.
993 2169 1038 2225 Ο
1060 2169 1418 2225 miraculum
1445 2169 1458 2224 l
1482 2168 1825 2227 Libidinosi.
1856 2167 2085 2239 spurci-

2201 2184 2286 2226 τος
2342 2165 2640 2245 πορφυρίδι
2695 2168 3096 2243 σεμνυνομένη,
3151 2169 3241 2226 καὶ
3301 2167 3680 2245 διαπρέπουσα
3726 2170 3843 2246 ὑπὲρ

427 2276 563 2331 que,
600 2264 656 2314 et
686 2258 1089 2330 impudentes,
1123 2276 1191 2315 ac
1212 2258 1619 2331 procacissimi
1642 2258 1935 2323 homines,
1960 2261 2086 2311 toto

2201 2260 2369 2309 πᾶσαν
2433 2262 2809 2333 μαργαριτῶν,
2869 2257 3197 2335 σμαράγδων
3279 2279 3339 2317 τε
3417 2258 3519 2317 καὶ
3586 2259 3844 2333 ὑακίνθων,

431 2365 680 2422 corpore
706 2348 964 2404 nudatas
994 2354 1288 2421 martyres
1319 2348 1716 2421 exponebant,
1746 2352 1813 2402 ut
1863 2362 1983 2415 eas,
2018 2349 2089 2400 ut

2201 2343 2283 2399 καὶ
2322 2342 2647 2419 πολυτίμων
2705 2347 2901 2420 λίθων,
2954 2353 3176 2425 χρυσῶν
3230 2370 3292 2407 τε
3346 2345 3837 2424 ἀποπεπλεγμὲνων

431 2437 875 2503 existimabant,
907 2437 1070 2493 velut
1091 2438 1394 2510 triumpho
1418 2437 1837 2502 traducerent;
1864 2441 1931 2491 ut
1948 2449 2087 2489 vero

2201 2434 2492 2512 ιρανότητα.
2528 2438 2594 2491 Ὠ
2623 2441 2724 2493 τοῦ
2780 2438 3098 2513 θαύματοςί
3159 2440 3215 2495 οἱ
3268 2438 3564 2513 ἐμπαθεῖς,
3608 2437 3694 2494 καὶ
3721 2453 3837 2514 φιλ-

433 2528 615 2584 etiam
646 2528 983 2600 impudicos
1013 2527 1218 2583 oculos
1237 2527 1556 2584 libidinose
1581 2543 1690 2583 ceu
1721 2526 1883 2582 lauto
1907 2525 2083 2597 epulo

2201 2520 2409 2595 ήδονοι,
2442 2524 2679 2592 ἀναιδεῖς
2706 2548 2765 2582 τε
2792 2529 2884 2583 καὶ
2926 2526 3049 2584 λίαν
3098 2528 3483 2604 ἀναίσχυντοι,
3518 2528 3837 2604 ὁλογύμνους

430 2622 765 2689 pascerent:
781 2621 841 2673 at
860 2616 1127 2672 Christus
1143 2617 1345 2690 gratiae
1366 2618 1588 2673 amictu
1610 2622 1796 2672 totam
1822 2615 2084 2687 pugilem

2201 2613 2289 2674 τὰς
2336 2611 2427 2669 διὰ
2490 2618 2720 2691 Χριστὸν
2799 2616 3070 2681 ἁθλούσας
3150 2619 3506 2695 περι³ιστανον
3564 2620 3836 2694 μάρτυρας,

432 2723 601 2763 suam
616 2712 839 2779 tegens,
864 2705 1133 2770 lubricis,
1159 2707 1474 2775 salacibus,
1500 2707 1825 2775 sceleratis,
1850 2710 2086 2776 specta-

2201 2698 2281 2757 ίνα
2307 2702 2529 2776 ταύτας,
2560 2706 2639 2769 ὡς
2695 2703 2894 2781 ᾤοντο,
2957 2703 3425 2785 θριαμϐεύσωσιν,
3498 2705 3615 2781 ἅμα
3666 2705 3721 2764 δὲ
3760 2707 3837 2763 καὶ

432 2798 634 2854 culum
649 2798 863 2853 clausit
886 2803 1093 2870 ;atque
1109 2798 1415 2854 inventum
1439 2798 1586 2853 illud
1604 2799 1783 2854 inane
1804 2795 2082 2866 reddens,

2201 2795 2295 2864 τὴν
2348 2792 2649 2852 ἀκόλαστον
2711 2796 2889 2854 αὐτῶν
2943 2796 3131 2873 ὅρασιν
3191 2798 3454 2872 ἐμπαθῶς
3518 2797 3836 2855 ἑστιάσωσιν.

434 2888 876 2957 exspectatione
906 2887 1043 2943 illos
1073 2887 1399 2944 frustravit.

2201 2883 2259 2941 '0
2287 2880 2345 2939 δὲ
2374 2886 2610 2960 Χριστὸς
2637 2887 2867 2964 χάριτος
2893 2882 3172 2963 περιϐολῇ
3202 2888 3342 2959 ὃλην
3376 2886 3725 2963 περιστείλας
3750 2887 3837 2956 τὴν

428 2972 632 3030 οἰκείαν
688 2975 1010 3051 ἀθλήτριαν,
1067 2977 1170 3046 τὴν
1224 2970 1348 3032 θέαν
1400 2980 1519 3041 τοῖς
1572 2974 1855 3054 αἲσχροῖς,
1912 2971 2002 3029 καὶ
2060 2969 2337 3050 ἆσελγίισι,
2392 2974 2485 3030 καὶ
2546 2981 2814 3053 μυσαροῖς
2858 2974 3202 3054 διετείχισεν,
3244 2978 3336 3034 καὶ
3367 2976 3649 3054 ἄπρακτον
3679 2975 3836 3033 αὐτῶν

423 3064 527 3134 τὴν
559 3063 798 3121 ἐπίνοιαν
832 3062 1097 3141 δὲδειχεν,
1128 3065 1218 3121 καὶ
1247 3072 1349 3136 τῆς
1377 3063 1710 3139 προσδοκίας
1740 3061 2111 3142 παρέσφηλεν.

501 3176 589 3231 17.
624 3175 775 3230 Dum
806 3179 1005 3231 autem
1037 3191 1143 3247 per
1172 3180 1358 3232 totam
1386 3176 1553 3232 illam
1594 3176 1900 3251 regionem
1950 3187 2082 3229 eam
2114 3171 2158 3240 C

429 3262 967 3335 circumducerent,
983 3265 1043 3319 in
1060 3264 1360 3336 quoddam
1379 3267 1666 3339 Oppidum
1682 3266 1903 3337 tragica
1917 3281 2084 3337 pom-

426 3370 503 3426 pa
516 3352 770 3409 deducta
792 3359 900 3418 est,
923 3353 1025 3409 ubi
1049 3355 1229 3410 etiam
1249 3355 1565 3429 praesidem
1589 3360 1958 3429 repererunt.
1976 3352 2084 3420 Qui

431 3442 650 3501 dubius
682 3443 824 3516 quid
856 3460 1094 3499 rursum
1127 3444 1351 3501 faceret
1380 3447 1536 3517 (cum
1577 3445 1868 3518 quidquid
1894 3444 2087 3499 fuerat

430 3532 830 3599 machinatus,
864 3534 1237 3590 frustaneum
1264 3541 1322 3591 et
1352 3535 1564 3591 inutile
1582 3534 1882 3591 redditum
1909 3540 2086 3602 esset,

428 3638 497 3678 ac
528 3628 737 3679 contra
768 3640 935 3695 spem
968 3624 1285 3688 evenisset)
1318 3625 1437 3681 lata
1469 3626 1767 3682 sententia
1792 3623 1992 3692 edicit,
2025 3628 2091 3679 ut

428 3711 747 3785 multiplici
777 3713 1102 3769 certamine
1134 3714 1361 3787 inclyta
1391 3720 1617 3788 martyr
1647 3713 1890 3788 capitali
1913 3730 2090 3787 parua

427 3801 606 3858 vitam
640 3802 831 3858 finiat.
863 3804 1009 3858 Tum
1040 3810 1212 3876 pater
1241 3805 1468 3878 ingenti
1500 3805 1701 3861 furore
1735 3811 1793 3862 et
1823 3805 2091 3861 satanica

428 3890 812 3948 aemulatione
826 3891 1061 3966 plenus,
1082 3893 1375 3967 illumque
1388 3894 1460 3949 ab
1483 3894 1653 3950 initio
1671 3894 2030 3949 homicidam
2044 3892 2090 3928 ‘3

426 3980 728 4037 diabolum
744 3982 927 4038 animi
942 3988 1113 4038 utero
1126 3984 2089 4057 gestans,utsimuiacris(quorum

428 4070 702 4127 addictus
735 4071 1026 4146 obsequio
1061 4077 1210 4143 erat)
1236 4080 1296 4129 et
1327 4074 1872 4131 abominationibus
1902 4075 2085 4148 perfe-

427 4164 588 4215 ctum
603 4160 828 4216 cultum
843 4161 1127 4217 adhibere
1140 4162 1441 4218 videretur
1462 4165 1731 4237 quinimo
1746 4164 2090 4220 amantibus

425 4265 533 4321 per
550 4266 618 4306 ea
645 4249 1033 4322 nequissimis
1052 4251 1360 4323 spiritibus
1378 4271 1443 4309 ac
1465 4253 1857 4319 daemonibus,
1883 4255 2087 4310 stricto

427 4342 848 4417 gladio,manu
865 4344 993 4416 ipse
1017 4361 1144 4410 sua,
1161 4347 1340 4402 caedis
1355 4348 1482 4420 ipse
1501 4354 1707 4404 auctor
1729 4366 1858 4404 esse
1877 4365 2086 4421 percu-

431 4432 623 4505 piens,
647 4433 710 4489 in
736 4440 1003 4489 montem
1028 4450 1158 4492 eam
1180 4437 1353 4510 rapit.
1380 4437 1635 4494 Pulchra
1656 4456 1789 4494 vero
1813 4439 2090 4495 columba

433 4526 610 4594 atque
625 4523 908 4595 perfecta,
925 4541 1133 4582 necem
1156 4544 1291 4582 cum
1314 4528 1528 4601 gaudio
1543 4529 1758 4583 Christi
1772 4545 1950 4584 causa
1964 4546 2087 4583 sus-
2120 4549 2165 4615 Ι)

432 4611 682 4685 cipiens,
708 4612 783 4669 ad
812 4631 1018 4686 preces
1057 4617 1680 4691 supplicationemque
1703 4619 2085 4675 convertitur.

430 4701 778 4758 Festinabat
799 4704 959 4760 enim
990 4705 1066 4761 ad
1086 4705 1355 4764 bravium
1381 4725 1653 4781 supernae
1677 4708 2002 4765 vocationis
2024 4709 2087 4780 “,

436 4795 497 4848 et
520 4790 593 4846 ad
627 4790 945 4849 sublimem
996 4796 1057 4849 in
1089 4796 1302 4852 coelum
1355 4814 1671 4854 ascensum
1714 4798 2088 4871 properabat.

432 4881 612 4953 Atqui
644 4881 797 4938 nihil
826 4889 1003 4953 vetat,
1037 4886 1182 4958 quin
1216 4887 1345 4959 ipsa
1374 4904 1619 4960 precum
1669 4888 1849 4945 verba
1886 4888 2091 4945 audia-

431 4986 591 5039 mus,
624 4987 698 5028 ex.
728 4972 944 5045 quibus
968 4977 1343 5033 sanctitatem
1373 4976 1602 5034 auditui
1632 4978 2089 5036 condiscamus:

437 5081 468 5111 ι(
497 5063 758 5132 Αέιθιιιιιι,
789 5063 960 5120 nulla
1000 5065 1313 5122 hominum
1362 5085 1543 5125 manu
1576 5075 1734 5125 texta
1763 5076 2093 5144 martyrum

436 5167 678 5223 corona,
698 5152 947 5209 Domine
969 5155 1105 5211 Jesu
1126 5155 1376 5223 Christe,
1397 5158 1497 5229 qui
1520 5159 1735 5214 cmlum
1751 5160 2091 5229 extendisti,

433 5256 501 5298 ac
532 5247 756 5298 terram
787 5242 1054 5301 fundasti
1087 5244 1172 5314 ‘5;
1207 5247 1309 5318 qui
1344 5247 1690 5305 conclusisti
1741 5249 1989 5323 abyssos
2038 5254 2096 5306 et

433 5348 599 5388 mare
613 5332 795 5389 veluti
821 5351 993 5389 muro
1015 5334 1362 5407 obsepivisti
1385 5336 1433 5371 ⁴⁶
1455 5354 1470 5406 ;
1496 5354 1627 5410 quae
1651 5341 2007 5413 praecepisti,
2030 5345 2099 5396 ut

432 5420 627 5478 nubes
652 5422 950 5480 imbribus
980 5424 1109 5481 feta
1139 5426 1418 5498 pluerent
1448 5445 1626 5501 super
1652 5428 1843 5485 bonos
1889 5436 1947 5485 et
1970 5446 2094 5486 ma-

431 5506 522 5566 los
549 5512 594 5549 ⁸⁷
618 5530 633 5569 ;
657 5514 759 5570 σιιί
794 5531 976 5588 super
1007 5532 1171 5573 mare
1204 5517 1384 5573 veluti
1417 5534 1597 5591 super
1626 5520 1821 5577 solum
1844 5520 2094 5578 minime

2270 3173 2354 3243 ιζ’.
2416 3172 2847 3252 Περιαγαγόντες
2904 3171 2965 3231 δὶ
3020 3174 3189 3246 αὐτὴν
3246 3180 3421 3232 πᾶσαν
3487 3174 3698 3249 ὲκείνην
3748 3176 3838 3246 τήν

2195 3262 2534 3339 περίχωρον,
2589 3262 2796 3340 ἤγαγον
2851 3264 2939 3321 ἐπὶ
2994 3285 3116 3323 τινα
3171 3266 3390 3340 κώμην,
3448 3264 3584 3333 ἔνθα
3638 3266 3834 3323 καὶτὲν

2195 3353 2437 3426 ἡγεμόνα
2465 3350 2790 3414 κατέλαϐον.
2844 3356 3159 3431 Ἀπορήσας
3212 3356 3309 3411 οῦν
3365 3355 3397 3412 6
3452 3358 3685 3432 ἡγεμὼν
3706 3355 3768 3411 τὸ
3790 3353 3838 3410 τί

2193 3441 2363 3498 πάλιν
2388 3444 2692 3515 ποιήσειεν·
2723 3449 2867 3500 πᾶσα
2921 3446 3025 3523 γὰρ
3083 3446 3252 3502 αὐτοῦ
3308 3448 3343 3516 ἡ
3404 3444 3626 3502 ἰπίνοια
3659 3447 3840 3516 ἀνήνυο

2194 3554 2289 3598 τος
2313 3532 2404 3588 καὶ
2462 3533 2727 3605 ἀνόνητος
2779 3532 3151 3605 ἀπεδείκνυτο,
3210 3536 3303 3591 καὶ
3347 3540 3460 3592 τῶν
3503 3534 3741 3593 ἐλπίδων
3770 3534 3841 3605 ἐξ·

2197 3624 2440 3679 ἐπιπτεν⁶
2495 3622 2763 3704 ἀπόφασιν
2825 3627 2961 3681 κατὰ
3036 3631 3140 3696 τῆς
3186 3626 3522 3690 πολυάθλου
3583 3627 3840 3703 μάρτυρος

2200 3713 2542 3790 ἐξενήνοχεν,
2599 3721 2907 3792 κεφαΛικῆς
2955 3716 3234 3793 τιμωρίας
3287 3717 3588 3789 ὑπομεῖναι
3619 3713 3844 3790 περαίω-

2200 3824 2307 3862 σιν.
2338 3804 2472 3859 Τότε
2500 3804 2529 3859 6
2557 3803 2761 3876 ταύτης
2817 3806 2997 3880 πατὴρ
3057 3806 3234 3879 θυμοῦ
3301 3803 3524 3861 πολλοῦ
3572 3801 3845 3876 πλησθεὶς,

2198 3893 2289 3949 καὶ
2324 3895 2497 3965 ζήλου
2533 3897 2843 3966 σατανικοῦ,
2874 3895 2967 3950 καὶ
3015 3895 3179 3951 αὐτὸν
3230 3893 3612 3972 ἐγκυμονήσας
3642 3894 3733 3950 τὸν
3761 3891 3840 3947 ἀπ’

2198 3982 2382 4060 ἀρχῆς
2438 3983 2893 4061 ἄνθρωποκτόνον
2950 3979 3234 4054 διάϐολον,
3307 3982 3404 4040 ’ίνα
3458 3983 3678 4041 τελείαν
3735 3979 3850 4055 δόξῃ

2200 4072 2454 4148 λατρείαν
2503 4073 2861 4151 προσενέγκαι
2916 4078 3038 4136 τοῖς
3099 4074 3190 4129 ὑπ’
3262 4074 3433 4129 αὐτοῦ
3490 4072 3850 4149 θεραπευομέ-

2196 4183 2314 4226 νοις
2364 4160 2623 4225 εἴδώλοις
2675 4162 2767 4217 καὶ
2830 4160 3219 4239 βδελύγμασιν,
3286 4162 3502 4238 μᾶλλον
3555 4160 3616 4220 δὶ
3644 4166 3757 4223 τοῖς
3785 4157 3848 4215 δι’

2198 4252 2419 4309 ἰκείνων
2477 4251 2753 4330 ἐνεργοῦσι
2824 4260 2926 4323 τῆς
3001 4253 3274 4327 πονηρίας
3331 4252 3606 4326 πνεύμασί
3658 4272 3717 4307 τε
3766 4248 3847 4304 καὶ

2200 4341 2443 4415 δαίμοσι,
2504 4341 2658 4421 ξίφος
2714 4341 3078 4415 σπασάμενος,
3140 4338 3396 4399 ἀνέλάϐεν
3455 4343 3631 4412 αὐτὴν
3686 4339 3770 4395 ἐπὶ
3792 4337 3848 4393 τὸ

2198 4429 2346 4509 ὅρος,
2379 4430 2638 4508 αὐτόχειρ
2694 4431 2787 4487 καὶ
2846 4431 3149 4507 αὐτουργὸς
3201 4438 3302 4503 τῆς
3355 4432 3680 4511 μιαιφονίας
3709 4428 3853 4505 γενέ-

2198 4534 2318 4588 σθαι
2351 4521 2631 4596 ἐπιθυμῶν
2689 4521 2781 4577 καὶ
2840 4520 3145 4597 ἐφιέμενος.
3203 4527 3532 4597 ΙΙεριχαρῶς
3562 4519 3621 4577 δὲ
3650 4523 3686 4590 ἡ
3718 4516 3851 4584 καλὴ

2197 4610 2288 4668 καὶ
2345 4609 2531 4667 τελεία
2587 4611 2881 4687 περιστερά
2935 4612 3041 4680 τὴν
3097 4611 3229 4686 ὑπὲρ
3290 4612 3531 4687 Χριστοῦ
3585 4606 3852 4686 δεχομένη

2201 4702 2438 4781 σφαγὴν,
2473 4700 2551 4766 εἷς
2578 4702 2900 4777 προσευχὴν
2929 4699 3020 4755 καὶ
3069 4700 3273 4756 ἱκεσίαν
3316 4699 3594 4776 ἐτρέπετο.
3629 4705 3857 4755 "Euxen-

2204 4790 2291 4849 δεν
2323 4791 2427 4868 γὰρ
2460 4790 2547 4846 ἐπὶ
2577 4792 2640 4846 τὸ
2675 4785 2931 4867 βραϐεῖον
2989 4798 3091 4860 τῆς
3149 4790 3264 4846 ἅνω
3291 4789 3571 4862 κλήσεως,
3603 4789 3697 4847 καὶ
3730 4785 3856 4862 πρὸς

2200 4883 2302 4952 τὴν
2362 4880 2441 4946 εἷς
2496 4881 2723 4958 ούρανόν
2783 4879 3038 4957 ἠπείγετο
3102 4880 3390 4954 μεταρσίαν
3442 4876 3726 4935 ἀνάϐασιν.
3758 4873 3858 4934 Οὖ-

2204 4972 2291 5029 δὶν
2324 4970 2382 5028 δὶ
2410 4970 2616 5028 κωλύει
2669 4969 2847 5026 αὐτῶν
2899 4977 3004 5039 τῆς
3063 4971 3239 5047 εὐχῆς
3293 4976 3402 5026 τῶν
3459 4969 3731 5043 ῥημάτων
3771 4964 3856 5021 ἐπ·

2203 5066 2429 5120 ακοῦσαι
2458 5068 2560 5131 τῆς
2592 5061 2890 5136 μάρτυρος,
2919 5060 3011 5116 ἳνα
3041 5057 3111 5116 δι’
3142 5061 3325 5117 αὐτῶν
3365 5061 3465 5131 τήν
3493 5059 3673 5128 ἀκοὴν
3703 5056 3856 5132 ἁγιά-

2206 5174 2409 5228 σωμεν.
2449 5172 2477 5207 α
2506 5153 2772 5226 Ἀναρχε,
2831 5148 3227 5226 ἆχειροποίητε
3288 5148 3583 5226 μαρτύρων
3618 5146 3857 5222 στέφανε,

2206 5242 2372 5320 Κύριε
2426 5244 2605 5314 Ἰησοῦ
2656 5240 2876 5315 Χριστὶ,
2936 5241 2966 5295 6
3020 5239 3113 5294 τὸν
3170 5238 3397 5314 οὐρανὸν
3459 5237 3723 5307 ἐκτείνας,
3773 5232 3855 5291 καὶ

2203 5335 2304 5403 τήν
2361 5338 2466 5408 γῆν
2524 5329 2887 5404 θεμελιώσας·
2947 5330 2975 5385 6
3026 5329 3125 5391 τὰς
3182 5324 3456 5392 ἀϐύσσους
3512 5326 3855 5404 συγκλεῖσας,

2204 5420 2297 5478 καὶ
2343 5422 2443 5491 τήν
2493 5420 2764 5475 θάλασσαν
2816 5418 3085 5494 τειχίσας·
3118 5419 3147 5473 ὁ
3180 5419 3488 5495 προστάξας
3517 5420 3618 5480 τὰς
3660 5410 3857 5489 ὀμϐρο-

2212 5514 2401 5574 τόκους
2430 5505 2657 5589 νεφέλας
2691 5509 2912 5586 βρέχειν
2971 5508 3064 5564 ἐπὶ
3120 5509 3400 5586 πονηροὺς
3426 5506 3518 5565 καὶ
3551 5503 3803 5585 ἀγαθούς
3832 5499 3857 5556 6

503 5704 742 5790 ‘ifiennz
770 5713 939 5790 ψη..
1016 5712 1063 5748 ⁴³
1084 5714 1254 5790 ξοαη.
1287 5729 1406 5783 vm,
1438 5716 1528 5771 44.
1605 5715 1651 5751 ⁴⁸
1680 5716 1939 5790 Philipp.
1976 5735 2060 5788 ιιι,

2260 5717 2307 5752 ⁸⁵
2338 5712 2493 5771 Psal.
2526 5727 2643 5782 cm,
2675 5711 2728 5780 2,
2780 5713 2833 5765 5.
2911 5710 2955 5745 “
3003 5711 3167 5766 Prov.
3223 5718 3346 5779 vin,
3398 5710 3605 5777 27-29;
3652 5708 3855 5764 Jerem.

443 5789 498 5844 ν,
530 5779 624 5835 22.
699 5779 742 5814 ⁴¹¹
769 5781 972 5851 Matth,
997 5799 1051 5851 ν,
1080 5786 1173 5853 45,
