4160 6408
425 392 539 448 805

427 515 521 572 ἐπὶ
581 513 860 586 θαλάσσης
919 513 1293 590 περιπατήσας
1353 512 1428 576 ὡς
1486 513 1570 570 ἐπ’
1655 513 1910 596 ἐδάφους,

423 605 562 668 τοὺς
594 601 768 666 πόδας
807 604 880 678 μή
919 603 1132 678 βρέξας·
1167 603 1194 657 ὁ
1255 601 1588 676 ἐπιτιμήσας
1648 610 1726 676 τῷ
1759 605 1944 678 ἀνέμῳ
2000 605 2088 660 καὶ

423 700 500 772 τῇ
533 692 796 767 θαλάσσῃ,
847 693 935 748 καὶ
969 693 1047 755 εἷς
1078 691 1327 770 γαλήνην
1388 689 1732 768 μεταϐαλών·
1763 696 1938 750 πάντα
1991 695 2092 768 γάρ

429 784 718 854 ὑπακούει,
753 781 922 858 Κύριέ
957 804 1062 856 μου
1095 783 1280 854 Ἰησοῦ
1329 785 1551 860 Χριστέ,
1583 789 1662 858 τῷ
1719 789 1800 858 σῷ
1854 785 2096 860 προστά-

425 897 624 952 γματι,
685 872 769 928 δτι
858 873 1150 945 ποιήματά
1235 871 1332 928 σού
1387 873 1551 928 ἐστιν’
1615 873 1909 950 Παράσχου
1975 893 2093 946 μοι,

427 963 756 1040 Κύριε,τήν
811 963 1026 1033 αἶ’τησιν
1087 961 1309 1036 ταύτην,
1343 961 1430 1017 καὶ
1493 960 1583 1026 δὸς
1641 967 1710 1038 τῇ
1771 961 1942 1038 δούλῃ
2001 983 2096 1016 σου

433 1056 624 1130 χάριν,
654 1053 745 1107 ’ἱνα
768 1051 917 1114 ὅστις
949 1051 1268 1125 μνημονεῦῃ
1325 1073 1430 1126 μου
1485 1050 1536 1106 έν
1594 1057 1673 1124 τῷ
1713 1051 1946 1125 ὀνόματί
2001 1073 2096 1106 σου

433 1147 518 1216 τῷ
578 1142 731 1218 άγέῳ,
793 1141 883 1196 καὶ
933 1144 1067 1214 ποιῇ
1116 1141 1216 1210 τήν
1283 1143 1509 1214 μνήμην
1561 1145 1670 1196 τῶν
1716 1143 1942 1216 ἡμερῶν
1995 1143 2096 1205 τῆς

441 1230 741 1308 μαρτυρίας
775 1251 902 1304 μου,
935 1230 1125 1304 Κύριε,
1197 1231 1274 1303 μὴ
1339 1232 1586 1304 μνησθῇς
1641 1233 1752 1284 τῶν
1812 1230 2094 1304 ἁμαρτιῶν

435 1321 614 1377 αὐτῶν
645 1320 700 1376 ἐν
746 1319 930 1394 ἡμέρα
959 1319 1211 1396 κρίσεως,
1272 1319 1401 1375 ἀλλ’
1449 1317 1620 1382 Ἱλεως
1669 1323 1829 1395 γενοῦ
1886 1319 2095 1380 αὐτοῖς.

428 1411 731 1475 Γινώσκεις
779 1409 906 1486 γὰρ,
969 1408 1155 1482 Κύριε,
1235 1409 1316 1462 ὅτι
1377 1408 1502 1485 σάρξ
1560 1407 1650 1462 καὶ
1717 1409 1856 1482 αἷμά
1913 1407 2096 1480 ἐσμεν,

429 1503 664 1578 ποίημα
691 1503 802 1555 τῶν
830 1498 1119 1574 ἀχράντων
1155 1499 1360 1574 χειρῶν
1413 1517 1530 1554 σου.
1584 1521 1611 1550 ››
1643 1499 1744 1554 Καὶ
1779 1499 2098 1572 ἀναπεμψά-

435 1611 540 1662 σης
585 1591 760 1660 αὐτῆς
813 1590 900 1656 τὸ,
961 1589 1166 1662 Ἀμὴν,
1215 1588 1386 1643 πάλιν
1413 1587 1782 1662 προσηύξατο,
1843 1587 2097 1664 λέγουσα·

445 1703 474 1734 ‹‹
506 1679 673 1756 Κύριε
703 1680 729 1734 δ
756 1678 887 1741 Θεὸς
917 1675 1219 1750 δυνάμεων,
1253 1677 1282 1731 ὁ
1312 1678 1492 1748 πάσης
1542 1685 1719 1748 πνοῆς
1764 1676 1854 1732 καὶ
1902 1677 2100 1751 σαρκὸς

445 1767 807 1846 δημιουργὸς,
869 1767 896 1822 ὁ
945 1767 1242 1840 ἱασάμενος
1299 1773 1472 1822 πᾶσαν
1532 1767 1714 1835 νόσον,
1774 1766 1862 1821 καὶ
1927 1769 2100 1821 πᾶσαν

449 1861 744 1936 μαλακίαν,
773 1859 1064 1934 παράσχου
1094 1861 1160 1932 τῇ
1195 1855 1368 1934 δούλῃ
1425 1880 1520 1913 σου
1581 1859 1766 1934 χάριν,
1833 1856 1924 1912 καὶ
1981 1858 2100 1912 ’ὀσοι

441 1947 502 2004 a’z'v
565 1948 938 2024 προσέλθωσιν
995 1952 1076 2022 τῷ
1131 1947 1286 2022 τόπῳ
1349 1946 1474 2004 ἔνθα
1554 1949 1618 2003 τὸ
1675 1947 1931 2022 λείψανόν
1998 1969 2102 2020 μου

437 2039 748 2108 ἀπόκειται,
797 2037 888 2094 καὶ
947 2037 1048 2092 εἶσὶ
1107 2039 1176 2093 τά
1233 2037 1544 2112 ἡγιασμένα
1601 2035 1789 2107 ὕδατα,
1851 2035 2096 2113 δώρησαι

437 2127 626 2191 αὐτοῖς
657 2126 798 2182 ἴασιν
831 2129 1022 2203 ψυχῆς
1069 2129 1160 2182 καὶ
1221 2129 1501 2200 σώματος,
1532 2126 1622 2182 ἳνα
1652 2127 1742 2182 καὶ
1797 2126 1851 2182 ἐν
1883 2127 2102 2191 τούτοις

439 2214 732 2290 δοξάζηται
788 2218 852 2272 τὸ
905 2217 1166 2294 πανάγιον
1229 2215 1406 2290 δνομά
1453 2239 1572 2287 σου,
1629 2219 1741 2290 ἅμα
1793 2221 1875 2289 τῷ
1933 2215 2102 2292 Πατρὶ

431 2309 528 2362 καὶ
559 2313 640 2380 τῷ
680 2309 824 2383 ἁγίῳ
885 2305 1178 2380 Πνεύματι.
1243 2331 1270 2358 υ
1330 2307 1428 2362 Καὶ
1485 2305 1882 2380 ἀναπεμψάσης
1933 2305 2100 2376 αὐτῆς

429 2399 520 2466 τὸ,
553 2399 746 2471 ’Λμέν,
779 2396 990 2472 ἐγένετο
1041 2398 1195 2475 φωνή
1257 2396 1318 2450 ἐκ
1373 2400 1470 2450 τοῦ
1537 2397 1796 2470 οὐρανοῦ,
1849 2393 2102 2471 λέγουσα-

433 2509 466 2536 ‹‹
505 2489 696 2560 Δεῦρο,
755 2485 1061 2564 ἡγιασμένη
1129 2505 1234 2558 μου
1296 2482 1636 2558 ἆθληφόρος,
1691 2483 1972 2538 ἀναπαύου
2029 2484 2104 2545 εἷς

433 2574 508 2630 τὰ
537 2579 766 2648 ταμιεῖα
791 2579 890 2629 τοῦ
923 2574 1134 2648 Πατρός
1170 2595 1276 2646 μου
1323 2573 1420 2628 τοῦ
1477 2572 1530 2628 έν
1591 2573 1862 2650 οὐρανοῖς.
1923 2575 2107 2628 Πάντα

437 2661 500 2718 δὲ
529 2663 630 2718 ὅσα
661 2665 722 2718 ἅν
751 2661 966 2737 ᾐτήσω,
1007 2660 1318 2738 δεδώρηταὶ
1377 2683 1460 2717 σοι
1517 2663 1648 2739 παρ’
1707 2661 1864 2735 ἐμοῦ.
1923 2685 1951 2714 »
2008 2663 2102 2720 Καὶ

441 2757 618 2807 ταῦτα
679 2751 952 2808 ἀκούσασα
1007 2753 1042 2822 ἠ
1107 2753 1348 2828 μακαρία
1409 2753 1616 2828 μάρτυς
1685 2755 1783 2806 τοῦ
1843 2753 2106 2828 Χριστου,

437 2842 612 2912 ἦλθεν
676 2841 764 2897 ἐπὶ
815 2843 910 2898 τὸν
967 2842 1161 2914 τόπον,
1219 2842 1310 2896 καὶ
1365 2843 1654 2916 ἀπετμήθη
1714 2843 1814 2912 τήν
1859 2841 2104 2919 κεφαλὴν

443 2931 554 2986 ὑπό
579 2934 677 2985 τοῦ
710 2929 898 3007 ξίφους
925 2933 1022 2984 τοῦ
1053 2930 1256 3006 πατρὸς
1289 2929 1478 2998 αὐτῆς,
1513 2928 1606 2984 σὺν
1660 2933 1727 3002 τῇ
1788 2930 1916 3004 ἁγίᾳ
1973 2931 2103 2986 Ἰου·

1579 393 1948 452 LAUDATIO
1987 393 2048 448 S.
2087 391 2450 448 BARBARE
2487 395 2714 448 MART.

3747 402 3860 459 806

1997 513 2084 570 καὶ
2119 517 2170 584 Α
2205 517 2406 572 tinctis
2433 517 3018 590 pedibusambulasti
3041 519 3104 555 ‘7'
3130 520 3858 594 :quiincrepastiventum

2207 611 2394 660 etmai
2411 623 2459 674 e,
2480 613 2536 660 et
2557 607 2616 660 in
2641 607 3032 680 tranquillum
3049 611 3288 666 mutasti
3303 611 3366 678 ⁸⁸)
3388 615 3588 668 omnia
3614 617 3860 690 quippe,

2209 695 2460 749 Domine
2479 696 2556 749 mi
2571 697 2708 751 Jesu
2725 697 2973 762 Christe,
2995 705 3291 772 prmcepto
3307 700 3724 773 obtemperant
3741 713 3861 776 tuo,

2208 785 2347 856 quia
2365 791 2416 838 te
2433 791 2672 840 auctore
2687 787 2924 843 condita
2939 789 3119 862 sunt),
3137 790 3333 860 prmbe
3351 791 3494 846 mihi
3511 791 3860 864 petitionem

2209 873 2382 942 hanc,
2411 875 2680 938 Domine,
2715 881 2772 930 et
2802 876 2876 931 da
2906 878 3138 932 ancilla:
3169 883 3282 933 tua:
3301 881 3574 952 gratiam,
3609 887 3674 936 ut
3705 883 3864 954 quis-

2209 963 2342 1034 quis
2376 963 2488 1016 mei
2523 963 2582 1018 in
2615 969 2819 1018 sancto
2843 967 3083 1022 nomine
3109 973 3206 1022 tuo
3231 968 3594 1036 meminerit,
3621 973 3858 1043 meique

2209 1052 2722 1123 martyriidierum
2739 1056 3084 1110 memoriam
3101 1057 3306 1130 egerit,
3333 1061 3694 1126 tu,Domine,
3721 1079 3858 1134 pec-

2209 1145 2476 1194 catorum
2511 1141 2640 1212 ejus
2671 1157 2790 1196 non
2825 1144 3230 1200 reminiscaris
3271 1145 3332 1200 in
3375 1147 3723 1218 diejudicii,
3753 1149 3858 1206 sed

2209 1229 2258 1283 ei
2281 1229 2572 1300 prepitius
2595 1231 2722 1284 tias.
2751 1231 2873 1286 Scis
2897 1233 3075 1294 enim,
3093 1234 3248 1288 906
3273 1236 3540 1304 Domine,
3568 1238 3860 1308 quiacaro

2211 1323 2268 1372 et
2297 1319 2538 1389 sanguis
2573 1335 2800 1388 sumus,
2837 1337 2984 1392 opus
3035 1323 3524 1380 intaminatarum
3574 1343 3860 1383 manuum

2211 1411 2470 1463 tuarum.
2507 1431 2534 1458 ››
2569 1409 3016 1481 Submissoque,
3049 1413 3246 1479 Amen,
3293 1413 3508 1468 iterum
3560 1417 3744 1471 oravit
3774 1417 3862 1472 di-

2211 1513 2392 1552 cens:
2427 1521 2454 1548 «
2507 1499 2754 1554 Domine
2793 1501 2948 1555 Deus
2999 1500 3304 1567 virtutum,
3351 1502 3524 1558 ﬂatus
3570 1505 3763 1560 omnis
3808 1509 3866 1560 et

2212 1587 2408 1642 carnis
2421 1588 2820 1660 conditor,qui
2835 1589 3104 1645 morbum
3121 1607 3360 1646 omnem
3375 1609 3732 1664 omnemque
3747 1595 3870 1650 lan-

2211 1693 2457 1750 guorem
2490 1680 2710 1734 sanasti
2737 1679 2800 1746 4°,
2825 1681 3023 1752 praebe
3045 1681 3282 1736 ancilla;
3309 1687 3424 1738 tua:
3443 1685 3692 1756 gratiam
3713 1685 3866 1740 hanc

2213 1773 2282 1822 ut
2311 1769 2529 1834 cuncti,
2563 1769 2663 1838 qui
2697 1769 2810 1824 huc
2843 1769 2958 1825 loci
2981 1771 3082 1825 ubi
3105 1771 3542 1843 reliquimmem
3562 1774 3868 1846 deponen-

2218 1862 2328 1923 tur,
2363 1863 2620 1928 suntque
2641 1859 2954 1914 sanctitate
2973 1861 3266 1916 salutares
3288 1877 3477 1933 aquae,
3499 1865 3790 1932 venerint,
3815 1869 3868 1919 te

2213 1947 2578 2019 indulgente,
2615 1948 2800 2003 animi
2833 1953 2890 2003 et
2921 1951 3184 2022 corporis
3208 1952 3520 2006 sanitatem
3553 1953 3866 2024 recipiant,

2211 2043 2280 2092 ut
2303 2037 2364 2092 in
2393 2038 2485 2092 his
2518 2053 2754 2109 quoque
2781 2039 3148 2110 gloriﬁcetur
3177 2042 3622 2096 sanctissimum
3645 2059 3866 2098 nomen

2213 2134 2404 2194 tuum,
2436 2143 2558 2182 una
2588 2145 2720 2182 cum
2753 2131 2927 2184 Patre
2957 2137 3014 2184 et
3041 2131 3260 2201 Spiritu
3293 2139 3520 2186 sancto.
3555 2154 3582 2180 »
3617 2135 3697 2188 Ac
3729 2133 3868 2188 sub-

2209 2218 2390 2288 jecto,
2425 2219 2619 2282 Amen,
2649 2217 2804 2273 facta
2831 2235 2938 2272 vox
2969 2225 3058 2273 est
3087 2220 3158 2274 de
3189 2220 3336 2275 cmlo
3365 2220 3570 2276 dicens
3597 2238 3612 2275 :
3635 2245 3662 2272 «
3703 2222 3864 2290 Veni,

2219 2312 2424 2362 sancta
2445 2323 2577 2361 mea
2597 2308 2822 2374 victrix,
2839 2309 3146 2380 requiesce
3169 2310 3228 2364 in
3253 2311 3446 2366 Patris
3469 2312 3584 2366 mei
3609 2311 3866 2368 caelestis

2219 2396 2520 2450 thalamis.
2551 2398 2692 2461 Quae
2723 2398 3058 2468 postulasti,
3099 2400 3306 2455 omnia
3353 2417 3388 2456 a
3437 2417 3532 2456 me
3581 2419 3869 2458 concessa

2221 2492 2380 2541 sunt.
2415 2509 2444 2534 ››
2475 2487 2698 2550 Quibus
2730 2487 2947 2542 auditis
2977 2487 3150 2544 beata
3181 2489 3398 2544 Christi
3433 2495 3656 2562 martyr
3687 2492 3760 2546 ad
3791 2492 3872 2544 lo-

2221 2593 2354 2630 cum
2381 2577 2559 2640 venit,
2590 2576 2992 2647 abscissisque
3033 2583 3280 2648 paterno
3331 2593 3474 2634 ense
3522 2580 3868 2647 cervicibus,

2221 2681 2356 2719 cum
2389 2671 2594 2720 sancta
2619 2665 2852 2721 Julia'ha
2883 2665 3095 2721 eodem
3128 2667 3257 2722 loco
3303 2669 3536 2722 cecidit.
3589 2669 3868 2724 Dioscoro

2221 2759 2418 2807 autem
2433 2759 2600 2824 patre
2623 2755 2796 2824 ejuse
2819 2761 3022 2809 monte
3043 2754 3465 2822 descendente,
3491 2755 3645 2828 ignis
3667 2773 3696 2812 e
3721 2757 3868 2814 omlo

2219 2841 2649 2913 ceciditsicque
2665 2843 2858 2913 ipsum
2881 2843 3194 2912 devoravit,
3221 2849 3292 2898 ut
3309 2861 3384 2900 ne
3401 2845 3600 2900 favilla
3623 2847 3868 2917 quidem

2219 2938 2550 3004 appareret,
2585 2938 2688 2986 aut
2714 2939 3072 2990 occurreret.

441 3019 612 3094 λιανῇ
643 3020 694 3076 ἐν
725 3025 805 3094 τῷ
831 3025 980 3094 αυτῷ
1009 3019 1183 3094 τόπῳ.
1220 3020 1644 3096 Κατερχομένου
1703 3017 1760 3073 δὲ
1821 3021 2118 3096 Διοσκόρου
2174 3023 2272 3075 τοῦ
2329 3019 2535 3092 πατρὸς
2591 3021 2762 3091 αὐτῆς
2820 3023 2926 3077 ἀπὸ
2977 3026 3074 3077 τοῦ
3107 3018 3294 3096 ὅρους,
3326 3027 3432 3098 πῦρ
3464 3017 3652 3081 ἔπεσεν
3683 3023 3743 3080 ἐκ
3771 3029 3870 3080 τοῦ

441 3111 702 3185 οὐρανοῦ,
732 3110 820 3164 καὶ
851 3112 1150 3189 κατέφαγεν
1183 3109 1365 3181 αὐτὸν,
1398 3108 1535 3163 ὣστε
1571 3111 1710 3182 μήτε
1737 3109 1828 3164 τὸν
1859 3113 1995 3184 χοῦν
2027 3110 2326 3188 φαίνεσθαι,
2359 3109 2394 3178 ἢ
2423 3109 2728 3184 εὑρεθῆναι.

529 3221 620 3290 ιη’.
657 3218 838 3276 Καλὸν
871 3217 944 3280 ὦς
975 3217 1201 3286 ἀληθῶς
1232 3221 1302 3292 τῇ
1333 3216 1562 3289 ἀθλήσει
1592 3217 1655 3272 τὸ
1709 3214 1868 3279 τέλος
1898 3219 1932 3286 ἠ
1969 3223 2108 3293 μάρ-
2138 3223 2180 3288 C

445 3331 548 3372 τυς
575 3307 870 3366 ἐπέῦεικεν.
919 3305 1234 3382 Εὐχήνγᾶρ
1290 3311 1398 3362 τῶν
1454 3305 1635 3371 άθλων
1696 3305 1746 3362 ἐν
1805 3311 1884 3379 τῷ
1914 3307 2110 3382 πύργῳ

441 3399 784 3471 προσάξασα,
816 3397 985 3473 εὐχὴν
1011 3395 1228 3458 τούτοις
1257 3394 1348 3450 καί
1403 3397 1506 3466 τὴν
1566 3393 1844 3472 κορωνίδα
1896 3395 2109 3466 ἐνέστη-

445 3511 562 3546 σεν.
595 3489 694 3550 Τίς
729 3485 788 3544 δὲ
817 3491 916 3554 τῆς
945 3489 1262 3564 προσευχῆς
1312 3487 1348 3556 ἡ
1409 3483 1638 3558 δύναμις
1672 3505 1684 3556 ;
1713 3485 1960 3561 ᾐτήσατο
2018 3486 2110 3540 τὸν

445 3577 592 3635 ἴδιον
625 3577 857 3658 νυμφίον
890 3577 1154 3653 Χριστὸν,
1189 3573 1354 3630 ἵλεων
1409 3581 1528 3639 τοῖς
1585 3575 1751 3645 αὐτῆς
1807 3577 1908 3643 τὴν
1970 3577 2112 3648 μνή-

458 3691 570 3742 μην
603 3669 944 3724 ἐπιτελοῦσιν
1004 3664 1273 3742 γενέσθαι,
1305 3669 1412 3720 τῶν
1467 3665 1563 3738 μὶν
1597 3663 2112 3738 πλημμελημάτων

451 3760 556 3828 τήν
590 3755 798 3836 ἄφεσιν,
827 3761 935 3812 τῶν
989 3753 1046 3811 δὲ
1099 3753 1426 3828 νοσημάτων
1481 3755 1582 3823 τήν
1637 3753 1805 3810 ἳασιν.
1838 3755 1894 3807 Ὃ
1927 3752 1984 3808 δὲ
2013 3753 2110 3822 τὴν

451 3850 662 3905 ἱκεσίαν
697 3847 1010 3920 δεξάμενος,
1071 3845 1148 3908 εἷς
1205 3847 1370 3922 πέρας
1425 3843 1568 3918 ὰγειν
1608 3843 1954 3919 ὑπισχνεῖται
2011 3843 2114 3911 τὴν

449 3935 660 4015 ἔφεσιν,
691 3939 782 3993 καὶ
817 3935 886 3992 δι’
919 3936 1120 3998 οῗκείας
1151 3943 1338 4016 φωνῆς
1371 3935 1574 4005 ταύτην
1603 3931 1976 4009 πληροφορεῖ,
2023 3933 2115 3988 καὶ

449 4031 690 4106 παρέχει
728 4029 826 4098 τήν
861 4025 1144 4082 πίστωσιν.
1183 4027 1278 4082 Καὶ
1311 4027 1345 4094 ἡ
1389 4025 1482 4098 μέν
1515 4025 1603 4078 τὸν
1639 4023 1842 4099 αὐχένα
1869 4027 1947 4095 τῷ
1978 4022 2116 4102 ξίφει

453 4119 762 4196 ὁλοψῦχως
796 4119 1125 4194 προέτεινεν·
1170 4117 1197 4170 ὁ
1253 4113 1311 4172 δὲ
1357 4114 1708 4177 τεκνοκτόνος
1763 4113 1967 4188 πατὴρ,
2016 4113 2115 4180 τήν

449 4207 688 4286 πληγὴν
717 4208 1091 4284 ἀσπλάγχνως
1122 4205 1414 4283 ἐπήγαγεν.
1447 4205 1545 4260 Καὶ
1655 4204 1752 4277 μέν
1784 4202 1919 4279 πρὸς
1957 4201 2122 4272 οὖρα-

452 4299 610 4362 νὲους
644 4297 876 4372 δόμους,
907 4299 998 4352 καὶ
1049 4296 1490 4372 ηὐτρεπισμένην
1553 4291 1937 4373 ἐδορυφορεῖτο
1995 4291 2118 4346 ἀνά-

451 4411 682 4460 παυσιν,
715 4389 742 4444 ὁ
774 4386 850 4456 δέ,
885 4387 962 4450 εἷς
994 4385 1126 4458 ᾅδου
1155 4387 1462 4460 ταρτάρους
1501 4383 1737 4458 μυχοὺς,
1783 4381 1872 4438 καῖ
1925 4379 2123 4458 ζοφερά

453 4485 710 4554 ταμιεῖα,
743 4481 834 4534 καί
869 4476 945 4541 εἷς
978 4477 1394 4550 ἡτοιμασμένην
1422 4475 1690 4548 κατήγετο
1740 4471 1989 4528 κόλασιν.
2025 4471 2122 4525 Καὶ

457 4573 500 4642 ἡ
536 4570 630 4644 μὶν
661 4567 928 4646 ἀγγέλους
959 4569 1106 4642 εἶχεν
1136 4563 1397 4644 φαιδροὺς
1431 4560 1805 4637 ποδηγοῦντας
1839 4562 1975 4636 πρὸς
2023 4563 2122 4630 τὴν

461 4655 750 4728 ἀνάϐασιν,
785 4659 812 4713 ὁ
849 4655 928 4726 δὲ,
963 4655 1226 4730 δαίμονας
1288 4651 1530 4728 ἀμειόεῖς
1588 4673 1646 4707 τε
1699 4649 1790 4706 καὶ
1839 4647 2126 4730 φοϐεροὺς,

461 4747 728 4811 ἕλκοντας
763 4747 1033 4809 ἀκουσίως
1067 4747 1202 4822 πρὸς
1225 4747 1324 4816 τήν
1357 4737 1672 4800 κατάϐασιν,
1710 4743 1776 4796 Ὠ
1807 4745 1922 4804 πῶς
1957 4743 2015 4795 ἀν
2049 4763 2132 4804 τις

463 4839 634 4910 ἀξίως
672 4839 1016 4914 θρηνήσειεν,
1049 4835 1316 4901 πανάθλιε
1345 4835 1436 4890 καῖ
1467 4835 1790 4908 ταλαίπωρε
1825 4833 1838 4888 l
1884 4835 2002 4895 πῶς
2033 4829 2132 4886 οὐκ

465 4927 691 5008 ἔφριξας
719 4930 818 4998 τήν
855 4925 1012 5002 ἁγίαν
1047 4925 1340 4998 ἀποτεμεῖν
1372 4931 1472 4994 τῆς
1537 4923 1810 4998 μάρτυρος
1839 4920 2084 4998 κειραλήν
2117 4921 2130 4976 l

465 5025 593 5082 πῶς
647 5041 744 5074 σου
801 5021 836 5089 ἡ
889 5019 1014 5094 χεῖρ
1075 5017 1176 5072 οὐκ
1233 5015 1548 5090 ἐνάρκησεν,
1612 5017 1681 5086 τῇ
1745 5009 1858 5084 ἳδίᾳ
1911 5013 2130 5088 θυγατρὶ

1473 5103 1610 5162 Αλλ⁹
1667 5097 1838 5164 ὅντως
1893 5100 2138 5175 ταχυτά-

463 5110 820 5184 ἆναιρετικὴν
855 5109 1146 5184 ἀπενέγκαι
1185 5105 1364 5182 τομήν
1407 5123 1420 5172 ;

461 5220 570 5272 την
624 5196 894 5270 ἆνηλεοῦς
979 5197 1375 5272 ἀπανθρωπίας
1435 5193 1678 5266 ἐκομίσω
1737 5193 1803 5247 τά
1859 5189 2133 5266 ἐπίχειρα,

465 5289 565 5346 καὶ
619 5292 728 5343 τῶν
791 5291 1052 5362 πονηρῶν
1115 5283 1437 5360 σπερμάτων
1528 5282 1873 5356 πονηρότερα
1927 5277 2138 5354 έδρέψω

467 5379 545 5435 τά
603 5375 906 5454 δράγματα,
964 5377 1054 5431 καὶ
1108 5377 1144 5446 ἡ
1199 5379 1295 5430 τοῦ
1355 5371 1632 5450 προδότου
1681 5393 1740 5426 σε
1788 5367 1960 5428 Ἰούδα
2021 5370 2140 5440 ἀξία

481 5467 752 5544 μετῆλυεν
785 5466 1080 5538 ἐκδίκησις.
1119 5465 1372 5532 Σκηπτὸς
1429 5464 1530 5538 γάρ
1564 5462 1856 5540 οὐρανόθεν
1903 5459 2142 5535 ἐνεχθεὶς

479 5561 764 5638 κεραυνὸς,
797 5558 958 5634 σῶμά
1003 5579 1098 5613 σου
1155 5559 1218 5612 τὸ
1275 5555 1472 5631 μικρὸν
1525 5553 1880 5632 ἐξετέφρωσεν
1933 5552 2024 5606 καὶ
2075 5552 2138 5608 τὸ

565 5757 634 5795 ⁴¹¹⁹
665 5759 866 5815 Matth.
899 5775 1017 5830 vni,
1051 5759 1239 5813 23-27.
1319 5757 1362 5792 ‘3
1395 5756 1530 5811 Luc.
1565 5771 1679 5822 VIII.
1713 5755 1900 5808 22-25·

2293 3221 2377 3274 18.
2411 3221 2720 3294 Egregium
2752 3220 2930 3292 plane
2963 3221 3145 3277 finem
3177 3221 3488 3278 certamini
3517 3223 3876 3296 martyrim-

2220 3310 2438 3381 posuit.
2473 3309 2616 3366 Cum
2662 3310 2822 3365 enim
2868 3311 2930 3364 in
2979 3311 3128 3366 turri
3179 3312 3392 3382 posita,
3443 3313 3616 3367 luctm
3669 3329 3873 3384 preces

2219 3399 2628 3470 prmmisisset,
2662 3399 2716 3454 ei
2747 3417 2984 3471 quoque
3017 3417 3221 3472 preces
3263 3401 3610 3457 coronidem
3645 3403 3871 3458 statuit.

2221 3489 2504 3554 Quasnam
2529 3505 2666 3545 vero
2697 3489 2782 3544 vis
2815 3491 3176 3562 precationis
3227 3491 3387 3546 fuit?
3435 3491 3726 3562 Sponsum
3777 3509 3873 3547 ro-

2222 3579 2398 3650 gavit,
2430 3583 2494 3633 ut
2525 3579 2876 3634 memoriam
2899 3579 3086 3651 ipsius
3110 3579 3550 3635 celebrantibus
3583 3581 3875 3652 propitius

2221 3667 2395 3734 foret,
2427 3669 2646 3723 delicta
2675 3669 3024 3734 remitteret,
3061 3669 3302 3725 morbos
3335 3675 3592 3725 sanaret.
3619 3671 3747 3738 Ille,
3779 3669 3878 3724 ad-

2223 3757 2408 3812 missa
2423 3757 2878 3828 supplicatione,
2895 3765 3164 3814 votorum
3181 3777 3306 3815 com
3319 3767 3516 3830 potem
3537 3760 3728 3831 ipsam
3751 3759 3875 3814 fore

2225 3847 2562 3917 pollicetur,
2595 3865 2820 3918 suaque
2845 3848 3030 3919 ipsius
3051 3865 3190 3903 voce
3221 3849 3536 3904 certiorem
3565 3850 3723 3918 facit,
3749 3849 3876 3904 dat-

2226 3953 2340 4007 que
2374 3937 2774 3992 securitatem.
2811 3939 2890 3991 Λα
2923 3937 3164 4008 quidem
3199 3943 3322 3992 toto
3349 3939 3552 3992 animo
3587 3939 3876 3994 cervicem

2226 4025 2422 4098 gladio
2453 4025 2612 4096 virgo
2651 4025 2972 4096 protendit,
3027 4027 3292 4082 carnifex
3335 4043 3470 4081 vero
3521 4045 3641 4082 suae
3690 4027 3878 4098 prolis

2227 4121 2396 4188 pater
2425 4115 2672 4170 immani
2699 4115 2932 4171 feritate
2963 4117 3148 4171 ictum
3181 4117 3394 4188 adegit.
3420 4119 3610 4187 Atque
3633 4117 3736 4171 illa
3753 4117 3880 4187 qui-

2229 4205 2364 4260 dem
2387 4206 2459 4260 ad
2482 4205 2749 4260 cmlestes
2773 4205 2980 4260 domos
3001 4211 3058 4260 et
3077 4205 3428 4261 adornatam
3455 4206 3723 4277 requiem
3747 4223 3882 4261 cum

2231 4295 2864 4366 pompadeducebatur
2890 4295 3012 4362 ;hic
3035 4301 3232 4350 autem
3257 4295 3332 4351 ad
3355 4301 3642 4351 tartareos
3663 4287 3884 4350 inferni

2233 4383 2398 4438 sinus
2431 4383 2798 4454 obscuraque
2831 4383 2962 4438 loca
2996 4389 3345 4455 etparatum
3379 4385 3742 4457 supplicium
3765 4391 3886 4440 tru-

2234 4475 2498 4531 debatur.
2533 4475 2642 4530 llla
2655 4475 2898 4548 angelos
2913 4475 3164 4531 habebat
3183 4477 3353 4531 laetos
3367 4477 3439 4532 ad
3453 4493 3764 4532 ascensum
3781 4477 3886 4532 du-

2238 4583 2335 4621 ces
2359 4581 2372 4620 :
2401 4566 2496 4620 hic
2513 4566 2820 4620 tetricosos
2844 4565 3306 4636 tremendosque
3333 4567 3634 4622 daemones
3659 4567 3730 4622 ad
3755 4567 3888 4622 des-

2239 4655 2680 4710 censuminvite
2697 4655 3020 4711 trahentes.
3046 4655 3090 4710 0
3114 4656 3413 4726 quomodo
3439 4658 3570 4728 quis
3595 4656 3769 4728 digne
3793 4655 3892 4710 de-

2241 4745 2820 4812 ﬂeat,infelicissime
2833 4761 2898 4800 ac
2913 4745 3611 4812 miserabilis!Quomodo
3623 4763 3744 4801 non
3761 4745 3894 4800 hor-

2241 4835 2434 4898 ruisti,
2471 4839 2537 4890 ut
2567 4839 2831 4890 sanctam
2851 4835 3131 4906 martyris
3152 4835 3440 4892 cervicem
3473 4833 3891 4891 abscinderesl

2244 4926 2548 4990 Quomodo
2563 4943 2682 4980 non
2697 4925 3360 4998 obtorpuitdextera,ne
3381 4928 3516 4981 filia:
3531 4927 3784 4997 pr0prim
3801 4926 3895 4980 le-

2247 5016 2426 5070 talem
2457 5016 2640 5070 ictum
2673 5015 2970 5071 inferres?
3017 5017 3232 5071 Verum
3276 5015 3650 5072 celerrimam
3701 5015 3900 5087 reipsa

2247 5106 2582 5160 mercedem
2624 5105 2874 5160 immitis
2919 5105 3376 5160 inhumanitatis
3405 5105 3746 5177 reportasti,
3783 5103 3902 5158 ini-

2249 5211 2622 5268 quorumque
2641 5195 2938 5250 seminum
2961 5195 3284 5265 nequiores
3313 5195 3648 5266 manipulos
3671 5193 3900 5266 carpsi-

2249 5285 2344 5350 sti,
2379 5289 2553 5356 teque
2585 5283 2748 5340 Iuda:
2781 5283 3104 5356 proditoris
3137 5283 3316 5357 digna
3341 5283 3602 5340 vindicta
3631 5284 3904 5340 insecuta

2251 5379 2358 5430 est.
2393 5375 2434 5428 E
2466 5373 2612 5430 ccelo
2645 5375 2804 5429 enim
2825 5373 3124 5430 demissus
3147 5373 3415 5428 fulminis
3437 5391 3684 5442 cuneus,
3711 5375 3900 5446 impu-

2250 5481 2382 5518 rum
2411 5481 2624 5536 corpus
2661 5469 2828 5518 tuum
2875 5464 2936 5518 in
2985 5463 3218 5518 favillas
3269 5463 3532 5532 redegit;
3585 5469 3762 5535 atque
3807 5463 3905 5518 hic

2253 5553 2496 5626 quidem
2527 5559 2582 5610 te
2613 5551 3012 5610 Sodomiticus
3031 5553 3186 5626 ignis
3217 5553 3402 5625 feriit,
3437 5553 3564 5610 illic
3585 5559 3785 5610 autem
3808 5569 3906 5626 ge-

1977 5749 2026 5789 ⁴⁹
2049 5751 2253 5808 Matth.
2287 5767 2362 5821 ιν,
2387 5753 2478 5820 23,
