4160 6382
384 397 492 452 807

1663 395 1726 450 Β.
1767 395 2072 451 JOANNIS
2109 396 2524 454 DAMASCENI

3698 403 3817 461 808

370 521 585 576 heunaa
618 523 674 576 te
707 520 950 576 flamma
1002 517 1256 592 excipiet
1312 518 1840 591 inexstinguibilis.
1893 519 2008 574 Non

2139 518 2234 590 μὶν
2271 516 2638 593 Σοδομιτικὸν
2673 520 2899 586 ἐνταῦθά
2939 544 2998 578 σε
3035 527 3142 600 πῦρ
3200 521 3588 602 ἐκεραύνωσεν,
3648 529 3684 598 ἦ
3753 525 3820 584 δὶ

371 612 531 666 enim
563 611 777 684 dignus
806 610 970 666 luisti
1023 611 1122 682 qui
1181 611 1242 666 in
1291 609 1432 664 vivis
1485 615 1787 681 superstes
1844 625 2027 677 esses,

373 719 450 757 ne
492 701 672 774 digito
705 699 1147 756 demonstratus
1186 700 1465 772 martyris
1522 706 1692 772 pater
1723 699 2028 756 dicereris.

370 793 498 848 Non
531 796 586 845 te
617 791 876 862 amplius
903 790 1062 846 mdes
1102 796 1217 846 tum
1251 791 1518 862 recipere
1576 788 1902 857 sustinent,
1958 805 2030 846 ex

367 881 586 952 quibus
618 881 926 953 virginem,
962 898 1214 952 eamque
1247 879 1642 936 clarissimam
1678 879 2027 935 exturbasti.

440 1080 522 1136 19.
559 1081 642 1136 Tu
667 1096 804 1136 vero
835 1079 1008 1149 mihi,
1037 1079 1254 1136 Christi
1298 1079 1550 1148 ovicula,
1610 1078 1907 1146 columba,
1970 1082 2029 1134 et

361 1186 683 1242 sponsa,ac
717 1171 764 1225 si
781 1169 938 1242 quod
953 1169 1176 1226 bonum
1191 1187 1411 1226 nomen
1430 1175 1540 1238 est,
1555 1169 2025 1243 gratiosumque,

363 1265 420 1313 et
450 1260 1092 1332 praestans,salve,qum
1117 1259 1378 1316 stadium
1401 1266 1641 1315 strenue
1673 1275 1918 1314 emensa
1940 1275 2024 1314 es.

360 1348 548 1416 Salve,
567 1365 700 1420 quae
720 1349 898 1422 digna
919 1348 1234 1404 certamini
1258 1349 1506 1421 prmmia
1521 1347 1802 1404 retulisti.
1835 1348 2024 1415 Salve,

359 1439 802 1512 cui,multiplici
836 1457 1020 1514 agone
1055 1441 1688 1513 desudato,multiplex
1712 1439 1910 1513 palma
1925 1440 2026 1496 de-

359 1530 554 1587 betur.
590 1532 913 1604 Salve,quaa
936 1532 1427 1604 corporissensus
1459 1533 1520 1588 in
1540 1533 1793 1604 juvenili
1825 1537 2022 1598 aetate,

354 1620 532 1676 senili
567 1621 964 1693 prudentique
1009 1623 1163 1678 907
1228 1638 1396 1678 more
1458 1623 1779 1694 castigasti.
1832 1621 2020 1691 Salve,

358 1726 491 1781 quae
518 1711 924 1784 virginitatem
960 1711 1215 1777 Christo,
1242 1712 1421 1766 etiam
1469 1717 1608 1767 ante
1641 1711 2017 1784 martyrium,

355 1798 777 1856 intemeratam
806 1806 985 1871 atque
1020 1800 1394 1872 impollutam
1416 1801 1643 1857 vovisti.
1679 1800 2016 1872 Salve,quaa

2138 614 2240 676 τῆς
2269 611 2492 682 γεέννης
2525 631 2582 666 σε
2626 608 2762 690 φλὸξ
2825 607 3086 678 ἄσϐεστος
3145 614 3258 670 ἐκεῖ
3317 613 3660 674 ὑποδέκεται.
3725 620 3817 676 Ού

2137 696 2239 772 γὰρ
2270 695 2352 754 ἔτι
2407 695 2693 756 ἐπιϐιῶναι
2748 700 3042 778 ἐτύγχανες
3101 701 3271 775 ἄξιος,
3329 705 3418 760 ἳνα
3477 707 3556 780 μή
3607 705 3814 763 δακτυ-

2140 783 2599 862 λοδεικτούμενος
2627 793 2807 868 πατὴρ
2832 793 3108 864 κληθῆναι
3141 801 3241 864 τῆς
3274 797 3571 870 μάρτυρος.
3605 796 3818 854 Οὐκέτι

2140 876 2374 941 σεὸσὸς
2402 876 2552 940 οἶκος
2583 879 2830 954 ἀνέχεται
2893 877 3167 952 δέξασθαι,
3230 882 3320 959 ἀφ’
3378 883 3440 938 οὗ
3495 904 3649 947 τινος
3705 886 3814 955 τήν

2137 964 2428 1041 παρθένον,
2458 968 2548 1023 καὶ
2582 969 2945 1046 πανεύφημον
2980 969 3262 1045 ἐξῴκισας.

2212 1075 2290 1132 ιθ’.
2327 1073 2402 1130 Σὺ
2435 1072 2492 1131 δέ
2547 1097 2643 1151 μοι
2694 1079 2730 1148 ἡ
2792 1079 3032 1154 Χριστοῦ
3086 1079 3282 1152 ἀμνάς,
3342 1081 3435 1136 καὶ
3485 1084 3813 1160 περιστερά,

2134 1161 2225 1218 καὶ
2256 1164 2584 1244 νύμφη,καὶ
2619 1171 2722 1223 πᾶν
2755 1166 2858 1224 εἴτι
2920 1169 3011 1224 οὗν
3071 1165 3248 1244 ὄνομα
3297 1171 3492 1241 καλὸν,
3540 1172 3632 1228 καὶ
3695 1193 3814 1250 χα-

2138 1254 2268 1331 ρίεν,
2298 1258 2386 1312 xui
2441 1258 2654 1333 τίμιον,
2711 1265 2894 1336 χαῖρε,
2946 1266 3205 1337 γεννικῶς
3261 1267 3372 1318 τῶν
3429 1262 3653 1341 ἀγώνων
3711 1263 3810 1322 δια

2137 1342 2419 1422 δραμοῦσα
2441 1347 2534 1402 τὸν
2569 1344 2816 1405 δίαυλον.
2841 1351 3044 1426 Χαῖρε,
3063 1354 3171 1405 τῶν
3205 1347 3388 1415 ἄθλων
3410 1351 3600 1424 ἐπάξια
3630 1374 3808 1427 κομι-

2135 1435 2341 1510 σάμένη
2374 1439 2440 1493 τά
2467 1434 2698 1498 ἔπαθλα.
2731 1439 3061 1516 Καῖρε,ῇπερ
3093 1439 3281 1498 πολλά
3311 1443 3378 1497 τά
3410 1438 3639 1519 βραϐεῖα
3664 1445 3807 1518 ὑπὲρ

2131 1524 2361 1600 πολλῶν
2391 1531 2501 1583 τῶν
2557 1528 2959 1604 ἀγωνισμάτων
3026 1530 3326 1610 ὀφείλεται.
3378 1533 3568 1610 Χαῖρε,
3600 1534 3636 1604 ἡ
3689 1539 3807 1590 τῶν

2131 1612 2390 1688 ἐμπαθῶν
2421 1621 2524 1683 τῆς
2581 1619 2779 1694 σαρκὸς
2839 1620 3227 1696 σκιρτημάτων
3281 1619 3538 1699 λογισμῷ
3565 1622 3804 1697 ἐπικρα-

2127 1706 2338 1776 τήσασα
2368 1707 2626 1785 σώφρονι.
2663 1713 2855 1778 Χαῖρε,
2888 1711 2924 1780 ἡ
2983 1710 3080 1775 τὰς
3126 1714 3224 1765 τοῦ
3281 1710 3537 1786 σώματος
3595 1715 3800 1784 αῖσθή-

2128 1815 2239 1858 σεις
2272 1794 2324 1851 ἐν
2383 1795 2608 1867 ἡλικίας
2647 1797 2865 1870 νεότητι
2922 1794 3298 1875 πρεσϐυτικῶς
3356 1802 3446 1856 καὶ
3497 1801 3795 1880 ἐμφρόνως

353 1888 885 1960 corporisformam
911 1890 1095 1944 nullis
1114 1890 1534 1946 affectionibus
1550 1890 2008 1962 inquinasti,sed

2125 1882 2607 1964 παιδαγωγήσασα.
2639 1889 2828 1965 Χαῖρε,
2859 1890 2894 1959 ἡ
2925 1891 3025 1960 τήν
3058 1891 3376 1966 παρθενίαν,
3407 1891 3500 1947 καὶ
3549 1893 3659 1968 πρὸ
3688 1894 3790 1949 τοῦ

355 1978 642 2036 intactam
673 1981 974 2037 Conditori
1007 1983 1368 2039 consecrasti
1388 1987 1448 2038 et
1477 1981 2015 2051 exhibuisti.Salve,

355 2086 486 2141 qua:
519 2069 580 2125 in
613 2071 760 2126 turri
794 2071 956 2126 velut
985 2070 1046 2126 in
1077 2071 1379 2144 praasidio,
1414 2077 1474 2127 et
1500 2071 1796 2144 virginum
1819 2077 2015 2128 orato-

353 2160 444 2215 ria
469 2160 669 2232 domo,
720 2161 961 2217 crebras
1015 2167 1074 2216 et
1131 2163 1396 2218 sinceras
1446 2179 1653 2235 preces
1699 2163 2013 2232 oﬂ‘erebas,

351 2255 632 2321 certaque
645 2267 847 2306 rerum
869 2252 1375 2324 contemplatione
1390 2252 1465 2307 ad
1483 2258 1785 2308 auctorem
1809 2269 2013 2308 assur-

359 2340 728 2412 gens,solius
756 2358 890 2397 vere
922 2341 1062 2396 boni
1085 2347 1143 2398 et
1170 2341 1447 2398 amabilis
1477 2342 1708 2398 deliciis
1741 2342 1870 2397 sine
1919 2359 2015 2398 sa-

351 2429 555 2486 tietate
578 2431 893 2488 fruebaris.
928 2433 1256 2504 Salve,qum
1288 2433 1348 2488 in
1380 2431 1594 2488 balneo
1626 2431 2011 2505 detergendis

352 2537 668 2593 corporum
695 2521 970 2578 sordibus
999 2528 1640 2594 comparato,sanctam
1662 2523 2013 2578 Trinitatem

351 2611 509 2667 trina
525 2629 631 2684 per
654 2612 946 2668 fenestras
977 2612 1376 2668 illustratione
1410 2612 1880 2686 reprassentasti,
1912 2611 2013 2668 tri-

351 2701 612 2774 plicique
626 2703 964 2760 animorum
980 2702 1423 2760 illuminatione
1446 2704 1760 2776 mysticum
1781 2709 1836 2759 et
1851 2704 2010 2760 salu-

349 2795 476 2846 tare
505 2791 805 2864 baptisma
833 2792 1173 2850 delineasti.
1237 2793 1426 2861 Salve,
1497 2811 1631 2866 qum
1681 2793 1809 2850 sine
1842 2810 2010 2850 mora

349 2882 876 2940 consubstantialis
923 2883 1227 2940 Trinitatis
1261 2883 1440 2940 ﬁdem
1485 2882 1817 2958 theologico
1842 2901 2006 2940 more

350 2972 626 3028 confessa
658 2990 740 3028 es.
775 2972 963 3040 Salve,
987 2990 1119 3046 quas
1179 2990 1365 3029 unum
1398 2990 1428 3029 e
1460 2980 1666 3030 sancta
1722 2973 2006 3029 Trinitate

347 3066 590 3132 propter
609 3067 877 3118 nostram
915 3063 1170 3118 salutem
1197 3063 1506 3119 hominem
1544 3063 1766 3119 factum
1791 3062 2004 3134 prsidi-

349 3150 517 3206 casti.
550 3151 737 3222 Salve,
771 3169 903 3224 quaa
939 3151 1198 3222 divitias,
1232 3153 1624 3224 deliciasque,
1683 3169 1752 3208 ac
1813 3157 2004 3207 vestes

2128 1977 2688 2058 μαρτυρίου,φυλάξαι
2717 1984 2797 2052 τῷ
2826 1984 3052 2056 Χριστῷ
3079 1982 3545 2059 καθυποσχομίνη
3578 1984 3788 2060 ἄχραν-

2121 2087 2214 2122 τον
2249 2069 2337 2123 xui
2395 2069 2684 2142 ἀμίαντον.
2746 2071 2936 2144 Χαῖρε,
2995 2070 3030 2140 ἡ
3088 2071 3150 2126 τὸ
3210 2072 3525 2145 σωματικὸν
3575 2073 3791 2140 κάλλος

2120 2163 2242 2222 τοῖς
2268 2155 2460 2222 πάθεσι
2491 2159 2570 2233 μή
2604 2157 2921 2236 ρυπώσασα,
2953 2157 3080 2216 ἀλλ’
3137 2159 3409 2240 ἀνέπαφον
3465 2166 3544 2235 τῷ
3575 2167 3788 2238 ποιητῇ

2123 2247 2376 2302 ἀναθεῖσα
2405 2246 2494 2304 καὶ
2525 2251 2845 2323 παραθεῖσα.
2908 2251 3104 2324 Χαῖρε,
3166 2252 3202 2322 ἠ
3257 2249 3312 2307 ἐν
3368 2255 3448 2324 τῷ
3482 2258 3678 2329 πύργῳ
3710 2255 3788 2316 ὡς

2121 2332 2174 2390 ἐν
2224 2335 2457 2414 ἀσφαλεῖ
2515 2338 2782 2416 φρουρίῳ,
2841 2339 2933 2394 καὶ
2992 2341 3271 2417 παρθένων
3326 2339 3622 2417 εύκτηρίῳ,
3681 2364 3782 2398 πυ-

2120 2427 2270 2498 κνὰς,
2327 2427 2418 2483 καὶ
2476 2429 2789 2506 ἀκραιφνεῖς
2839 2433 2923 2502 τῷ
2980 2435 3100 2502 Θεῷ
3148 2431 3458 2505 προσευχάς
3535 2431 3782 2508 ἀναπέμ-

2120 2537 2318 2589 πουσα,
2347 2516 2437 2572 καὶ
2469 2521 2536 2592 τῇ
2569 2517 2801 2576 ἀπλανεῖ
2855 2523 2963 2574 τῶν
3024 2517 3195 2576 ὃντων
3245 2521 3448 2596 θεωρίᾳ
3494 2521 3632 2598 πρὸς
3687 2524 3782 2578 τὸν

2119 2609 2357 2679 ποιητὴν
2389 2608 2705 2684 ἀναχθεῖσα,
2735 2607 2827 2664 xui
2885 2613 2982 2664 τοῦ
3045 2609 3216 2684 μόνου
3265 2607 3439 2676 ὅντως
3483 2611 3659 2669 καλοῦ
3717 2635 3781 2671 τε

2117 2696 2207 2752 xui
2239 2696 2469 2773 ἐραστοῦ
2526 2694 2827 2770 ἀπλήστως
2881 2701 3357 2779 κατατρυφήσασα.
3392 2705 3589 2778 Χαῖρε,
3622 2703 3657 2773 ἡ
3719 2700 3775 2758 ἐν

2116 2791 2196 2858 τῷ
2221 2791 2670 2862 τοῦ.σωματικοῦ
2718 2787 2893 2864 ῥύπου
2950 2790 3306 2866 καθαρτηρίῳ
3365 2788 3588 2868 λουτρῷ
3631 2813 3770 2865 συμο

2117 2872 2360 2941 ϐολικῶς
2393 2879 2492 2948 τήν
2545 2875 2756 2954 Τριάδα
2811 2875 2899 2933 διὰ
2943 2882 3045 2946 τῆς
3098 2883 3206 2935 τῶν
3255 2878 3488 2956 θυρίδων
3531 2880 3776 2954 τριπλῆς

2116 2967 2477 3045 φωταγωγίας
2522 2967 2910 3040 ἐξεικονίσασα,
2965 2969 3056 3024 xui
3104 2970 3166 3025 τὸ
3221 2973 3290 3044 τῇ
3339 2975 3530 3047 τριττῇ
3580 2993 3766 3046 φωτο-

2116 3054 2273 3128 δοσίᾳ
2301 3059 2495 3133 ψυχῶν
2555 3059 2812 3131 μυστικὸν
2867 3057 2958 3113 καὶ
3016 3060 3291 3135 σωτήριον
3349 3065 3592 3124 τυπικῶς
3649 3058 3772 3117 δια-

2112 3147 2368 3222 γράψασα
2401 3146 2704 3222 βάπτισμα.
2752 3151 2944 3222 Χαῖρε,
3003 3147 3038 3219 ἠ
3097 3147 3258 3212 εὐθὺς
3311 3150 3614 3226 τρανότατα
3668 3152 3770 3222 τήν

353 3239 594 3310 sericas,
627 3259 762 3298 cum
793 3243 956 3297 omni
989 3242 1253 3314 corporis
1284 3248 1343 3298 et
1371 3243 1764 3314 formositate,
1799 3247 1858 3298 et
1887 3246 2002 3298 ter-

2120 3239 2214 3302 τῆς
2247 3234 2544 3309 ὁμοουσίου
2575 3234 2812 3312 Τριάδος
2849 3235 3030 3291 πίστιν
3082 3235 3389 3314 θεολογικῷ
3427 3236 3768 3315 διομολογή-

347 3346 631 3386 renorum
683 3329 1256 3388 oblectamentorum
1281 3331 1660 3405 jucunditate
1688 3330 1998 3404 despuisti,

349 3417 563 3491 hisque
585 3426 808 3478 aeterna
835 3421 1268 3478 etimmortalia
1292 3422 1449 3478 bona
1461 3422 2001 3494 commutasti,quaa

350 3507 662 3564 oculorum
691 3509 916 3578 lumen,
951 3510 1190 3566 auditus
1219 3511 1725 3582 vim,omnemque
1757 3527 2001 3566 sensum

346 3600 405 3652 et
432 3597 702 3654 auditum
736 3605 1036 3672 superant.
1061 3599 1396 3672 Salve,quai
1425 3599 1742 3656 delicatam
1764 3605 2000 3656 aetatem

345 3691 405 3742 et
433 3687 787 3744 muliebrem
829 3689 1304 3746 imbecillitatem
1364 3695 1604 3746 strenue
1647 3697 1706 3746 et
1753 3690 2002 3746 viriliter

347 3783 628 3834 contento
657 3778 841 3834 animi
869 3796 1049 3835 sensu
1071 3779 1386 3835 roborasti.
1421 3779 1748 3851 Salve,qua3
1779 3780 2000 3836 crucia-

346 3872 515 3923 tuum
557 3867 1094 3926 dehonestamenta
1131 3886 1254 3926 non
1287 3869 1594 3942 expavisti,
1626 3870 1772 3942 quin
1802 3871 1998 3943 potius

344 3957 629 4014 audacter
651 3965 706 4014 te
732 3959 928 4015 omnis
960 3959 1196 4033 generis
1252 3959 1564 4032 suppliciis
1596 3965 1655 4015 et
1685 3959 2000 4016 tormentis

347 4045 652 4104 dedidisti.
687 4049 1015 4121 Salve,qua3
1048 4049 1110 4104 in
1132 4067 1311 4106 carne
1333 4065 1538 4123 agens,
1560 4050 1777 4105 Christi
1799 4049 1998 4106 videre

342 4136 674 4193 claritatem
709 4139 1006 4207 meruisti,
1037 4139 1198 4194 haud
1239 4156 1412 4195 secus
1443 4145 1621 4211 atque
1690 4139 1751 4194 in
1794 4146 1998 4196 monte

339 4225 611 4298 primarii
645 4226 921 4300 discipuli
945 4246 959 4297 ;
977 4229 1116 4300 quia
1138 4245 1267 4284 eam
1285 4247 1420 4286 cum
1435 4229 1563 4284 Elia
1579 4230 1842 4302 etMoyse
1856 4247 1997 4286 con-

339 4332 606 4387 spexere,
629 4317 768 4390 jure
799 4316 958 4374 beati
1001 4318 1145 4374 dicti
1195 4323 1336 4374 sunt
1360 4317 1428 4374 ⁵ο.
1479 4319 1667 4387 Salve,
1703 4335 1833 4390 qum
1865 4336 1996 4374 ver-

337 4403 548 4462 berum
582 4407 907 4477 cruciatus,
959 4407 1121 4477 ferri,
1155 4408 1628 4482 asperrimorum
1668 4408 1998 4465 ciliciorum

336 4495 816 4566 perfricationes,
851 4497 1159 4571 sanguinis
1215 4499 1587 4571 proﬂuentes
1631 4499 1808 4566 rivos,
1841 4497 1997 4572 ignis

334 4590 611 4642 vorantes
643 4586 938 4653 ﬂammas,
971 4595 1209 4644 exsecta
1238 4588 1532 4660 membra,
1583 4589 1758 4645 nudas
1792 4589 1996 4646 tradu-

2105 3866 2271 3939 γείων
2341 3865 2723 3941 τερπνοτήτων

2114 3346 2252 3381 σασα
2281 3325 2534 3400 στόματι.
2565 3326 2754 3397 Χαῖρε,
2787 3325 2822 3396 ἡ
2881 3325 2972 3381 τὸν
3031 3322 3126 3382 ἕνα
3181 3334 3282 3398 τῆς
3341 3326 3500 3404 ἁγίας
3530 3327 3768 3405 Τριάδος

2113 3411 2204 3470 διὰ
2256 3415 2355 3485 τὴν
2434 3416 2706 3492 ἡμετέραν
2783 3414 3275 3490 ἐνανθρωπήσαντα
3359 3417 3657 3490 σωτηρίαν,
3715 3418 3764 3475 ἐν

2109 3503 2393 3582 παῤῥησίᾳ
2420 3505 2716 3580 κηρύεασα.
2751 3510 2946 3580 Χαῖρε,
2998 3507 3033 3576 ἡ
3089 3503 3328 3562 πλοῦτον
3386 3507 3474 3562 xui
3531 3510 3764 3588 τρυφήν,

2107 3594 2199 3650 xui
2231 3598 2416 3670 σηρῶν
2445 3595 2706 3668 νημάτων
2742 3595 3049 3673 ὑφάσματα,
3082 3595 3173 3650 καὶ
3231 3593 3399 3651 λίθων
3444 3595 3762 3672 πολυτιμή-

2106 3706 2240 3755 των,
2298 3685 2388 3740 καὶ
2442 3682 2790 3760 μαργαρίτων
2851 3682 3348 3759 χρυσοκολλήτων,
3437 3687 3528 3742 xui
3587 3694 3761 3743 πᾶσαν

2109 3775 2427 3848 σωματικὴν
2487 3771 2780 3848 εὐκοσμίαν
2823 3776 2911 3828 καὶ
2975 3772 3310 3848 ὡραιότητα,
3342 3773 3431 3830 xui
3477 3780 3587 3832 τῶν
3645 3776 3759 3833 ἐπι·

2837 3860 3140 3918 ἀπόλαυσιν
3233 3860 3595 3935 διαπτύσασα,
3677 3868 3767 3923 xui

2107 3954 2314 4011 τούτων
2373 3951 2828 4027 ἀνταλλαξαμένη
2885 3951 3083 4008 αἰώνια
3126 3953 3300 4031 ἀγαθὰ
3354 3954 3446 4010 καὶ
3501 3955 3771 4028 ἀκήρατα,

2106 4045 2174 4100 τὰ
2230 4043 2499 4118 ὀμμάτων
2559 4041 2772 4116 ὅρασιν,
2830 4041 2917 4097 xui
2975 4039 3128 4098 ὣτων
3190 4043 3384 4114 ἀκοὴν,
3441 4045 3535 4101 καὶ
3593 4053 3770 4102 πᾶσαν

2107 4131 2357 4204 αἴσθησίν
2415 4152 2474 4186 τε
2529 4130 2621 4187 xui
2678 4129 2868 4204 νόησιν
2931 4131 3314 4210 ὑπεραίροντα.
3363 4136 3556 4211 Χαῖρε,
3613 4138 3649 4208 ἡ
3707 4136 3769 4193 τὸ

2104 4227 2205 4289 τῆς
2233 4219 2458 4294 ἡλικίας
2508 4221 2797 4298 τρυφερὸν,
2857 4221 2948 4277 xui
3000 4223 3063 4277 τὸ
3118 4228 3216 4278 τοῦ
3275 4223 3495 4296 θήλεως
3553 4226 3769 4292 ἀσθενὲς

2105 4317 2364 4391 γεννικῶς
2421 4311 2511 4369 καὶ
2567 4308 2839 4388 ἀνδρικῶς
2897 4312 3238 4385 στερεώσασα
3293 4315 3534 4390 συντόνῳ
3559 4318 3771 4395 φρονή-

2111 4425 2262 4480 ματι.
2313 4405 2502 4480 Χαῖρε,
2555 4404 2591 4474 ἡ
2624 4403 2762 4480 πρὸς
2819 4401 2948 4466 τοῦς
3000 4408 3108 4460 τῶν
3161 4401 3440 4461 κολάσεων
3473 4405 3766 4480 αἰκισμοὺς

2110 4495 2187 4566 μὴ
2247 4489 2702 4568 δειλανδρήσασα,
2762 4489 3077 4566 θαρσαλέως
3162 4489 3222 4548 δὲ
3294 4493 3509 4567 μᾶλλον
3573 4495 3767 4567 ἑαυτὴν

2109 4580 2369 4639 ἐπιδοῦσα
2399 4581 2682 4646 παντοίοις
2742 4581 3176 4658 βασανιστηρίων
3238 4581 3406 4639 εἴδεσι
3464 4583 3558 4640 καὶ
3615 4606 3765 4663 στρε-

336 4674 836 4747 ctionem,capitis
869 4683 924 4732 et
955 4677 1086 4732 vitm
1109 4677 1556 4750 ademptionem
1583 4679 1799 4735 Christi
1819 4696 1998 4736 causa

2120 4668 2367 4730 ἲλώσεσι.
2426 4673 2616 4746 Χαῖρε,
2673 4672 2710 4741 ἡ
2743 4651 2824 4727 ’ἐν
2882 4651 3056 4748 σαρκί
3097 4668 3482 4749 διατρίϐουσα,
3525 4651 3766 4750 Χριστοῦ

336 4765 1414 4840 sustinuisti,utdeincepsimmortale
1445 4786 1660 4841 corpus
1674 4769 1993 4843 reciperes,

333 4859 460 4909 tum
493 4854 960 4928 incorruptionis
1018 4857 1201 4913 radiis
1237 4857 1552 4931 eﬂ‘ulgens,
1604 4864 1664 4914 et
1705 4859 1994 4916 claritatis

332 4943 645 5002 inductum
680 4945 1043 5019 stola,quam
1073 4947 1246 5003 nulla
1289 4947 1376 5003 vis
1409 4947 1703 5004 sermonis
1736 4949 1992 5020 explica-

331 5036 484 5091 verit
512 5042 614 5091 aut
636 5039 987 5094 narraverit.

2102 4766 2203 4836 τήν
2228 4761 2384 4834 δόξαν
2418 4759 2551 4840 ἴδεῖν
2593 4762 2898 4836 ἧξιωμένη,
2952 4763 3028 4827 ὡς
3075 4761 3126 4818 ἐν
3182 4768 3262 4837 τῷ
3322 4762 3437 4841 ὅρει
3487 4770 3596 4822 τῶν
3661 4787 3764 4840 μα-

2104 4857 2286 4927 θητῶν
2321 4853 2374 4909 οἱ
2403 4851 2716 4930 πρόκριτοι,
2749 4850 2842 4906 σὺν
2875 4850 3039 4925 Ἥλίᾳ
3093 4853 3184 4908 xui
3245 4855 3425 4929 Μωσῇ
3502 4857 3762 4930 τεθεαμέο

2100 4965 2213 5016 νοι,
2293 4943 2690 5020 προσηκόντως
2775 4939 3238 5017 έμακαρίσθησαν.
3289 4948 3497 5021 Χαῖρε,
3555 4947 3590 5015 ἡ
3651 4951 3758 5002 τῶν

2104 5032 2386 5111 μαστίγων
2432 5032 2530 5096 τάς
2578 5028 2909 5108 ἀλγηδόνας,
2968 5033 3059 5088 xui
3119 5030 3358 5110 σιδήρων
3418 5035 3752 5107 καταξέσεις,

325 5122 417 5178 xui
472 5125 829 5201 τραχυτάτων
889 5124 1156 5202 τριχίνων
1213 5127 1543 5205 ὑφασμάτων
1604 5123 1901 5202 ἐκτρίψεις,
1959 5129 2048 5186 καὶ
2109 5126 2359 5201 αἱμάτων
2421 5121 2576 5199 ῥοᾶς,
2631 5120 2722 5176 xui
2775 5121 2947 5195 πυρὸς
3003 5121 3371 5202 φλογισμους,
3403 5123 3496 5180 xui
3533 5123 3757 5200 μελλῶν

327 5209 584 5288 ἐκτομάς,
616 5215 705 5270 xui
737 5215 954 5291 γυμνὴν
987 5213 1380 5290 ἐκπόμπευσιν,
1409 5213 1500 5271 xui
1529 5213 1774 5294 κεφαλῆς
1795 5217 1886 5272 xui
1921 5222 2067 5290 ζωῆς
2103 5216 2378 5294 ὑφαίρεσιν
2407 5211 2498 5268 διὰ
2526 5210 2756 5287 Χριστὸν
2789 5210 3250 5285 ὑπομείνατα,’ίνα
3279 5213 3343 5270 τὸ
3375 5219 3537 5289 σῶμα
3559 5214 3758 5272 λοιπὸν

330 5300 512 5382 λάϐῃς
573 5306 862 5381 ἀθάνατον,
919 5307 1220 5386 ἀφθαρσίας
1284 5307 1656 5385 μαμμαρυγάς
1714 5309 2124 5387 ἀπαστράπτον,
2189 5307 2282 5364 καὶ
2369 5302 2530 5376 δόξης
2599 5299 2974 5382 ἠμφιεσμένον
3034 5303 3238 5376 στολήν
3323 5303 3598 5386 ἄφραστον
3668 5304 3758 5364 xui

329 5392 719 5468 ἀνεκλάλητον,

401 5507 488 5562 20.
524 5507 600 5562 Te
623 5509 761 5580 jure
792 5508 992 5565 mirati
1025 5513 1168 5565 sunt
1207 5507 1484 5564 homines
1534 5508 1608 5566 ob
1644 5513 1805 5567 tuam
1838 5526 1984 5566 con-

331 5595 614 5650 stantiam
639 5611 652 5652 :
683 5598 878 5670 angeli
900 5603 1204 5656 certamen
1219 5598 1502 5668 tuum,uti
1524 5617 1632 5672 par
1654 5599 1985 5672 est,plausu

398 5777 448 5814 ⁵ο
479 5777 686 5834 Matth.
714 5795 848 5848 xvu,
881 5783 908 5836 1
945 5796 1112 5853 seqq.

2165 5507 2232 5566 x'.
2300 5504 2371 5560 Σὶ
2425 5499 2650 5567 δικαίως
2693 5508 2794 5573 τῆς
2845 5503 3134 5580 καρτερίας
3189 5501 3493 5578 ἐθαύμασαν
3547 5505 3755 5582 ἂνθρω-

2094 5618 2215 5672 ποι,
2239 5591 2467 5673 ἄγγελοι
2501 5591 2558 5650 δὲ
2609 5591 2837 5656 εἰκότως
2895 5593 2995 5664 τήν
3052 5591 3282 5666 ἄθλησιν
3342 5594 3640 5671 ἐκρότησάν
3697 5618 3758 5654 τε
