  <div class='ocr_page' id='page_1' title='image "/cluster/home/n/w/nwhite01/storage/ocr_20150623/96:no.3/coo.31924054870005/422.png"; bbox 0 0 4160 6404; ppageno 0'>
   <div class='ocr_carea' id='block_1_1' title="bbox 311 371 422 428">
    <p class='ocr_par' dir='ltr' id='par_1_1' title="bbox 311 371 422 428">
     <span class='ocr_line' id='line_1_1' title="bbox 311 371 422 428; baseline 0 0"><span class='ocrx_word' id='word_1_1' title='bbox 311 371 422 428; x_wconf 83' lang='lat'>809</span> 
     </span>
    </p>
   </div>
   <div class='ocr_carea' id='block_1_2' title="bbox 1463 366 2589 429">
    <p class='ocr_par' dir='ltr' id='par_1_2' title="bbox 1463 366 2589 429">
     <span class='ocr_line' id='line_1_2' title="bbox 1463 366 2589 429; baseline 0.005 -6"><span class='ocrx_word' id='word_1_2' title='bbox 1463 366 1831 426; x_wconf 78' lang='lat' dir='ltr'>LAUDATIO</span> <span class='ocrx_word' id='word_1_3' title='bbox 1864 370 1925 423; x_wconf 77' lang='grc' dir='ltr'>Β.</span> <span class='ocrx_word' id='word_1_4' title='bbox 1963 368 2327 427; x_wconf 68' lang='grc' dir='ltr'>ΒΔΒΒΔΒΒ</span> <span class='ocrx_word' id='word_1_5' title='bbox 2366 372 2589 429; x_wconf 77' lang='lat' dir='ltr'><strong>MART.</strong></span> 
     </span>
    </p>
   </div>
   <div class='ocr_carea' id='block_1_3' title="bbox 3632 378 3746 432">
    <p class='ocr_par' dir='ltr' id='par_1_3' title="bbox 3632 378 3746 432">
     <span class='ocr_line' id='line_1_3' title="bbox 3632 378 3746 432; baseline 0 0"><span class='ocrx_word' id='word_1_6' title='bbox 3632 378 3746 432; x_wconf 90' lang='grc'>810</span> 
     </span>
    </p>
   </div>
   <div class='ocr_carea' id='block_1_4' title="bbox 303 485 1997 565">
    <p class='ocr_par' dir='ltr' id='par_1_4' title="bbox 303 485 1976 565">
     <span class='ocr_line' id='line_1_4' title="bbox 303 485 1976 565; baseline -0.004 -18"><span class='ocrx_word' id='word_1_7' title='bbox 303 494 401 548; x_wconf 82' lang='grc' dir='ltr'>καὶ</span> <span class='ocrx_word' id='word_1_8' title='bbox 432 491 705 565; x_wconf 75' lang='grc' dir='ltr'>ὕμνησαν,</span> <span class='ocrx_word' id='word_1_9' title='bbox 750 488 803 543; x_wconf 72' lang='grc' dir='ltr'>οἱ</span> <span class='ocrx_word' id='word_1_10' title='bbox 861 487 919 544; x_wconf 76' lang='grc' dir='ltr'>δὶ</span> <span class='ocrx_word' id='word_1_11' title='bbox 975 485 1258 562; x_wconf 82' lang='grc' dir='ltr'>δαίμονες,</span> <span class='ocrx_word' id='word_1_12' title='bbox 1309 490 1409 557; x_wconf 67' lang='grc' dir='ltr'>τὴν</span> <span class='ocrx_word' id='word_1_13' title='bbox 1472 490 1571 556; x_wconf 76' lang='grc' dir='ltr'>σὴν</span> <span class='ocrx_word' id='word_1_14' title='bbox 1607 485 1884 561; x_wconf 80' lang='grc' dir='ltr'>ὑμνῳδίαν</span> <span class='ocrx_word' id='word_1_15' title='bbox 1917 507 1976 541; x_wconf 88' lang='grc' dir='ltr'>τε</span> 
     </span>
    </p>
   </div>
   <div class='ocr_carea' id='block_1_5' title="bbox 2109 485 3744 565">
    <p class='ocr_par' dir='ltr' id='par_1_5' title="bbox 2109 492 3744 562">
     <span class='ocr_line' id='line_1_5' title="bbox 2109 492 3744 562; baseline 0.006 -18"><span class='ocrx_word' id='word_1_16' title='bbox 2109 495 2147 545; x_wconf 69' lang='lat' dir='ltr'>et</span> <span class='ocrx_word' id='word_1_17' title='bbox 2178 492 2416 562; x_wconf 86' lang='lat' dir='ltr'>hymnis</span> <span class='ocrx_word' id='word_1_18' title='bbox 2440 495 2853 552; x_wconf 76' lang='lat' dir='ltr'>celebrarunt:</span> <span class='ocrx_word' id='word_1_19' title='bbox 2885 498 3188 552; x_wconf 73' lang='lat' dir='ltr'>daamones</span> <span class='ocrx_word' id='word_1_20' title='bbox 3209 504 3308 553; x_wconf 83' lang='lat' dir='ltr'>tua</span> <span class='ocrx_word' id='word_1_21' title='bbox 3328 498 3573 553; x_wconf 87' lang='lat' dir='ltr'>laudum</span> <span class='ocrx_word' id='word_1_22' title='bbox 3600 516 3744 554; x_wconf 91' lang='lat' dir='ltr'>can-</span> 
     </span>
    </p>
   </div>
   <div class='ocr_carea' id='block_1_6' title="bbox 314 572 1979 656">
    <p class='ocr_par' dir='ltr' id='par_1_6' title="bbox 314 572 1979 656">
     <span class='ocr_line' id='line_1_6' title="bbox 314 572 1979 656; baseline -0.004 -19"><span class='ocrx_word' id='word_1_23' title='bbox 314 581 411 637; x_wconf 87' lang='lat' dir='ltr'>xui</span> <span class='ocrx_word' id='word_1_24' title='bbox 465 578 711 635; x_wconf 78' lang='grc' dir='ltr'>ἔνστασιν</span> <span class='ocrx_word' id='word_1_25' title='bbox 790 576 1028 656; x_wconf 76' lang='grc' dir='ltr'>ἔφριξαν,</span> <span class='ocrx_word' id='word_1_26' title='bbox 1115 579 1205 634; x_wconf 88' lang='lat' dir='ltr'>xui</span> <span class='ocrx_word' id='word_1_27' title='bbox 1276 578 1567 651; x_wconf 73' lang='grc' dir='ltr'>αἰσχύνην,</span> <span class='ocrx_word' id='word_1_28' title='bbox 1626 578 1716 632; x_wconf 86' lang='lat' dir='ltr'>xui</span> <span class='ocrx_word' id='word_1_29' title='bbox 1771 572 1979 637; x_wconf 77' lang='grc' dir='ltr'>ὄνειδος</span> 
     </span>
    </p>
   </div>
   <div class='ocr_carea' id='block_1_7' title="bbox 315 666 1978 743">
    <p class='ocr_par' dir='ltr' id='par_1_7' title="bbox 315 666 1978 743">
     <span class='ocr_line' id='line_1_7' title="bbox 315 666 1978 743; baseline -0.004 -18"><span class='ocrx_word' id='word_1_30' title='bbox 315 670 544 725; x_wconf 73' lang='grc' dir='ltr'>αἰώνιον</span> <span class='ocrx_word' id='word_1_31' title='bbox 577 669 951 743; x_wconf 80' lang='grc' dir='ltr'>ἠμφιάσαντο.</span> <span class='ocrx_word' id='word_1_32' title='bbox 1010 668 1097 729; x_wconf 80' lang='grc' dir='ltr'>Ὠς</span> <span class='ocrx_word' id='word_1_33' title='bbox 1154 666 1217 721; x_wconf 71' lang='grc' dir='ltr'>τὰ</span> <span class='ocrx_word' id='word_1_34' title='bbox 1271 666 1509 738; x_wconf 85' lang='grc' dir='ltr'>θηλυκὸν</span> <span class='ocrx_word' id='word_1_35' title='bbox 1552 668 1641 721; x_wconf 85' lang='grc' dir='ltr'>καὶ</span> <span class='ocrx_word' id='word_1_36' title='bbox 1673 672 1978 740; x_wconf 77' lang='grc' dir='ltr'>γυναικεῖον</span> 
     </span>
    </p>
   </div>
   <div class='ocr_carea' id='block_1_8' title="bbox 313 754 1984 838">
    <p class='ocr_par' dir='ltr' id='par_1_8' title="bbox 313 754 1984 838">
     <span class='ocr_line' id='line_1_8' title="bbox 313 754 1984 838; baseline -0.004 -24"><span class='ocrx_word' id='word_1_37' title='bbox 313 760 490 838; x_wconf 72' lang='grc' dir='ltr'>φύλον</span> <span class='ocrx_word' id='word_1_38' title='bbox 556 756 1042 832; x_wconf 72' lang='grc' dir='ltr'>ἐγκαλκωπίζεται,</span> <span class='ocrx_word' id='word_1_39' title='bbox 1123 756 1213 810; x_wconf 84' lang='grc' dir='ltr'>καὶ</span> <span class='ocrx_word' id='word_1_40' title='bbox 1291 756 1627 829; x_wconf 80' lang='grc' dir='ltr'>σεμνύνεται,</span> <span class='ocrx_word' id='word_1_41' title='bbox 1701 757 1791 810; x_wconf 84' lang='grc' dir='ltr'>καὶ</span> <span class='ocrx_word' id='word_1_42' title='bbox 1845 754 1984 828; x_wconf 74' lang='grc' dir='ltr'>πρὸς</span> 
     </span>
    </p>
   </div>
   <div class='ocr_carea' id='block_1_9' title="bbox 316 842 1985 923">
    <p class='ocr_par' dir='ltr' id='par_1_9' title="bbox 316 842 1985 923">
     <span class='ocr_line' id='line_1_9' title="bbox 316 842 1985 923; baseline -0.004 -18"><span class='ocrx_word' id='word_1_43' title='bbox 316 846 606 923; x_wconf 73' lang='grc' dir='ltr'>εὐανδρίαν</span> <span class='ocrx_word' id='word_1_44' title='bbox 662 851 781 903; x_wconf 79' lang='grc' dir='ltr'>τοῖς</span> <span class='ocrx_word' id='word_1_45' title='bbox 841 851 957 907; x_wconf 91' lang='grc' dir='ltr'>σοῖς</span> <span class='ocrx_word' id='word_1_46' title='bbox 1013 844 1205 909; x_wconf 84' lang='grc' dir='ltr'>ἄθλοις</span> <span class='ocrx_word' id='word_1_47' title='bbox 1266 848 1699 919; x_wconf 88' lang='grc' dir='ltr'>θαρσοποιεῖται,</span> <span class='ocrx_word' id='word_1_48' title='bbox 1752 846 1844 899; x_wconf 85' lang='grc' dir='ltr'>καὶ</span> <span class='ocrx_word' id='word_1_49' title='bbox 1887 842 1985 898; x_wconf 87' lang='grc' dir='ltr'>ἐπ-</span> 
     </span>
    </p>
   </div>
   <div class='ocr_carea' id='block_1_10' title="bbox 311 933 1983 1015">
    <p class='ocr_par' dir='ltr' id='par_1_10' title="bbox 311 933 1983 1015">
     <span class='ocr_line' id='line_1_10' title="bbox 311 933 1983 1015; baseline -0.004 -22"><span class='ocrx_word' id='word_1_50' title='bbox 311 937 598 1015; x_wconf 78' lang='grc' dir='ltr'>αλείφεται</span> <span class='ocrx_word' id='word_1_51' title='bbox 632 937 643 991; x_wconf 86' lang='lat' dir='ltr'>l</span> <span class='ocrx_word' id='word_1_52' title='bbox 681 937 768 991; x_wconf 83' lang='grc' dir='ltr'>Ἐν</span> <span class='ocrx_word' id='word_1_53' title='bbox 832 935 917 989; x_wconf 80' lang='grc' dir='ltr'>σοὶ</span> <span class='ocrx_word' id='word_1_54' title='bbox 968 934 1296 1012; x_wconf 76' lang='grc' dir='ltr'>προσφόρως</span> <span class='ocrx_word' id='word_1_55' title='bbox 1355 937 1389 1004; x_wconf 80' lang='grc' dir='ltr'>ἡ</span> <span class='ocrx_word' id='word_1_56' title='bbox 1449 936 1755 1008; x_wconf 70' lang='grc' dir='ltr'>προμήτωρ</span> <span class='ocrx_word' id='word_1_57' title='bbox 1790 933 1983 1008; x_wconf 81' lang='grc' dir='ltr'>ἐγκαυ-</span> 
     </span>
    </p>
   </div>
   <div class='ocr_carea' id='block_1_11' title="bbox 316 1022 1982 1103">
    <p class='ocr_par' dir='ltr' id='par_1_11' title="bbox 316 1022 1982 1103">
     <span class='ocr_line' id='line_1_11' title="bbox 316 1022 1982 1103; baseline -0.004 -21"><span class='ocrx_word' id='word_1_58' title='bbox 316 1032 512 1103; x_wconf 86' lang='grc' dir='ltr'>χᾶται,</span> <span class='ocrx_word' id='word_1_59' title='bbox 569 1023 656 1080; x_wconf 87' lang='grc' dir='ltr'>καὶ</span> <span class='ocrx_word' id='word_1_60' title='bbox 722 1024 971 1098; x_wconf 89' lang='grc' dir='ltr'>γέγηθεν,</span> <span class='ocrx_word' id='word_1_61' title='bbox 1034 1024 1110 1085; x_wconf 87' lang='grc' dir='ltr'>ὡς</span> <span class='ocrx_word' id='word_1_62' title='bbox 1167 1025 1454 1099; x_wconf 79' lang='grc' dir='ltr'>θυγάτριον</span> <span class='ocrx_word' id='word_1_63' title='bbox 1508 1023 1845 1095; x_wconf 72' lang='grc' dir='ltr'>κτησαμένη,</span> <span class='ocrx_word' id='word_1_64' title='bbox 1890 1022 1982 1075; x_wconf 89' lang='grc' dir='ltr'>τὸν</span> 
     </span>
    </p>
   </div>
   <div class='ocr_carea' id='block_1_12' title="bbox 321 1109 1983 1188">
    <p class='ocr_par' dir='ltr' id='par_1_12' title="bbox 321 1109 1983 1188">
     <span class='ocr_line' id='line_1_12' title="bbox 321 1109 1983 1188; baseline -0.005 -15"><span class='ocrx_word' id='word_1_65' title='bbox 321 1116 533 1185; x_wconf 79' lang='grc' dir='ltr'>ἐκείνην</span> <span class='ocrx_word' id='word_1_66' title='bbox 588 1111 1067 1169; x_wconf 88' lang='grc' dir='ltr'>καταπαλαίσαντα</span> <span class='ocrx_word' id='word_1_67' title='bbox 1139 1114 1438 1167; x_wconf 74' lang='grc' dir='ltr'>ἀντίπαλον</span> <span class='ocrx_word' id='word_1_68' title='bbox 1499 1110 1766 1188; x_wconf 80' lang='grc' dir='ltr'>δράκοντα</span> <span class='ocrx_word' id='word_1_69' title='bbox 1831 1109 1983 1172; x_wconf 73' lang='grc' dir='ltr'>αὖθις</span> 
     </span>
    </p>
   </div>
   <div class='ocr_carea' id='block_1_13' title="bbox 321 1202 1984 1276">
    <p class='ocr_par' dir='ltr' id='par_1_13' title="bbox 321 1202 1984 1276">
     <span class='ocr_line' id='line_1_13' title="bbox 321 1202 1984 1276; baseline -0.004 -14"><span class='ocrx_word' id='word_1_70' title='bbox 321 1203 723 1271; x_wconf 83' lang='grc' dir='ltr'>ἀναπαλαῖσαν,</span> <span class='ocrx_word' id='word_1_71' title='bbox 777 1205 869 1257; x_wconf 84' lang='grc' dir='ltr'>καὶ</span> <span class='ocrx_word' id='word_1_72' title='bbox 931 1202 1248 1276; x_wconf 80' lang='grc' dir='ltr'>ἀνατρέψαν,</span> <span class='ocrx_word' id='word_1_73' title='bbox 1308 1204 1398 1258; x_wconf 85' lang='grc' dir='ltr'>καὶ</span> <span class='ocrx_word' id='word_1_74' title='bbox 1454 1204 1554 1271; x_wconf 76' lang='grc' dir='ltr'>τήν</span> <span class='ocrx_word' id='word_1_75' title='bbox 1595 1202 1752 1273; x_wconf 88' lang='grc' dir='ltr'>νίκην</span> <span class='ocrx_word' id='word_1_76' title='bbox 1786 1203 1984 1256; x_wconf 75' lang='grc' dir='ltr'>ἀνακα-</span> 
     </span>
    </p>
   </div>
   <div class='ocr_carea' id='block_1_14' title="bbox 324 1292 1984 1368">
    <p class='ocr_par' dir='ltr' id='par_1_14' title="bbox 324 1292 1984 1368">
     <span class='ocr_line' id='line_1_14' title="bbox 324 1292 1984 1368; baseline -0.004 -16"><span class='ocrx_word' id='word_1_77' title='bbox 324 1294 650 1368; x_wconf 77' lang='grc' dir='ltr'>λεσάμενον,</span> <span class='ocrx_word' id='word_1_78' title='bbox 710 1294 797 1348; x_wconf 89' lang='lat' dir='ltr'>xui</span> <span class='ocrx_word' id='word_1_79' title='bbox 860 1292 1092 1368; x_wconf 85' lang='grc' dir='ltr'>λαμπρά</span> <span class='ocrx_word' id='word_1_80' title='bbox 1143 1294 1262 1347; x_wconf 91' lang='grc' dir='ltr'>κατ’</span> <span class='ocrx_word' id='word_1_81' title='bbox 1317 1293 1482 1347; x_wconf 81' lang='grc' dir='ltr'>αὐτοῦ</span> <span class='ocrx_word' id='word_1_82' title='bbox 1536 1292 1804 1365; x_wconf 76' lang='grc' dir='ltr'>ἀράμενον</span> <span class='ocrx_word' id='word_1_83' title='bbox 1854 1292 1984 1366; x_wconf 86' lang='grc' dir='ltr'>τρό-</span> 
     </span>
    </p>
   </div>
   <div class='ocr_carea' id='block_1_15' title="bbox 317 1384 1980 1460">
    <p class='ocr_par' dir='ltr' id='par_1_15' title="bbox 317 1384 1980 1460">
     <span class='ocr_line' id='line_1_15' title="bbox 317 1384 1980 1460; baseline -0.005 -17"><span class='ocrx_word' id='word_1_84' title='bbox 317 1409 476 1444; x_wconf 87' lang='grc' dir='ltr'>παια.</span> <span class='ocrx_word' id='word_1_85' title='bbox 514 1387 585 1441; x_wconf 78' lang='grc' dir='ltr'>Σὶ</span> <span class='ocrx_word' id='word_1_86' title='bbox 610 1388 646 1455; x_wconf 80' lang='grc' dir='ltr'>ἠ</span> <span class='ocrx_word' id='word_1_87' title='bbox 677 1390 785 1440; x_wconf 88' lang='grc' dir='ltr'>τῶν</span> <span class='ocrx_word' id='word_1_88' title='bbox 838 1384 1009 1459; x_wconf 85' lang='grc' dir='ltr'>ἁγίων</span> <span class='ocrx_word' id='word_1_89' title='bbox 1055 1384 1177 1460; x_wconf 88' lang='grc' dir='ltr'>ἀγία</span> <span class='ocrx_word' id='word_1_90' title='bbox 1227 1386 1491 1446; x_wconf 89' lang='grc' dir='ltr'>Θεοτόκος</span> <span class='ocrx_word' id='word_1_91' title='bbox 1524 1385 1614 1438; x_wconf 83' lang='grc' dir='ltr'>καὶ</span> <span class='ocrx_word' id='word_1_92' title='bbox 1647 1384 1980 1458; x_wconf 78' lang='grc' dir='ltr'>προμήτωρ,</span> 
     </span>
    </p>
   </div>
   <div class='ocr_carea' id='block_1_16' title="bbox 317 1470 1981 1549">
    <p class='ocr_par' dir='ltr' id='par_1_16' title="bbox 317 1470 1981 1549">
     <span class='ocr_line' id='line_1_16' title="bbox 317 1470 1981 1549; baseline -0.004 -18"><span class='ocrx_word' id='word_1_93' title='bbox 317 1475 588 1549; x_wconf 86' lang='grc' dir='ltr'>παρθένος</span> <span class='ocrx_word' id='word_1_94' title='bbox 621 1474 710 1528; x_wconf 87' lang='grc' dir='ltr'>καὶ</span> <span class='ocrx_word' id='word_1_95' title='bbox 762 1474 1087 1545; x_wconf 77' lang='grc' dir='ltr'>Θεομήτωρ,</span> <span class='ocrx_word' id='word_1_96' title='bbox 1122 1475 1156 1541; x_wconf 76' lang='grc' dir='ltr'>ἡ</span> <span class='ocrx_word' id='word_1_97' title='bbox 1189 1473 1250 1526; x_wconf 86' lang='grc' dir='ltr'>τὸ</span> <span class='ocrx_word' id='word_1_98' title='bbox 1309 1470 1450 1541; x_wconf 79' lang='grc' dir='ltr'>θῆλυ</span> <span class='ocrx_word' id='word_1_99' title='bbox 1482 1474 1576 1544; x_wconf 88' lang='grc' dir='ltr'>μέν</span> <span class='ocrx_word' id='word_1_100' title='bbox 1608 1470 1764 1546; x_wconf 87' lang='grc' dir='ltr'>γένος</span> <span class='ocrx_word' id='word_1_101' title='bbox 1790 1472 1981 1543; x_wconf 81' lang='grc' dir='ltr'>πρώτη</span> 
     </span>
    </p>
   </div>
   <div class='ocr_carea' id='block_1_17' title="bbox 320 1558 1984 1638">
    <p class='ocr_par' dir='ltr' id='par_1_17' title="bbox 320 1558 1984 1638">
     <span class='ocr_line' id='line_1_17' title="bbox 320 1558 1984 1638; baseline -0.004 -18"><span class='ocrx_word' id='word_1_102' title='bbox 320 1566 412 1621; x_wconf 87' lang='lat' dir='ltr'>xui</span> <span class='ocrx_word' id='word_1_103' title='bbox 452 1565 592 1638; x_wconf 87' lang='grc' dir='ltr'>μόνη</span> <span class='ocrx_word' id='word_1_104' title='bbox 630 1561 919 1633; x_wconf 78' lang='grc' dir='ltr'>δοξάσασα,</span> <span class='ocrx_word' id='word_1_105' title='bbox 976 1564 1189 1615; x_wconf 76' lang='grc' dir='ltr'>πάντων</span> <span class='ocrx_word' id='word_1_106' title='bbox 1234 1560 1290 1615; x_wconf 76' lang='grc' dir='ltr'>δὲ</span> <span class='ocrx_word' id='word_1_107' title='bbox 1342 1561 1580 1637; x_wconf 70' lang='grc' dir='ltr'>ἀρῥένων</span> <span class='ocrx_word' id='word_1_108' title='bbox 1613 1564 1704 1615; x_wconf 88' lang='grc' dir='ltr'><strong>καί</strong></span> <span class='ocrx_word' id='word_1_109' title='bbox 1736 1558 1984 1629; x_wconf 83' lang='grc' dir='ltr'>θηλύων,</span> 
     </span>
    </p>
   </div>
   <div class='ocr_carea' id='block_1_18' title="bbox 327 1651 1987 1731">
    <p class='ocr_par' dir='ltr' id='par_1_18' title="bbox 327 1651 1987 1731">
     <span class='ocr_line' id='line_1_18' title="bbox 327 1651 1987 1731; baseline -0.005 -20"><span class='ocrx_word' id='word_1_110' title='bbox 327 1655 593 1731; x_wconf 79' lang='grc' dir='ltr'>οὐρανίως</span> <span class='ocrx_word' id='word_1_111' title='bbox 652 1674 709 1708; x_wconf 86' lang='grc' dir='ltr'>τε</span> <span class='ocrx_word' id='word_1_112' title='bbox 765 1653 856 1707; x_wconf 85' lang='grc' dir='ltr'>καὶ</span> <span class='ocrx_word' id='word_1_113' title='bbox 917 1651 1172 1726; x_wconf 81' lang='grc' dir='ltr'>ἐπιγείων</span> <span class='ocrx_word' id='word_1_114' title='bbox 1223 1652 1546 1720; x_wconf 80' lang='grc' dir='ltr'>ἀνάσαουσα,</span> <span class='ocrx_word' id='word_1_115' title='bbox 1606 1652 1681 1713; x_wconf 83' lang='grc' dir='ltr'>ὡς</span> <span class='ocrx_word' id='word_1_116' title='bbox 1731 1656 1827 1705; x_wconf 74' lang='grc' dir='ltr'>τοῦ</span> <span class='ocrx_word' id='word_1_117' title='bbox 1858 1652 1987 1703; x_wconf 65' lang='grc' dir='ltr'>παν-</span> 
     </span>
    </p>
   </div>
   <div class='ocr_carea' id='block_1_19' title="bbox 330 1739 1984 1815">
    <p class='ocr_par' dir='ltr' id='par_1_19' title="bbox 330 1739 1984 1815">
     <span class='ocr_line' id='line_1_19' title="bbox 330 1739 1984 1815; baseline -0.005 -15"><span class='ocrx_word' id='word_1_118' title='bbox 330 1766 443 1801; x_wconf 85' lang='grc' dir='ltr'>των</span> <span class='ocrx_word' id='word_1_119' title='bbox 496 1742 851 1810; x_wconf 76' lang='grc' dir='ltr'>δεσπόζοντος</span> <span class='ocrx_word' id='word_1_120' title='bbox 914 1744 1100 1814; x_wconf 79' lang='grc' dir='ltr'>μήτηρ</span> <span class='ocrx_word' id='word_1_121' title='bbox 1160 1740 1569 1815; x_wconf 86' lang='grc' dir='ltr'>χρηματίσασα,</span> <span class='ocrx_word' id='word_1_122' title='bbox 1604 1739 1654 1793; x_wconf 86' lang='grc' dir='ltr'>ἐν</span> <span class='ocrx_word' id='word_1_123' title='bbox 1689 1740 1984 1814; x_wconf 69' lang='grc' dir='ltr'>γυναικείῳ</span> 
     </span>
    </p>
   </div>
   <div class='ocr_carea' id='block_1_20' title="bbox 2099 582 3743 657">
    <p class='ocr_par' dir='ltr' id='par_1_20' title="bbox 2099 582 3743 657">
     <span class='ocr_line' id='line_1_20' title="bbox 2099 582 3743 657; baseline 0.005 -22"><span class='ocrx_word' id='word_1_124' title='bbox 2099 582 2213 637; x_wconf 91' lang='lat' dir='ltr'>tica</span> <span class='ocrx_word' id='word_1_125' title='bbox 2261 590 2318 637; x_wconf 92' lang='lat' dir='ltr'>et</span> <span class='ocrx_word' id='word_1_126' title='bbox 2365 586 2765 641; x_wconf 90' lang='lat' dir='ltr'>resistentiam</span> <span class='ocrx_word' id='word_1_127' title='bbox 2826 589 3283 651; x_wconf 79' lang='lat' dir='ltr'>exhorruerunt,</span> <span class='ocrx_word' id='word_1_128' title='bbox 3335 604 3401 641; x_wconf 91' lang='lat' dir='ltr'>ac</span> <span class='ocrx_word' id='word_1_129' title='bbox 3452 588 3743 657; x_wconf 86' lang='lat' dir='ltr'>pudorem</span> 
     </span>
    </p>
   </div>
   <div class='ocr_carea' id='block_1_21' title="bbox 2092 671 3747 745">
    <p class='ocr_par' dir='ltr' id='par_1_21' title="bbox 2092 671 3747 745">
     <span class='ocr_line' id='line_1_21' title="bbox 2092 671 3747 745; baseline 0.004 -21"><span class='ocrx_word' id='word_1_130' title='bbox 2092 671 2495 743; x_wconf 88' lang='lat' dir='ltr'>probrumque</span> <span class='ocrx_word' id='word_1_131' title='bbox 2530 677 2959 745; x_wconf 90' lang='lat' dir='ltr'>sempiternum</span> <span class='ocrx_word' id='word_1_132' title='bbox 2986 677 3331 731; x_wconf 89' lang='lat' dir='ltr'>induerunt.</span> <span class='ocrx_word' id='word_1_133' title='bbox 3360 677 3544 740; x_wconf 88' lang='lat' dir='ltr'>Quam</span> <span class='ocrx_word' id='word_1_134' title='bbox 3579 677 3747 731; x_wconf 84' lang='lat' dir='ltr'>deco-</span> 
     </span>
    </p>
   </div>
   <div class='ocr_carea' id='block_1_22' title="bbox 2093 763 3746 829">
    <p class='ocr_par' dir='ltr' id='par_1_22' title="bbox 2093 763 3746 829">
     <span class='ocr_line' id='line_1_22' title="bbox 2093 763 3746 829; baseline 0.002 -15"><span class='ocrx_word' id='word_1_135' title='bbox 2093 766 2258 815; x_wconf 82' lang='lat' dir='ltr'>ratur</span> <span class='ocrx_word' id='word_1_136' title='bbox 2288 768 2347 815; x_wconf 90' lang='lat' dir='ltr'>et</span> <span class='ocrx_word' id='word_1_137' title='bbox 2379 763 2727 819; x_wconf 89' lang='lat' dir='ltr'>honestatur</span> <span class='ocrx_word' id='word_1_138' title='bbox 2755 765 3051 820; x_wconf 90' lang='lat' dir='ltr'>femineus</span> <span class='ocrx_word' id='word_1_139' title='bbox 3095 782 3162 820; x_wconf 91' lang='lat' dir='ltr'>ac</span> <span class='ocrx_word' id='word_1_140' title='bbox 3210 764 3521 819; x_wconf 87' lang='lat' dir='ltr'>muliebris</span> <span class='ocrx_word' id='word_1_141' title='bbox 3550 782 3746 829; x_wconf 84' lang='lat' dir='ltr'>sexus,</span> 
     </span>
    </p>
   </div>
   <div class='ocr_carea' id='block_1_23' title="bbox 2093 850 3751 921">
    <p class='ocr_par' dir='ltr' id='par_1_23' title="bbox 2093 850 3751 921">
     <span class='ocr_line' id='line_1_23' title="bbox 2093 850 3751 921; baseline 0.002 -18"><span class='ocrx_word' id='word_1_142' title='bbox 2093 850 2328 921; x_wconf 82' lang='lat' dir='ltr'>tuisque</span> <span class='ocrx_word' id='word_1_143' title='bbox 2362 854 2787 909; x_wconf 85' lang='lat' dir='ltr'>certaminibus</span> <span class='ocrx_word' id='word_1_144' title='bbox 2823 855 2894 909; x_wconf 91' lang='lat' dir='ltr'>ad</span> <span class='ocrx_word' id='word_1_145' title='bbox 2935 854 3166 908; x_wconf 86' lang='lat' dir='ltr'>virilem</span> <span class='ocrx_word' id='word_1_146' title='bbox 3198 854 3611 908; x_wconf 85' lang='lat' dir='ltr'>fortitudinem</span> <span class='ocrx_word' id='word_1_147' title='bbox 3645 871 3751 907; x_wconf 89' lang='lat' dir='ltr'>au-</span> 
     </span>
    </p>
   </div>
   <div class='ocr_carea' id='block_1_24' title="bbox 2094 939 3752 1014">
    <p class='ocr_par' dir='ltr' id='par_1_24' title="bbox 2094 939 3752 1014">
     <span class='ocr_line' id='line_1_24' title="bbox 2094 939 3752 1014; baseline 0.002 -21"><span class='ocrx_word' id='word_1_148' title='bbox 2094 939 2269 995; x_wconf 89' lang='lat' dir='ltr'>daces</span> <span class='ocrx_word' id='word_1_149' title='bbox 2296 942 2528 996; x_wconf 89' lang='lat' dir='ltr'>animos</span> <span class='ocrx_word' id='word_1_150' title='bbox 2570 944 2839 1010; x_wconf 84' lang='lat' dir='ltr'>assumit,</span> <span class='ocrx_word' id='word_1_151' title='bbox 2889 950 2946 997; x_wconf 93' lang='lat' dir='ltr'>et</span> <span class='ocrx_word' id='word_1_152' title='bbox 2997 944 3334 998; x_wconf 83' lang='lat' dir='ltr'>animatur!</span> <span class='ocrx_word' id='word_1_153' title='bbox 3372 946 3435 997; x_wconf 93' lang='lat' dir='ltr'>In</span> <span class='ocrx_word' id='word_1_154' title='bbox 3469 950 3524 998; x_wconf 92' lang='lat' dir='ltr'>te</span> <span class='ocrx_word' id='word_1_155' title='bbox 3558 943 3752 1014; x_wconf 87' lang='lat' dir='ltr'>prima</span> 
     </span>
    </p>
   </div>
   <div class='ocr_carea' id='block_1_25' title="bbox 2093 1032 3751 1105">
    <p class='ocr_par' dir='ltr' id='par_1_25' title="bbox 2093 1032 3751 1105">
     <span class='ocr_line' id='line_1_25' title="bbox 2093 1032 3751 1105; baseline 0.002 -22"><span class='ocrx_word' id='word_1_156' title='bbox 2093 1032 2327 1101; x_wconf 82' lang='lat' dir='ltr'>generis</span> <span class='ocrx_word' id='word_1_157' title='bbox 2359 1049 2572 1101; x_wconf 88' lang='lat' dir='ltr'>parens</span> <span class='ocrx_word' id='word_1_158' title='bbox 2632 1050 2887 1103; x_wconf 81' lang='lat' dir='ltr'>congrue</span> <span class='ocrx_word' id='word_1_159' title='bbox 2940 1034 3224 1104; x_wconf 79' lang='lat' dir='ltr'>gloriatur</span> <span class='ocrx_word' id='word_1_160' title='bbox 3266 1050 3331 1087; x_wconf 92' lang='lat' dir='ltr'>ac</span> <span class='ocrx_word' id='word_1_161' title='bbox 3385 1034 3578 1105; x_wconf 80' lang='lat' dir='ltr'>gestit,</span> <span class='ocrx_word' id='word_1_162' title='bbox 3614 1049 3751 1087; x_wconf 90' lang='lat' dir='ltr'>cum</span> 
     </span>
    </p>
   </div>
   <div class='ocr_carea' id='block_1_26' title="bbox 2095 1118 3750 1192">
    <p class='ocr_par' dir='ltr' id='par_1_26' title="bbox 2095 1118 3750 1192">
     <span class='ocr_line' id='line_1_26' title="bbox 2095 1118 3750 1192; baseline 0.002 -20"><span class='ocrx_word' id='word_1_163' title='bbox 2095 1118 2285 1173; x_wconf 79' lang='lat' dir='ltr'>illium</span> <span class='ocrx_word' id='word_1_164' title='bbox 2318 1120 2531 1191; x_wconf 88' lang='lat' dir='ltr'>adepta</span> <span class='ocrx_word' id='word_1_165' title='bbox 2563 1122 2657 1187; x_wconf 90' lang='lat' dir='ltr'>sit,</span> <span class='ocrx_word' id='word_1_166' title='bbox 2695 1140 2824 1192; x_wconf 66' lang='lat' dir='ltr'>qua:</span> <span class='ocrx_word' id='word_1_167' title='bbox 2858 1122 3280 1189; x_wconf 89' lang='lat' dir='ltr'>adversarium,</span> <span class='ocrx_word' id='word_1_168' title='bbox 3306 1138 3338 1176; x_wconf 93' lang='lat' dir='ltr'>a</span> <span class='ocrx_word' id='word_1_169' title='bbox 3372 1140 3487 1191; x_wconf 88' lang='lat' dir='ltr'>quo</span> <span class='ocrx_word' id='word_1_170' title='bbox 3522 1122 3626 1175; x_wconf 90' lang='lat' dir='ltr'>illa</span> <span class='ocrx_word' id='word_1_171' title='bbox 3650 1121 3750 1175; x_wconf 89' lang='lat' dir='ltr'>de-</span> 
     </span>
    </p>
   </div>
   <div class='ocr_carea' id='block_1_27' title="bbox 2093 1208 3753 1281">
    <p class='ocr_par' dir='ltr' id='par_1_27' title="bbox 2093 1208 3753 1281">
     <span class='ocr_line' id='line_1_27' title="bbox 2093 1208 3753 1281; baseline 0.002 -21"><span class='ocrx_word' id='word_1_172' title='bbox 2093 1208 2245 1263; x_wconf 85' lang='lat' dir='ltr'>victa</span> <span class='ocrx_word' id='word_1_173' title='bbox 2294 1216 2689 1281; x_wconf 90' lang='lat' dir='ltr'>superataque</span> <span class='ocrx_word' id='word_1_174' title='bbox 2733 1217 2877 1277; x_wconf 88' lang='lat' dir='ltr'>erat,</span> <span class='ocrx_word' id='word_1_175' title='bbox 2931 1212 3088 1267; x_wconf 85' lang='lat' dir='ltr'>lucta</span> <span class='ocrx_word' id='word_1_176' title='bbox 3138 1228 3374 1265; x_wconf 89' lang='lat' dir='ltr'>rursum</span> <span class='ocrx_word' id='word_1_177' title='bbox 3430 1212 3658 1273; x_wconf 83' lang='lat' dir='ltr'>vicerit.</span> <span class='ocrx_word' id='word_1_178' title='bbox 3694 1217 3753 1265; x_wconf 93' lang='lat' dir='ltr'>et</span> 
     </span>
    </p>
   </div>
   <div class='ocr_carea' id='block_1_28' title="bbox 2096 1299 3750 1371">
    <p class='ocr_par' dir='ltr' id='par_1_28' title="bbox 2096 1299 3750 1371">
     <span class='ocr_line' id='line_1_28' title="bbox 2096 1299 3750 1371; baseline 0.001 -19"><span class='ocrx_word' id='word_1_179' title='bbox 2096 1299 2391 1362; x_wconf 84' lang='lat' dir='ltr'>everterit,</span> <span class='ocrx_word' id='word_1_180' title='bbox 2453 1300 2900 1371; x_wconf 88' lang='lat' dir='ltr'>instaurataque</span> <span class='ocrx_word' id='word_1_181' title='bbox 2960 1302 3223 1367; x_wconf 80' lang='lat' dir='ltr'>victoria,</span> <span class='ocrx_word' id='word_1_182' title='bbox 3281 1301 3441 1355; x_wconf 89' lang='lat' dir='ltr'>clara</span> <span class='ocrx_word' id='word_1_183' title='bbox 3501 1299 3571 1354; x_wconf 89' lang='lat' dir='ltr'>de</span> <span class='ocrx_word' id='word_1_184' title='bbox 3620 1302 3750 1371; x_wconf 91' lang='lat' dir='ltr'>ipso</span> 
     </span>
    </p>
   </div>
   <div class='ocr_carea' id='block_1_29' title="bbox 2097 1390 3754 1460">
    <p class='ocr_par' dir='ltr' id='par_1_29' title="bbox 2097 1390 3754 1460">
     <span class='ocr_line' id='line_1_29' title="bbox 2097 1390 3754 1460; baseline 0.001 -19"><span class='ocrx_word' id='word_1_185' title='bbox 2097 1395 2318 1460; x_wconf 62' lang='lat' dir='ltr'>trOpaaa</span> <span class='ocrx_word' id='word_1_186' title='bbox 2340 1391 2561 1446; x_wconf 89' lang='lat' dir='ltr'>tulerit.</span> <span class='ocrx_word' id='word_1_187' title='bbox 2586 1393 2661 1445; x_wconf 90' lang='lat' dir='ltr'>Te</span> <span class='ocrx_word' id='word_1_188' title='bbox 2685 1397 2888 1445; x_wconf 86' lang='lat' dir='ltr'>sancta</span> <span class='ocrx_word' id='word_1_189' title='bbox 2908 1397 3243 1445; x_wconf 89' lang='lat' dir='ltr'>sanctorum</span> <span class='ocrx_word' id='word_1_190' title='bbox 3268 1392 3535 1459; x_wconf 88' lang='lat' dir='ltr'>Deipara,</span> <span class='ocrx_word' id='word_1_191' title='bbox 3559 1390 3754 1460; x_wconf 89' lang='lat' dir='ltr'>prima</span> 
     </span>
    </p>
   </div>
   <div class='ocr_carea' id='block_1_30' title="bbox 2097 1478 3749 1551">
    <p class='ocr_par' dir='ltr' id='par_1_30' title="bbox 2097 1478 3749 1551">
     <span class='ocr_line' id='line_1_30' title="bbox 2097 1478 3749 1551; baseline 0.001 -21"><span class='ocrx_word' id='word_1_192' title='bbox 2097 1479 2266 1551; x_wconf 89' lang='lat' dir='ltr'>Virgo</span> <span class='ocrx_word' id='word_1_193' title='bbox 2298 1496 2536 1549; x_wconf 86' lang='lat' dir='ltr'>parens,</span> <span class='ocrx_word' id='word_1_194' title='bbox 2562 1486 2619 1533; x_wconf 92' lang='lat' dir='ltr'>et</span> <span class='ocrx_word' id='word_1_195' title='bbox 2642 1480 2742 1533; x_wconf 88' lang='lat' dir='ltr'>Dei</span> <span class='ocrx_word' id='word_1_196' title='bbox 2774 1485 2983 1546; x_wconf 81' lang='lat' dir='ltr'>mater,</span> <span class='ocrx_word' id='word_1_197' title='bbox 3010 1497 3142 1549; x_wconf 64' lang='lat' dir='ltr'>quaa</span> <span class='ocrx_word' id='word_1_198' title='bbox 3166 1478 3517 1532; x_wconf 89' lang='lat' dir='ltr'>muliebrem</span> <span class='ocrx_word' id='word_1_199' title='bbox 3545 1495 3749 1532; x_wconf 80' lang='lat' dir='ltr'>sexum</span> 
     </span>
    </p>
   </div>
   <div class='ocr_carea' id='block_1_31' title="bbox 2094 1567 3751 1638">
    <p class='ocr_par' dir='ltr' id='par_1_31' title="bbox 2094 1567 3751 1638">
     <span class='ocr_line' id='line_1_31' title="bbox 2094 1567 3751 1638; baseline -0.001 -18"><span class='ocrx_word' id='word_1_200' title='bbox 2094 1567 2288 1637; x_wconf 91' lang='lat' dir='ltr'>prima</span> <span class='ocrx_word' id='word_1_201' title='bbox 2318 1567 2562 1638; x_wconf 87' lang='lat' dir='ltr'>solaque</span> <span class='ocrx_word' id='word_1_202' title='bbox 2613 1568 2979 1627; x_wconf 84' lang='lat' dir='ltr'>clarificavit.</span> <span class='ocrx_word' id='word_1_203' title='bbox 3010 1574 3482 1636; x_wconf 85' lang='lat' dir='ltr'>cunctorumque</span> <span class='ocrx_word' id='word_1_204' title='bbox 3515 1582 3751 1620; x_wconf 53' lang='lat' dir='ltr'>mascuu</span> 
     </span>
    </p>
   </div>
   <div class='ocr_carea' id='block_1_32' title="bbox 2096 1656 3757 1720">
    <p class='ocr_par' dir='ltr' id='par_1_32' title="bbox 2096 1656 3757 1720">
     <span class='ocr_line' id='line_1_32' title="bbox 2096 1656 3757 1720; baseline -0.001 -11"><span class='ocrx_word' id='word_1_205' title='bbox 2096 1656 2289 1711; x_wconf 90' lang='lat' dir='ltr'>lorum</span> <span class='ocrx_word' id='word_1_206' title='bbox 2338 1674 2404 1711; x_wconf 91' lang='lat' dir='ltr'>ac</span> <span class='ocrx_word' id='word_1_207' title='bbox 2452 1658 2835 1720; x_wconf 86' lang='lat' dir='ltr'>feminarum,</span> <span class='ocrx_word' id='word_1_208' title='bbox 2886 1657 3217 1712; x_wconf 76' lang='lat' dir='ltr'>ccelestium</span> <span class='ocrx_word' id='word_1_209' title='bbox 3261 1673 3328 1710; x_wconf 92' lang='lat' dir='ltr'>ac</span> <span class='ocrx_word' id='word_1_210' title='bbox 3380 1656 3757 1709; x_wconf 88' lang='lat' dir='ltr'>terrestrium</span> 
     </span>
    </p>
   </div>
   <div class='ocr_carea' id='block_1_33' title="bbox 2097 1744 3755 1818">
    <p class='ocr_par' dir='ltr' id='par_1_33' title="bbox 2097 1744 3755 1818">
     <span class='ocr_line' id='line_1_33' title="bbox 2097 1744 3755 1818; baseline -0.001 -18"><span class='ocrx_word' id='word_1_211' title='bbox 2097 1746 2315 1817; x_wconf 82' lang='lat' dir='ltr'>Regina</span> <span class='ocrx_word' id='word_1_212' title='bbox 2347 1752 2456 1814; x_wconf 89' lang='lat' dir='ltr'>est,</span> <span class='ocrx_word' id='word_1_213' title='bbox 2491 1752 2775 1817; x_wconf 89' lang='lat' dir='ltr'>tanquam</span> <span class='ocrx_word' id='word_1_214' title='bbox 2810 1747 2939 1818; x_wconf 86' lang='lat' dir='ltr'>ejus</span> <span class='ocrx_word' id='word_1_215' title='bbox 2970 1752 3162 1801; x_wconf 87' lang='lat' dir='ltr'>mater</span> <span class='ocrx_word' id='word_1_216' title='bbox 3198 1746 3298 1816; x_wconf 91' lang='lat' dir='ltr'>qui</span> <span class='ocrx_word' id='word_1_217' title='bbox 3336 1745 3619 1800; x_wconf 89' lang='lat' dir='ltr'>omnibus</span> <span class='ocrx_word' id='word_1_218' title='bbox 3651 1744 3755 1798; x_wconf 85' lang='lat' dir='ltr'>do-</span> 
     </span>
    </p>
   </div>
   <div class='ocr_carea' id='block_1_34' title="bbox 331 1829 1997 1935">
    <p class='ocr_par' dir='ltr' id='par_1_34' title="bbox 331 1829 1983 1935">
     <span class='ocr_line' id='line_1_34' title="bbox 331 1829 1983 1905; baseline -0.004 -17"><span class='ocrx_word' id='word_1_219' title='bbox 331 1833 424 1888; x_wconf 88' lang='lat' dir='ltr'>xui</span> <span class='ocrx_word' id='word_1_220' title='bbox 459 1830 722 1905; x_wconf 78' lang='grc' dir='ltr'>μειρακίῳ</span> <span class='ocrx_word' id='word_1_221' title='bbox 753 1829 980 1902; x_wconf 85' lang='grc' dir='ltr'>σαρκίῳ,</span> <span class='ocrx_word' id='word_1_222' title='bbox 1040 1831 1131 1884; x_wconf 89' lang='grc' dir='ltr'>τὸν</span> <span class='ocrx_word' id='word_1_223' title='bbox 1188 1830 1263 1891; x_wconf 77' lang='grc' dir='ltr'>εἰς</span> <span class='ocrx_word' id='word_1_224' title='bbox 1319 1830 1385 1883; x_wconf 84' lang='grc' dir='ltr'>τά</span> <span class='ocrx_word' id='word_1_225' title='bbox 1437 1831 1645 1904; x_wconf 79' lang='grc' dir='ltr'>ἄμετρα</span> <span class='ocrx_word' id='word_1_226' title='bbox 1688 1830 1983 1902; x_wconf 72' lang='grc' dir='ltr'>καυχώμε·</span> 
     </span>
     <span class='ocr_line' id='line_1_35' title="bbox 550 1916 1943 1935; baseline 0.001 -1"><span class='ocrx_word' id='word_1_227' title='bbox 550 1920 561 1934; x_wconf 77' lang='lat'><strong><em>\</em></strong></span> <span class='ocrx_word' id='word_1_228' title='bbox 642 1921 655 1935; x_wconf 61' lang='grc' dir='ltr'>ἱ</span> <span class='ocrx_word' id='word_1_229' title='bbox 750 1930 766 1935; x_wconf 51' lang='grc' dir='ltr'><strong>Α</strong></span> <span class='ocrx_word' id='word_1_230' title='bbox 793 1917 833 1935; x_wconf 67' lang='lat' dir='ltr'>I‘</span> <span class='ocrx_word' id='word_1_231' title='bbox 1070 1917 1114 1935; x_wconf 74' lang='grc' dir='ltr'>ἰ-</span> <span class='ocrx_word' id='word_1_232' title='bbox 1157 1916 1177 1935; x_wconf 71' lang='lat'><strong>\</strong></span> <span class='ocrx_word' id='word_1_233' title='bbox 1231 1918 1241 1935; x_wconf 85' lang='grc'><strong><em>1</em></strong></span> <span class='ocrx_word' id='word_1_234' title='bbox 1512 1919 1524 1935; x_wconf 57' lang='grc'><strong>1</strong></span> <span class='ocrx_word' id='word_1_235' title='bbox 1621 1920 1633 1935; x_wconf 78' lang='lat'><strong><em>\</em></strong></span> <span class='ocrx_word' id='word_1_236' title='bbox 1757 1918 1770 1935; x_wconf 73' lang='grc'><strong>9</strong></span> <span class='ocrx_word' id='word_1_237' title='bbox 1933 1919 1943 1935; x_wconf 78' lang='grc' dir='ltr'>ο</span> 
     </span>
    </p>
   </div>
   <div class='ocr_carea' id='block_1_35' title="bbox 2109 1829 3751 1935">
    <p class='ocr_par' dir='ltr' id='par_1_35' title="bbox 2109 1834 3751 1906">
     <span class='ocr_line' id='line_1_36' title="bbox 2109 1834 3751 1906; baseline -0.001 -18"><span class='ocrx_word' id='word_1_238' title='bbox 2109 1836 2394 1901; x_wconf 86' lang='lat' dir='ltr'>minatur;</span> <span class='ocrx_word' id='word_1_239' title='bbox 2430 1836 2490 1890; x_wconf 90' lang='lat' dir='ltr'>in</span> <span class='ocrx_word' id='word_1_240' title='bbox 2524 1836 2803 1890; x_wconf 87' lang='lat' dir='ltr'>muliebri</span> <span class='ocrx_word' id='word_1_241' title='bbox 2835 1842 2895 1890; x_wconf 89' lang='lat' dir='ltr'>et</span> <span class='ocrx_word' id='word_1_242' title='bbox 2918 1836 3170 1906; x_wconf 87' lang='lat' dir='ltr'>puellari</span> <span class='ocrx_word' id='word_1_243' title='bbox 3206 1834 3581 1906; x_wconf 88' lang='lat' dir='ltr'>corpusculo,</span> <span class='ocrx_word' id='word_1_244' title='bbox 3616 1850 3751 1888; x_wconf 90' lang='lat' dir='ltr'>eum</span> 
     </span>
    </p>
   </div>
   <div class='ocr_carea' id='block_1_36' title="bbox 326 1916 1977 1993">
    <p class='ocr_par' dir='ltr' id='par_1_36' title="bbox 326 1916 1977 1993">
     <span class='ocr_line' id='line_1_37' title="bbox 326 1916 1977 1993; baseline -0.002 -18"><span class='ocrx_word' id='word_1_245' title='bbox 326 1942 443 1989; x_wconf 92' lang='grc' dir='ltr'>νον,</span> <span class='ocrx_word' id='word_1_246' title='bbox 477 1920 564 1975; x_wconf 83' lang='grc' dir='ltr'>καὶ</span> <span class='ocrx_word' id='word_1_247' title='bbox 594 1921 693 1988; x_wconf 76' lang='grc' dir='ltr'>τὴν</span> <span class='ocrx_word' id='word_1_248' title='bbox 746 1917 1017 1983; x_wconf 69' lang='grc' dir='ltr'>θάλασσαν</span> <span class='ocrx_word' id='word_1_249' title='bbox 1065 1916 1386 1993; x_wconf 82' lang='grc' dir='ltr'>ἐξαλείφειν,</span> <span class='ocrx_word' id='word_1_250' title='bbox 1440 1919 1527 1973; x_wconf 87' lang='grc' dir='ltr'>καὶ</span> <span class='ocrx_word' id='word_1_251' title='bbox 1576 1920 1677 1987; x_wconf 86' lang='grc' dir='ltr'>τήν</span> <span class='ocrx_word' id='word_1_252' title='bbox 1722 1918 1977 1989; x_wconf 72' lang='grc' dir='ltr'>οἰκουμέ-</span> 
     </span>
    </p>
   </div>
   <div class='ocr_carea' id='block_1_37' title="bbox 318 2004 1986 2084">
    <p class='ocr_par' dir='ltr' id='par_1_37' title="bbox 318 2004 1986 2084">
     <span class='ocr_line' id='line_1_38' title="bbox 318 2004 1986 2084; baseline -0.003 -20"><span class='ocrx_word' id='word_1_253' title='bbox 318 2031 423 2079; x_wconf 88' lang='grc' dir='ltr'>νην</span> <span class='ocrx_word' id='word_1_254' title='bbox 476 2010 552 2072; x_wconf 81' lang='grc' dir='ltr'>ὼς</span> <span class='ocrx_word' id='word_1_255' title='bbox 598 2009 783 2063; x_wconf 88' lang='grc' dir='ltr'>νοσιάν</span> <span class='ocrx_word' id='word_1_256' title='bbox 832 2004 1282 2081; x_wconf 84' lang='grc' dir='ltr'>περιδράττεσθαι</span> <span class='ocrx_word' id='word_1_257' title='bbox 1342 2008 1769 2084; x_wconf 74' lang='grc' dir='ltr'>φρυαττόμενον,</span> <span class='ocrx_word' id='word_1_258' title='bbox 1820 2027 1986 2060; x_wconf 88' lang='grc' dir='ltr'>κατα-</span> 
     </span>
    </p>
   </div>
   <div class='ocr_carea' id='block_1_38' title="bbox 317 2094 1983 2171">
    <p class='ocr_par' dir='ltr' id='par_1_38' title="bbox 317 2094 1983 2171">
     <span class='ocr_line' id='line_1_39' title="bbox 317 2094 1983 2171; baseline -0.001 -19"><span class='ocrx_word' id='word_1_259' title='bbox 317 2094 600 2154; x_wconf 76' lang='grc' dir='ltr'>ϐαλοῦσαν</span> <span class='ocrx_word' id='word_1_260' title='bbox 663 2094 874 2166; x_wconf 74' lang='grc' dir='ltr'>ἴδοῦσα,</span> <span class='ocrx_word' id='word_1_261' title='bbox 954 2097 1044 2151; x_wconf 86' lang='lat' dir='ltr'>xui</span> <span class='ocrx_word' id='word_1_262' title='bbox 1120 2098 1456 2171; x_wconf 82' lang='grc' dir='ltr'>κατακράτος</span> <span class='ocrx_word' id='word_1_263' title='bbox 1508 2098 1983 2165; x_wconf 73' lang='grc' dir='ltr'>καταπατήσασαν.</span> 
     </span>
    </p>
   </div>
   <div class='ocr_carea' id='block_1_39' title="bbox 316 2179 1983 2263">
    <p class='ocr_par' dir='ltr' id='par_1_39' title="bbox 316 2179 1983 2263">
     <span class='ocr_line' id='line_1_40' title="bbox 316 2179 1983 2263; baseline -0.002 -21"><span class='ocrx_word' id='word_1_264' title='bbox 316 2187 430 2242; x_wconf 80' lang='grc' dir='ltr'>Καὶ</span> <span class='ocrx_word' id='word_1_265' title='bbox 478 2192 593 2249; x_wconf 90' lang='grc' dir='ltr'>ταῖς</span> <span class='ocrx_word' id='word_1_266' title='bbox 644 2188 921 2260; x_wconf 86' lang='grc' dir='ltr'>ἀρεταῖσα,</span> <span class='ocrx_word' id='word_1_267' title='bbox 978 2191 1287 2263; x_wconf 76' lang='grc' dir='ltr'>τερφθεῖσα,</span> <span class='ocrx_word' id='word_1_268' title='bbox 1347 2184 1576 2247; x_wconf 76' lang='grc' dir='ltr'>ὠλέναις</span> <span class='ocrx_word' id='word_1_269' title='bbox 1608 2179 1983 2259; x_wconf 74' lang='grc' dir='ltr'>προλαϐοὖσα,</span> 
     </span>
    </p>
   </div>
   <div class='ocr_carea' id='block_1_40' title="bbox 315 2275 1986 2351">
    <p class='ocr_par' dir='ltr' id='par_1_40' title="bbox 315 2275 1986 2351">
     <span class='ocr_line' id='line_1_41' title="bbox 315 2275 1986 2351; baseline -0.002 -17"><span class='ocrx_word' id='word_1_270' title='bbox 315 2278 569 2349; x_wconf 83' lang='grc' dir='ltr'>πλησίον</span> <span class='ocrx_word' id='word_1_271' title='bbox 625 2278 839 2342; x_wconf 76' lang='grc' dir='ltr'>ἐκάθισε</span> <span class='ocrx_word' id='word_1_272' title='bbox 894 2278 985 2333; x_wconf 84' lang='grc' dir='ltr'>καὶ</span> <span class='ocrx_word' id='word_1_273' title='bbox 1043 2276 1384 2351; x_wconf 80' lang='grc' dir='ltr'>καθίδρυσεν,</span> <span class='ocrx_word' id='word_1_274' title='bbox 1448 2278 1537 2333; x_wconf 89' lang='lat' dir='ltr'>xui</span> <span class='ocrx_word' id='word_1_275' title='bbox 1594 2284 1694 2347; x_wconf 80' lang='grc' dir='ltr'>τῆς</span> <span class='ocrx_word' id='word_1_276' title='bbox 1728 2275 1986 2331; x_wconf 86' lang='grc' dir='ltr'>ἀνωτάτω</span> 
     </span>
    </p>
   </div>
   <div class='ocr_carea' id='block_1_41' title="bbox 309 2365 1989 2445">
    <p class='ocr_par' dir='ltr' id='par_1_41' title="bbox 309 2365 1989 2445">
     <span class='ocr_line' id='line_1_42' title="bbox 309 2365 1989 2445; baseline -0.003 -20"><span class='ocrx_word' id='word_1_277' title='bbox 309 2373 494 2443; x_wconf 80' lang='grc' dir='ltr'>τιμῆς</span> <span class='ocrx_word' id='word_1_278' title='bbox 549 2370 640 2423; x_wconf 80' lang='grc' dir='ltr'>καὶ</span> <span class='ocrx_word' id='word_1_279' title='bbox 702 2368 1009 2445; x_wconf 78' lang='grc' dir='ltr'>παρῥησίας</span> <span class='ocrx_word' id='word_1_280' title='bbox 1072 2366 1399 2441; x_wconf 85' lang='grc' dir='ltr'>μετέδωκεν,</span> <span class='ocrx_word' id='word_1_281' title='bbox 1453 2370 1541 2423; x_wconf 86' lang='grc' dir='ltr'>καὶ</span> <span class='ocrx_word' id='word_1_282' title='bbox 1598 2373 1677 2439; x_wconf 80' lang='grc' dir='ltr'>τῷ</span> <span class='ocrx_word' id='word_1_283' title='bbox 1709 2365 1989 2438; x_wconf 88' lang='grc' dir='ltr'>Βασιλικῷ</span> 
     </span>
    </p>
   </div>
   <div class='ocr_carea' id='block_1_42' title="bbox 314 2458 1355 2537">
    <p class='ocr_par' dir='ltr' id='par_1_42' title="bbox 314 2458 1355 2537">
     <span class='ocr_line' id='line_1_43' title="bbox 314 2458 1355 2537; baseline 0 -23"><span class='ocrx_word' id='word_1_284' title='bbox 314 2460 509 2536; x_wconf 82' lang='grc' dir='ltr'>θρόνῳ</span> <span class='ocrx_word' id='word_1_285' title='bbox 540 2458 845 2537; x_wconf 72' lang='grc' dir='ltr'>ἐνεφάνισεν</span> <span class='ocrx_word' id='word_1_286' title='bbox 874 2458 967 2513; x_wconf 84' lang='grc' dir='ltr'>καὶ</span> <span class='ocrx_word' id='word_1_287' title='bbox 997 2459 1355 2533; x_wconf 84' lang='grc' dir='ltr'>παρέστησεν.</span> 
     </span>
    </p>
   </div>
   <div class='ocr_carea' id='block_1_43' title="bbox 404 2676 1989 2753">
    <p class='ocr_par' dir='ltr' id='par_1_43' title="bbox 404 2676 1989 2753">
     <span class='ocr_line' id='line_1_44' title="bbox 404 2676 1989 2753; baseline -0.002 -19"><span class='ocrx_word' id='word_1_288' title='bbox 404 2680 699 2740; x_wconf 82' lang='grc' dir='ltr'>κα’.”Απας</span> <span class='ocrx_word' id='word_1_289' title='bbox 749 2676 841 2732; x_wconf 76' lang='grc' dir='ltr'>οὖν</span> <span class='ocrx_word' id='word_1_290' title='bbox 888 2676 974 2733; x_wconf 86' lang='grc' dir='ltr'>ἐπὶ</span> <span class='ocrx_word' id='word_1_291' title='bbox 1028 2679 1112 2732; x_wconf 86' lang='grc' dir='ltr'>σοὶ</span> <span class='ocrx_word' id='word_1_292' title='bbox 1162 2677 1333 2753; x_wconf 88' lang='grc' dir='ltr'>λογος</span> <span class='ocrx_word' id='word_1_293' title='bbox 1384 2677 1815 2753; x_wconf 81' lang='grc' dir='ltr'>ἐγκωμιαστικὸς</span> <span class='ocrx_word' id='word_1_294' title='bbox 1862 2698 1989 2731; x_wconf 86' lang='grc' dir='ltr'>κατ-</span> 
     </span>
    </p>
   </div>
   <div class='ocr_carea' id='block_1_44' title="bbox 314 2763 1991 2844">
    <p class='ocr_par' dir='ltr' id='par_1_44' title="bbox 314 2763 1991 2844">
     <span class='ocr_line' id='line_1_45' title="bbox 314 2763 1991 2844; baseline -0.003 -20"><span class='ocrx_word' id='word_1_295' title='bbox 314 2766 805 2844; x_wconf 83' lang='grc' dir='ltr'>ευγλωττισμένος</span> <span class='ocrx_word' id='word_1_296' title='bbox 854 2767 943 2822; x_wconf 84' lang='grc' dir='ltr'>καὶ</span> <span class='ocrx_word' id='word_1_297' title='bbox 1002 2769 1255 2843; x_wconf 76' lang='grc' dir='ltr'>περιττὸς</span> <span class='ocrx_word' id='word_1_298' title='bbox 1320 2766 1535 2842; x_wconf 79' lang='grc' dir='ltr'>ίλιγγᾷ,</span> <span class='ocrx_word' id='word_1_299' title='bbox 1596 2766 1685 2821; x_wconf 84' lang='grc' dir='ltr'>καὶ</span> <span class='ocrx_word' id='word_1_300' title='bbox 1728 2763 1991 2828; x_wconf 84' lang='grc' dir='ltr'>δεδοικὼς</span> 
     </span>
    </p>
   </div>
   <div class='ocr_carea' id='block_1_45' title="bbox 312 2856 1597 2934">
    <p class='ocr_par' dir='ltr' id='par_1_45' title="bbox 312 2856 1597 2934">
     <span class='ocr_line' id='line_1_46' title="bbox 312 2856 1597 2934; baseline -0.004 -19"><span class='ocrx_word' id='word_1_301' title='bbox 312 2860 639 2934; x_wconf 82' lang='grc' dir='ltr'>προσιέναι,</span> <span class='ocrx_word' id='word_1_302' title='bbox 742 2856 1118 2916; x_wconf 87' lang='grc' dir='ltr'>συστέλλεται,</span> <span class='ocrx_word' id='word_1_303' title='bbox 1203 2858 1416 2930; x_wconf 86' lang='grc' dir='ltr'>Ὑμνεῖν</span> <span class='ocrx_word' id='word_1_304' title='bbox 1495 2858 1597 2933; x_wconf 76' lang='grc' dir='ltr'>γὰρ</span> 
     </span>
    </p>
   </div>
   <div class='ocr_carea' id='block_1_46' title="bbox 315 2948 1995 3025">
    <p class='ocr_par' dir='ltr' id='par_1_46' title="bbox 315 2948 1995 3025">
     <span class='ocr_line' id='line_1_47' title="bbox 315 2948 1995 3025; baseline -0.002 -18"><span class='ocrx_word' id='word_1_305' title='bbox 315 2948 598 3025; x_wconf 74' lang='grc' dir='ltr'>ἂδρανής,</span> <span class='ocrx_word' id='word_1_306' title='bbox 682 2949 1017 3023; x_wconf 86' lang='grc' dir='ltr'>πανύμνητε,</span> <span class='ocrx_word' id='word_1_307' title='bbox 1096 2949 1188 3004; x_wconf 89' lang='lat' dir='ltr'>xui</span> <span class='ocrx_word' id='word_1_308' title='bbox 1267 2948 1558 3021; x_wconf 82' lang='grc' dir='ltr'>ἀξιέπαινε,</span> <span class='ocrx_word' id='word_1_309' title='bbox 1634 2949 1693 3002; x_wconf 82' lang='grc' dir='ltr'>ἃν</span> <span class='ocrx_word' id='word_1_310' title='bbox 1748 2948 1831 3018; x_wconf 63' lang='grc' dir='ltr'>εἴη</span> <span class='ocrx_word' id='word_1_311' title='bbox 1886 2953 1995 3004; x_wconf 89' lang='grc' dir='ltr'>τῶν</span> 
     </span>
    </p>
   </div>
   <div class='ocr_carea' id='block_1_47' title="bbox 322 3039 1992 3116">
    <p class='ocr_par' dir='ltr' id='par_1_47' title="bbox 322 3039 1992 3116">
     <span class='ocr_line' id='line_1_48' title="bbox 322 3039 1992 3116; baseline 0.001 -22"><span class='ocrx_word' id='word_1_312' title='bbox 322 3040 671 3116; x_wconf 77' lang='grc' dir='ltr'>ἆξιαγάστων</span> <span class='ocrx_word' id='word_1_313' title='bbox 728 3061 824 3095; x_wconf 90' lang='grc' dir='ltr'>σου</span> <span class='ocrx_word' id='word_1_314' title='bbox 881 3039 1085 3114; x_wconf 80' lang='grc' dir='ltr'>ἀρετῶν</span> <span class='ocrx_word' id='word_1_315' title='bbox 1141 3039 1207 3093; x_wconf 85' lang='grc' dir='ltr'>τά</span> <span class='ocrx_word' id='word_1_316' title='bbox 1267 3040 1509 3114; x_wconf 80' lang='grc' dir='ltr'>ὑπερφυῆ</span> <span class='ocrx_word' id='word_1_317' title='bbox 1580 3040 1992 3111; x_wconf 82' lang='grc' dir='ltr'>προτερήματα.</span> 
     </span>
    </p>
   </div>
   <div class='ocr_carea' id='block_1_48' title="bbox 325 3125 1995 3206">
    <p class='ocr_par' dir='ltr' id='par_1_48' title="bbox 325 3125 1995 3206">
     <span class='ocr_line' id='line_1_49' title="bbox 325 3125 1995 3206; baseline -0.001 -21"><span class='ocrx_word' id='word_1_318' title='bbox 325 3131 521 3206; x_wconf 81' lang='grc' dir='ltr'>Τέχνη</span> <span class='ocrx_word' id='word_1_319' title='bbox 560 3130 653 3203; x_wconf 75' lang='grc' dir='ltr'>μὲν</span> <span class='ocrx_word' id='word_1_320' title='bbox 702 3131 805 3204; x_wconf 88' lang='grc' dir='ltr'>γάρ</span> <span class='ocrx_word' id='word_1_321' title='bbox 860 3128 1158 3205; x_wconf 79' lang='grc' dir='ltr'>ῥητορικῆς</span> <span class='ocrx_word' id='word_1_322' title='bbox 1210 3127 1567 3204; x_wconf 81' lang='grc' dir='ltr'>εὐγλωττίας,</span> <span class='ocrx_word' id='word_1_323' title='bbox 1601 3125 1671 3181; x_wconf 90' lang='grc' dir='ltr'>δι’</span> <span class='ocrx_word' id='word_1_324' title='bbox 1696 3127 1995 3204; x_wconf 81' lang='grc' dir='ltr'>εὐστρόφου</span> 
     </span>
    </p>
   </div>
   <div class='ocr_carea' id='block_1_49' title="bbox 1700 2860 1993 2931">
    <p class='ocr_par' dir='ltr' id='par_1_49' title="bbox 1700 2860 1993 2931">
     <span class='ocr_line' id='line_1_50' title="bbox 1700 2860 1993 2931; baseline -0.003 -21"><span class='ocrx_word' id='word_1_325' title='bbox 1700 2860 1993 2931; x_wconf 78' lang='grc' dir='ltr'>προσφυῶς</span> 
     </span>
    </p>
   </div>
   <div class='ocr_carea' id='block_1_50' title="bbox 2095 1922 3753 1996">
    <p class='ocr_par' dir='ltr' id='par_1_50' title="bbox 2095 1922 3753 1996">
     <span class='ocr_line' id='line_1_51' title="bbox 2095 1922 3753 1996; baseline -0.002 -16"><span class='ocrx_word' id='word_1_326' title='bbox 2095 1941 2129 1980; x_wconf 91' lang='lat' dir='ltr'>a</span> <span class='ocrx_word' id='word_1_327' title='bbox 2158 1930 2213 1979; x_wconf 91' lang='lat' dir='ltr'>te</span> <span class='ocrx_word' id='word_1_328' title='bbox 2240 1942 2512 1980; x_wconf 91' lang='lat' dir='ltr'>eversum</span> <span class='ocrx_word' id='word_1_329' title='bbox 2544 1942 2611 1980; x_wconf 90' lang='lat' dir='ltr'>ac</span> <span class='ocrx_word' id='word_1_330' title='bbox 2644 1932 2918 1996; x_wconf 91' lang='lat' dir='ltr'>potenter</span> <span class='ocrx_word' id='word_1_331' title='bbox 2948 1924 3359 1996; x_wconf 91' lang='lat' dir='ltr'>proculcatum</span> <span class='ocrx_word' id='word_1_332' title='bbox 3391 1922 3621 1990; x_wconf 87' lang='lat' dir='ltr'>videns,</span> <span class='ocrx_word' id='word_1_333' title='bbox 3652 1923 3753 1993; x_wconf 91' lang='lat' dir='ltr'>qui</span> 
     </span>
    </p>
   </div>
   <div class='ocr_carea' id='block_1_51' title="bbox 2094 2013 3757 2086">
    <p class='ocr_par' dir='ltr' id='par_1_51' title="bbox 2094 2013 3757 2086">
     <span class='ocr_line' id='line_1_52' title="bbox 2094 2013 3757 2086; baseline -0.001 -19"><span class='ocrx_word' id='word_1_334' title='bbox 2094 2014 2156 2068; x_wconf 92' lang='lat' dir='ltr'>in</span> <span class='ocrx_word' id='word_1_335' title='bbox 2190 2014 2549 2069; x_wconf 89' lang='lat' dir='ltr'>immensum</span> <span class='ocrx_word' id='word_1_336' title='bbox 2582 2014 2962 2086; x_wconf 87' lang='lat' dir='ltr'>gloriabatur,</span> <span class='ocrx_word' id='word_1_337' title='bbox 3017 2014 3172 2067; x_wconf 82' lang='lat'>908</span> <span class='ocrx_word' id='word_1_338' title='bbox 3220 2013 3615 2083; x_wconf 86' lang='lat' dir='ltr'>superbiaque</span> <span class='ocrx_word' id='word_1_339' title='bbox 3649 2028 3757 2065; x_wconf 91' lang='lat' dir='ltr'>sua</span> 
     </span>
    </p>
   </div>
   <div class='ocr_carea' id='block_1_52' title="bbox 2088 2100 3755 2174">
    <p class='ocr_par' dir='ltr' id='par_1_52' title="bbox 2088 2100 3755 2174">
     <span class='ocr_line' id='line_1_53' title="bbox 2088 2100 3755 2174; baseline -0.003 -17"><span class='ocrx_word' id='word_1_340' title='bbox 2088 2104 2355 2174; x_wconf 89' lang='lat' dir='ltr'>jactabat</span> <span class='ocrx_word' id='word_1_341' title='bbox 2380 2104 2524 2168; x_wconf 82' lang='lat' dir='ltr'>fore,</span> <span class='ocrx_word' id='word_1_342' title='bbox 2560 2110 2627 2157; x_wconf 90' lang='lat' dir='ltr'>ut</span> <span class='ocrx_word' id='word_1_343' title='bbox 2657 2110 2714 2157; x_wconf 93' lang='lat' dir='ltr'>et</span> <span class='ocrx_word' id='word_1_344' title='bbox 2745 2120 2907 2157; x_wconf 88' lang='lat' dir='ltr'>mare</span> <span class='ocrx_word' id='word_1_345' title='bbox 2934 2102 3252 2167; x_wconf 89' lang='lat' dir='ltr'>desolaret,</span> <span class='ocrx_word' id='word_1_346' title='bbox 3297 2107 3355 2155; x_wconf 91' lang='lat' dir='ltr'>et</span> <span class='ocrx_word' id='word_1_347' title='bbox 3384 2100 3586 2155; x_wconf 89' lang='lat' dir='ltr'>orbem</span> <span class='ocrx_word' id='word_1_348' title='bbox 3620 2100 3755 2153; x_wconf 89' lang='lat' dir='ltr'>uni-</span> 
     </span>
    </p>
   </div>
   <div class='ocr_carea' id='block_1_53' title="bbox 2096 2190 3758 2261">
    <p class='ocr_par' dir='ltr' id='par_1_53' title="bbox 2096 2190 3758 2261">
     <span class='ocr_line' id='line_1_54' title="bbox 2096 2190 3758 2261; baseline -0.003 -15"><span class='ocrx_word' id='word_1_349' title='bbox 2096 2209 2331 2247; x_wconf 89' lang='lat' dir='ltr'>versum</span> <span class='ocrx_word' id='word_1_350' title='bbox 2381 2192 2559 2245; x_wconf 88' lang='lat' dir='ltr'>veluti</span> <span class='ocrx_word' id='word_1_351' title='bbox 2610 2192 2819 2245; x_wconf 91' lang='lat' dir='ltr'>nidum</span> <span class='ocrx_word' id='word_1_352' title='bbox 2870 2190 3444 2261; x_wconf 86' lang='lat' dir='ltr'>comprehenderet:</span> <span class='ocrx_word' id='word_1_353' title='bbox 3508 2194 3758 2259; x_wconf 87' lang='lat' dir='ltr'>tumque</span> 
     </span>
    </p>
   </div>
   <div class='ocr_carea' id='block_1_54' title="bbox 2098 2278 3760 2341">
    <p class='ocr_par' dir='ltr' id='par_1_54' title="bbox 2098 2278 3760 2341">
     <span class='ocr_line' id='line_1_55' title="bbox 2098 2278 3760 2341; baseline -0.002 -5"><span class='ocrx_word' id='word_1_354' title='bbox 2098 2281 2245 2336; x_wconf 87' lang='lat' dir='ltr'>adeo</span> <span class='ocrx_word' id='word_1_355' title='bbox 2275 2281 2555 2336; x_wconf 89' lang='lat' dir='ltr'>virtutum</span> <span class='ocrx_word' id='word_1_356' title='bbox 2590 2286 2825 2335; x_wconf 91' lang='lat' dir='ltr'>tuarum</span> <span class='ocrx_word' id='word_1_357' title='bbox 2848 2280 2981 2335; x_wconf 92' lang='lat' dir='ltr'>luce</span> <span class='ocrx_word' id='word_1_358' title='bbox 3000 2279 3309 2341; x_wconf 85' lang='lat' dir='ltr'>delectata,</span> <span class='ocrx_word' id='word_1_359' title='bbox 3332 2278 3491 2332; x_wconf 88' lang='lat' dir='ltr'>ulnis</span> <span class='ocrx_word' id='word_1_360' title='bbox 3516 2282 3570 2331; x_wconf 90' lang='lat' dir='ltr'>te</span> <span class='ocrx_word' id='word_1_361' title='bbox 3593 2294 3760 2332; x_wconf 91' lang='lat' dir='ltr'>com-</span> 
     </span>
    </p>
   </div>
   <div class='ocr_carea' id='block_1_55' title="bbox 2098 2369 3758 2441">
    <p class='ocr_par' dir='ltr' id='par_1_55' title="bbox 2098 2369 3758 2441">
     <span class='ocr_line' id='line_1_56' title="bbox 2098 2369 3758 2441; baseline -0.003 -16"><span class='ocrx_word' id='word_1_362' title='bbox 2098 2371 2367 2441; x_wconf 91' lang='lat' dir='ltr'>plectens</span> <span class='ocrx_word' id='word_1_363' title='bbox 2430 2370 2539 2425; x_wconf 87' lang='lat' dir='ltr'>sibi</span> <span class='ocrx_word' id='word_1_364' title='bbox 2588 2371 2923 2441; x_wconf 80' lang='lat' dir='ltr'>proximam</span> <span class='ocrx_word' id='word_1_365' title='bbox 2975 2369 3308 2432; x_wconf 85' lang='lat' dir='ltr'>collocavit,</span> <span class='ocrx_word' id='word_1_366' title='bbox 3359 2382 3758 2439; x_wconf 89' lang='lat' dir='ltr'>supremoque</span> 
     </span>
    </p>
   </div>
   <div class='ocr_carea' id='block_1_56' title="bbox 2100 2458 3757 2530">
    <p class='ocr_par' dir='ltr' id='par_1_56' title="bbox 2100 2458 3757 2530">
     <span class='ocr_line' id='line_1_57' title="bbox 2100 2458 3757 2530; baseline -0.004 -16"><span class='ocrx_word' id='word_1_367' title='bbox 2100 2461 2325 2515; x_wconf 91' lang='lat' dir='ltr'>honore</span> <span class='ocrx_word' id='word_1_368' title='bbox 2358 2465 2415 2513; x_wconf 91' lang='lat' dir='ltr'>et</span> <span class='ocrx_word' id='word_1_369' title='bbox 2444 2460 2640 2514; x_wconf 88' lang='lat' dir='ltr'>favore</span> <span class='ocrx_word' id='word_1_370' title='bbox 2672 2460 2973 2527; x_wconf 87' lang='lat' dir='ltr'>donatam,</span> <span class='ocrx_word' id='word_1_371' title='bbox 2996 2458 3158 2530; x_wconf 84' lang='lat' dir='ltr'>regio</span> <span class='ocrx_word' id='word_1_372' title='bbox 3186 2458 3399 2511; x_wconf 89' lang='lat' dir='ltr'>throno</span> <span class='ocrx_word' id='word_1_373' title='bbox 3433 2471 3757 2526; x_wconf 67' lang='lat' dir='ltr'>repraesen-</span> 
     </span>
    </p>
   </div>
   <div class='ocr_carea' id='block_1_57' title="bbox 2100 2549 2651 2604">
    <p class='ocr_par' dir='ltr' id='par_1_57' title="bbox 2100 2549 2651 2604">
     <span class='ocr_line' id='line_1_58' title="bbox 2100 2549 2651 2604; baseline -0.002 -1"><span class='ocrx_word' id='word_1_374' title='bbox 2100 2550 2246 2603; x_wconf 88' lang='lat' dir='ltr'>tavit</span> <span class='ocrx_word' id='word_1_375' title='bbox 2278 2555 2335 2604; x_wconf 92' lang='lat' dir='ltr'>et</span> <span class='ocrx_word' id='word_1_376' title='bbox 2364 2549 2651 2603; x_wconf 86' lang='lat' dir='ltr'>exhibuit.</span> 
     </span>
    </p>
   </div>
   <div class='ocr_carea' id='block_1_58' title="bbox 2173 2670 3759 2735">
    <p class='ocr_par' dir='ltr' id='par_1_58' title="bbox 2173 2670 3759 2735">
     <span class='ocr_line' id='line_1_59' title="bbox 2173 2670 3759 2735; baseline -0.001 -9"><span class='ocrx_word' id='word_1_377' title='bbox 2173 2677 2259 2727; x_wconf 80' lang='lat' dir='ltr'>2t.</span> <span class='ocrx_word' id='word_1_378' title='bbox 2285 2675 2349 2727; x_wconf 86' lang='lat' dir='ltr'>In</span> <span class='ocrx_word' id='word_1_379' title='bbox 2384 2678 2439 2727; x_wconf 93' lang='lat' dir='ltr'>te</span> <span class='ocrx_word' id='word_1_380' title='bbox 2465 2673 2799 2728; x_wconf 84' lang='lat' dir='ltr'>laudatoria</span> <span class='ocrx_word' id='word_1_381' title='bbox 2826 2673 3019 2727; x_wconf 90' lang='lat' dir='ltr'>omnis</span> <span class='ocrx_word' id='word_1_382' title='bbox 3046 2672 3233 2726; x_wconf 87' lang='lat' dir='ltr'>oratio</span> <span class='ocrx_word' id='word_1_383' title='bbox 3258 2670 3501 2735; x_wconf 87' lang='lat' dir='ltr'>diserta,</span> <span class='ocrx_word' id='word_1_384' title='bbox 3524 2674 3759 2734; x_wconf 87' lang='lat' dir='ltr'>ornata,</span> 
     </span>
    </p>
   </div>
   <div class='ocr_carea' id='block_1_59' title="bbox 2103 2760 3758 2832">
    <p class='ocr_par' dir='ltr' id='par_1_59' title="bbox 2103 2760 3758 2832">
     <span class='ocr_line' id='line_1_60' title="bbox 2103 2760 3758 2832; baseline -0.004 -13"><span class='ocrx_word' id='word_1_385' title='bbox 2103 2768 2163 2819; x_wconf 89' lang='lat' dir='ltr'>et</span> <span class='ocrx_word' id='word_1_386' title='bbox 2193 2762 2445 2818; x_wconf 83' lang='lat' dir='ltr'>affluens</span> <span class='ocrx_word' id='word_1_387' title='bbox 2477 2763 2683 2829; x_wconf 70' lang='lat' dir='ltr'>hmret,</span> <span class='ocrx_word' id='word_1_388' title='bbox 2707 2769 2883 2832; x_wconf 88' lang='lat' dir='ltr'>atque</span> <span class='ocrx_word' id='word_1_389' title='bbox 2906 2760 3189 2815; x_wconf 89' lang='lat' dir='ltr'>accedere</span> <span class='ocrx_word' id='word_1_390' title='bbox 3213 2765 3487 2813; x_wconf 89' lang='lat' dir='ltr'>metuens</span> <span class='ocrx_word' id='word_1_391' title='bbox 3520 2775 3758 2829; x_wconf 90' lang='lat' dir='ltr'>compe-</span> 
     </span>
    </p>
   </div>
   <div class='ocr_carea' id='block_1_60' title="bbox 2104 2847 3761 2921">
    <p class='ocr_par' dir='ltr' id='par_1_60' title="bbox 2104 2847 3761 2921">
     <span class='ocr_line' id='line_1_61' title="bbox 2104 2847 3761 2921; baseline -0.004 -13"><span class='ocrx_word' id='word_1_392' title='bbox 2104 2853 2309 2920; x_wconf 87' lang='lat' dir='ltr'>scitur,</span> <span class='ocrx_word' id='word_1_393' title='bbox 2344 2869 2450 2907; x_wconf 91' lang='lat' dir='ltr'>ceu</span> <span class='ocrx_word' id='word_1_394' title='bbox 2482 2869 2612 2921; x_wconf 65' lang='lat' dir='ltr'>qua)</span> <span class='ocrx_word' id='word_1_395' title='bbox 2637 2852 2715 2905; x_wconf 89' lang='lat' dir='ltr'>sit</span> <span class='ocrx_word' id='word_1_396' title='bbox 2745 2850 3122 2917; x_wconf 90' lang='lat' dir='ltr'>imbecillior,</span> <span class='ocrx_word' id='word_1_397' title='bbox 3148 2865 3326 2920; x_wconf 89' lang='lat' dir='ltr'>quam</span> <span class='ocrx_word' id='word_1_398' title='bbox 3349 2854 3416 2902; x_wconf 91' lang='lat' dir='ltr'>ut</span> <span class='ocrx_word' id='word_1_399' title='bbox 3438 2847 3761 2919; x_wconf 86' lang='lat' dir='ltr'>stupenda-</span> 
     </span>
    </p>
   </div>
   <div class='ocr_carea' id='block_1_61' title="bbox 2104 2938 3760 3010">
    <p class='ocr_par' dir='ltr' id='par_1_61' title="bbox 2104 2938 3760 3010">
     <span class='ocr_line' id='line_1_62' title="bbox 2104 2938 3760 3010; baseline -0.004 -13"><span class='ocrx_word' id='word_1_400' title='bbox 2104 2960 2237 2999; x_wconf 90' lang='lat' dir='ltr'>rum</span> <span class='ocrx_word' id='word_1_401' title='bbox 2267 2942 2553 2997; x_wconf 90' lang='lat' dir='ltr'>virtutum</span> <span class='ocrx_word' id='word_1_402' title='bbox 2587 2946 2821 2995; x_wconf 90' lang='lat' dir='ltr'>tuarum</span> <span class='ocrx_word' id='word_1_403' title='bbox 2855 2940 3103 2995; x_wconf 88' lang='lat' dir='ltr'>eximias</span> <span class='ocrx_word' id='word_1_404' title='bbox 3152 2938 3585 3010; x_wconf 61' lang='lat' dir='ltr'>praecellentias</span> <span class='ocrx_word' id='word_1_405' title='bbox 3618 2954 3760 2992; x_wconf 86' lang='lat' dir='ltr'>con-</span> 
     </span>
    </p>
   </div>
   <div class='ocr_carea' id='block_1_62' title="bbox 2104 3027 3764 3099">
    <p class='ocr_par' dir='ltr' id='par_1_62' title="bbox 2104 3027 3764 3099">
     <span class='ocr_line' id='line_1_63' title="bbox 2104 3027 3764 3099; baseline -0.004 -12"><span class='ocrx_word' id='word_1_406' title='bbox 2104 3033 2430 3099; x_wconf 88' lang='lat' dir='ltr'>venienter,</span> <span class='ocrx_word' id='word_1_407' title='bbox 2456 3049 2488 3085; x_wconf 95' lang='lat' dir='ltr'>o</span> <span class='ocrx_word' id='word_1_408' title='bbox 2512 3030 2983 3085; x_wconf 89' lang='lat' dir='ltr'>celebratissima</span> <span class='ocrx_word' id='word_1_409' title='bbox 3012 3046 3080 3083; x_wconf 89' lang='lat' dir='ltr'>ac</span> <span class='ocrx_word' id='word_1_410' title='bbox 3108 3027 3764 3094; x_wconf 88' lang='lat' dir='ltr'>laudatissima,canere</span> 
     </span>
    </p>
   </div>
   <div class='ocr_carea' id='block_1_63' title="bbox 2109 3114 3767 3189">
    <p class='ocr_par' dir='ltr' id='par_1_63' title="bbox 2109 3114 3767 3189">
     <span class='ocr_line' id='line_1_64' title="bbox 2109 3114 3767 3189; baseline -0.005 -13"><span class='ocrx_word' id='word_1_411' title='bbox 2109 3120 2386 3176; x_wconf 82' lang='lat' dir='ltr'>sufﬁciat.</span> <span class='ocrx_word' id='word_1_412' title='bbox 2422 3120 2705 3175; x_wconf 69' lang='lat' dir='ltr'>Oratoriaa</span> <span class='ocrx_word' id='word_1_413' title='bbox 2735 3118 2976 3189; x_wconf 90' lang='lat' dir='ltr'>quidem</span> <span class='ocrx_word' id='word_1_414' title='bbox 3026 3116 3322 3171; x_wconf 62' lang='lat' dir='ltr'>facundiae</span> <span class='ocrx_word' id='word_1_415' title='bbox 3354 3132 3472 3182; x_wconf 89' lang='lat' dir='ltr'>ars,</span> <span class='ocrx_word' id='word_1_416' title='bbox 3505 3114 3767 3170; x_wconf 84' lang='lat' dir='ltr'>versatili</span> 
     </span>
    </p>
   </div>
   <div class='ocr_carea' id='block_1_64' title="bbox 331 3205 1997 3298">
    <p class='ocr_par' dir='ltr' id='par_1_64' title="bbox 331 3205 1992 3297">
     <span class='ocr_line' id='line_1_65' title="bbox 331 3205 1992 3297; baseline -0.001 -24"><span class='ocrx_word' id='word_1_417' title='bbox 331 3205 609 3297; x_wconf 74' lang='grc' dir='ltr'>ῥημάτων</span> <span class='ocrx_word' id='word_1_418' title='bbox 659 3220 955 3289; x_wconf 83' lang='grc' dir='ltr'>συνθήκης,</span> <span class='ocrx_word' id='word_1_419' title='bbox 1008 3219 1094 3273; x_wconf 82' lang='grc' dir='ltr'>καὶ</span> <span class='ocrx_word' id='word_1_420' title='bbox 1145 3219 1601 3292; x_wconf 79' lang='grc' dir='ltr'>κεκομψευμένης</span> <span class='ocrx_word' id='word_1_421' title='bbox 1650 3217 1740 3271; x_wconf 89' lang='lat' dir='ltr'>xui</span> <span class='ocrx_word' id='word_1_422' title='bbox 1788 3236 1992 3293; x_wconf 85' lang='grc' dir='ltr'>τροχα-</span> 
     </span>
    </p>
   </div>
   <div class='ocr_carea' id='block_1_65' title="bbox 2109 3205 3770 3298">
    <p class='ocr_par' dir='ltr' id='par_1_65' title="bbox 2109 3205 3770 3280">
     <span class='ocr_line' id='line_1_66' title="bbox 2109 3205 3770 3280; baseline -0.003 -16"><span class='ocrx_word' id='word_1_423' title='bbox 2109 3210 2420 3266; x_wconf 89' lang='lat' dir='ltr'>verborum</span> <span class='ocrx_word' id='word_1_424' title='bbox 2438 3209 3259 3280; x_wconf 82' lang='lat' dir='ltr'>compositione,comptaque</span> <span class='ocrx_word' id='word_1_425' title='bbox 3284 3211 3338 3259; x_wconf 86' lang='lat' dir='ltr'>et</span> <span class='ocrx_word' id='word_1_426' title='bbox 3360 3205 3615 3259; x_wconf 90' lang='lat' dir='ltr'>rotunda</span> <span class='ocrx_word' id='word_1_427' title='bbox 3638 3221 3770 3275; x_wconf 89' lang='lat' dir='ltr'>pro-</span> 
     </span>
    </p>
   </div>
   <div class='ocr_carea' id='block_1_66' title="bbox 327 3309 1997 3383">
    <p class='ocr_par' dir='ltr' id='par_1_66' title="bbox 327 3309 1997 3383">
     <span class='ocr_line' id='line_1_67' title="bbox 327 3309 1997 3383; baseline 0 -16"><span class='ocrx_word' id='word_1_428' title='bbox 327 3310 449 3375; x_wconf 78' lang='grc' dir='ltr'>λῆς</span> <span class='ocrx_word' id='word_1_429' title='bbox 503 3310 893 3381; x_wconf 77' lang='grc' dir='ltr'>πειθανότητος</span> <span class='ocrx_word' id='word_1_430' title='bbox 952 3309 1162 3373; x_wconf 74' lang='grc' dir='ltr'>κάλλος</span> <span class='ocrx_word' id='word_1_431' title='bbox 1224 3310 1535 3383; x_wconf 87' lang='grc' dir='ltr'>σωματικὸν</span> <span class='ocrx_word' id='word_1_432' title='bbox 1593 3309 1849 3378; x_wconf 88' lang='grc' dir='ltr'>ἐπαινεῖν,</span> <span class='ocrx_word' id='word_1_433' title='bbox 1908 3314 1997 3367; x_wconf 91' lang='lat' dir='ltr'>xui</span> 
     </span>
    </p>
   </div>
   <div class='ocr_carea' id='block_1_67' title="bbox 330 3398 2002 3476">
    <p class='ocr_par' dir='ltr' id='par_1_67' title="bbox 330 3398 2002 3476">
     <span class='ocr_line' id='line_1_68' title="bbox 330 3398 2002 3476; baseline -0.001 -20"><span class='ocrx_word' id='word_1_434' title='bbox 330 3400 605 3476; x_wconf 74' lang='grc' dir='ltr'>σαρκικῆν</span> <span class='ocrx_word' id='word_1_435' title='bbox 666 3400 1000 3475; x_wconf 80' lang='grc' dir='ltr'>ὡραιότητα,</span> <span class='ocrx_word' id='word_1_436' title='bbox 1070 3400 1188 3468; x_wconf 76' lang='grc' dir='ltr'>ἣτις</span> <span class='ocrx_word' id='word_1_437' title='bbox 1264 3398 1323 3454; x_wconf 86' lang='grc' dir='ltr'>ἐκ</span> <span class='ocrx_word' id='word_1_438' title='bbox 1402 3404 1584 3473; x_wconf 76' lang='grc' dir='ltr'>μελῶν</span> <span class='ocrx_word' id='word_1_439' title='bbox 1665 3400 2002 3475; x_wconf 81' lang='grc' dir='ltr'>συμμετρίας</span> 
     </span>
    </p>
   </div>
   <div class='ocr_carea' id='block_1_68' title="bbox 339 3486 2002 3564">
    <p class='ocr_par' dir='ltr' id='par_1_68' title="bbox 339 3486 2002 3564">
     <span class='ocr_line' id='line_1_69' title="bbox 339 3486 2002 3564; baseline 0.001 -21"><span class='ocrx_word' id='word_1_440' title='bbox 339 3491 464 3563; x_wconf 84' lang='grc' dir='ltr'>μετ’</span> <span class='ocrx_word' id='word_1_441' title='bbox 498 3488 759 3564; x_wconf 84' lang='grc' dir='ltr'>εὐχροίας</span> <span class='ocrx_word' id='word_1_442' title='bbox 788 3487 1130 3558; x_wconf 89' lang='grc' dir='ltr'>συνέστησεν.</span> <span class='ocrx_word' id='word_1_443' title='bbox 1167 3490 1311 3563; x_wconf 89' lang='grc' dir='ltr'>Πρὸς</span> <span class='ocrx_word' id='word_1_444' title='bbox 1359 3486 1415 3543; x_wconf 78' lang='grc' dir='ltr'>δὲ</span> <span class='ocrx_word' id='word_1_445' title='bbox 1462 3489 1551 3543; x_wconf 81' lang='grc' dir='ltr'>καὶ</span> <span class='ocrx_word' id='word_1_446' title='bbox 1610 3488 1805 3564; x_wconf 76' lang='grc' dir='ltr'>ῥώμην</span> <span class='ocrx_word' id='word_1_447' title='bbox 1859 3489 2002 3545; x_wconf 90' lang='grc' dir='ltr'>πολ-</span> 
     </span>
    </p>
   </div>
   <div class='ocr_carea' id='block_1_69' title="bbox 336 3577 1999 3654">
    <p class='ocr_par' dir='ltr' id='par_1_69' title="bbox 336 3577 1999 3654">
     <span class='ocr_line' id='line_1_70' title="bbox 336 3577 1999 3654; baseline -0.001 -19"><span class='ocrx_word' id='word_1_448' title='bbox 336 3580 523 3648; x_wconf 86' lang='grc' dir='ltr'>λακις,</span> <span class='ocrx_word' id='word_1_449' title='bbox 578 3577 861 3643; x_wconf 70' lang='grc' dir='ltr'>εὐπάθειάν</span> <span class='ocrx_word' id='word_1_450' title='bbox 920 3600 980 3633; x_wconf 86' lang='grc' dir='ltr'>τε</span> <span class='ocrx_word' id='word_1_451' title='bbox 1055 3579 1141 3633; x_wconf 89' lang='lat' dir='ltr'>xui</span> <span class='ocrx_word' id='word_1_452' title='bbox 1218 3580 1418 3648; x_wconf 80' lang='grc' dir='ltr'>θνητῆς</span> <span class='ocrx_word' id='word_1_453' title='bbox 1477 3578 1744 3654; x_wconf 77' lang='grc' dir='ltr'>εὐγενείας</span> <span class='ocrx_word' id='word_1_454' title='bbox 1800 3580 1999 3651; x_wconf 82' lang='grc' dir='ltr'>σεμνό-</span> 
     </span>
    </p>
   </div>
   <div class='ocr_carea' id='block_1_70' title="bbox 343 3665 2004 3745">
    <p class='ocr_par' dir='ltr' id='par_1_70' title="bbox 343 3665 2004 3745">
     <span class='ocr_line' id='line_1_71' title="bbox 343 3665 2004 3745; baseline -0.001 -21"><span class='ocrx_word' id='word_1_455' title='bbox 343 3690 509 3739; x_wconf 81' lang='grc' dir='ltr'>τητα,</span> <span class='ocrx_word' id='word_1_456' title='bbox 566 3665 852 3745; x_wconf 71' lang='grc' dir='ltr'>περιφανές</span> <span class='ocrx_word' id='word_1_457' title='bbox 910 3691 989 3740; x_wconf 74' lang='grc' dir='ltr'>τε,</span> <span class='ocrx_word' id='word_1_458' title='bbox 1051 3669 1095 3724; x_wconf 81' lang='grc' dir='ltr'>εί</span> <span class='ocrx_word' id='word_1_459' title='bbox 1153 3668 1342 3744; x_wconf 84' lang='grc' dir='ltr'>τύχοι,</span> <span class='ocrx_word' id='word_1_460' title='bbox 1403 3668 1639 3740; x_wconf 79' lang='grc' dir='ltr'>ἀξίωμα,</span> <span class='ocrx_word' id='word_1_461' title='bbox 1691 3669 1872 3723; x_wconf 79' lang='grc' dir='ltr'>καὶτὸ</span> <span class='ocrx_word' id='word_1_462' title='bbox 1902 3676 2004 3737; x_wconf 82' lang='grc' dir='ltr'>τῆς</span> 
     </span>
    </p>
   </div>
   <div class='ocr_carea' id='block_1_71' title="bbox 345 3754 2003 3831">
    <p class='ocr_par' dir='ltr' id='par_1_71' title="bbox 345 3754 2003 3831">
     <span class='ocr_line' id='line_1_72' title="bbox 345 3754 2003 3831; baseline -0.002 -18"><span class='ocrx_word' id='word_1_463' title='bbox 345 3756 604 3831; x_wconf 85' lang='grc' dir='ltr'>πατρίδος</span> <span class='ocrx_word' id='word_1_464' title='bbox 653 3757 947 3831; x_wconf 80' lang='grc' dir='ltr'>ἐπίσημον,</span> <span class='ocrx_word' id='word_1_465' title='bbox 1005 3759 1096 3813; x_wconf 88' lang='lat' dir='ltr'>xui</span> <span class='ocrx_word' id='word_1_466' title='bbox 1155 3757 1399 3813; x_wconf 81' lang='grc' dir='ltr'>πλούτου</span> <span class='ocrx_word' id='word_1_467' title='bbox 1458 3754 1743 3829; x_wconf 72' lang='grc' dir='ltr'>δαψιλείαν</span> <span class='ocrx_word' id='word_1_468' title='bbox 1778 3756 2003 3831; x_wconf 73' lang='grc' dir='ltr'>ῥέουσαν</span> 
     </span>
    </p>
   </div>
   <div class='ocr_carea' id='block_1_72' title="bbox 337 3845 2001 3923">
    <p class='ocr_par' dir='ltr' id='par_1_72' title="bbox 337 3845 2001 3923">
     <span class='ocr_line' id='line_1_73' title="bbox 337 3845 2001 3923; baseline -0.004 -19"><span class='ocrx_word' id='word_1_469' title='bbox 337 3869 406 3904; x_wconf 84' lang='grc' dir='ltr'>τε</span> <span class='ocrx_word' id='word_1_470' title='bbox 451 3848 538 3903; x_wconf 87' lang='lat' dir='ltr'>xui</span> <span class='ocrx_word' id='word_1_471' title='bbox 596 3847 1032 3917; x_wconf 85' lang='grc' dir='ltr'>όλισθαίνουσαν,</span> <span class='ocrx_word' id='word_1_472' title='bbox 1092 3848 1181 3903; x_wconf 89' lang='grc' dir='ltr'>καὶ</span> <span class='ocrx_word' id='word_1_473' title='bbox 1242 3848 1483 3923; x_wconf 76' lang='grc' dir='ltr'>εὐχερῶς</span> <span class='ocrx_word' id='word_1_474' title='bbox 1540 3845 2001 3919; x_wconf 86' lang='grc' dir='ltr'>μεταπίπτουσαν.</span> 
     </span>
    </p>
   </div>
   <div class='ocr_carea' id='block_1_73' title="bbox 339 3935 2002 4013">
    <p class='ocr_par' dir='ltr' id='par_1_73' title="bbox 339 3935 2002 4013">
     <span class='ocr_line' id='line_1_74' title="bbox 339 3935 2002 4013; baseline -0.003 -19"><span class='ocrx_word' id='word_1_475' title='bbox 339 3941 520 4013; x_wconf 75' lang='lat' dir='ltr'>&quot;Amp</span> <span class='ocrx_word' id='word_1_476' title='bbox 580 3940 691 4011; x_wconf 76' lang='grc' dir='ltr'>ἅμα</span> <span class='ocrx_word' id='word_1_477' title='bbox 774 3935 1255 4013; x_wconf 84' lang='grc' dir='ltr'>συνδεδραμηκότα</span> <span class='ocrx_word' id='word_1_478' title='bbox 1338 3936 1416 4010; x_wconf 86' lang='grc' dir='ltr'>τῷ</span> <span class='ocrx_word' id='word_1_479' title='bbox 1475 3935 1627 4012; x_wconf 89' lang='grc' dir='ltr'>λόγῳ</span> <span class='ocrx_word' id='word_1_480' title='bbox 1687 3937 2002 3992; x_wconf 81' lang='grc' dir='ltr'>ὑποκεῖσθαι</span> 
     </span>
    </p>
   </div>
   <div class='ocr_carea' id='block_1_74' title="bbox 340 4023 2001 4107">
    <p class='ocr_par' dir='ltr' id='par_1_74' title="bbox 340 4023 2001 4107">
     <span class='ocr_line' id='line_1_75' title="bbox 340 4023 2001 4107; baseline -0.002 -24"><span class='ocrx_word' id='word_1_481' title='bbox 340 4027 487 4101; x_wconf 83' lang='grc' dir='ltr'>πρὸς</span> <span class='ocrx_word' id='word_1_482' title='bbox 537 4026 827 4107; x_wconf 72' lang='grc' dir='ltr'>εὐφημίαν,</span> <span class='ocrx_word' id='word_1_483' title='bbox 890 4025 1247 4100; x_wconf 86' lang='grc' dir='ltr'>δυσπόριστόν</span> <span class='ocrx_word' id='word_1_484' title='bbox 1311 4049 1371 4083; x_wconf 83' lang='grc' dir='ltr'>τε</span> <span class='ocrx_word' id='word_1_485' title='bbox 1426 4026 1515 4081; x_wconf 87' lang='grc' dir='ltr'>καὶ</span> <span class='ocrx_word' id='word_1_486' title='bbox 1575 4023 2001 4101; x_wconf 74' lang='grc' dir='ltr'>ἐργωδέστατονο</span> 
     </span>
    </p>
   </div>
   <div class='ocr_carea' id='block_1_75' title="bbox 339 4114 2004 4192">
    <p class='ocr_par' dir='ltr' id='par_1_75' title="bbox 339 4114 2004 4192">
     <span class='ocr_line' id='line_1_76' title="bbox 339 4114 2004 4192; baseline -0.003 -19"><span class='ocrx_word' id='word_1_487' title='bbox 339 4116 500 4186; x_wconf 73' lang='grc' dir='ltr'>πλὴν</span> <span class='ocrx_word' id='word_1_488' title='bbox 532 4116 742 4173; x_wconf 72' lang='grc' dir='ltr'>ἃπαντα</span> <span class='ocrx_word' id='word_1_489' title='bbox 773 4117 872 4173; x_wconf 78' lang='grc' dir='ltr'>ὅσα</span> <span class='ocrx_word' id='word_1_490' title='bbox 907 4118 1024 4172; x_wconf 86' lang='grc' dir='ltr'>κατ’</span> <span class='ocrx_word' id='word_1_491' title='bbox 1068 4114 1211 4181; x_wconf 77' lang='grc' dir='ltr'>εἶδος</span> <span class='ocrx_word' id='word_1_492' title='bbox 1256 4117 1284 4171; x_wconf 85' lang='grc' dir='ltr'><strong>ὁ</strong></span> <span class='ocrx_word' id='word_1_493' title='bbox 1333 4114 1500 4192; x_wconf 86' lang='grc' dir='ltr'>λόγος</span> <span class='ocrx_word' id='word_1_494' title='bbox 1527 4114 1884 4184; x_wconf 79' lang='grc' dir='ltr'>διεστείλατο,</span> <span class='ocrx_word' id='word_1_495' title='bbox 1914 4114 2004 4169; x_wconf 84' lang='grc' dir='ltr'>καὶ</span> 
     </span>
    </p>
   </div>
   <div class='ocr_carea' id='block_1_76' title="bbox 337 4204 2006 4280">
    <p class='ocr_par' dir='ltr' id='par_1_76' title="bbox 337 4204 2006 4280">
     <span class='ocr_line' id='line_1_77' title="bbox 337 4204 2006 4280; baseline -0.002 -19"><span class='ocrx_word' id='word_1_496' title='bbox 337 4205 656 4277; x_wconf 80' lang='grc' dir='ltr'>κατέλεξεν,</span> <span class='ocrx_word' id='word_1_497' title='bbox 706 4206 780 4268; x_wconf 85' lang='grc' dir='ltr'>ὡς</span> <span class='ocrx_word' id='word_1_498' title='bbox 832 4204 993 4269; x_wconf 80' lang='grc' dir='ltr'>ἄνθος</span> <span class='ocrx_word' id='word_1_499' title='bbox 1044 4205 1252 4280; x_wconf 86' lang='grc' dir='ltr'>χόρτου</span> <span class='ocrx_word' id='word_1_500' title='bbox 1305 4206 1702 4279; x_wconf 86' lang='grc' dir='ltr'>μαραινόμενον</span> <span class='ocrx_word' id='word_1_501' title='bbox 1732 4204 1821 4259; x_wconf 82' lang='grc' dir='ltr'>καὶ</span> <span class='ocrx_word' id='word_1_502' title='bbox 1855 4215 2006 4277; x_wconf 79' lang='grc' dir='ltr'>φθει-</span> 
     </span>
    </p>
   </div>
   <div class='ocr_carea' id='block_1_77' title="bbox 338 4292 2007 4374">
    <p class='ocr_par' dir='ltr' id='par_1_77' title="bbox 338 4292 2007 4374">
     <span class='ocr_line' id='line_1_78' title="bbox 338 4292 2007 4374; baseline -0.002 -24"><span class='ocrx_word' id='word_1_503' title='bbox 338 4295 605 4374; x_wconf 86' lang='grc' dir='ltr'>ρόμενον,</span> <span class='ocrx_word' id='word_1_504' title='bbox 636 4295 727 4350; x_wconf 90' lang='lat' dir='ltr'>xui</span> <span class='ocrx_word' id='word_1_505' title='bbox 780 4296 853 4356; x_wconf 80' lang='grc' dir='ltr'>ὡς</span> <span class='ocrx_word' id='word_1_506' title='bbox 886 4300 1147 4371; x_wconf 83' lang='grc' dir='ltr'>χρηστῶν</span> <span class='ocrx_word' id='word_1_507' title='bbox 1209 4294 1432 4371; x_wconf 82' lang='grc' dir='ltr'>ὀνείρων</span> <span class='ocrx_word' id='word_1_508' title='bbox 1493 4292 1751 4363; x_wconf 79' lang='grc' dir='ltr'>ἀπατηλὴ</span> <span class='ocrx_word' id='word_1_509' title='bbox 1784 4292 1872 4347; x_wconf 84' lang='grc' dir='ltr'>καὶ</span> <span class='ocrx_word' id='word_1_510' title='bbox 1906 4313 2007 4347; x_wconf 75' lang='grc' dir='ltr'>ωα-</span> 
     </span>
    </p>
   </div>
   <div class='ocr_carea' id='block_1_78' title="bbox 338 4379 2006 4459">
    <p class='ocr_par' dir='ltr' id='par_1_78' title="bbox 338 4379 2006 4459">
     <span class='ocr_line' id='line_1_79' title="bbox 338 4379 2006 4459; baseline -0.003 -19"><span class='ocrx_word' id='word_1_511' title='bbox 338 4382 644 4458; x_wconf 80' lang='grc' dir='ltr'>σματώδης</span> <span class='ocrx_word' id='word_1_512' title='bbox 676 4379 821 4459; x_wconf 76' lang='grc' dir='ltr'>ὄψις,</span> <span class='ocrx_word' id='word_1_513' title='bbox 874 4384 986 4458; x_wconf 76' lang='grc' dir='ltr'>ἅμα</span> <span class='ocrx_word' id='word_1_514' title='bbox 1046 4383 1348 4459; x_wconf 73' lang='grc' dir='ltr'>φαινομένη</span> <span class='ocrx_word' id='word_1_515' title='bbox 1410 4385 1498 4438; x_wconf 82' lang='grc' dir='ltr'>καὶ</span> <span class='ocrx_word' id='word_1_516' title='bbox 1563 4381 2006 4459; x_wconf 87' lang='grc' dir='ltr'>παρατρέχουσα,</span> 
     </span>
    </p>
   </div>
   <div class='ocr_carea' id='block_1_79' title="bbox 336 4472 2007 4548">
    <p class='ocr_par' dir='ltr' id='par_1_79' title="bbox 336 4472 2007 4548">
     <span class='ocr_line' id='line_1_80' title="bbox 336 4472 2007 4548; baseline -0.003 -19"><span class='ocrx_word' id='word_1_517' title='bbox 336 4476 537 4529; x_wconf 79' lang='grc' dir='ltr'>θᾶττον</span> <span class='ocrx_word' id='word_1_518' title='bbox 566 4472 658 4529; x_wconf 84' lang='lat' dir='ltr'>xui</span> <span class='ocrx_word' id='word_1_519' title='bbox 708 4472 759 4529; x_wconf 83' lang='grc' dir='ltr'>ἐν</span> <span class='ocrx_word' id='word_1_520' title='bbox 819 4474 1020 4548; x_wconf 86' lang='grc' dir='ltr'>βραχεῖ</span> <span class='ocrx_word' id='word_1_521' title='bbox 1071 4472 1178 4529; x_wconf 82' lang='grc' dir='ltr'>ἔσθ’</span> <span class='ocrx_word' id='word_1_522' title='bbox 1230 4474 1320 4528; x_wconf 77' lang='grc' dir='ltr'>’ὀτε</span> <span class='ocrx_word' id='word_1_523' title='bbox 1370 4474 1455 4528; x_wconf 91' lang='grc' dir='ltr'>καὶ</span> <span class='ocrx_word' id='word_1_524' title='bbox 1515 4477 1595 4543; x_wconf 76' lang='grc' dir='ltr'>τῷ</span> <span class='ocrx_word' id='word_1_525' title='bbox 1625 4472 1812 4547; x_wconf 83' lang='grc' dir='ltr'>χρόνῳ</span> <span class='ocrx_word' id='word_1_526' title='bbox 1841 4492 2007 4525; x_wconf 81' lang='grc' dir='ltr'>κατα-</span> 
     </span>
    </p>
   </div>
   <div class='ocr_carea' id='block_1_80' title="bbox 334 4558 2015 4635">
    <p class='ocr_par' dir='ltr' id='par_1_80' title="bbox 334 4558 2015 4635">
     <span class='ocr_line' id='line_1_81' title="bbox 334 4558 2015 4635; baseline -0.002 -17"><span class='ocrx_word' id='word_1_527' title='bbox 334 4561 590 4633; x_wconf 84' lang='grc' dir='ltr'>λυόμενά</span> <span class='ocrx_word' id='word_1_528' title='bbox 618 4582 675 4617; x_wconf 87' lang='grc' dir='ltr'>τε</span> <span class='ocrx_word' id='word_1_529' title='bbox 719 4561 809 4615; x_wconf 80' lang='grc' dir='ltr'>καὶ</span> <span class='ocrx_word' id='word_1_530' title='bbox 860 4561 1255 4635; x_wconf 73' lang='grc' dir='ltr'>ἀλλοιούμενα,</span> <span class='ocrx_word' id='word_1_531' title='bbox 1318 4560 1676 4634; x_wconf 87' lang='grc' dir='ltr'>συγκαταλύει</span> <span class='ocrx_word' id='word_1_532' title='bbox 1728 4558 2015 4627; x_wconf 73' lang='grc' dir='ltr'>καταλλή-</span> 
     </span>
    </p>
   </div>
   <div class='ocr_carea' id='block_1_81' title="bbox 346 4649 2010 4726">
    <p class='ocr_par' dir='ltr' id='par_1_81' title="bbox 346 4649 2010 4726">
     <span class='ocr_line' id='line_1_82' title="bbox 346 4649 2010 4726; baseline -0.001 -21"><span class='ocrx_word' id='word_1_533' title='bbox 346 4649 470 4714; x_wconf 69' lang='grc' dir='ltr'>λως</span> <span class='ocrx_word' id='word_1_534' title='bbox 514 4651 605 4705; x_wconf 86' lang='grc' dir='ltr'>καὶ</span> <span class='ocrx_word' id='word_1_535' title='bbox 654 4650 974 4715; x_wconf 82' lang='grc' dir='ltr'>ἀκολούθως</span> <span class='ocrx_word' id='word_1_536' title='bbox 1022 4656 1131 4706; x_wconf 89' lang='grc' dir='ltr'>τῶν</span> <span class='ocrx_word' id='word_1_537' title='bbox 1180 4650 1471 4726; x_wconf 81' lang='grc' dir='ltr'>ἐγκωμίων</span> <span class='ocrx_word' id='word_1_538' title='bbox 1501 4652 1601 4719; x_wconf 77' lang='grc' dir='ltr'>τήν</span> <span class='ocrx_word' id='word_1_539' title='bbox 1634 4650 2010 4722; x_wconf 84' lang='grc' dir='ltr'>ἐκπεπονημέ-</span> 
     </span>
    </p>
   </div>
   <div class='ocr_carea' id='block_1_82' title="bbox 339 4740 2014 4817">
    <p class='ocr_par' dir='ltr' id='par_1_82' title="bbox 339 4740 2014 4817">
     <span class='ocr_line' id='line_1_83' title="bbox 339 4740 2014 4817; baseline -0.002 -20"><span class='ocrx_word' id='word_1_540' title='bbox 339 4764 447 4812; x_wconf 84' lang='grc' dir='ltr'>νην</span> <span class='ocrx_word' id='word_1_541' title='bbox 499 4742 765 4817; x_wconf 81' lang='grc' dir='ltr'>ἁρμονίαν</span> <span class='ocrx_word' id='word_1_542' title='bbox 817 4742 906 4797; x_wconf 88' lang='lat' dir='ltr'>xui</span> <span class='ocrx_word' id='word_1_543' title='bbox 980 4742 1306 4816; x_wconf 79' lang='grc' dir='ltr'>σύμπλεξιν.</span> <span class='ocrx_word' id='word_1_544' title='bbox 1377 4742 1474 4797; x_wconf 80' lang='grc' dir='ltr'>Σοὶ</span> <span class='ocrx_word' id='word_1_545' title='bbox 1547 4740 1625 4809; x_wconf 75' lang='grc' dir='ltr'>δὲ,</span> <span class='ocrx_word' id='word_1_546' title='bbox 1683 4740 1727 4795; x_wconf 84' lang='grc' dir='ltr'>ὦ</span> <span class='ocrx_word' id='word_1_547' title='bbox 1784 4741 2014 4815; x_wconf 83' lang='grc' dir='ltr'>παρθένε</span> 
     </span>
    </p>
   </div>
   <div class='ocr_carea' id='block_1_83' title="bbox 346 4829 2013 4909">
    <p class='ocr_par' dir='ltr' id='par_1_83' title="bbox 346 4829 2013 4909">
     <span class='ocr_line' id='line_1_84' title="bbox 346 4829 2013 4909; baseline -0.002 -22"><span class='ocrx_word' id='word_1_548' title='bbox 346 4832 512 4899; x_wconf 80' lang='grc' dir='ltr'>σευνὴ</span> <span class='ocrx_word' id='word_1_549' title='bbox 566 4831 658 4887; x_wconf 83' lang='grc' dir='ltr'>καὶ</span> <span class='ocrx_word' id='word_1_550' title='bbox 718 4833 975 4909; x_wconf 63' lang='grc' dir='ltr'>σώφρων,</span> <span class='ocrx_word' id='word_1_551' title='bbox 1040 4832 1135 4887; x_wconf 88' lang='lat' dir='ltr'>xui</span> <span class='ocrx_word' id='word_1_552' title='bbox 1172 4833 1377 4908; x_wconf 80' lang='grc' dir='ltr'>μάρτυς</span> <span class='ocrx_word' id='word_1_553' title='bbox 1404 4832 1780 4908; x_wconf 75' lang='grc' dir='ltr'>τροπαιοφόρε</span> <span class='ocrx_word' id='word_1_554' title='bbox 1836 4851 1894 4885; x_wconf 89' lang='grc' dir='ltr'>τε</span> <span class='ocrx_word' id='word_1_555' title='bbox 1924 4829 2013 4884; x_wconf 85' lang='lat' dir='ltr'>xui</span> 
     </span>
    </p>
   </div>
   <div class='ocr_carea' id='block_1_84' title="bbox 351 4918 2013 4996">
    <p class='ocr_par' dir='ltr' id='par_1_84' title="bbox 351 4918 2013 4996">
     <span class='ocr_line' id='line_1_85' title="bbox 351 4918 2013 4996; baseline -0.002 -21"><span class='ocrx_word' id='word_1_556' title='bbox 351 4921 614 4991; x_wconf 71' lang='grc' dir='ltr'>ἀήττητε,</span> <span class='ocrx_word' id='word_1_557' title='bbox 707 4922 924 4995; x_wconf 72' lang='grc' dir='ltr'>εὑρήσει</span> <span class='ocrx_word' id='word_1_558' title='bbox 1009 4932 1103 4994; x_wconf 82' lang='grc' dir='ltr'>μὲν</span> <span class='ocrx_word' id='word_1_559' title='bbox 1160 4923 1187 4975; x_wconf 85' lang='grc' dir='ltr'>ὁ</span> <span class='ocrx_word' id='word_1_560' title='bbox 1249 4923 1413 4996; x_wconf 82' lang='grc' dir='ltr'>Λόγος</span> <span class='ocrx_word' id='word_1_561' title='bbox 1495 4920 1850 4996; x_wconf 87' lang='grc' dir='ltr'>εὐπορώτατα</span> <span class='ocrx_word' id='word_1_562' title='bbox 1924 4918 2013 4973; x_wconf 83' lang='grc' dir='ltr'>καὶ</span> 
     </span>
    </p>
   </div>
   <div class='ocr_carea' id='block_1_85' title="bbox 349 5007 2012 5087">
    <p class='ocr_par' dir='ltr' id='par_1_85' title="bbox 349 5007 2012 5087">
     <span class='ocr_line' id='line_1_86' title="bbox 349 5007 2012 5087; baseline -0.002 -22"><span class='ocrx_word' id='word_1_563' title='bbox 349 5010 563 5082; x_wconf 78' lang='grc' dir='ltr'>ἀκμητὶ</span> <span class='ocrx_word' id='word_1_564' title='bbox 622 5007 792 5085; x_wconf 72' lang='grc' dir='ltr'>ἄρδην</span> <span class='ocrx_word' id='word_1_565' title='bbox 880 5012 1273 5084; x_wconf 81' lang='grc' dir='ltr'>σεσωρευμένα,</span> <span class='ocrx_word' id='word_1_566' title='bbox 1352 5011 1441 5065; x_wconf 88' lang='grc' dir='ltr'>καὶ</span> <span class='ocrx_word' id='word_1_567' title='bbox 1528 5009 2012 5087; x_wconf 76' lang='grc' dir='ltr'>συμπεφορημένα,</span> 
     </span>
    </p>
   </div>
   <div class='ocr_carea' id='block_1_86' title="bbox 352 5096 2012 5172">
    <p class='ocr_par' dir='ltr' id='par_1_86' title="bbox 352 5096 2012 5172">
     <span class='ocr_line' id='line_1_87' title="bbox 352 5096 2012 5172; baseline -0.002 -18"><span class='ocrx_word' id='word_1_568' title='bbox 352 5098 503 5154; x_wconf 61' lang='grc' dir='ltr'>ἒνῦν</span> <span class='ocrx_word' id='word_1_569' title='bbox 557 5098 996 5171; x_wconf 84' lang='grc' dir='ltr'>κατωνόμασται,</span> <span class='ocrx_word' id='word_1_570' title='bbox 1055 5100 1146 5153; x_wconf 82' lang='grc' dir='ltr'>καὶ</span> <span class='ocrx_word' id='word_1_571' title='bbox 1202 5101 1568 5172; x_wconf 76' lang='grc' dir='ltr'>θαυμάζουσι,</span> <span class='ocrx_word' id='word_1_572' title='bbox 1625 5099 1713 5153; x_wconf 86' lang='lat' dir='ltr'>xui</span> <span class='ocrx_word' id='word_1_573' title='bbox 1777 5096 2012 5172; x_wconf 85' lang='grc' dir='ltr'>μακαρί-</span> 
     </span>
    </p>
   </div>
   <div class='ocr_carea' id='block_1_87' title="bbox 352 5183 2016 5265">
    <p class='ocr_par' dir='ltr' id='par_1_87' title="bbox 352 5183 2016 5265">
     <span class='ocr_line' id='line_1_88' title="bbox 352 5183 2016 5265; baseline -0.002 -21"><span class='ocrx_word' id='word_1_574' title='bbox 352 5195 538 5259; x_wconf 77' lang='grc' dir='ltr'>ζουσιν</span> <span class='ocrx_word' id='word_1_575' title='bbox 593 5190 898 5265; x_wconf 76' lang='grc' dir='ltr'>ἅνθρωποι,</span> <span class='ocrx_word' id='word_1_576' title='bbox 939 5188 1028 5243; x_wconf 86' lang='grc' dir='ltr'>καὶ</span> <span class='ocrx_word' id='word_1_577' title='bbox 1078 5187 1346 5259; x_wconf 81' lang='grc' dir='ltr'>ἀξιόδηλα</span> <span class='ocrx_word' id='word_1_578' title='bbox 1394 5188 1654 5244; x_wconf 84' lang='grc' dir='ltr'>τίθενται’</span> <span class='ocrx_word' id='word_1_579' title='bbox 1702 5186 1763 5242; x_wconf 86' lang='grc' dir='ltr'>οὐ</span> <span class='ocrx_word' id='word_1_580' title='bbox 1818 5188 1923 5259; x_wconf 72' lang='grc' dir='ltr'>μὴν</span> <span class='ocrx_word' id='word_1_581' title='bbox 1958 5183 2016 5241; x_wconf 78' lang='grc' dir='ltr'>δὶ</span> 
     </span>
    </p>
   </div>
   <div class='ocr_carea' id='block_1_88' title="bbox 350 5274 2016 5352">
    <p class='ocr_par' dir='ltr' id='par_1_88' title="bbox 350 5274 2016 5352">
     <span class='ocr_line' id='line_1_89' title="bbox 350 5274 2016 5352; baseline -0.003 -19"><span class='ocrx_word' id='word_1_582' title='bbox 350 5277 736 5352; x_wconf 84' lang='grc' dir='ltr'>ἀπολλύμενα,</span> <span class='ocrx_word' id='word_1_583' title='bbox 790 5280 881 5333; x_wconf 85' lang='lat' dir='ltr'>xui</span> <span class='ocrx_word' id='word_1_584' title='bbox 944 5276 1207 5351; x_wconf 86' lang='grc' dir='ltr'>λυόμενα,</span> <span class='ocrx_word' id='word_1_585' title='bbox 1268 5277 1358 5333; x_wconf 75' lang='grc' dir='ltr'>καὶ</span> <span class='ocrx_word' id='word_1_586' title='bbox 1409 5277 1539 5339; x_wconf 82' lang='grc' dir='ltr'>τοὺς</span> <span class='ocrx_word' id='word_1_587' title='bbox 1591 5276 1844 5337; x_wconf 81' lang='grc' dir='ltr'>ἐπαίνους</span> <span class='ocrx_word' id='word_1_588' title='bbox 1894 5274 2016 5343; x_wconf 79' lang='grc' dir='ltr'>είκῆ</span> 
     </span>
    </p>
   </div>
   <div class='ocr_carea' id='block_1_89' title="bbox 353 5364 2014 5445">
    <p class='ocr_par' dir='ltr' id='par_1_89' title="bbox 353 5364 2014 5445">
     <span class='ocr_line' id='line_1_90' title="bbox 353 5364 2014 5445; baseline -0.002 -22"><span class='ocrx_word' id='word_1_589' title='bbox 353 5374 561 5445; x_wconf 85' lang='grc' dir='ltr'>χωρεῖν</span> <span class='ocrx_word' id='word_1_590' title='bbox 615 5368 692 5432; x_wconf 79' lang='grc' dir='ltr'>εἷς</span> <span class='ocrx_word' id='word_1_591' title='bbox 742 5364 873 5443; x_wconf 79' lang='grc' dir='ltr'>ἀέρα</span> <span class='ocrx_word' id='word_1_592' title='bbox 921 5366 1415 5442; x_wconf 74' lang='grc' dir='ltr'>παρασκευάζοντα.</span> <span class='ocrx_word' id='word_1_593' title='bbox 1481 5368 1543 5421; x_wconf 86' lang='grc' dir='ltr'>Ἡ</span> <span class='ocrx_word' id='word_1_594' title='bbox 1613 5366 1716 5441; x_wconf 75' lang='grc' dir='ltr'>γὰρ</span> <span class='ocrx_word' id='word_1_595' title='bbox 1765 5371 1865 5435; x_wconf 78' lang='grc' dir='ltr'>τῆς</span> <span class='ocrx_word' id='word_1_596' title='bbox 1914 5371 2014 5433; x_wconf 82' lang='grc' dir='ltr'>σῆς</span> 
     </span>
    </p>
   </div>
   <div class='ocr_carea' id='block_1_90' title="bbox 350 5454 2013 5533">
    <p class='ocr_par' dir='ltr' id='par_1_90' title="bbox 350 5454 2013 5533">
     <span class='ocr_line' id='line_1_91' title="bbox 350 5454 2013 5533; baseline -0.003 -21"><span class='ocrx_word' id='word_1_597' title='bbox 350 5456 616 5519; x_wconf 80' lang='grc' dir='ltr'>θειώδους</span> <span class='ocrx_word' id='word_1_598' title='bbox 646 5460 833 5532; x_wconf 68' lang='grc' dir='ltr'>ψυχῆς</span> <span class='ocrx_word' id='word_1_599' title='bbox 861 5458 1048 5530; x_wconf 80' lang='grc' dir='ltr'>ἀρετὴ,</span> <span class='ocrx_word' id='word_1_600' title='bbox 1096 5458 1186 5511; x_wconf 87' lang='lat' dir='ltr'>xui</span> <span class='ocrx_word' id='word_1_601' title='bbox 1242 5459 1276 5527; x_wconf 73' lang='grc' dir='ltr'>ἡ</span> <span class='ocrx_word' id='word_1_602' title='bbox 1332 5457 1464 5533; x_wconf 87' lang='grc' dir='ltr'>πρὸς</span> <span class='ocrx_word' id='word_1_603' title='bbox 1510 5457 1603 5511; x_wconf 91' lang='grc' dir='ltr'>τὸν</span> <span class='ocrx_word' id='word_1_604' title='bbox 1657 5454 1897 5525; x_wconf 87' lang='grc' dir='ltr'>Κτίστην</span> <span class='ocrx_word' id='word_1_605' title='bbox 1929 5455 2013 5509; x_wconf 78' lang='grc' dir='ltr'>οἱ-</span> 
     </span>
    </p>
   </div>
   <div class='ocr_carea' id='block_1_91' title="bbox 351 5543 2017 5624">
    <p class='ocr_par' dir='ltr' id='par_1_91' title="bbox 351 5543 2017 5624">
     <span class='ocr_line' id='line_1_92' title="bbox 351 5543 2017 5624; baseline -0.002 -24"><span class='ocrx_word' id='word_1_606' title='bbox 351 5545 596 5615; x_wconf 86' lang='grc' dir='ltr'>κείωσις,</span> <span class='ocrx_word' id='word_1_607' title='bbox 659 5545 966 5624; x_wconf 75' lang='grc' dir='ltr'>συνέσφιγξέ</span> <span class='ocrx_word' id='word_1_608' title='bbox 1032 5565 1118 5599; x_wconf 91' lang='grc' dir='ltr'>σοι</span> <span class='ocrx_word' id='word_1_609' title='bbox 1194 5546 1279 5599; x_wconf 87' lang='grc' dir='ltr'>καὶ</span> <span class='ocrx_word' id='word_1_610' title='bbox 1362 5545 1722 5619; x_wconf 82' lang='grc' dir='ltr'>συνετήρησε,</span> <span class='ocrx_word' id='word_1_611' title='bbox 1793 5544 1884 5597; x_wconf 89' lang='lat' dir='ltr'>xui</span> <span class='ocrx_word' id='word_1_612' title='bbox 1950 5543 2017 5596; x_wconf 75' lang='grc' dir='ltr'>τὰ</span> 
     </span>
    </p>
   </div>
   <div class='ocr_carea' id='block_1_92' title="bbox 352 5631 2014 5711">
    <p class='ocr_par' dir='ltr' id='par_1_92' title="bbox 352 5631 2014 5711">
     <span class='ocr_line' id='line_1_93' title="bbox 352 5631 2014 5711; baseline -0.003 -21"><span class='ocrx_word' id='word_1_613' title='bbox 352 5635 628 5711; x_wconf 84' lang='grc' dir='ltr'>προσόντα</span> <span class='ocrx_word' id='word_1_614' title='bbox 657 5635 803 5691; x_wconf 84' lang='grc' dir='ltr'>καλά</span> <span class='ocrx_word' id='word_1_615' title='bbox 848 5637 937 5690; x_wconf 82' lang='grc' dir='ltr'>καὶ</span> <span class='ocrx_word' id='word_1_616' title='bbox 991 5633 1274 5711; x_wconf 87' lang='grc' dir='ltr'>ἐγκόσμια,</span> <span class='ocrx_word' id='word_1_617' title='bbox 1325 5634 1415 5689; x_wconf 88' lang='grc' dir='ltr'>καὶ</span> <span class='ocrx_word' id='word_1_618' title='bbox 1462 5638 1531 5707; x_wconf 77' lang='grc' dir='ltr'>τῇ</span> <span class='ocrx_word' id='word_1_619' title='bbox 1592 5635 1786 5707; x_wconf 72' lang='grc' dir='ltr'>μνήμη</span> <span class='ocrx_word' id='word_1_620' title='bbox 1832 5631 2014 5686; x_wconf 81' lang='grc' dir='ltr'>ἀνεπί-</span> 
     </span>
    </p>
   </div>
   <div class='ocr_carea' id='block_1_93' title="bbox 356 5718 2010 5797">
    <p class='ocr_par' dir='ltr' id='par_1_93' title="bbox 356 5718 2010 5797">
     <span class='ocr_line' id='line_1_94' title="bbox 356 5718 2010 5797; baseline -0.004 -17"><span class='ocrx_word' id='word_1_621' title='bbox 356 5724 558 5796; x_wconf 90' lang='grc' dir='ltr'>ληστα,</span> <span class='ocrx_word' id='word_1_622' title='bbox 588 5724 678 5779; x_wconf 83' lang='grc' dir='ltr'>καὶ</span> <span class='ocrx_word' id='word_1_623' title='bbox 727 5728 806 5795; x_wconf 84' lang='grc' dir='ltr'>τῷ</span> <span class='ocrx_word' id='word_1_624' title='bbox 849 5723 1009 5778; x_wconf 82' lang='grc' dir='ltr'>παντὶ</span> <span class='ocrx_word' id='word_1_625' title='bbox 1058 5722 1215 5777; x_wconf 74' lang='grc' dir='ltr'>αἰῶνι</span> <span class='ocrx_word' id='word_1_626' title='bbox 1266 5720 1679 5797; x_wconf 87' lang='grc' dir='ltr'>συνδολιχεύειν</span> <span class='ocrx_word' id='word_1_627' title='bbox 1722 5718 2010 5790; x_wconf 83' lang='grc' dir='ltr'>πεποίηκε·</span> 
     </span>
    </p>
   </div>
   <div class='ocr_carea' id='block_1_94' title="bbox 644 5842 1330 5905">
    <p class='ocr_par' dir='ltr' id='par_1_94' title="bbox 644 5842 1330 5905">
     <span class='ocr_line' id='line_1_95' title="bbox 644 5842 1330 5905; baseline -0.004 0"><span class='ocrx_word' id='word_1_628' title='bbox 644 5846 914 5905; x_wconf 63' lang='lat' dir='ltr'>Panos.</span> <span class='ocrx_word' id='word_1_629' title='bbox 963 5842 1075 5904; x_wconf 78' lang='lat' dir='ltr'>Gn.</span> <span class='ocrx_word' id='word_1_630' title='bbox 1121 5842 1330 5905; x_wconf 82' lang='lat' dir='ltr'>XCVI.</span> 
     </span>
    </p>
   </div>
   <div class='ocr_carea' id='block_1_95' title="bbox 2109 3294 3773 3367">
    <p class='ocr_par' dir='ltr' id='par_1_95' title="bbox 2109 3294 3773 3367">
     <span class='ocr_line' id='line_1_96' title="bbox 2109 3294 3773 3367; baseline -0.004 -12"><span class='ocrx_word' id='word_1_631' title='bbox 2109 3300 2327 3355; x_wconf 88' lang='lat' dir='ltr'>habilis</span> <span class='ocrx_word' id='word_1_632' title='bbox 2361 3299 2653 3354; x_wconf 87' lang='lat' dir='ltr'>sermonis</span> <span class='ocrx_word' id='word_1_633' title='bbox 2687 3298 3043 3361; x_wconf 88' lang='lat' dir='ltr'>elocutione,</span> <span class='ocrx_word' id='word_1_634' title='bbox 3079 3294 3344 3367; x_wconf 91' lang='lat' dir='ltr'>corporis</span> <span class='ocrx_word' id='word_1_635' title='bbox 3376 3294 3773 3367; x_wconf 90' lang='lat' dir='ltr'>pulchritudi-</span> 
     </span>
    </p>
   </div>
   <div class='ocr_carea' id='block_1_96' title="bbox 2110 3386 3777 3457">
    <p class='ocr_par' dir='ltr' id='par_1_96' title="bbox 2110 3386 3777 3457">
     <span class='ocr_line' id='line_1_97' title="bbox 2110 3386 3777 3457; baseline -0.004 -12"><span class='ocrx_word' id='word_1_636' title='bbox 2110 3408 2247 3446; x_wconf 92' lang='lat' dir='ltr'>nem</span> <span class='ocrx_word' id='word_1_637' title='bbox 2262 3390 2530 3445; x_wconf 90' lang='lat' dir='ltr'>etcarnis</span> <span class='ocrx_word' id='word_1_638' title='bbox 2544 3392 3102 3449; x_wconf 89' lang='lat' dir='ltr'>venustatem.certa</span> <span class='ocrx_word' id='word_1_639' title='bbox 3114 3386 3520 3441; x_wconf 89' lang='lat' dir='ltr'>membrorum</span> <span class='ocrx_word' id='word_1_640' title='bbox 3536 3402 3777 3457; x_wconf 79' lang='lat' dir='ltr'>propor-</span> 
     </span>
    </p>
   </div>
   <div class='ocr_carea' id='block_1_97' title="bbox 2112 3475 3762 3539">
    <p class='ocr_par' dir='ltr' id='par_1_97' title="bbox 2112 3475 3762 3539">
     <span class='ocr_line' id='line_1_98' title="bbox 2112 3475 3762 3539; baseline -0.003 -5"><span class='ocrx_word' id='word_1_641' title='bbox 2112 3481 2272 3534; x_wconf 88' lang='lat' dir='ltr'>tione</span> <span class='ocrx_word' id='word_1_642' title='bbox 2306 3496 2439 3534; x_wconf 90' lang='lat' dir='ltr'>cum</span> <span class='ocrx_word' id='word_1_643' title='bbox 2494 3479 2710 3533; x_wconf 93' lang='lat' dir='ltr'>coloris</span> <span class='ocrx_word' id='word_1_644' title='bbox 2769 3478 3054 3532; x_wconf 88' lang='lat' dir='ltr'>suavitate</span> <span class='ocrx_word' id='word_1_645' title='bbox 3110 3482 3502 3539; x_wconf 86' lang='lat' dir='ltr'>constantem,</span> <span class='ocrx_word' id='word_1_646' title='bbox 3538 3475 3762 3530; x_wconf 88' lang='lat' dir='ltr'>laudat.</span> 
     </span>
    </p>
   </div>
   <div class='ocr_carea' id='block_1_98' title="bbox 2113 3564 3769 3635">
    <p class='ocr_par' dir='ltr' id='par_1_98' title="bbox 2113 3564 3769 3635">
     <span class='ocr_line' id='line_1_99' title="bbox 2113 3564 3769 3635; baseline -0.003 -12"><span class='ocrx_word' id='word_1_647' title='bbox 2113 3570 2264 3634; x_wconf 87' lang='lat' dir='ltr'>Quin</span> <span class='ocrx_word' id='word_1_648' title='bbox 2289 3570 2467 3623; x_wconf 91' lang='lat' dir='ltr'>etiam</span> <span class='ocrx_word' id='word_1_649' title='bbox 2492 3585 2611 3622; x_wconf 93' lang='lat' dir='ltr'>non</span> <span class='ocrx_word' id='word_1_650' title='bbox 2632 3585 2763 3622; x_wconf 92' lang='lat' dir='ltr'>raro</span> <span class='ocrx_word' id='word_1_651' title='bbox 2781 3566 3325 3635; x_wconf 89' lang='lat' dir='ltr'>robur,bonamque</span> <span class='ocrx_word' id='word_1_652' title='bbox 3341 3564 3769 3634; x_wconf 87' lang='lat' dir='ltr'>valetudinem,</span> 
     </span>
    </p>
   </div>
   <div class='ocr_carea' id='block_1_99' title="bbox 2113 3653 3769 3728">
    <p class='ocr_par' dir='ltr' id='par_1_99' title="bbox 2113 3653 3769 3728">
     <span class='ocr_line' id='line_1_100' title="bbox 2113 3653 3769 3728; baseline -0.004 -15"><span class='ocrx_word' id='word_1_653' title='bbox 2113 3675 2181 3713; x_wconf 86' lang='lat' dir='ltr'>ac</span> <span class='ocrx_word' id='word_1_654' title='bbox 2228 3658 2499 3712; x_wconf 86' lang='lat' dir='ltr'>mortalis</span> <span class='ocrx_word' id='word_1_655' title='bbox 2569 3657 2954 3728; x_wconf 83' lang='lat' dir='ltr'>ingenuitatis</span> <span class='ocrx_word' id='word_1_656' title='bbox 3006 3656 3419 3726; x_wconf 79' lang='lat' dir='ltr'>majestatem;</span> <span class='ocrx_word' id='word_1_657' title='bbox 3474 3653 3769 3708; x_wconf 89' lang='lat' dir='ltr'>illustrem</span> 
     </span>
    </p>
   </div>
   <div class='ocr_carea' id='block_1_100' title="bbox 2115 3742 3770 3817">
    <p class='ocr_par' dir='ltr' id='par_1_100' title="bbox 2115 3742 3770 3817">
     <span class='ocr_line' id='line_1_101' title="bbox 2115 3742 3770 3817; baseline -0.002 -17"><span class='ocrx_word' id='word_1_658' title='bbox 2115 3747 2293 3801; x_wconf 87' lang='lat' dir='ltr'>etiam</span> <span class='ocrx_word' id='word_1_659' title='bbox 2317 3745 2673 3816; x_wconf 89' lang='lat' dir='ltr'>quandoque</span> <span class='ocrx_word' id='word_1_660' title='bbox 2699 3746 3046 3817; x_wconf 83' lang='lat' dir='ltr'>dignitatem</span> <span class='ocrx_word' id='word_1_661' title='bbox 3075 3762 3141 3798; x_wconf 90' lang='lat' dir='ltr'>ac</span> <span class='ocrx_word' id='word_1_662' title='bbox 3170 3743 3373 3813; x_wconf 66' lang='lat' dir='ltr'>patria:</span> <span class='ocrx_word' id='word_1_663' title='bbox 3398 3742 3731 3797; x_wconf 88' lang='lat' dir='ltr'>claritatem</span> <span class='ocrx_word' id='word_1_664' title='bbox 3755 3760 3770 3809; x_wconf 84' lang='lat'><strong>;</strong></span> 
     </span>
    </p>
   </div>
   <div class='ocr_carea' id='block_1_101' title="bbox 2114 3832 3774 3905">
    <p class='ocr_par' dir='ltr' id='par_1_101' title="bbox 2114 3832 3774 3905">
     <span class='ocr_line' id='line_1_102' title="bbox 2114 3832 3774 3905; baseline -0.002 -16"><span class='ocrx_word' id='word_1_665' title='bbox 2114 3834 2385 3905; x_wconf 90' lang='lat' dir='ltr'>copiosas</span> <span class='ocrx_word' id='word_1_666' title='bbox 2416 3851 2557 3904; x_wconf 91' lang='lat' dir='ltr'>opes</span> <span class='ocrx_word' id='word_1_667' title='bbox 2591 3851 2721 3904; x_wconf 68' lang='lat' dir='ltr'>qua)</span> <span class='ocrx_word' id='word_1_668' title='bbox 2755 3834 2948 3887; x_wconf 76' lang='lat' dir='ltr'>fluunt</span> <span class='ocrx_word' id='word_1_669' title='bbox 2979 3850 3047 3887; x_wconf 90' lang='lat' dir='ltr'>ac</span> <span class='ocrx_word' id='word_1_670' title='bbox 3090 3832 3458 3899; x_wconf 91' lang='lat' dir='ltr'>dilabuntur,</span> <span class='ocrx_word' id='word_1_671' title='bbox 3490 3832 3774 3902; x_wconf 89' lang='lat' dir='ltr'>facilique</span> 
     </span>
    </p>
   </div>
   <div class='ocr_carea' id='block_1_102' title="bbox 2114 3922 3773 3996">
    <p class='ocr_par' dir='ltr' id='par_1_102' title="bbox 2114 3922 3773 3996">
     <span class='ocr_line' id='line_1_103' title="bbox 2114 3922 3773 3996; baseline -0.002 -17"><span class='ocrx_word' id='word_1_672' title='bbox 2114 3925 2349 3996; x_wconf 88' lang='lat' dir='ltr'>negotio</span> <span class='ocrx_word' id='word_1_673' title='bbox 2380 3924 2724 3979; x_wconf 89' lang='lat' dir='ltr'>concidunt.</span> <span class='ocrx_word' id='word_1_674' title='bbox 2750 3925 2888 3987; x_wconf 62' lang='lat' dir='ltr'>Qua;</span> <span class='ocrx_word' id='word_1_675' title='bbox 2912 3929 2979 3977; x_wconf 92' lang='lat' dir='ltr'>ut</span> <span class='ocrx_word' id='word_1_676' title='bbox 3004 3922 3181 3976; x_wconf 91' lang='lat' dir='ltr'>simul</span> <span class='ocrx_word' id='word_1_677' title='bbox 3205 3922 3567 3975; x_wconf 87' lang='lat' dir='ltr'>laudationis</span> <span class='ocrx_word' id='word_1_678' title='bbox 3599 3938 3773 3992; x_wconf 83' lang='lat' dir='ltr'>argu-</span> 
     </span>
    </p>
   </div>
   <div class='ocr_carea' id='block_1_103' title="bbox 2114 4012 3776 4082">
    <p class='ocr_par' dir='ltr' id='par_1_103' title="bbox 2114 4012 3776 4082">
     <span class='ocr_line' id='line_1_104' title="bbox 2114 4012 3776 4082; baseline -0.002 -13"><span class='ocrx_word' id='word_1_679' title='bbox 2114 4020 2316 4070; x_wconf 89' lang='lat' dir='ltr'>mento</span> <span class='ocrx_word' id='word_1_680' title='bbox 2340 4019 2718 4075; x_wconf 84' lang='lat' dir='ltr'>concurrant,</span> <span class='ocrx_word' id='word_1_681' title='bbox 2743 4012 2988 4066; x_wconf 82' lang='lat' dir='ltr'>difﬁcile</span> <span class='ocrx_word' id='word_1_682' title='bbox 3014 4028 3451 4082; x_wconf 88' lang='lat' dir='ltr'>operosumque</span> <span class='ocrx_word' id='word_1_683' title='bbox 3478 4012 3776 4065; x_wconf 75' lang='lat' dir='ltr'>est.the-</span> 
     </span>
    </p>
   </div>
   <div class='ocr_carea' id='block_1_104' title="bbox 2115 4100 3777 4174">
    <p class='ocr_par' dir='ltr' id='par_1_104' title="bbox 2115 4100 3777 4174">
     <span class='ocr_line' id='line_1_105' title="bbox 2115 4100 3777 4174; baseline -0.003 -15"><span class='ocrx_word' id='word_1_684' title='bbox 2115 4121 2268 4170; x_wconf 89' lang='lat' dir='ltr'>rum,</span> <span class='ocrx_word' id='word_1_685' title='bbox 2298 4119 2668 4174; x_wconf 63' lang='lat' dir='ltr'>quaecunque</span> <span class='ocrx_word' id='word_1_686' title='bbox 2699 4102 2903 4157; x_wconf 90' lang='lat' dir='ltr'>omnia</span> <span class='ocrx_word' id='word_1_687' title='bbox 2952 4102 3079 4156; x_wconf 70' lang='lat' dir='ltr'>haec</span> <span class='ocrx_word' id='word_1_688' title='bbox 3129 4100 3471 4172; x_wconf 84' lang='lat' dir='ltr'>singulatim</span> <span class='ocrx_word' id='word_1_689' title='bbox 3504 4100 3777 4155; x_wconf 82' lang='lat' dir='ltr'>distinxit</span> 
     </span>
    </p>
   </div>
   <div class='ocr_carea' id='block_1_105' title="bbox 2116 4188 3771 4264">
    <p class='ocr_par' dir='ltr' id='par_1_105' title="bbox 2116 4188 3771 4264">
     <span class='ocr_line' id='line_1_106' title="bbox 2116 4188 3771 4264; baseline -0.003 -16"><span class='ocrx_word' id='word_1_690' title='bbox 2116 4211 2182 4249; x_wconf 90' lang='lat' dir='ltr'>ac</span> <span class='ocrx_word' id='word_1_691' title='bbox 2215 4193 2559 4264; x_wconf 90' lang='lat' dir='ltr'>percensuit</span> <span class='ocrx_word' id='word_1_692' title='bbox 2601 4192 2811 4258; x_wconf 86' lang='lat' dir='ltr'>oratio,</span> <span class='ocrx_word' id='word_1_693' title='bbox 2847 4196 3128 4261; x_wconf 89' lang='lat' dir='ltr'>tanquam</span> <span class='ocrx_word' id='word_1_694' title='bbox 3178 4189 3299 4243; x_wconf 84' lang='lat' dir='ltr'>feni</span> <span class='ocrx_word' id='word_1_695' title='bbox 3334 4188 3444 4242; x_wconf 79' lang='lat' dir='ltr'>llos</span> <span class='ocrx_word' id='word_1_696' title='bbox 3476 4194 3635 4256; x_wconf 90' lang='lat' dir='ltr'>sunt,</span> <span class='ocrx_word' id='word_1_697' title='bbox 3670 4189 3771 4259; x_wconf 88' lang='lat' dir='ltr'>qui</span> 
     </span>
    </p>
   </div>
   <div class='ocr_carea' id='block_1_106' title="bbox 2116 4279 3774 4351">
    <p class='ocr_par' dir='ltr' id='par_1_106' title="bbox 2116 4279 3774 4351">
     <span class='ocr_line' id='line_1_107' title="bbox 2116 4279 3774 4351; baseline -0.003 -13"><span class='ocrx_word' id='word_1_698' title='bbox 2116 4283 2431 4338; x_wconf 86' lang='lat' dir='ltr'>marcescit</span> <span class='ocrx_word' id='word_1_699' title='bbox 2462 4287 2519 4335; x_wconf 90' lang='lat' dir='ltr'>et</span> <span class='ocrx_word' id='word_1_700' title='bbox 2550 4281 2773 4348; x_wconf 87' lang='lat' dir='ltr'>interit,</span> <span class='ocrx_word' id='word_1_701' title='bbox 2807 4287 2909 4334; x_wconf 89' lang='lat' dir='ltr'>aut</span> <span class='ocrx_word' id='word_1_702' title='bbox 2955 4280 3113 4334; x_wconf 90' lang='lat' dir='ltr'>velut</span> <span class='ocrx_word' id='word_1_703' title='bbox 3143 4279 3513 4351; x_wconf 81' lang='lat' dir='ltr'>egregiorum</span> <span class='ocrx_word' id='word_1_704' title='bbox 3545 4280 3774 4333; x_wconf 90' lang='lat' dir='ltr'>insom-</span> 
     </span>
    </p>
   </div>
   <div class='ocr_carea' id='block_1_107' title="bbox 2121 4368 3776 4440">
    <p class='ocr_par' dir='ltr' id='par_1_107' title="bbox 2121 4368 3776 4440">
     <span class='ocr_line' id='line_1_108' title="bbox 2121 4368 3776 4440; baseline -0.003 -13"><span class='ocrx_word' id='word_1_705' title='bbox 2121 4374 2359 4427; x_wconf 92' lang='lat' dir='ltr'>niorum</span> <span class='ocrx_word' id='word_1_706' title='bbox 2388 4371 2643 4425; x_wconf 86' lang='lat' dir='ltr'>mendax</span> <span class='ocrx_word' id='word_1_707' title='bbox 2676 4377 2733 4424; x_wconf 88' lang='lat' dir='ltr'>et</span> <span class='ocrx_word' id='word_1_708' title='bbox 2764 4375 2995 4440; x_wconf 90' lang='lat' dir='ltr'>spectro</span> <span class='ocrx_word' id='word_1_709' title='bbox 3026 4368 3241 4423; x_wconf 88' lang='lat' dir='ltr'>ludens</span> <span class='ocrx_word' id='word_1_710' title='bbox 3272 4374 3648 4439; x_wconf 87' lang='lat' dir='ltr'>conspectus,</span> <span class='ocrx_word' id='word_1_711' title='bbox 3673 4368 3776 4438; x_wconf 88' lang='lat' dir='ltr'>qui</span> 
     </span>
    </p>
   </div>
   <div class='ocr_carea' id='block_1_108' title="bbox 2122 4456 3778 4531">
    <p class='ocr_par' dir='ltr' id='par_1_108' title="bbox 2122 4456 3778 4531">
     <span class='ocr_line' id='line_1_109' title="bbox 2122 4456 3778 4531; baseline -0.004 -14"><span class='ocrx_word' id='word_1_712' title='bbox 2122 4478 2257 4517; x_wconf 88' lang='lat' dir='ltr'>mox</span> <span class='ocrx_word' id='word_1_713' title='bbox 2284 4465 2349 4514; x_wconf 92' lang='lat' dir='ltr'>ut</span> <span class='ocrx_word' id='word_1_714' title='bbox 2377 4459 2671 4531; x_wconf 89' lang='lat' dir='ltr'>apparuit,</span> <span class='ocrx_word' id='word_1_715' title='bbox 2721 4458 2992 4529; x_wconf 73' lang='lat' dir='ltr'>diffugit:</span> <span class='ocrx_word' id='word_1_716' title='bbox 3047 4457 3187 4527; x_wconf 88' lang='lat' dir='ltr'>quia</span> <span class='ocrx_word' id='word_1_717' title='bbox 3218 4456 3395 4511; x_wconf 86' lang='lat' dir='ltr'>citius</span> <span class='ocrx_word' id='word_1_718' title='bbox 3426 4474 3494 4511; x_wconf 90' lang='lat' dir='ltr'>ac</span> <span class='ocrx_word' id='word_1_719' title='bbox 3524 4457 3778 4511; x_wconf 91' lang='lat' dir='ltr'>breviori</span> 
     </span>
    </p>
   </div>
   <div class='ocr_carea' id='block_1_109' title="bbox 2125 4549 3781 4621">
    <p class='ocr_par' dir='ltr' id='par_1_109' title="bbox 2125 4549 3781 4621">
     <span class='ocr_line' id='line_1_110' title="bbox 2125 4549 3781 4621; baseline -0.002 -16"><span class='ocrx_word' id='word_1_720' title='bbox 2125 4549 2448 4621; x_wconf 85' lang='lat' dir='ltr'>aliquando</span> <span class='ocrx_word' id='word_1_721' title='bbox 2484 4566 2649 4603; x_wconf 91' lang='lat' dir='ltr'>mora</span> <span class='ocrx_word' id='word_1_722' title='bbox 2681 4553 3073 4618; x_wconf 91' lang='lat' dir='ltr'>pessumeunt</span> <span class='ocrx_word' id='word_1_723' title='bbox 3104 4552 3161 4601; x_wconf 89' lang='lat' dir='ltr'>et</span> <span class='ocrx_word' id='word_1_724' title='bbox 3188 4552 3518 4613; x_wconf 87' lang='lat' dir='ltr'>mutantur,</span> <span class='ocrx_word' id='word_1_725' title='bbox 3545 4564 3781 4618; x_wconf 89' lang='lat' dir='ltr'>unaque</span> 
     </span>
    </p>
   </div>
   <div class='ocr_carea' id='block_1_110' title="bbox 2124 4636 3782 4707">
    <p class='ocr_par' dir='ltr' id='par_1_110' title="bbox 2124 4636 3782 4707">
     <span class='ocr_line' id='line_1_111' title="bbox 2124 4636 3782 4707; baseline -0.002 -13"><span class='ocrx_word' id='word_1_726' title='bbox 2124 4639 2269 4694; x_wconf 89' lang='lat' dir='ltr'>adeo</span> <span class='ocrx_word' id='word_1_727' title='bbox 2304 4655 2506 4693; x_wconf 90' lang='lat' dir='ltr'>secum</span> <span class='ocrx_word' id='word_1_728' title='bbox 2540 4642 2941 4693; x_wconf 89' lang='lat' dir='ltr'>consentanee</span> <span class='ocrx_word' id='word_1_729' title='bbox 2989 4643 3046 4701; x_wconf 84' lang='lat' dir='ltr'>et</span> <span class='ocrx_word' id='word_1_730' title='bbox 3095 4638 3365 4707; x_wconf 88' lang='lat' dir='ltr'>apposite</span> <span class='ocrx_word' id='word_1_731' title='bbox 3408 4636 3782 4692; x_wconf 87' lang='lat' dir='ltr'>elaboratum</span> 
     </span>
    </p>
   </div>
   <div class='ocr_carea' id='block_1_111' title="bbox 2123 4727 3778 4797">
    <p class='ocr_par' dir='ltr' id='par_1_111' title="bbox 2123 4727 3778 4797">
     <span class='ocr_line' id='line_1_112' title="bbox 2123 4727 3778 4797; baseline -0.001 -14"><span class='ocrx_word' id='word_1_732' title='bbox 2123 4728 2536 4783; x_wconf 88' lang='lat' dir='ltr'>laudationum</span> <span class='ocrx_word' id='word_1_733' title='bbox 2552 4732 2906 4781; x_wconf 87' lang='lat' dir='ltr'>concentum</span> <span class='ocrx_word' id='word_1_734' title='bbox 2923 4732 2981 4780; x_wconf 92' lang='lat' dir='ltr'>et</span> <span class='ocrx_word' id='word_1_735' title='bbox 2994 4727 3468 4797; x_wconf 87' lang='lat' dir='ltr'>complexionem</span> <span class='ocrx_word' id='word_1_736' title='bbox 3490 4732 3778 4782; x_wconf 87' lang='lat' dir='ltr'>evertunt.</span> 
     </span>
    </p>
   </div>
   <div class='ocr_carea' id='block_1_112' title="bbox 2124 4816 3780 4888">
    <p class='ocr_par' dir='ltr' id='par_1_112' title="bbox 2124 4816 3780 4888">
     <span class='ocr_line' id='line_1_113' title="bbox 2124 4816 3780 4888; baseline -0.001 -17"><span class='ocrx_word' id='word_1_737' title='bbox 2124 4820 2188 4872; x_wconf 91' lang='lat' dir='ltr'>In</span> <span class='ocrx_word' id='word_1_738' title='bbox 2224 4824 2278 4873; x_wconf 92' lang='lat' dir='ltr'>te</span> <span class='ocrx_word' id='word_1_739' title='bbox 2310 4822 2531 4884; x_wconf 91' lang='lat' dir='ltr'>autem,</span> <span class='ocrx_word' id='word_1_740' title='bbox 2566 4835 2598 4871; x_wconf 96' lang='lat' dir='ltr'>o</span> <span class='ocrx_word' id='word_1_741' title='bbox 2631 4817 2789 4888; x_wconf 90' lang='lat' dir='ltr'>virgo</span> <span class='ocrx_word' id='word_1_742' title='bbox 2822 4821 2985 4870; x_wconf 87' lang='lat' dir='ltr'>casta</span> <span class='ocrx_word' id='word_1_743' title='bbox 3028 4822 3086 4869; x_wconf 92' lang='lat' dir='ltr'>et</span> <span class='ocrx_word' id='word_1_744' title='bbox 3115 4816 3404 4886; x_wconf 86' lang='lat' dir='ltr'>prudens,</span> <span class='ocrx_word' id='word_1_745' title='bbox 3438 4823 3780 4887; x_wconf 83' lang='lat' dir='ltr'>martyrque</span> 
     </span>
    </p>
   </div>
   <div class='ocr_carea' id='block_1_113' title="bbox 2126 4906 3776 4980">
    <p class='ocr_par' dir='ltr' id='par_1_113' title="bbox 2126 4906 3776 4980">
     <span class='ocr_line' id='line_1_114' title="bbox 2126 4906 3776 4980; baseline -0.002 -17"><span class='ocrx_word' id='word_1_746' title='bbox 2126 4915 2346 4980; x_wconf 71' lang='lat' dir='ltr'>trapzeo</span> <span class='ocrx_word' id='word_1_747' title='bbox 2396 4908 2618 4978; x_wconf 87' lang='lat' dir='ltr'>inclyta</span> <span class='ocrx_word' id='word_1_748' title='bbox 2664 4913 2722 4961; x_wconf 91' lang='lat' dir='ltr'>et</span> <span class='ocrx_word' id='word_1_749' title='bbox 2754 4906 2992 4975; x_wconf 84' lang='lat' dir='ltr'>invicta,</span> <span class='ocrx_word' id='word_1_750' title='bbox 3026 4911 3241 4960; x_wconf 88' lang='lat' dir='ltr'>cuncta</span> <span class='ocrx_word' id='word_1_751' title='bbox 3292 4906 3417 4959; x_wconf 62' lang='lat' dir='ltr'>haec</span> <span class='ocrx_word' id='word_1_752' title='bbox 3466 4906 3776 4975; x_wconf 83' lang='lat' dir='ltr'>facillime,</span> 
     </span>
    </p>
   </div>
   <div class='ocr_carea' id='block_1_114' title="bbox 2125 4994 3779 5068">
    <p class='ocr_par' dir='ltr' id='par_1_114' title="bbox 2125 4994 3779 5068">
     <span class='ocr_line' id='line_1_115' title="bbox 2125 4994 3779 5068; baseline -0.002 -15"><span class='ocrx_word' id='word_1_753' title='bbox 2125 4999 2409 5068; x_wconf 90' lang='lat' dir='ltr'>nulloque</span> <span class='ocrx_word' id='word_1_754' title='bbox 2442 4997 2666 5063; x_wconf 91' lang='lat' dir='ltr'>labore,</span> <span class='ocrx_word' id='word_1_755' title='bbox 2702 5001 2982 5067; x_wconf 88' lang='lat' dir='ltr'>congesta</span> <span class='ocrx_word' id='word_1_756' title='bbox 3040 5002 3098 5050; x_wconf 91' lang='lat' dir='ltr'>et</span> <span class='ocrx_word' id='word_1_757' title='bbox 3148 4994 3610 5067; x_wconf 86' lang='lat' dir='ltr'>conglomerata,</span> <span class='ocrx_word' id='word_1_758' title='bbox 3646 5012 3779 5065; x_wconf 65' lang='lat' dir='ltr'>qua)</span> 
     </span>
    </p>
   </div>
   <div class='ocr_carea' id='block_1_115' title="bbox 2126 5085 3783 5156">
    <p class='ocr_par' dir='ltr' id='par_1_115' title="bbox 2126 5085 3783 5156">
     <span class='ocr_line' id='line_1_116' title="bbox 2126 5085 3783 5156; baseline -0.002 -13"><span class='ocrx_word' id='word_1_759' title='bbox 2126 5106 2285 5143; x_wconf 90' lang='lat' dir='ltr'>nunc</span> <span class='ocrx_word' id='word_1_760' title='bbox 2318 5087 2612 5142; x_wconf 88' lang='lat' dir='ltr'>recensita</span> <span class='ocrx_word' id='word_1_761' title='bbox 2642 5092 2802 5151; x_wconf 86' lang='lat' dir='ltr'>sunt,</span> <span class='ocrx_word' id='word_1_762' title='bbox 2833 5086 3227 5156; x_wconf 90' lang='lat' dir='ltr'>hominesque</span> <span class='ocrx_word' id='word_1_763' title='bbox 3261 5086 3579 5151; x_wconf 89' lang='lat' dir='ltr'>mirantur,</span> <span class='ocrx_word' id='word_1_764' title='bbox 3611 5085 3783 5141; x_wconf 86' lang='lat' dir='ltr'>beata</span> 
     </span>
    </p>
   </div>
   <div class='ocr_carea' id='block_1_116' title="bbox 2117 5174 3781 5249">
    <p class='ocr_par' dir='ltr' id='par_1_116' title="bbox 2117 5174 3781 5249">
     <span class='ocr_line' id='line_1_117' title="bbox 2117 5174 3781 5249; baseline -0.002 -17"><span class='ocrx_word' id='word_1_765' title='bbox 2117 5177 2415 5249; x_wconf 80' lang='lat' dir='ltr'>jactitant,</span> <span class='ocrx_word' id='word_1_766' title='bbox 2475 5176 2769 5246; x_wconf 85' lang='lat' dir='ltr'>dignaque</span> <span class='ocrx_word' id='word_1_767' title='bbox 2830 5174 2963 5229; x_wconf 90' lang='lat' dir='ltr'>luce</span> <span class='ocrx_word' id='word_1_768' title='bbox 3023 5180 3289 5240; x_wconf 90' lang='lat' dir='ltr'>censent,</span> <span class='ocrx_word' id='word_1_769' title='bbox 3350 5174 3524 5228; x_wconf 89' lang='lat' dir='ltr'>verba</span> <span class='ocrx_word' id='word_1_770' title='bbox 3554 5175 3781 5229; x_wconf 87' lang='lat' dir='ltr'>facturo</span> 
     </span>
    </p>
   </div>
   <div class='ocr_carea' id='block_1_117' title="bbox 2125 5266 3782 5337">
    <p class='ocr_par' dir='ltr' id='par_1_117' title="bbox 2125 5266 3782 5337">
     <span class='ocr_line' id='line_1_118' title="bbox 2125 5266 3782 5337; baseline -0.002 -13"><span class='ocrx_word' id='word_1_771' title='bbox 2125 5274 2472 5333; x_wconf 89' lang='lat' dir='ltr'>occurrent;</span> <span class='ocrx_word' id='word_1_772' title='bbox 2500 5284 2609 5321; x_wconf 91' lang='lat' dir='ltr'>nec</span> <span class='ocrx_word' id='word_1_773' title='bbox 2633 5272 2833 5319; x_wconf 84' lang='lat' dir='ltr'>tamen</span> <span class='ocrx_word' id='word_1_774' title='bbox 2857 5266 3174 5337; x_wconf 79' lang='lat' dir='ltr'>ejusmodi,</span> <span class='ocrx_word' id='word_1_775' title='bbox 3198 5272 3263 5320; x_wconf 91' lang='lat' dir='ltr'>ut</span> <span class='ocrx_word' id='word_1_776' title='bbox 3292 5274 3541 5337; x_wconf 89' lang='lat' dir='ltr'>pereant</span> <span class='ocrx_word' id='word_1_777' title='bbox 3570 5283 3636 5321; x_wconf 87' lang='lat' dir='ltr'>ac</span> <span class='ocrx_word' id='word_1_778' title='bbox 3659 5266 3782 5322; x_wconf 83' lang='lat' dir='ltr'>dis-</span> 
     </span>
    </p>
   </div>
   <div class='ocr_carea' id='block_1_118' title="bbox 2126 5355 3779 5425">
    <p class='ocr_par' dir='ltr' id='par_1_118' title="bbox 2126 5355 3779 5425">
     <span class='ocr_line' id='line_1_119' title="bbox 2126 5355 3779 5425; baseline -0.001 -11"><span class='ocrx_word' id='word_1_779' title='bbox 2126 5358 2448 5421; x_wconf 89' lang='lat' dir='ltr'>solvantur,</span> <span class='ocrx_word' id='word_1_780' title='bbox 2470 5356 2807 5425; x_wconf 89' lang='lat' dir='ltr'>frustraque</span> <span class='ocrx_word' id='word_1_781' title='bbox 2826 5355 3033 5409; x_wconf 83' lang='lat' dir='ltr'>laudes</span> <span class='ocrx_word' id='word_1_782' title='bbox 3056 5356 3116 5409; x_wconf 92' lang='lat' dir='ltr'>in</span> <span class='ocrx_word' id='word_1_783' title='bbox 3138 5372 3337 5410; x_wconf 88' lang='lat' dir='ltr'>acrem</span> <span class='ocrx_word' id='word_1_784' title='bbox 3354 5356 3516 5411; x_wconf 90' lang='lat' dir='ltr'>abire</span> <span class='ocrx_word' id='word_1_785' title='bbox 3538 5356 3779 5413; x_wconf 88' lang='lat' dir='ltr'>faciant.</span> 
     </span>
    </p>
   </div>
   <div class='ocr_carea' id='block_1_119' title="bbox 2127 5445 3779 5507">
    <p class='ocr_par' dir='ltr' id='par_1_119' title="bbox 2127 5445 3779 5507">
     <span class='ocr_line' id='line_1_120' title="bbox 2127 5445 3779 5507; baseline 0 -6"><span class='ocrx_word' id='word_1_786' title='bbox 2127 5447 2318 5502; x_wconf 90' lang='lat' dir='ltr'>Divini</span> <span class='ocrx_word' id='word_1_787' title='bbox 2352 5446 2512 5499; x_wconf 89' lang='lat' dir='ltr'>enim</span> <span class='ocrx_word' id='word_1_788' title='bbox 2545 5445 2729 5499; x_wconf 89' lang='lat' dir='ltr'>animi</span> <span class='ocrx_word' id='word_1_789' title='bbox 2768 5445 2853 5497; x_wconf 89' lang='lat' dir='ltr'>tui</span> <span class='ocrx_word' id='word_1_790' title='bbox 2884 5445 3093 5507; x_wconf 90' lang='lat' dir='ltr'>virtus,</span> <span class='ocrx_word' id='word_1_791' title='bbox 3118 5450 3177 5499; x_wconf 90' lang='lat' dir='ltr'>et</span> <span class='ocrx_word' id='word_1_792' title='bbox 3203 5461 3337 5499; x_wconf 87' lang='lat' dir='ltr'>cum</span> <span class='ocrx_word' id='word_1_793' title='bbox 3361 5446 3638 5500; x_wconf 89' lang='lat' dir='ltr'>Creatore</span> <span class='ocrx_word' id='word_1_794' title='bbox 3668 5461 3779 5501; x_wconf 87' lang='lat' dir='ltr'>ne-</span> 
     </span>
    </p>
   </div>
   <div class='ocr_carea' id='block_1_120' title="bbox 2126 5534 3777 5606">
    <p class='ocr_par' dir='ltr' id='par_1_120' title="bbox 2126 5534 3777 5606">
     <span class='ocr_line' id='line_1_121' title="bbox 2126 5534 3777 5606; baseline 0 -14"><span class='ocrx_word' id='word_1_795' title='bbox 2126 5534 2607 5603; x_wconf 87' lang='lat' dir='ltr'>cessitudo,bona</span> <span class='ocrx_word' id='word_1_796' title='bbox 2628 5534 2846 5604; x_wconf 89' lang='lat' dir='ltr'>quibus</span> <span class='ocrx_word' id='word_1_797' title='bbox 2868 5540 3077 5588; x_wconf 89' lang='lat' dir='ltr'>ornata</span> <span class='ocrx_word' id='word_1_798' title='bbox 3095 5535 3433 5605; x_wconf 87' lang='lat' dir='ltr'>es,ipsaque</span> <span class='ocrx_word' id='word_1_799' title='bbox 3452 5536 3777 5606; x_wconf 82' lang='lat' dir='ltr'>mundana,</span> 
     </span>
    </p>
   </div>
   <div class='ocr_carea' id='block_1_121' title="bbox 2127 5624 3777 5695">
    <p class='ocr_par' dir='ltr' id='par_1_121' title="bbox 2127 5624 3777 5695">
     <span class='ocr_line' id='line_1_122' title="bbox 2127 5624 3777 5695; baseline -0.001 -12"><span class='ocrx_word' id='word_1_800' title='bbox 2127 5626 2233 5683; x_wconf 89' lang='lat' dir='ltr'>tibi</span> <span class='ocrx_word' id='word_1_801' title='bbox 2264 5624 2541 5679; x_wconf 88' lang='lat' dir='ltr'>astrinxit</span> <span class='ocrx_word' id='word_1_802' title='bbox 2570 5628 2628 5677; x_wconf 90' lang='lat' dir='ltr'>et</span> <span class='ocrx_word' id='word_1_803' title='bbox 2659 5624 3043 5691; x_wconf 87' lang='lat' dir='ltr'>conservavit,</span> <span class='ocrx_word' id='word_1_804' title='bbox 3075 5625 3413 5695; x_wconf 70' lang='lat' dir='ltr'>ellecitque,</span> <span class='ocrx_word' id='word_1_805' title='bbox 3446 5632 3512 5679; x_wconf 91' lang='lat' dir='ltr'>ut</span> <span class='ocrx_word' id='word_1_806' title='bbox 3542 5642 3652 5681; x_wconf 89' lang='lat' dir='ltr'>nec</span> <span class='ocrx_word' id='word_1_807' title='bbox 3678 5644 3777 5681; x_wconf 90' lang='lat' dir='ltr'>eo-</span> 
     </span>
    </p>
   </div>
   <div class='ocr_carea' id='block_1_122' title="bbox 2123 5711 3778 5784">
    <p class='ocr_par' dir='ltr' id='par_1_122' title="bbox 2123 5711 3778 5784">
     <span class='ocr_line' id='line_1_123' title="bbox 2123 5711 3778 5784; baseline -0.001 -12"><span class='ocrx_word' id='word_1_808' title='bbox 2123 5732 2256 5772; x_wconf 90' lang='lat' dir='ltr'>rum</span> <span class='ocrx_word' id='word_1_809' title='bbox 2288 5713 2579 5770; x_wconf 88' lang='lat' dir='ltr'>memoria</span> <span class='ocrx_word' id='word_1_810' title='bbox 2634 5711 2956 5779; x_wconf 88' lang='lat' dir='ltr'>deleretur,</span> <span class='ocrx_word' id='word_1_811' title='bbox 3017 5719 3196 5784; x_wconf 85' lang='lat' dir='ltr'>atque</span> <span class='ocrx_word' id='word_1_812' title='bbox 3254 5714 3317 5768; x_wconf 89' lang='lat' dir='ltr'>in</span> <span class='ocrx_word' id='word_1_813' title='bbox 3376 5733 3551 5770; x_wconf 90' lang='lat' dir='ltr'>omne</span> <span class='ocrx_word' id='word_1_814' title='bbox 3592 5732 3778 5771; x_wconf 60' lang='lat' dir='ltr'>arvum</span> 
     </span>
    </p>
   </div>
   <div class='ocr_carea' id='block_1_123' title="bbox 3422 5832 3503 5891">
    <p class='ocr_par' dir='ltr' id='par_1_123' title="bbox 3422 5832 3503 5891">
     <span class='ocr_line' id='line_1_124' title="bbox 3422 5832 3503 5891; baseline 0.012 -1"><span class='ocrx_word' id='word_1_815' title='bbox 3422 5832 3503 5891; x_wconf 74' lang='grc'>26</span> 
     </span>
    </p>
   </div>
  </div>
