4160 6436
409 438 510 494 811

1689 440 1748 492 Β.
1786 435 2092 494 JOANNIB
2125 430 2553 492 ΒΔΠΔΒΟΕΝῙ

3700 444 3799 501 θη

404 563 630 636 pariter
650 571 1064 621 excurrerent:
1085 563 1351 636 quinimo
1377 563 1553 635 longe
1572 563 1751 618 etiam
1771 560 2039 634 multipli‘

2177 557 2393 632 μᾶλλον
2428 556 2485 614 δὲ
2528 560 2619 615 καί
2669 556 3106 634 ὕπερεπλασίασε
3150 558 3244 614 καὶ
3294 556 3674 636 ὖπερηῦξησεψ
3703 570 3805 627 Τοῦ

406 655 560 710 cavit
618 660 677 709 et
732 655 1065 728 aggeravit:
1124 651 1330 708 Fidelis
1386 652 1608 723 quippe
1639 668 1747 707 esse
1798 652 2063 707 mundum

406 750 581 800 totum
612 746 959 809 divitiarum,
1018 743 1257 812 inﬁdelis
1306 757 1454 808 vero,
1511 758 1580 797 ne
1621 758 1794 797 unum
1824 742 2060 809 obolum,

406 834 725 906 Scripturae
742 833 1148 906 pronuntiavit
1168 829 1702 888 oraculums‘.Nam
1721 830 2060 903 praesentia,

407 928 467 979 et
488 923 708 991 futura,
730 928 1038 989 etcuncta,
1063 939 1317 994 quorum
1341 928 1476 977 tuus
1496 938 1751 994 sponsus
1774 921 2063 976 Dominus

404 1016 515 1076 est,
548 1012 610 1065 in
640 1009 794 1067 dotis
821 1015 1053 1082 partem
1078 1012 1364 1067 muniﬁce
1387 1010 1495 1066 tibi
1523 1026 1809 1067 concessa
1839 1014 1979 1066 sunt
2006 1014 2065 1066 et

404 1101 646 1158 donata.

472 1193 561 1246 22.
582 1192 727 1246 Cum
746 1191 927 1264 igitur
943 1191 1225 1248 adversus
1248 1192 1541 1248 humanas
1570 1191 1777 1247 laudes
1799 1191 2062 1263 palmam

398 1280 682 1351 utrinque
716 1282 961 1347 referas,
990 1286 1115 1336 tum
1148 1281 1378 1337 scilicet
1408 1280 1710 1337 saacularis
1732 1281 1860 1335 vitae
1884 1280 2063 1336 clari-

398 1373 677 1436 tate,tum
698 1371 921 1443 insigni
940 1369 1124 1426 animi
1147 1371 1352 1427 dotum
1375 1370 1716 1443 splendore,
1732 1387 1862 1442 qua)
1883 1368 2059 1425 ambo

397 1459 672 1532 martyrii
707 1459 988 1515 ﬁrmitate
1021 1460 1385 1534 robustaque
1399 1458 2059 1515 constantiaillustrasti

400 1552 460 1602 et
492 1548 707 1603 eximie
740 1549 1056 1618 decorasti,
1093 1549 1189 1605 abi
1240 1550 1369 1622 jam
1401 1549 1667 1622 gaudens
1690 1549 1764 1605 ad
1794 1548 2062 1603 caelestia

398 1653 532 1708 quas
552 1637 778 1693 crebris
795 1639 1043 1694 canticis
1062 1644 1407 1710 personant,
1425 1637 2059 1707 tabernacula,relictis

398 1725 501 1796 qui
535 1726 759 1781 carnali
785 1744 856 1783 ex
879 1745 980 1783 ore
1009 1727 1307 1799 prodeunt
1330 1728 1627 1800 politioris
1656 1728 1800 1783 artis
1831 1743 2060 1782 sermo-

396 1814 596 1883 nibus,
630 1816 857 1888 quique
890 1834 952 1872 se
984 1817 1170 1873 victos
1218 1817 1441 1873 diserta
1481 1834 1620 1873 voce
1667 1817 2054 1873 confitentur.

395 1903 542 1959 Cum
574 1905 734 1959 enim
765 1906 1050 1977 praaclare
1072 1912 1375 1977 gestorum
1398 1907 1585 1979 gloria
1616 1912 1675 1961 et
1703 1904 2055 1978 approbatio

393 2009 574 2066 supra
602 1994 907 2051 hominem
939 1995 1509 2068 exsistat,quomodo
1533 2012 1795 2069 congrua
1824 2011 2055 2051 eorum-
2084 1972 2133 2038 Β

391 2082 523 2137 dem
559 2082 822 2140 laudatio
850 2085 1173 2141 humanam
1203 2092 1468 2141 mentem
1493 2102 1616 2141 non
1649 2084 1894 2141 excedat
1912 2082 2053 2140 ‘?Abi

391 2188 551 2242 ergo,
580 2179 763 2240 casta,
796 2174 1179 2242 venerabilis,
1203 2181 1262 2229 et
1282 2176 1573 2247 praeclara
1601 2176 1853 2249 virgo,ut
1882 2190 2054 2245 supe-

392 2255 653 2318 rioribus
697 2264 923 2318 mundo
975 2264 1239 2336 prmmiis
1288 2265 1555 2336 potiaris.
1604 2264 1736 2332 Abi,
1781 2264 1883 2319 ubi
1916 2262 2055 2318 silet

390 2348 603 2417 oratio,
639 2368 847 2407 eorum
879 2370 1010 2424 quas
1034 2354 1318 2409 orationis
1340 2354 1456 2408 vim
1479 2354 2051 2425 excedunt.gloriam

396 2440 550 2495 909
585 2440 797 2497 diffuse
830 2442 1030 2513 eloqui
1078 2460 1198 2498 non
1228 2444 1451 2499 valens.
1484 2445 1616 2512 Abi,
1650 2446 1912 2499 sinceras
1942 2444 2048 2498 bo-

395 2545 612 2587 norum
635 2548 768 2601 quas
792 2532 1211 2603 cogitationem
1236 2537 1541 2604 superant,
1569 2533 1813 2588 delicias
1844 2550 2052 2605 perce-

390 2624 587 2689 ptura,
620 2620 721 2674 ubi
754 2619 1083 2676 intellectio
1115 2623 1311 2677 omnis
1337 2640 1405 2677 ex
1427 2622 1884 2694 particularibus
1908 2622 2048 2678 visis

383 2709 785 2781 cognitionem
806 2711 1344 2783 colligens,otiatur
1360 2717 1418 2767 et
1434 2719 1602 2768 vacat
1622 2712 1856 2768 intenta
1872 2718 2047 2769 aeter-

381 2815 527 2853 num
558 2806 760 2855 mente
783 2801 846 2855 in
869 2801 1088 2856 eximia
1109 2801 1213 2856 illa
1234 2819 1415 2873 supra
1441 2809 1718 2858 naturam
1741 2809 1799 2858 et
1820 2803 2048 2859 intelli-

378 2886 601 2959 gibilia.
637 2887 770 2957 Abi,
799 2888 901 2944 ubi
948 2907 1149 2945 rerum
1200 2891 1600 2959 sensibilium,
1636 2908 2046 2963 sensuumque

380 2976 649 3048 ipsorum
692 2978 993 3035 multiﬁda
1022 2979 1291 3052 deceptio
1327 2987 1386 3036 et
1413 2982 1635 3055 vertigo
1667 2982 1868 3048 desiit,
1900 2982 2045 3039 abo-

378 3065 606 3138 litaque
634 3073 742 3123 est.
776 3070 992 3141 Recipe
1041 3070 1315 3126 victrices
1361 3072 1591 3143 palmas
1639 3077 1771 3127 tuas
1802 3077 1861 3127 et
1890 3090 2046 3144 prm-

380 3156 699 3227 magniﬁca
720 3158 1207 3231 praemiallecipe
1229 3165 1332 3215 tua
1353 3160 1601 3232 praemia
1622 3166 1680 3216 et
1702 3166 2041 3232 stemmata,

377 3259 510 3314 qua;
540 3242 683 3314 illis,
708 3246 812 3316 qui
835 3247 1053 3303 Christi
1079 3264 1258 3305 causa
1281 3249 1717 3306 decertaverint
1740 3268 1807 3307 ac
1834 3252 2039 3307 decero

2172 648 2277 724 γὰρ
2335 652 2550 717 πιστοῦ,
2611 649 2746 712 ὅλος
2803 649 2832 702 ὁ
2889 648 3099 721 κόσμος
3154 653 3264 704 τῶν
3340 651 3660 726 χρημάτων,
3715 663 3804 714 τοῦ

2173 734 2232 792 Si
2283 736 2538 823 ἀπίστου,
2586 734 2715 793 οὐδὲ
2773 738 2850 800 εἷς
2911 730 3134 805 ὀϐολὸς,
3192 738 3256 793 τὸ
3309 740 3568 817 γραφικὸν
3610 741 3807 823 ἀπεφή-

2171 845 2299 881 νατο
2330 821 2546 903 λόγίον.
2595 828 2681 885 Τά
2734 824 3000 881 ἐνεστῶτα
3028 826 3156 902 γὰρ,
3187 826 3280 881 καὶ
3308 826 3374 881 τὰ
3403 826 3695 902 μέλλοντα,
3721 821 3803 890 καὶ

2172 912 2389 971 πάντων
2421 918 2496 971 ὧν
2528 916 2556 971 ὁ
2588 915 2682 981 σὸς
2727 913 2976 987 δεσπόζει
3035 914 3293 992 νυμφίος,
3351 916 3436 972 σοὶ
3495 917 3575 982 είς
3623 927 3809 996 προῖκα

2169 1004 2492 1082 κεχάρισται
2524 1007 2614 1062 καὶ
2647 1002 2979 1084 δεδώρηται.

2241 1185 2347 1263 κβ’.
2383 1187 2531 1244 Ἐπεὶ
2570 1183 2628 1242 δὶ
2654 1186 2835 1243 τοίνυν
2854 1186 3241 1266 ἀμφοτέρωθεν
3265 1188 3403 1243 κατά
3418 1193 3530 1245 τῶν
3553 1189 3812 1268 ἀνθρωπί-

2168 1296 2277 1330 νων
2302 1274 2535 1331 ἐπαίνων
2559 1277 2625 1332 τὰ
2647 1278 2943 1351 νικητήρια
2956 1278 3240 1348 κέκτησαι,
3262 1281 3332 1354 τῇ
3352 1299 3411 1334 τε
3433 1282 3531 1334 τοῦ
3551 1288 3812 1353 κοσμικοῦ

2174 1364 2297 1439 βίου
2319 1364 2606 1440 φανότητι,
2629 1366 2720 1421 καὶ
2740 1369 2810 1443 τῇ
2833 1370 2942 1421 τῶν
2964 1367 3101 1422 κατὰ
3117 1367 3302 1443 ψυχὴν
3326 1366 3814 1443 πλεονεκτημάτων

2170 1450 2551 1530 λαμπρότητι,
2584 1454 2718 1531 ἅπερ
2752 1454 2917 1534 ἄμφω
2963 1459 3032 1531 τῇ
3062 1460 3158 1512 τοῦ
3191 1457 3493 1532 μαρτυρίου
3522 1458 3818 1536 κατήστρα-

2168 1546 2272 1618 ψας
2353 1543 2444 1599 καὶ
2500 1543 2875 1621 κατηγλάϊσας
2951 1545 3294 1623 στερρότητι,
3355 1546 3511 1602 ἄπιθι
3565 1548 3821 1623 χαίρουσα

2167 1633 2305 1710 πρὸς
2338 1632 2621 1708 οὐρανίους
2673 1633 3028 1708 ὑμνοπόλους
3082 1637 3311 1709 σκηνὰς,
3361 1639 3739 1714 καταγείψασα
3767 1639 3824 1697 ἐκ

2168 1722 2425 1798 σαρκίνης
2479 1725 2927 1799 προφερομένους
3002 1725 3262 1801 γλώττης
3310 1724 3816 1803 ἐκτετορνέυμίνους

2167 1809 2392 1887 λόγους.
2446 1811 2536 1868 καί
2593 1814 2693 1883 τήν
2750 1816 2916 1884 ἧτταν
2978 1819 3133 1894 φωνῇ
3185 1816 3730 1893 καθομολογοῦντας.
3762 1820 3819 1877 Ei

2165 1902 2268 1978 γὰρ
2324 1902 2456 1978 ὑπὲρ
2513 1900 2798 1978 ἄνθρωπον
2884 1908 2988 1960 τῶν
3044 1905 3458 1979 ἀριστευμάτων
3520 1909 3557 1978 ἢ
3617 1905 3817 1964 εὐδοκί-

2166 2011 2354 2063 μησις,
2404 1996 2523 2056 πῶς
2569 1992 2680 2068 οὐχ
2732 1993 2865 2070 ὖπὶρ
2908 1992 3118 2050 ἔννοιαν
3175 1994 3527 2070 ἀνθρωπίνην
3579 1997 3613 2051 ἀ
3658 1999 3823 2075 πρόσ-

2162 2097 2331 2155 φορος
2389 2077 2651 2150 ἔπαινοςς
2730 2084 2925 2148 ’Ἄπιθι
3011 2085 3222 2155 τοίνυν,
3284 2087 3464 2157 σεμνή
3520 2083 3826 2163 καλλιπαρ-

2160 2169 2296 2240 θὲνε,
2345 2173 2454 2223 τῶν
2517 2169 2897 2246 ὑπερκοσμίων
2952 2178 3124 2249 γερῶν
3188 2171 3575 2231 ἀπολαύουσα.
3620 2178 3824 2247 Ἄπιθι,

2160 2254 2286 2321 ἔνθα
2314 2253 2480 2335 λόγος
2537 2265 2679 2335 σιγᾷ,
2736 2265 2843 2316 τῶν
2904 2261 3041 2339 ὑπὲρ
3099 2260 3268 2340 λόγον
3324 2265 3431 2333 τὴν
3468 2261 3628 2335 δόξαν
3660 2261 3821 2337 διεξο-

2161 2345 2327 2410 δικῶς
2386 2346 2557 2404 εἰπεῖν
2615 2350 2680 2405 οὗ
2732 2348 3048 2424 δυνάμενος,
3109 2358 3305 2417 ’Ἄπιθι
3376 2357 3498 2409 τῶν
3561 2354 3695 2428 ὑπὲρ
3747 2353 3823 2409 ἐν·

2160 2434 2398 2508 θύμησιν
2457 2437 2670 2513 ἀγαθῶν
2737 2437 2944 2510 ἡδονῆς
3010 2447 3113 2511 τῆς
3186 2441 3429 2515 ἀκράτου
3514 2442 3822 2516 μεθέξουσα,

2159 2521 2287 2589 ἔνθα
2341 2527 2526 2593 νόησις
2586 2526 2766 2583 ἅπασα
2822 2526 2884 2584 ἐκ
2938 2534 3046 2585 τῶν
3102 2536 3341 2604 μερικῶν
3427 2535 3829 2611 φαντασμάτων

2156 2615 2255 2684 τήν
2288 2620 2486 2691 γνῶσιν
2545 2615 2871 2690 ἀθροίζουσα
2929 2620 3086 2695 ἀργεῖ
3140 2620 3231 2675 καὶ
3290 2619 3572 2696 σχολάζει
3620 2621 3827 2693 ἁπλῶς,

2154 2708 2251 2758 τοῦ
2279 2710 2376 2760 νοῦ
2407 2705 2647 2771 αἰωνίως
2678 2713 2795 2770 τοῖς
2848 2708 3143 2788 ὑπερφυὲσι
3190 2710 3282 2766 καὶ
3330 2717 3567 2784 νοητοῖς
3600 2708 3827 2793 ἐπιϐάλ-

2156 2790 2371 2857 λοντος.
2430 2798 2643 2872 ”Απιθι,
2694 2790 2817 2853 ἔνθα
2865 2802 2973 2854 τῶν
3019 2799 3294 2871 αἰσθητῶν
3322 2802 3417 2857 καὶ
3455 2790 3828 2874 αἲσθήσεωνή

2152 2881 2510 2960 πολυσχιδὴς
2568 2888 2772 2958 ἀπάτη,
2827 2889 2914 2944 καὶ
2974 2889 3245 2967 περιφορά
3302 2891 3591 2947 πὲπαυταί
3640 2913 3701 2948 τε
3745 2892 3832 2948 καί

2151 2976 2517 3049 κατήργησαι.
2547 2971 2825 3033 Ἀπόλαϐἐ
2875 2999 2971 3033 σου
3028 2979 3097 3035 τὰ
3153 2981 3414 3051 νικητικά
3450 2977 3716 3059 βραδεῖα,
3746 2980 3829 3038 καί

2154 3062 2524 3141 ὑπέρλαμπρα
2551 3065 2685 3141 γέρα
2732 3068 2825 3122 καὶ
2881 3066 3112 3132 ἔπαθλα.
3177 3067 3461 3128 Ἀπόλαϐἑ
3496 3092 3599 3127 σου
3640 3075 3751 3128 τῶν
3779 3071 3837 3128 ὲκ

2147 3157 2264 3214 τοῖς
2291 3152 2604 3228 σκάμμασιν
2663 3152 2912 3230 ἱδρώτων
2972 3156 3062 3213 καὶ
3121 3158 3302 3213 πόνων
3335 3160 3443 3230 τήν
3478 3161 3835 3231 καθήκουσαν

2148 3240 2460 3299 ἀνάπαυλαν
2494 3243 2584 3298 καὶ
2616 3244 2893 3319 ἀνάψυξιν.
2931 3241 3212 3305 Ἀπόλαϐἓ
3265 3268 3363 3303 σου
3417 3250 3493 3304 τὰ
3531 3248 3834 3329 ἐποφειλὸ-

371 3336 525 3401 tant,
556 3333 947 3407 oppignerata
967 3343 1125 3392 sunt.
1155 3338 1483 3395 Lmtissima
1508 3341 1719 3412 Sponsi
1752 3341 1949 3413 specie
1974 3346 2030 3397 et

2151 3350 2284 3404 μενα
2310 3336 2429 3396 τοῖς
2490 3330 2580 3388 διὰ
2634 3335 2871 3409 Χριστὸν
2931 3334 3202 3408 ἀθλήσασι
3238 3336 3327 3394 καί
3360 3336 3643 3394 ἀθλοῦσιν
3675 3362 3835 3411 νικηο

370 3428 681 3480 venustate
708 3424 928 3492 fruere,
950 3443 1082 3498 quia
1113 3444 1224 3483 nec
1245 3428 1437 3484 verbis
1463 3431 1681 3497 efferri,
1707 3448 1818 3486 nec
1838 3436 2039 3487 mente

372 3512 605 3585 concipi
636 3519 851 3585 potest.
885 3516 1105 3571 Fruere
1127 3533 1350 3573 arcana
1374 3524 1433 3574 et
1453 3520 1706 3591 mystica
1737 3520 1799 3575 in
1830 3537 2037 3591 super-

371 3601 598 3657 ccelesti
637 3603 899 3659 thalamo
935 3605 1422 3663 confabulatione
1468 3614 1527 3665 et
1575 3610 2035 3677 consuetudine,

374 3706 494 3761 qua
522 3691 699 3762 plane
732 3693 884 3748 nihil
913 3693 1152 3751 felicius
1182 3696 1537 3769 beatiusque
1569 3704 1677 3753 est.
1713 3699 1871 3753 Nihil
1902 3699 2032 3770 tibi,

370 3797 592 3851 sponsa
621 3781 863 3851 Christi,
895 3800 967 3839 ex
997 3786 1301 3857 przeclaris
1340 3788 1708 3844 facinoribus
1737 3790 2032 3862 virginum

364 3870 672 3943 lampades
700 3875 1087 3946 gestantium.
1109 3877 1183 3932 ad
1215 3878 1597 3949 splendorem
1630 3879 2028 3949 desideratur;

362 3967 430 4015 ut
457 3978 589 4033 qua)
613 3964 915 4020 Christum
938 3983 1228 4038 sponsum
1251 3987 1431 4041 supra
1453 3970 1697 4025 modum
1722 3969 2029 4038 dilexeris,

357 4048 644 4123 illiusque
670 4054 893 4109 amoris
910 4055 1212 4113 illecebris
1233 4065 1407 4130 capta
1425 4060 1506 4114 sis
1528 4077 1541 4113 :
1565 4066 1806 4131 prooter
1826 4078 2027 4132 quem,

360 4153 484 4194 non
515 4139 709 4195 solum
742 4145 947 4199 omnia
993 4145 1284 4202 arbitrata
1313 4164 1378 4203 es
1409 4148 1494 4202 uti
1528 4153 1793 4205 stercora
1821 4148 1888 4216 ⁸³,
1923 4149 2029 4205 sed

363 4233 424 4283 et
441 4231 695 4302 proprias
718 4231 851 4288 vita)
875 4239 935 4288 et
955 4235 1173 4291 animai
1194 4237 1390 4308 ipsum
1415 4238 1587 4308 cujus
1609 4238 1908 4294 desiderio
1931 4254 2029 4293 ar-

361 4317 566 4387 debas,
589 4321 939 4378 antetulisti.
965 4325 1151 4389 Quam
1175 4326 1439 4399 legitime
1459 4326 1783 4383 admodum
1800 4327 2026 4383 bonum

356 4412 662 4464 certamen
693 4412 958 4481 certasti,
986 4418 1164 4485 atque
1205 4416 1513 4472 immotam
1549 4415 1731 4472 ﬁdem
1764 4415 2024 4471 mutabi-

360 4494 520 4552 libus
567 4500 1044 4574 periculosisque
1096 4506 1467 4577 temporibus
1499 4505 1781 4562 servastil
1836 4506 2024 4570 Quam

357 4584 527 4640 valde
557 4587 871 4658 inoffense,
895 4608 964 4647 ac
989 4593 1118 4649 sine
1144 4594 1473 4664 obstaculo,
1506 4595 1747 4666 pietatis
1778 4611 2021 4651 cursum

358 4679 826 4733 consummastil
861 4681 1048 4745 Quam
1080 4682 1338 4746 multum
1368 4683 1606 4749 acerba,
1638 4682 1930 4754 duraque,
1950 4699 2021 4739 ac

356 4778 537 4835 supra
560 4767 903 4823 mortalium
927 4769 1271 4827 facultatem
1294 4771 1524 4827 inﬂicta
1554 4771 1660 4826 tibi
1694 4770 1767 4827 ob
1799 4772 2018 4828 Christi

355 4850 740 4911 dilectionem
776 4862 1075 4914 tormenta
1105 4865 1228 4915 toto
1258 4860 1484 4927 animo,
1512 4878 1865 4931 summaque
1891 4861 2018 4917 ala-

351 4942 560 4998 critate
578 4945 945 5001 sustinuisti!
971 4949 1369 5012 Quamobrem
1385 4950 1640 5021 justitiaa
1664 4950 1768 5004 tibi
1796 4967 2017 5007 corona

349 5033 613 5103 reposita
641 5040 750 5093 est.
785 5052 962 5106 quam
989 5053 1125 5092 eum
1159 5038 1335 5109 digne
1367 5040 1767 5105 contexueris,
1800 5040 1859 5094 in
1894 5056 2015 5096 cm-

348 5118 600 5177 lestibus
629 5130 915 5180 coronata
948 5142 1012 5182 es
1037 5126 1101 5180 ‘I.
1138 5129 1208 5181 At
1241 5143 1315 5182 ne
1349 5127 1446 5182 hic
1472 5128 1715 5199 quidem
1743 5128 2014 5186 Christus

346 5210 593 5280 prasmio
619 5218 673 5266 te
696 5230 938 5270 vacuam
960 5214 1227 5287 reliquit:
1249 5216 1467 5288 quippe
1487 5218 1589 5288 qui
1611 5217 1847 5274 dixerit:
1876 5219 2013 5272 Vi-vo

349 5315 466 5369 ego,
500 5300 596 5356 sed
636 5302 1007 5371 gloriﬁcantes
1041 5322 1124 5360 me
1148 5307 1469 5374 gloriﬁcabo
1490 5306 1558 5361 ⁵³.
1586 5307 2009 5375 Quamobrem,

350 5388 505 5445 sicut
533 5391 897 5461 promissum
929 5398 1039 5459 est,
1072 5393 1133 5448 in
1167 5400 1265 5449 tuo
1298 5394 1552 5465 lavacro,
1585 5396 1687 5451 ubi
1711 5396 1893 5452 etiam
1921 5411 2013 5451 re-

350 5473 555 5546 liquiae
588 5483 703 5536 tuae
736 5487 895 5549 sunt,
919 5482 982 5537 in
1016 5481 1224 5539 ﬁdeles
1258 5484 1358 5555 qui
1392 5484 1466 5539 ad
1499 5484 1661 5557 ipsas
1691 5484 2007 5553 accedunt,

374 5564 626 5623 aticibus
656 5569 1020 5642 copiosores,
1054 5572 1252 5629 omnis
1281 5574 1517 5645 generis
1547 5574 2007 5649 aagrotationum

2149 3420 2291 3501 φόρα
2322 3421 2627 3497 στέμματα,
2658 3423 2748 3478 καὶ
2801 3426 3107 3501 μαρτυρικὰ
3160 3423 3510 3501 διαδήματα.
3548 3427 3835 3484 Ἀπόλαυε

2144 3517 2248 3580 τῆς
2336 3514 2433 3567 τοῦ
2527 3512 2784 3590 Νυμφίου
2882 3515 3254 3594 ἀνεκφράστου
3318 3518 3413 3573 καὶ
3491 3519 3835 3589 ἁνεννοήτου

2146 3597 2379 3675 ἀγλαίας
2406 3601 2494 3657 καὶ
2558 3601 2923 3676 ὡραιότητος.
2981 3605 3258 3661 Ἀπόλαυε
3305 3612 3409 3676 τῆς
3448 3605 3506 3663 ὲν
3535 3612 3627 3680 τῷ
3661 3607 3835 3682 ὑπερ-

2145 3688 2385 3764 ουρανίῳ
2437 3694 2683 3768 νυμφῶνι
2736 3691 3057 3768 ἀπορρήτου
3106 3692 3198 3747 καὶ
3261 3702 3548 3767 μυστικῆς
3609 3693 3839 3769 ὁμιλίας

2142 3778 2230 3834 καὶ
2260 3779 2574 3856 συναφείας,
2626 3782 2693 3850 ἧς
2741 3776 2915 3846 ὅντως
2971 3778 3129 3837 οὐδὲν
3185 3777 3545 3859 ὀλϐιώτερον
3600 3782 3699 3841 καὶ
3736 3805 3838 3858 μα-

2139 3869 2474 3945 καριώτερον
2505 3868 2757 3949 πέφυκεν.
2820 3867 2989 3927 Οὐδέν
3049 3892 3133 3926 σοι
3186 3876 3291 3927 τῶν
3348 3870 3645 3949 ὑπερλίαν
3684 3871 3842 3930 εὐδο·

2136 3957 2459 4031 κιμηκότων
2546 3957 3079 4035 ἀνδραγαθημάτων,
3166 3964 3272 4015 τῶν
3344 3959 3838 4041 λαμπαδηφόρων

2137 4047 2445 4122 παρθένων,
2477 4044 2521 4100 ὦ
2552 4047 2740 4126 νύμφη
2803 4049 3064 4123 Χριστοῦ,
3121 4050 3260 4124 πρὸς
3318 4047 3593 4107 εὔκλειαν
3631 4051 3849 4108 ἀπολέ-

2137 4132 2380 4202 λειπται,
2435 4136 2510 4198 ὡς
2573 4135 2839 4212 ὑπεράγαν
2897 4138 2989 4193 τὸν
3045 4138 3280 4215 νυμφίον
3315 4142 3572 4213 Χριστὸν
3609 4141 3843 4219 ἀγαπή-

2134 4245 2291 4292 σασα,
2322 4222 2410 4280 καὶ
2442 4223 2639 4280 τούτου
2687 4226 3126 4303 καταθελχθεῖσα
3175 4223 3360 4304 ἔρωτι.
3394 4224 3484 4285 Δι’
3520 4229 3596 4286 αὗ
3633 4231 3704 4288 οὐ
3742 4229 3845 4305 μό-

2132 4335 2226 4371 νον
2259 4315 2467 4370 ἅπαντα
2524 4314 2814 4391 λελόγισαι
2876 4314 3140 4389 σκύϐαλα,
3198 4318 3346 4376 ἀλλά
3401 4321 3659 4393 καὶτῆς
3696 4319 3846 4386 ἰδίας

2136 4408 2282 4479 ζωῆς
2333 4404 2423 4460 καὶ
2472 4407 2660 4482 ψυχῆς
2691 4406 2782 4461 τὸν
2842 4407 3185 4482 ποθούμενον
3242 4410 3719 4485 προτετίμηκας.
3749 4412 3847 4477 Ὠς

2133 4490 2256 4551 λίαν
2320 4491 2566 4570 ἔννύμῶς
2625 4495 2718 4550 τὸν
2778 4494 2947 4553 καλὸν
3008 4497 3192 4575 ἀγῶνα
3221 4496 3537 4575 ἠγώνισαι,
3572 4502 3676 4557 καὶ
3738 4501 3848 4570 τήν

2130 4584 2311 4639 πίστιν
2364 4585 2674 4658 τετήρηκας
2732 4580 3021 4661 ἄτρεπτον,
3084 4587 3136 4642 ἐν
3191 4593 3406 4663 καιροῖς
3459 4596 3755 4665 τρεπτοῖς
3790 4609 3855 4645 τε

2128 4674 2218 4727 καὶ
2277 4669 2676 4730 κινδυνώδεσιί
2736 4675 2826 4736 Ὠς
2886 4672 3007 4731 λίαν
3065 4675 3476 4751 ἀπροσκόπτως
3511 4681 3620 4735 καὶ
3675 4680 3853 4752 ἀνεμο

2131 4758 2405 4823 ποδίστως
2442 4761 2533 4817 τὸν
2594 4759 2800 4836 δρόμον
2858 4769 2960 4835 τῆς
3020 4760 3294 4829 εὐσεϐείας
3349 4765 3849 4835 τετὲλεκαςίὨς

2129 4848 2249 4907 λίαν
2284 4850 2508 4925 ἀλγεινᾶ
2558 4852 2649 4907 καὶ
2711 4849 2975 4929 ὀδυνηρᾶ,
3032 4855 3123 4910 καὶ
3182 4855 3314 4929 ὑπὲρ
3372 4854 3642 4932 δύναμιν
3686 4861 3845 4936 βρο-

2124 4940 2272 4995 τείαν
2310 4940 2546 5010 ὑπέστης
2602 4940 2672 4995 τὰ
2715 4940 3070 5018 ἐπενεχθέντα
3130 4965 3215 4999 σοι
3270 4943 3360 5001 διὰ
3415 4948 3538 5016 τὴν
3578 4948 3669 5011 εἷς
3710 4967 3843 5026 χρι-

2125 5030 2251 5084 στὸν
2283 5028 2496 5104 ἀγάπην
2561 5030 2956 5107 βασανιστήρια
3017 5032 3319 5107 ὀλοψόχως
3374 5036 3477 5090 καὶ
3522 5040 3850 5112 προθυμό-

2122 5139 2277 5175 τατα.
2306 5116 2602 5193 Τοιγάρτοι
2635 5118 2723 5175 καί
2766 5121 2793 5175 ὁ
2848 5127 2949 5190 τῆς
2983 5118 3331 5193 δικαιοσύνης
3364 5143 3456 5178 σοι
3520 5124 3847 5182 ἀπόκειται

2124 5209 2408 5286 στέφανος,
2466 5208 2625 5280 ὅνπερ
2686 5206 2850 5280 ἀξίως
2908 5206 3320 5285 ἀναδησαμένη,
3374 5210 3430 5268 ἐν
3487 5220 3629 5279 τοῖς
3667 5216 3851 5272 ἐπου-

2124 5297 2326 5374 ρανίοις
2358 5297 2702 5371 κατὲστεψαι.
2736 5297 2887 5356 Ἀλλ’
2948 5298 3065 5356 οὐδ’
3123 5300 3373 5372 ἐνταῦθα,
3404 5303 3749 5362 κατέλιπέν
3785 5326 3846 5361 σε

2120 5387 2350 5461 Χριστὸς
2378 5384 2696 5462 ἀγέραστον.
2759 5392 2845 5461 Ζῷ
2890 5387 2992 5464 γὰρ
3049 5387 3178 5466 ἐγὼ,
3237 5390 3428 5468 φησὶν.
3500 5392 3681 5451 ἀλλά
3711 5395 3855 5460 τοὺς

2122 5473 2444 5548 δοξάζοντάς
2509 5494 2575 5547 με
2634 5472 2863 5560 δρξάσω.
2945 5478 3116 5548 Διότι,
3179 5479 3362 5547 καθὼς
3423 5477 3852 5560 ἐπήγγελται,

2119 5566 2176 5626 ἄν
2205 5569 2286 5639 τῷ
2317 5561 2397 5636 σῷ
2452 5558 2746 5639 κολύμϐῳ,
2806 5563 2933 5632 ἔνθα
2980 5567 3071 5624 καὶ
3118 5560 3194 5627 ’τά
3248 5569 3385 5645 τίμά
3430 5590 3552 5628 σου
3584 5558 3858 5651 λειψανα

425 5773 471 5810 εί
502 5773 674 5831 Prov.
707 5796 842 5851 xvn,
872 5784 928 5850 6,
960 5798 1080 5839 sec.
1109 5784 1275 5841 LXX.
1309 5786 1355 5822 ³³
1390 5786 1648 5861 Philipp.
1682 5803 1766 5858 ιιι,
1798 5787 1852 5843 8.
1884 5784 1959 5823 δ”
1983 5786 2030 5842 Η

2154 5796 2233 5841 ω.
2264 5792 2342 5855 ιν,
2373 5785 2428 5853 τ,
2460 5782 2516 5840 e.
2548 5780 2596 5819 ιι
2622 5780 2649 5835 I
2678 5779 2821 5854 Reg.
2849 5797 2910 5852 ιι,
2943 5783 3032 5840 ao.
