4160 6382
359 357 470 438 eis

1510 352 1880 410 LAUDATIO
1913 356 1972 438 Β,
2013 355 2376 412 ΒΑΒΒΔΜ
2415 359 2638 415 MART.

3683 356 3788 412 8H

351 479 470 537 τοῖς
501 474 722 533 πιστοῖς
749 457 1256 546 προσπελάζουσιν,
1290 467 1422 540 ὖπὶρ
1480 471 1694 542 νάματα
1747 469 1900 546 βρύει
1953 470 2020 526 τὰ

2140 475 2420 531 sanitates
2465 477 2819 542 scaturiunt,
2879 477 3186 550 pestisque
3243 477 3568 544 ulceribus,
3603 477 3792 534 aliove

352 567 464 620 τῶν
515 557 882 616 παντοδαπῶν
941 557 1390 634 ἀρρωστημάτων
1473 557 1712 630 ἱάματα,
1771 560 1861 612 καὶ
1911 564 2020 613 τῶν

357 649 544 708 ἕλκεσι
577 650 888 722 λοιμικοῖς,
919 649 954 716 ἢ
989 649 1144 721 ἑτέρᾳ
1185 647 1332 720 νόσιῤ
1389 647 1730 720 καμνόντων,
1789 649 1878 702 καὶ
1913 649 2023 703 ὲτέ-

367 761 486 818 ροις
523 736 768 812 μώλωψι
817 737 1310 810 κατοτρυχομὲνων
1359 737 1426 791 τὰ
1479 738 1729 810 σώματα,
1784 741 1888 790 τῶν
1918 759 2030 792 σω·-

360 829 575 904 τηρίων
610 824 821 882 ὑδάτων
850 825 1120 900 ἁψάμενα,
1153 827 1344 880 θᾶττον
1400 826 1684 898 θανασίμῳ
1734 825 2023 882 ἆπονίπτε·

359 939 449 975 ται
481 917 780 989 νοσήματι.
845 917 948 973 Καὶ
999 911 1140 970 ἔστιν
1201 921 1320 976 τοῖς
1367 915 1702 991 περιοίκοις,
1759 917 1850 972 καὶ
1911 921 2026 978 τοῖς

368 1007 577 1084 μακράν
611 1027 720 1060 που
751 1005 1160 1078 ἀπῳκισμένοις
1198 1005 1226 1059 ὁ
1255 1005 1424 1066 τόπος
1483 1004 1756 1078 ἐπίσημός
1820 1027 1877 1062 τε
1933 1004 2025 1062 καὶ

367 1091 684 1166 διαϐόητος,
719 1093 812 1149 καὶ
851 1093 990 1167 πρὸς
1022 1091 1304 1168 θεραπείαν
1360 1099 1478 1155 τοῖς
1539 1093 1810 1168 χρῄζουσι
1869 1117 2026 1170 περι-

367 1183 729 1246 σπούδαστος.
765 1183 872 1240 Καὶ
905 1182 1004 1238 οὐκ
1061 1181 1111 1237 ἒν
1173 1181 1362 1256 ἐκείνῳ
1423 1181 1588 1256 μόνον
1645 1189 1725 1256 τῷ
1777 1185 1949 1260 χώρῳ
1987 1189 2022 1258 ἢ

367 1295 452 1330 σοι
485 1271 848 1349 διδωρημὲνη
881 1269 1154 1342 καλλονή,
1185 1271 1274 1326 καὶ
1335 1271 1498 1347 χάρις
1549 1272 1812 1345 ἷαματική
1869 1297 2024 1351 περι-

362 1363 690 1440 γέγραπται,
723 1359 872 1415 am
927 1359 1020 1415 καὶ
1072 1363 1189 1422 τοῖς
1243 1367 1494 1436 πανταχῆ
1553 1363 1654 1432 τῆς
1695 1361 2021 1436 οἰκουμένης

364 1453 502 1527 μετᾶ
533 1455 748 1528 ϐερμῆς
780 1473 868 1506 σοι
901 1454 1191 1526 προσιοῦσι
1249 1457 1350 1518 τῆς
1407 1451 1663 1520 πίστεως,
1695 1453 1785 1506 καὶ
1840 1453 1904 1508 τὸ
1935 1454 2026 1508 σὸν

359 1542 578 1614 ἐτήσιον
639 1540 926 1596 ἐκτελοῦσι
991 1539 1364 1614 μνημόσυνον,
1424 1539 1490 1595 τὰ
1550 1539 1808 1614 λοιμώδη
1863 1554 2018 1617 θερα-

363 1631 584 1688 πεύεται
613 1629 922 1705 τραύματα,
972 1629 1064 1684 καὶ
1122 1629 1300 1700 πάσης
1359 1629 1583 1698 ἡλικίας
1617 1633 1651 1699 ἡ
1713 1628 1890 1701 ἀηδὴς
1917 1655 2020 1708 φυ-

2136 565 2343 620 morbo
2375 565 2730 634 laborantia,
2758 568 3012 639 aliisque
3041 567 3230 640 plagis
3261 567 3532 622 confecta
3557 573 3616 620 et
3637 567 3796 620 tabe-

2137 655 2366 709 scentia
2397 671 2660 726 corpora,
2686 656 3034 712 salutarium
3067 673 3356 728 aquarum
3391 661 3636 722 attactu,
3671 655 3792 708 exi-

2135 735 2264 796 tiali
2288 745 2640 814 quantocius
2667 746 2872 800 morbo
2893 747 3331 818 absterguntur.
3357 747 3578 814 Estque
3601 743 3788 809 locus,

2137 837 2260 887 tum
2292 833 2525 900 vicinis,
2555 841 2678 889 tum
2711 835 2952 890 remotis
2981 835 3254 898 illustris,
3287 851 3354 890 ac
3386 831 3790 888 celebratissi-

2137 939 2270 976 mus
2297 921 2418 977 illis
2451 927 2540 976 est
2569 923 2668 993 qui
2703 925 3008 978 curatione
3041 923 3328 995 indigent.
3359 925 3474 977 Nec
3507 921 3612 975 illo
3635 921 3786 975 dun.

2135 1015 2298 1066 taxat
2316 1012 2446 1066 loco
2470 1029 2752 1068 concessa
2775 1013 2880 1066 tibi
2903 1014 3140 1068 claritas
3173 1018 3230 1068 et
3261 1013 3584 1067 sanitatum
3604 1009 3794 1082 gratia

2136 1099 2386 1156 definita
2417 1107 2542 1166 est;
2578 1101 2682 1156 sed
2709 1107 2766 1154 et
2791 1101 2864 1156 iis
2891 1102 3068 1156 etiam
3092 1102 3192 1172 qui
3225 1102 3366 1156 orbe
3401 1107 3519 1156 toto
3542 1099 3790 1155 ferventi

2137 1190 2252 1245 ﬁde
2285 1195 2340 1244 te
2368 1191 2606 1258 adeunt,
2647 1190 2848 1260 tuique
2893 1191 3242 1245 memoriam
3305 1190 3620 1245 annuatim
3687 1205 3789 1244 co-

2134 1279 2288 1346 lunt,
2321 1279 2573 1352 benigne
2625 1285 2908 1334 curantur
2945 1279 3130 1350 pestis
3161 1279 3438 1344 vulnera;
3473 1279 3790 1348 omnisque

2135 1369 2324 1424 aetatis
2345 1370 2536 1442 gravis
2569 1369 2876 1424 calamitas
2913 1374 2970 1422 et
2989 1368 3264 1422 molestia
3291 1367 3536 1439 aufugit,
3569 1383 3636 1422 ac
3668 1366 3788 1420 dea.

2131 1474 2382 1514 monum
2413 1459 2674 1514 assultus
2707 1457 3277 1514 comminationibus
3313 1457 3429 1510 tuis
3465 1456 3788 1527 fugantur;

2134 1545 2298 1602 omni
2336 1546 2592 1618 denique
2625 1547 2890 1619 periculo
2925 1553 2983 1601 et
3011 1545 3256 1602 adverso
3276 1544 3790 1608 casuliberantur,

2136 1637 2237 1706 qui
2271 1641 2432 1692 tuam
2465 1637 2760 1692 vindicem
2794 1653 2968 1708 opem
2999 1635 3292 1690 invocant.

365 1719 646 1799 γαδεύεται
709 1721 914 1793 σκῆψις
967 1719 1056 1773 καὶ
1119 1713 1382 1793 ὄχλησις,
1462 1718 1722 1794 ἐνέργειαί
1783 1741 1840 1776 τε
1900 1719 2288 1795 δαιμονιώδεις
2361 1731 2478 1787 τοῖς
2566 1730 2682 1786 σοῖς
2738 1719 3161 1798 ἐμϐριμήμασιν
3239 1719 3664 1777 ἀπελαύνονται·
3725 1721 3790 1776 οὗ

373 1812 480 1884 μὴν
541 1808 688 1865 ἀλλὰ
761 1809 850 1864 καὶ
905 1809 1121 1863 πάντων
1180 1805 1569 1886 ἐκλυτροῦνται
1615 1807 1882 1865 κινδύνων
1947 1811 2036 1867 καὶ
2093 1813 2479 1890 περιστάσεων,
2540 1813 2592 1869 ο⁹ί
2637 1835 2692 1869 σε
2721 1813 2860 1892 πρὸς
2914 1811 3124 1888 ἃμυναν
3181 1811 3469 1888 ἐπίκουρον
3549 1831 3792 1888 προσκα-

365 1899 647 1973 λούμενοι.

430 1991 531 2066 κγ’.
594 1990 687 2058 Mi;
760 1987 940 2042 τοίνυν
1002 1987 1217 2062 Λείπῃς,
1272 1987 1406 2064 ἆγνή
1494 1986 1831 2062 ἁειπάρθενε,
1891 1989 2016 2052 τοὺς

2197 1996 2285 2049 23.
2321 1996 2400 2048 Ne
2436 2011 2632 2050 cesses
2665 1995 2863 2068 igitur,
2899 1999 3060 2050 casta
3101 1993 3164 2048 in
3217 1997 3568 2063 perpetuum
3601 1989 3780 2064 virgo,

361 2076 494 2142 σοὺς
537 2077 915 2134 ἐποπτεύουσα
973 2081 1247 2150 συμπαθεῖ
1299 2081 1380 2148 τῷ
1433 2075 1711 2152 βλέμματι
1771 2079 2020 2156 πρόσφυ-

357 2189 483 2246 γας,
515 2165 784 2224 ἀλλὰκαὶ
841 2169 933 2222 τὸν
984 2166 1142 2222 τουτί
1200 2187 1282 2221 σοι
1339 2169 1846 2244 προσπεφωνηκότα
1877 2169 2025 2224 εὐτε-

365 2256 482 2328 λὶς,
512 2259 602 2313 καὶ
630 2255 886 2328 ἰξίτηλον
917 2263 1018 2325 τῆς
1053 2255 1331 2334 εὐφημίας
1382 2253 1686 2332 λογίδριον,
1727 2258 2022 2334 παραπολὺ

369 2347 468 2420 μὶν
499 2349 598 2416 τῆς
629 2353 728 2416 σῆς
763 2347 1100 2422 ὑπερφεροῦς
1141 2347 1292 2416 ἀξίας
1351 2344 1815 2419 ἀπολειπόμενον,
1879 2348 2024 2404 εύτε-

361 2435 502 2500 λοῦς
533 2434 594 2492 δὲ
623 2435 937 2512 προθυμίας
967 2436 1066 2491 οῦκ
1097 2433 1321 2491 ἔλαττον
1355 2435 1500 2507 αὐτῷ
1557 2439 2020 2514 πεφροντισμένον

361 2527 506 2600 πρὸς
559 2523 814 2598 δύναμιν,
875 2526 1126 2598 ἀσμὲνως
1180 2527 1280 2589 τῆς
1335 2526 1706 2601 προαιρέσεως
1757 2524 2020 2598 ἀποδέξω,

361 2615 458 2672 καὶ
514 2617 812 2688 συμπαθῶς
881 2613 1334 2688 ἐπικαμπτομένη
1421 2616 1511 2670 καί
1569 2614 1908 2684 ἐπινεύουσα,
1961 2619 2024 2672 τὸ

367 2705 716 2782 βραχύτατον
751 2703 926 2780 δῶρον
987 2705 1277 2780 προσίεσο,
1309 2705 1384 2766 ὡς
1410 2705 1439 2759 ὁ
1471 2707 1564 2767 σὸς
1623 2705 1862 2783 νυμφίος
1893 2711 2026 2780 Χρι-

359 2793 492 2856 στὸς
509 2795 578 2849 τὰ
608 2791 704 2848 δύο
737 2792 910 2849 λεπτα
939 2793 1084 2868 παρᾶ
1142 2801 1244 2863 τῆς
1301 2793 1568 2869 πενιχρᾶς
1603 2797 1782 2870 χήρας
1843 2817 2023 2870 προσ-

367 2885 568 2954 ήκατο,
602 2881 666 2936 οὖ
689 2885 756 2954 τῇ
801 2886 899 2936 τοῦ
959 2878 1250 2954 διδομένου
1309 2882 1594 2952 ποσότητι,
1628 2889 1726 2952 τῆς
1785 2903 2026 2962 προσφε-

371 2971 574 3046 ρούσῃς
609 2969 666 3026 δὲ
712 2972 942 3047 γνώμης
998 2971 1398 3046 προσεσχηκὼς
1457 2975 1524 3044 τῇ
1583 2971 1860 3044 ποιότητι.
1920 2973 2024 3030 Εὕ-

373 3079 533 3135 ροιμι
567 3058 623 3116 δέ
648 3081 706 3115 σε
733 3060 823 3116 καὶ
880 3065 988 3116 τῶν
1039 3059 1186 3133 ἐμῶν
1246 3063 1498 3136 ψυχικῶν
1553 3061 1642 3116 καὶ
1699 3067 2024 3134 σωματικῶν

379 3147 676 3224 μωλώπων
735 3157 982 3228 προσηνῆ
1043 3150 1454 3226 θεραπεύτριαν,
1513 3149 1603 3206 καὶ
1661 3153 1858 3216 πάσαις
1909 3158 2028 3215 ταῖς

369 3245 776 3316 περιστατικαῖς
845 3238 1062 3314 θλίψεσι
1123 3238 1480 3313 ἑτοιμοτάτην
1531 3239 1884 3316 προστάτιδα·
1935 3243 2026 3297 καί

2132 2084 2442 2139 miseranti
2475 2090 2718 2156 aspectu
2734 2101 2832 2140 eos
2863 2085 2964 2156 qui
2992 2083 3064 2138 ad
3091 2089 3144 2136 te
3169 2081 3789 2154 confugiunt,intueri,

2136 2173 2240 2227 sed
2274 2179 2332 2228 et
2364 2189 2498 2228 eum
2530 2174 2632 2244 qui
2675 2173 2736 2228 in
2797 2173 2886 2228 tui
2945 2171 3206 2234 laudem,
3242 2187 3484 2243 egenam
3547 2171 3700 2224 hanc
3737 2175 3796 2224 et

2137 2262 2350 2317 exilem
2367 2262 2968 2318 declamatiunculam
2985 2261 3534 2334 pronuntiavit,tuaz
3550 2258 3792 2330 quidem

2137 2351 2847 2424 eximiaedignitatilonge
2873 2351 3184 2422 imparem,
3219 2349 3326 2406 etsi
3363 2349 3572 2420 exiguo
3606 2347 3790 2402 animi

2138 2440 2348 2496 ardore
2399 2441 2588 2496 nihilo
2612 2442 2805 2497 secius
2835 2458 2940 2512 pro
2981 2440 3136 2494 virili
3166 2444 3526 2504 accuratam,
3559 2453 3665 2507 pro
3699 2453 3796 2490 vo-

2136 2529 2386 2585 luntatis
2417 2531 2630 2586 merito
2663 2531 2920 2603 benigne
2941 2531 3099 2584 θιθ
3121 2529 3282 2594 audi,
3317 2527 3794 2596 clementiusque

2135 2619 2732 2686 inﬂexaetannuens,
2769 2619 3158 2692 perexiguum
3200 2615 3624 2672 munusculum
3638 2615 3790 2670 acci-

2135 2725 2208 2779 pe
2234 2709 2768 2779 ;quemadmodum
2813 2725 3067 2780 sponsus
3107 2713 3244 2761 tuus
3273 2706 3544 2760 Christus
3563 2705 3794 2758 minuta

2137 2795 2252 2852 duo
2267 2797 2628 2869 approbavit,
2641 2815 2770 2869 quae
2785 2797 3150 2869 paupercula
3163 2795 3336 2850 vidua
3351 2795 3410 2848 in
3425 2794 3526 2848 Dei
3543 2809 3796 2848 munera

2135 2885 2402 2952 miserat,
2431 2901 2566 2940 cum
2586 2903 2704 2940 non
2729 2885 2848 2940 dati
2900 2885 3317 2955 quantitatem,
3353 2881 3452 2937 sed
3486 2883 3793 2936 offerentis

2137 2975 2320 3029 animi
2338 2977 2614 3030 ailectum
2651 2975 2985 3030 attenderet
3003 2973 3374 3027 ".Inveniam
3391 2987 3526 3025 vero
3541 2975 3596 3024 te
3613 2971 3792 3025 etiam

2138 3066 2354 3119 anima;
2371 3065 2706 3136 etcorporis
2735 3065 3057 3120 vulnerum
3085 3063 3402 3134 benignam
3419 3059 3792 3129 curatricem,

2139 3155 2322 3226 inque
2354 3157 2514 3210 omni
2549 3155 2794 3210 adverso
2827 3171 2968 3210 casu
2987 3161 3044 3208 et
3065 3153 3388 3208 afﬂictione
3411 3151 3797 3223 promptissi-

2139 3263 2299 3300 mam
2333 3253 2669 3318 patronam.
2695 3247 3029 3300 Aﬁectuum
3063 3259 3300 3314 quoque
3331 3242 3588 3313 impetus
3621 3243 3679 3294 et
3709 3237 3798 3294 la-

375 3349 486 3404 μου
513 3333 622 3385 τῶν
665 3333 852 3394 παθῶν
913 3331 1136 3400 στήσοις
1191 3329 1448 3406 γαληνῶς
1513 3329 1610 3392 τὰς
1682 3331 1877 3408 ὁρμὰς,
1936 3333 2026 3388 καὶ

555 3420 568 3434 .
767 3419 789 3434 ..
989 3419 1004 3434 .
1097 3419 1112 3434 .
1215 3418 1269 3434 η,
1451 3421 1462 3434 .
1541 3417 1564 3434 ,ι
1615 3417 1694 3434 ρ.-
1749 3419 1762 3434 .
1814 3433 1824 3434 ,
1893 3420 1903 3434 .

2144 3335 2459 3391 scivientes
2493 3343 2692 3390 motus
2717 3331 3040 3405 tranquille
3073 3333 3267 3400 sistas,
3285 3347 3400 3403 quo
3427 3331 3604 3385 vitam
3630 3327 3704 3384 ad
3728 3345 3798 3384 ea

371 3420 738 3496 σκιρτήματα,
767 3419 859 3475 ἳνα
915 3419 1005 3475 καὶ
1057 3419 1150 3474 τὸν
1214 3418 1332 3496 βίον
1366 3421 1504 3494 πρὸς
1531 3417 1564 3474 ἄ
1611 3417 1694 3475 δεῖ
1737 3419 2028 3496 ῥυθμίσας,

375 3509 470 3566 καὶ
499 3509 591 3564 τὸν
621 3509 888 3584 κοσμικὸν
922 3508 1342 3585 ἀναχειμάστως
1399 3509 1707 3584 περαιώσας
1753 3508 2030 3580 κλύδωνα,

384 3599 522 3672 πρὸς
553 3600 692 3668 ζωὴν
743 3599 844 3667 τὴν
901 3599 1112 3672 ὰγήρω,
1163 3597 1252 3652 καὶ
1312 3597 1510 3670 λιμένα
1561 3599 1834 3673 σωτήριον
1863 3619 2036 3674 προσ-

397 3687 640 3760 ορμίσας,
667 3689 902 3766 τύχοιμι
935 3686 1024 3742 διὰ
1054 3691 1148 3742 σοῦ
1179 3686 1266 3742 ἐπὶ
1319 3693 1436 3748 τοῖς
1482 3687 1742 3762 ἀμέτροις
1773 3696 2034 3760 πλημμεο

399 3773 623 3849 λήμασι,
651 3783 748 3833 τοῦ
775 3781 962 3833 κοινοῦ
1001 3777 1088 3832 καὶ
1137 3775 1522 3850 εὐσπλάγλνου
1578 3779 1790 3849 κριτοῦ,
1849 3775 2034 3854 ἀφιὲν-

385 3887 480 3928 τος
515 3867 724 3940 μᾶλλον
755 3869 844 3923 καὶ
877 3872 1298 3943 συγχωροῦντος
1332 3865 1422 3922 διὰ
1477 3869 1576 3936 τήν
1621 3861 1910 3942 πρεσϐείαν
1940 3867 2032 3922 καὶ

384 3953 636 4027 ἔντευξιν,
665 3955 775 4029 ἤδη
807 3959 907 4028 τήν
941 3957 1080 4030 ἐμὴν
1135 3957 1398 4032 ῥᾳθυμίαν
1455 3954 1678 4018 ἐνδίκως
1723 3959 2036 4034 καταψηφι-

388 4047 624 4120 σαμένου
649 4049 737 4102 καὶ
771 4048 1206 4124 κατακρίνοντος,
1263 4051 1392 4101 πᾶσι
1451 4043 1508 4100 δὲ
1557 4051 1674 4106 τοῖς
1731 4043 1905 4100 πίστει
1939 4065 2034 4099 σου

383 4137 485 4206 τήν
513 4137 881 4216 προσηγορίαν
913 4137 1187 4214 ἀγαπῶσι,
1244 4135 1335 4190 καὶ
1394 4139 1620 4209 τιμῶσι,
1673 4133 1762 4189 καὶ
1827 4131 1895 4188 δι’
1940 4135 2034 4188 αἱ-

387 4223 518 4288 δοῦς
549 4227 764 4300 ἄγουσι,
797 4227 886 4280 καὶ
937 4229 1006 4298 τῇ
1066 4225 1437 4298 ἀντιληπτικῇ
1500 4246 1596 4279 σου
1628 4223 2034 4302 προσφεύγουσι

383 4310 668 4390 πρεσϐείᾳ,
699 4317 901 4392 γένοιο,
939 4317 982 4370 ὦ
1031 4315 1307 4390 ἀθλοφόρε
1365 4310 1636 4392 Βαρϐάρα,
1690 4315 1780 4370 καὶ
1838 4311 2036 4369 καλλί-

382 4425 500 4462 νικε
556 4402 794 4479 ἀοίδιμε,
853 4405 943 4460 καί
1001 4403 1322 4478 ἀείμνηστε,
1382 4403 1476 4458 καὶ
1523 4403 1842 4475 πανεύωημε
1897 4403 2034 4476 μάρ-

381 4514 504 4560 τυς,
533 4494 621 4548 καὶ
654 4491 986 4566 ἑννομοτάτη
1021 4493 1311 4568 ἀθλήτρια,
1347 4499 1446 4561 τῆς
1497 4496 1604 4546 τῶν
1657 4491 1901 4568 οὐρανῶν
1941 4493 2038 4564 βα-

383 4579 593 4646 σιλείας
651 4581 932 4656 πρόξενος,
990 4583 1077 4636 καὶ
1139 4581 1192 4636 ἐν
1255 4581 1401 4655 πάσῃ
1464 4578 1691 4654 λυπηρᾷ
1770 4574 2037 4652 συμϐάσει

387 4673 730 4747 ὖπέρμαχος,
787 4671 880 4726 καὶ
963 4665 1200 4746 πρέσϐυς
1253 4670 1680 4745 ἀκαταίσχυντος
1757 4669 1893 4742 πρὸς
1947 4669 2040 4723 τὸν

2145 3441 2278 3495 qua}
2301 3429 2536 3496 Oportet
2565 3439 2951 3496 componens,
2977 3428 3036 3476 et
3055 3421 3262 3476 mundi
3297 3419 3558 3490 procella
3589 3435 3798 3474 secure

2143 3514 2600 3584 transmissa,ad
2633 3515 2810 3567 vitam
2839 3513 2986 3566 senii
3009 3515 3401 3582 expertem,et
3433 3509 3640 3564 salutis
3661 3525 3800 3579 por-

2145 3605 2271 3656 tum
2302 3603 2948 3674 appellens,perte,ego
2981 3602 3414 3654 immensorum
3447 3597 3800 3652 delictorum

2145 3707 2304 3756 reus,
2339 3707 2718 3745 communem
2754 3695 2812 3744 et
2859 3688 3306 3744 misericordem
3349 3687 3612 3758 judicem
3647 3701 3802 3739 nan—

2147 3781 2356 3846 ciscar,
2386 3781 2486 3850 qui
2519 3779 2782 3834 dimittat
2815 3779 3008 3850 potius
3039 3783 3098 3831 et
3129 3777 3453 3848 indulgeat,
3479 3775 3594 3829 tuis
3619 3775 3804 3828 inter-

2145 3869 2514 3922 cessionibus
2539 3875 2715 3938 atque
2731 3865 3270 3938 supplicationibus
3301 3871 3608 3936 permotus
3633 3879 3800 3928 ;cum

2146 3958 2352 4028 utique
2367 3957 2682 4028 segnitiem
2701 3955 3046 4028 meamjure
3061 3955 3188 4026 jam
3211 3953 3796 4016 condemnaverit,ac

2145 4047 2320 4102 modo
2349 4045 2726 4102 condemnet.
2765 4045 2875 4100 Sed
2905 4051 2962 4099 et
3010 4043 3238 4098 cunctis
3262 4041 3362 4114 qui
3389 4057 3524 4095 cum
3553 4039 3670 4095 {ide
3693 4057 3796 4094 no-

2145 4153 2284 4190 men
2313 4141 2478 4190 tuum
2501 4135 2776 4207 diligunt,
2804 4135 3029 4200 colunt,
3064 4139 3122 4187 et
3141 4130 3506 4188 venerationi
3555 4129 3798 4196 habent,

2149 4226 2372 4296 quique
2391 4225 2464 4280 ad
2479 4225 2929 4280 intercessionis
2945 4229 3060 4278 tum
3075 4219 3406 4277 subsidium
3430 4217 3802 4290 confugiunt,

2149 4320 2299 4382 esto,
2334 4331 2366 4368 o
2401 4313 2824 4386 triumphatrix
2853 4329 2920 4368 ac
2979 4311 3264 4384 praeclara
3293 4309 3525 4376 victrix,
3559 4307 3805 4378 inclyta,

2149 4404 2446 4476 dignaque
2480 4409 2702 4458 aeterna
2732 4401 3046 4466 memoria,
3077 4399 3414 4454 clarissima
3459 4403 3708 4468 martyr,
3740 4413 3808 4451 ac

2147 4492 2418 4565 legitima
2463 4509 2706 4563 prorsus
2754 4491 2918 4564 pugil
2963 4489 3236 4556 Barbara,
3293 4488 3460 4560 regni
3519 4486 3806 4542 caelorum

2148 4581 2543 4648 conciliatrix,
2579 4581 2640 4634 in
2674 4579 2836 4634 omni
2869 4585 3081 4634 eventu
3115 4577 3268 4632 tristi
3327 4575 3688 4632 auxiliatrix.
3749 4581 3808 4630 et

2149 4670 2469 4726 inconfusa
2500 4673 2808 4740 sequestra
2823 4667 2978 4740 apud
2993 4665 3488 4740 benignissimum
3505 4665 3802 4720 Christum

380 4744 687 4836 πανάγαόον
719 4762 955 4836 Χριστὸν
980 4744 1072 4815 τὸν
1135 4759 1262 4816 Θεὸν
1326 4744 1516 4832 ἡμῶν,
1545 4760 1660 4831 μεθ’
1723 4757 1784 4814 οὗ
1817 4763 1895 4830 τῷ
1946 4758 2028 4812 ἀν-

2151 4761 2468 4818 Dominum
2493 4767 2786 4828 nostrum,
2819 4761 3062 4830 quicum
3097 4759 3174 4814 sit
3202 4757 3718 4830 zeterno,ingenito
3749 4761 3806 4810 et

382 4851 564 4926 ἀρχῳ,
597 4850 684 4906 καὶ
738 4851 1038 4928 ἀγεννῆ-τῳ,
1100 4849 1190 4905 καὶ
1244 4853 1608 4922 προσκυνητῷ
1663 4849 1862 4922 Πατρὶ,
1924 4847 2038 4922 ἃμα

381 4945 464 5014 τῷ
495 4940 796 5015 ὁμοουσίῳ,
827 4941 917 4996 καὶ
953 4945 1250 5016 ζωαρχικῷ
1309 4938 1603 5012 Πνεύματι,
1665 4936 1813 5012 δόξα,
1872 4939 2036 5010 τιμὴ,

385 5029 776 5104 προσκύνησις,
808 5035 924 5103 νῦν,
957 5031 1046 5086 καὶ
1079 5029 1184 5104 αεὶ,
1241 5030 1330 5084 καὶ
1379 5027 1456 5092 εἷς
1511 5027 1642 5092 τοὺς
1699 5027 1898 5090 «tam
1929 5031 2038 5082 τῶν

385 5119 616 5178 αἲώνων.
654 5121 853 5196 Ἀμήν.

455 5265 502 5302 ⁸⁸
531 5267 668 5324 Luc.
700 5283 818 5339 ιιι,
848 5265 969 5322 2-4.

2149 4851 2452 4907 adoranda
2485 4851 2664 4918 Patri,
2697 4867 2816 4904 una
2857 4867 2994 4906 cum
3024 4845 3516 4903 consubstantiali
3567 4861 3634 4900 ac
3667 4843 3808 4898 vivi-

2151 4943 2262 4998 ﬁco
2293 4941 2538 5012 Spiritu,
2571 4939 2782 5012 gloria,
2843 4939 3036 4994 honor
3085 4943 3143 4992 et
3189 4935 3479 5002 adoratio,
3537 4949 3695 4990 nunc
3750 4937 3810 4988 et

2153 5046 2411 5102 semper,
2445 5035 2506 5083 et
2535 5029 2596 5084 in
2629 5028 2848 5084 saecula
2879 5027 3252 5082 saaculorum.
3289 5027 3498 5079 Amen.
