4160 6382
435 415 544 470 815

439 564 3628 587 ———.——_———————-—-————-————————I———————————~—

1718 407 1778 460 8.
1817 404 2126 460 JOANNIS
2163 407 2585 463 DAMASCBNI

3729 411 3822 470 816

3631 578 3820 594 ﬁ

501 707 567 760 In
599 711 794 760 catena
823 705 993 773 Regia
1019 705 1076 756 in
1097 704 1299 755 Lucam
1326 699 1442 752 cod.
1475 699 1639 759 2440,
1672 697 1744 751 ad
1773 702 1940 766 caput
1975 698 2023 760 1,
2056 711 2106 750 υ.
2142 696 2231 762 35,
2261 698 2636 766 fragmentum
2667 698 2765 754 hoc
2796 698 2945 769 quod
2971 701 3244 769 sequitur,
3301 702 3500 770 reperi,
3557 702 3823 772 cujusdam

434 793 644 850 scilicet
670 795 928 848 sermonis
952 793 1180 845 Joannis
1222 789 1544 843 Damasceni
1575 789 1633 840 in
1685 787 1747 839 Β.
1790 785 2096 854 Virginem,
2120 785 2177 837 in
2205 800 2311 853 quo
2342 787 2529 840 eadem
2559 790 2676 855 fere
2708 788 2986 856 leguntur,
3024 805 3087 842 ac
3120 804 3241 858 qua:
3290 790 3347 842 in
3369 791 3555 859 prima
3584 791 3647 845 de
3701 794 3832 862 ejus-

435 883 556 937 dem
584 884 902 947 Nativitate,
926 897 990 950 p.
1023 879 1147 942 843,
1177 879 1320 934 unde
1357 878 1574 933 nullum
1605 876 1742 929 mihi
1770 880 2014 954 superest
2045 874 2295 942 dubium,
2327 877 2465 944 quin
2491 893 2559 931 ea:
2588 880 2824 947 genuino
2851 878 3041 948 aliquo
3073 880 3189 950 ejus
3221 894 3384 949 opere
3423 880 3570 950 quod
3599 885 3832 956 perierit,

432 977 771 1041 assumptum
799 969 942 1024 illud
959 971 1151 1038 fuerit.

1037 1121 1476 1176 DAMASCENI.

502 1242 610 1308 Qui
637 1241 817 1296 caalos
831 1238 1103 1295 condidit
1134 1244 1191 1293 et
1208 1236 2090 1305 conservat,omniumque,tam

431 1347 562 1402 qum
596 1331 656 1384 in
689 1328 936 1394 mundo,
963 1343 1143 1398 quam
1180 1343 1312 1397 qum
1361 1342 1539 1396 supra
1597 1322 1889 1379 mundum
1923 1326 2085 1389 sunt,

431 1419 858 1489 Artifex,cujus
890 1417 1041 1472 nihil
1074 1434 1143 1470 ex
1177 1416 1468 1471 universis
1497 1415 1676 1470 rebus
1709 1414 1875 1468 locus
1905 1419 2014 1474 est.
2040 1412 2090 1466 si

432 1509 610 1564 modo
642 1509 808 1562 locus
841 1506 1127 1560 deﬁnitur
1157 1505 1236 1574 (id
1269 1504 1427 1576 quod
1459 1521 1530 1560 ea
1557 1521 1689 1575 qua)
1723 1504 1783 1558 in
1835 1519 1896 1557 se
1929 1507 2088 1569 sunt,

433 1597 854 1669 complectitur
885 1601 943 1650 et
973 1595 1182 1664 ambit)
1219 1613 1231 1650 :
1266 1595 1326 1648 in
1363 1600 1415 1648 te
1448 1611 1480 1649 a
1513 1594 1708 1664 seipso
1738 1593 1936 1647 infans
1961 1592 2090 1646 sine

437 1687 662 1743 semine
696 1685 1186 1754 condetur,teque
1213 1683 1572 1738 latissimum
1587 1683 1864 1737 conclave
1879 1687 2088 1736 osten-

436 1776 537 1831 det
579 1775 815 1829 deitatis
848 1789 991 1837 sum,
1025 1790 1155 1844 quae
1190 1773 1390 1827 omnia
1420 1772 1629 1844 replet,
1663 1788 1913 1842 qumque
1965 1769 2092 1824 sola

435 1862 1006 1934 circumscriptionis
1039 1867 1127 1916 est
1149 1879 1358 1932 expers
1392 1878 1405 1916 :
1443 1867 1601 1916 totus
1624 1861 1684 1916 in
1719 1867 1774 1916 te
1807 1861 1935 1915 sine
1960 1877 2090 1931 pas-

438 1955 604 2008 sione
637 1952 1017 2020 constrictus,
1074 1956 1230 2006 totus
1263 1951 1471 2006 itidem
1513 1956 1679 2006 extra
1716 1966 1987 2015 manens,
2023 1965 2092 2004 ac

435 2042 821 2113 semetipsum
852 2040 1049 2095 locum
1086 2040 1313 2095 habens
1345 2040 1446 2110 qui
1496 2039 1624 2110 capi
1659 2039 1886 2110 nequit.
1922 2040 2003 2092 Ex
2034 2043 2090 2091 te

425 2131 678 2202 justitiaa
710 2130 798 2184 sol
831 2129 1056 2184 orietur
1088 2146 1101 2195 ;
1138 2135 1366 2183 naturas
1427 2128 1582 2195 dum,
1615 2128 1754 2182 licet
1807 2126 2091 2197 Acephali

431 2221 632 2274 furore
665 2218 970 2272 insaniant
1012 2234 1023 2270 :
1057 2233 1177 2272 una
1220 2217 1577 2288 hypostasis,
1610 2221 1924 2287 rumpatur
1953 2215 2093 2270 licet

433 2308 758 2364 Nestorius.
792 2309 966 2361 Pater
997 2305 1316 2376 siquidem,
1351 2305 1617 2359 divinum
1670 2304 1848 2358 veluti
1883 2319 2089 2358 semen

434 2395 767 2468 spirituale,
800 2394 1005 2448 lumen
1037 2394 1270 2448 emittet
1299 2411 1496 2459 suum,
1534 2393 1908 2462 Verbumque
1941 2409 2010 2445 ex
2032 2398 2087 2446 te

2116 1115 2170 1181 Α

2698 1117 2831 1172 ΤΟΥ
2850 1122 2934 1170 ΔΔ
2945 1117 3093 1172 ΜΑΣ
3103 1117 3241 1174 KHN
3246 1117 3354 1175 ΟΥ.

2269 1230 2331 1287 Ὁ
2359 1235 2468 1285 τῶν
2503 1230 2748 1306 οὐρανῶν
2779 1229 3126 1308 δημιουργός
3156 1254 3215 1288 τε
3262 1232 3353 1288 καὶ
3412 1233 3694 1309 συνοχεὺς,
3748 1239 3834 1294 καὶ

2199 1319 2400 1381 παντὸς
2463 1317 2766 1394 ἑγκοσμίου
2828 1320 2917 1376 καὶ
2995 1321 3364 1396 ὑπερκοσμίου
3426 1321 3695 1397 Τεχνίτης
3749 1321 3834 1396 δηο

2201 1412 2643 1486 μιουργήματος,
2678 1411 2740 1466 οὗ
2799 1412 2965 1474 τόπος
3015 1411 3193 1474 οὐδεὶς
3247 1417 3356 1467 τῶν
3411 1414 3623 1468 πάντων
3683 1413 3832 1470 ἐστίν*

2201 1497 2354 1573 εἷ’περ
2413 1501 2476 1554 τὸ
2531 1500 2792 1573 περιέχον
2845 1505 2955 1555 τῶν
3017 1499 3241 1555 ἐνόντων
3273 1499 3446 1563 τόπος
3490 1501 3741 1577 ὁρίζεται·
3795 1503 3838 1559 ἐν

2201 1587 2287 1642 σοὶ
2321 1589 2457 1663 πρὸς
2489 1590 2680 1644 ἑαυτοῦ
2732 1591 2986 1666 ἀσπόρως
3043 1591 3243 1666 βρέφος
3299 1588 3839 1667 δημιουργηθήσεται,

2199 1677 2288 1733 καί
2320 1699 2377 1733 σε
2405 1685 2634 1751 ταμεῖον
2669 1679 2991 1755 εὐρύχωρον
3027 1677 3185 1752 δείξει
3243 1687 3346 1750 τῆς
3396 1679 3463 1735 τά
3510 1682 3680 1736 πάντα
3707 1681 3840 1752 πλη-

2203 1767 2406 1844 ρούσης
2435 1768 2601 1824 αὐτοῦ
2632 1767 2724 1824 καί
2760 1770 2934 1842 μόνης
2965 1769 3346 1846 ἀπεριγράφου
3379 1769 3652 1841 θεότητος.
3683 1771 3836 1834 ’Ὀλος

2202 1858 2424 1921 ἀπαθῶς
2455 1858 2506 1914 ἐν
2542 1860 2626 1914 σοὶ
2661 1857 3124 1932 συστελλόμενος,
3155 1860 3244 1914 καὶ
3280 1859 3458 1933 μένων
3491 1858 3622 1922 ὅλος
3654 1859 3792 1923 ἐκτός
3823 1879 3836 1931 ς

2199 1949 2290 2004 καὶ
2318 1949 2486 2004 τόπον
2538 1945 2686 2026 ἔχων
2745 1950 2932 2006 ἑαυτὸν
2987 1948 3358 2025 ἀπερίληπτον
3393 1952 3405 2007 ί
3443 1950 3503 2006 ἐκ
3532 1955 3626 2006 σοῦ
3680 1952 3705 2006 6
3755 1953 3840 2020 τῆς

2201 2037 2553 2111 δικαιοσύνης
2588 2039 2841 2096 ἀνατελεῖ
2864 2039 3055 2111 ἥλιος,
3108 2037 3205 2096 δύο
3262 2041 3447 2119 φύσεις
3507 2040 3604 2096 κᾶν
3641 2040 3842 2121 Ἀκέφα-

2201 2127 2291 2183 λοι
2327 2129 2647 2202 μαίνωνται’
2688 2130 2783 2203 μία
2845 2129 3161 2200 ὑπόστασις,
3210 2127 3306 2185 κᾶν
3370 2129 3663 2203 Νεστόριος
3705 2127 3840 2206 διαρ-

2201 2217 2525 2292 ρηγνύηται.
2587 2220 2771 2274 Οἱονεί
2829 2219 2930 2294 γὰρ
2991 2222 3134 2274 θεῖον
3224 2219 3428 2293 σπόρον
3493 2219 3832 2292 πνευματικὸν

2197 2307 2288 2360 τὸν
2315 2305 2509 2361 ἑαυτοῦ
2540 2309 2663 2362 Υἱὸν
2711 2307 3058 2379 ἐξαποστελεῖ
3127 2309 3154 2363 6
3217 2309 3426 2383 Πατὴρ,
3487 2307 3579 2364 καὶ
3639 2308 3756 2384 σὰρξ
3807 2309 3831 2364 6

2198 2397 2374 2470 Λόγος
2435 2396 2495 2452 ἐκ
2581 2402 2678 2452 σοῦ
2734 2397 3014 2470 ἀτρέπτως
3089 2400 3428 2473 γεννήσεται.
3474 2398 3576 2455 Καὶ
3636 2398 3832 2461 ἀπαθῶς

434 2487 582 2542 citra
610 2485 1061 2541 conversionem
1097 2485 1198 2539 ﬁet
1227 2501 1385 2539 caro.
1412 2486 1480 2538 Et
1501 2487 1693 2552 Pater,
1729 2484 1826 2554 qui
1861 2483 2085 2552 impas-

2200 2489 2448 2561 γεννήσας
2505 2486 2596 2540 τὸν
2650 2486 2772 2542 Υίὸν
2833 2488 2861 2542 6
2928 2488 3113 2563 Πατὴρ
3155 2488 3218 2542 τὸ
3275 2488 3545 2563 πρότερον
3595 2491 3834 2565 φυσικῶς,

434 2576 592 2630 sibili
627 2575 856 2630 ratione
888 2573 1099 2628 Filium
1147 2574 1401 2628 naturali
1436 2573 1612 2628 modo
1670 2574 1836 2644 prius
1862 2572 2086 2643 genuit,

433 2665 630 2735 ipsum
647 2679 882 2734 quoque
911 2679 981 2716 ex
1003 2667 1059 2715 te
1079 2663 1296 2716 iterum
1313 2680 1418 2734 per
1432 2662 1943 2734 dispensationem
1959 2662 2088 2717 sine

428 2755 706 2826 passione
752 2751 1077 2825 generabit.
1144 2754 1284 2806 Nam
1345 2753 1430 2806 uti
1482 2752 1710 2807 concha
1753 2751 1987 2807 cmlitus
2019 2769 2089 2807 ex

432 2843 678 2900 Deitatis
710 2842 940 2914 fulgore
969 2841 1030 2895 in
1056 2847 1226 2896 utero
1260 2842 1580 2912 concipies,
1615 2842 1931 2912 pariesque
1956 2859 2088 2912 pre-

427 2933 813 2989 tiosissimam
829 2930 1852 3004 margaritamChristum,unigenam
1870 2932 2088 3000 lucem,

431 3038 564 3092 quae
596 3037 716 3074 non
751 3019 1022 3091 gignit,et
1052 3035 1289 3090 semper
1307 3025 1663 3091 generatur;
1697 3021 2088 3091 cujusperso-

430 3109 588 3164 nalis
636 3107 968 3179 proprietas
995 3111 1105 3173 est,
1147 3107 1305 3177 quod
1353 3115 1688 3180 generetur.
1722 3110 1870 3164 911
1910 3111 1975 3164 In
2029 3114 2085 3165 te

431 3199 590 3271 leges
613 3213 849 3268 quoque
881 3202 1107 3251 naturas
1130 3196 1598 3262 innovabuntur,
1630 3203 1687 3252 et
1715 3214 1835 3253 una
1873 3216 2089 3254 conve-

432 3288 622 3353 nient,
649 3303 780 3356 quin
802 3285 1039 3340 misceri
1074 3291 1403 3355 nequeunt.
1438 3287 1561 3340 Erit
1594 3287 1753 3341 enim
1784 3288 2088 3360 virginitas

431 3374 939 3448 pariens,deitatis
963 3379 1141 3444 atque
1165 3374 1558 3430 humanitatis
1576 3377 1802 3442 mistio,
1834 3394 2088 3448 perpes-

431 3466 618 3521 sionis
651 3470 708 3521 et
765 3463 1286 3535 impassibilitatis,
1319 3464 1451 3518 vitae
1485 3469 1543 3518 et
1570 3466 1800 3532 mortis,
1833 3472 1898 3520 ut
1930 3467 2089 3537 quod

433 3555 695 3610 deterius
729 3558 835 3616 est,
864 3553 926 3606 in
957 3552 1236 3607 omnibus
1266 3569 1300 3608 a
1345 3554 1559 3624 potiori
1595 3560 1925 3626 superetur.
1961 3557 2088 3611 Non

433 3645 593 3698 enim
617 3642 980 3714 operationis
1014 3642 1113 3696 Dei
1149 3643 1637 3713 conceptaculum
1674 3644 1921 3710 eris,sed
1946 3645 2088 3699 sub-

432 3733 696 3789 stantiali
753 3731 951 3796 modo,
985 3731 1088 3784 Dei
1147 3731 1482 3802 hypostasis
1514 3748 1582 3787 ac
1626 3749 1916 3803 personae.
1945 3736 2086 3788 Por-

2198 2576 2420 2638 ἀπαθῶς
2449 2576 2540 2630 τὸν
2568 2576 2733 2631 αὐτὸν
2762 2579 3032 2651 γεννήσει,
3087 2576 3178 2630 καὶ
3237 2576 3300 2631 τὸ
3361 2573 3614 2651 δεύτερον
3648 2574 3834 2631 οῗκονο-

2203 2669 2400 2736 μικῶς.
2459 2667 2663 2736 Ὥσπερ
2721 2666 2823 2740 γάρ
2881 2686 2966 2727 τις
3017 2665 3226 2742 κόγχος
3291 2663 3582 2735 οὐρανόθεν
3647 2663 3702 2720 ἐκ
3751 2670 3836 2732 τῆς

2198 2753 2476 2828 ἀστραπῆς
2532 2761 2633 2824 τῆς
2690 2755 2947 2825 θεότητος
3003 2753 3055 2809 ἐν
3115 2755 3307 2830 γαστρὶ
3337 2751 3501 2826 ἔξεις,
3551 2753 3639 2809 καὶ
3692 2753 3838 2824 τέξεις

2197 2843 2289 2898 τὸν
2347 2841 2657 2916 πολύτιμον
2722 2843 3059 2920 μαργαρίτην
3119 2844 3384 2920 Χριστὸν,
3443 2845 3508 2900 τὸ
3570 2844 3837 2920 μονογενὲς

2201 2937 2338 3009 φῶς,
2365 2933 2428 2988 τὸ
2462 2934 2539 3006 μή
2581 2938 2805 3008 γεννῶν,
2869 2933 2949 2988 ἀεὶ
3006 2930 3061 2988 δὶ
3115 2934 3480 3008 γεννώμενον,
3515 2932 3576 2988 οὗ
3629 2933 3690 2988 τὸ
3737 2953 3839 3008 γεν-

2201 3027 2414 3091 νᾶσθαι,
2453 3023 2814 3078 ὑποστατικὸν
2850 3024 3018 3096 μόνον
3064 3020 3290 3096 ἷδίωμα.
3320 3024 3410 3078 Ἐν
3445 3023 3532 3079 σοὶ
3561 3023 3650 3078 καὶ
3695 3020 3836 3093 νόμοι

2203 3110 2412 3188 φύσεως
2467 3113 3064 3185 καινοτομηθήσονται,
3119 3111 3210 3167 καὶ
3258 3113 3326 3167 τὰ
3383 3112 3590 3186 ἄμικτα
3643 3105 3838 3186 συμϐή·

2205 3222 2372 3258 σεται.
2404 3203 2592 3257 Ἔσται
2623 3201 2724 3276 γὰρ
2765 3201 3022 3274 παρθενία
3076 3201 3349 3258 τίκτουσα.
3412 3203 3575 3275 Μίξις
3604 3200 3840 3270 θεότητος

2199 3289 2288 3345 καὶ
2323 3290 2772 3367 ἂνθρωπότητος,
2813 3290 3016 3353 πάθους
3065 3289 3154 3346 καὶ
3214 3291 3503 3357 ἀπαθείας,
3567 3296 3706 3360 ζωῆς
3761 3288 3838 3344 καὶ

2201 3379 2453 3450 θανάτου,
2487 3380 2562 3441 ὡς
2596 3379 2654 3434 ἄν
2713 3378 2766 3434 ἐν
2817 3384 2977 3434 πᾶσιν
3036 3380 3345 3450 ἐκνικηθείη
3406 3381 3472 3436 τὸ
3518 3386 3700 3456 χεῖρον
3750 3376 3840 3433 ὑπὸ

2196 3473 2294 3523 τοῦ
2345 3468 2673 3545 κρείττονος.
2736 3469 2809 3524 Οὐ
2885 3469 2985 3545 γὰρ
3045 3469 3320 3545 ἐνεργείας
3385 3475 3522 3525 Θεοῦ
3610 3467 3840 3544 ὑπάρξεις

2199 3553 2445 3633 δοχεῖον,
2477 3556 2605 3614 ἀλλ’
2637 3555 2922 3621 οὐσιωδῶς
2975 3565 3077 3626 τῆς
3131 3563 3232 3614 τοῦ
3292 3563 3427 3614 Θεοῦ
3492 3559 3837 3615 ὖποστάσεως⁶

2196 3647 2287 3702 καὶ
2319 3653 2516 3723 μοῖραν
2551 3647 2609 3702 ἐκ
2640 3652 2737 3702 σοῦ
2795 3645 3180 3722 προσλήψεται
3236 3648 3264 3701 6
3324 3649 3699 3723 Δημιουργὸς,
3753 3645 3838 3710 τήν

2199 3733 2456 3810 ἀπαρχήν
2510 3741 2609 3792 τοῦ
2669 3736 3016 3807 ἀνθρωπίνου
3077 3735 3395 3814 φυράματος
3456 3736 3517 3793 ἐκ
3547 3735 3841 3808 Πνεύματος

430 3823 656 3878 tionem
689 3838 760 3876 ex
784 3825 839 3875 te
871 3820 1154 3875 Conditor
1209 3837 1409 3875 rerum
1463 3828 1749 3887 assumet,
1805 3823 2083 3878 humanae

2200 3824 2378 3899 ἁγίου,
2409 3825 2501 3880 καὶ
2532 3831 2641 3881 τῶν
2676 3830 2782 3881 σῶν
2812 3825 3062 3900 αίμάτων
3092 3827 3414 3901 σαρκωθείς.

427 3930 641 3969 massas
672 3911 988 3983 primitias,
1022 3927 1092 3964 ex
1116 3911 1337 3982 Spiritu
1371 3919 1596 3980 sancto,
1659 3912 1894 3984 tuisque
1946 3931 2082 3970 san-

425 4002 702 4076 guinibus
732 4001 922 4058 factus
955 4017 1114 4056 caro.

508 4334 632 4390 Tres
648 4335 998 4405 precationes
1019 4332 1149 4386 istas
1177 4335 1304 4384 ante
1333 4329 1701 4398 sumptionem
1731 4327 1932 4382 divina:
1962 4327 2327 4384 Eucharistiae
2354 4327 2689 4396 recitandas,
2720 4328 2904 4397 reperi
2931 4325 2992 4381 in
3023 4325 3319 4395 Horologio
3352 4326 3684 4390 Graecorum,
3715 4326 3764 4376 et
3790 4320 3842 4372 in

430 4423 612 4477 codice
641 4439 739 4478 ms.
771 4422 1092 4476 monasterii
1123 4420 1179 4474 S.
1217 4417 1450 4472 Taurini
1474 4417 1838 4483 Ebroicensis,
1873 4416 2029 4487 cujus
2058 4418 2199 4474 mihi
2228 4419 2442 4488 copiam
2472 4415 2539 4472 de
2569 4432 2716 4471 more
2745 4417 2877 4484 fecit
2923 4415 3252 4470 reverendus
3278 4414 3578 4470 admodum
3605 4409 3841 4467 doctissi-

429 4527 655 4582 musque
682 4514 746 4566 P.
779 4513 844 4567 D.
869 4510 1184 4564 Bernardus
1215 4509 1280 4562 de
1310 4505 1754 4574 Montefalconis.

810 4663 1062 4716 Precatio
1089 4659 1321 4715 Joannis
1353 4659 1694 4713 Damasceni.

495 4769 641 4826 llere
681 4769 924 4825 Domine
954 4770 1091 4824 Jesu
1122 4767 1372 4833 Christe,
1407 4767 1559 4819 Deus
1591 4768 1814 4832 noster,
1848 4765 1949 4835 qui
1983 4781 2081 4820 so-

418 4859 510 4915 lus
543 4867 832 4932 potestate
867 4859 1056 4930 polles
1073 4856 1420 4913 hominibus
1447 4860 1689 4925 peccata
1708 4854 2078 4922 remittendi,

415 4955 480 5004 ut
511 4951 612 5022 qui
645 4951 836 5006 bonus
868 4966 935 5004 ac
966 4947 1434 5020 benignissimus
1479 4945 1583 5011 sis,
1608 4943 1886 4999 condona
1931 4944 2078 4999 mihi

409 5038 616 5111 lapsus
648 5035 1353 5110 meos,quoscunque,vel
1387 5033 1763 5100 scienter,vel
1795 5035 2078 5106 ignoran-

411 5136 507 5185 ter
539 5130 795 5196 admisi;
827 5145 1039 5200 meque
1072 5128 1317 5200 dignum
1366 5125 1566 5191 facito,
1599 5123 2074 5194 quidivinorum,

407 5220 835 5292 gloriosorum,
871 5217 1417 5281 immaculatorum,
1451 5230 1517 5268 ac
1550 5213 1914 5268 vivificorum
1946 5231 2078 5286 my-

419 5311 737 5365 steriorum
758 5316 994 5362 tuorum
1029 5307 1198 5362 nulla
1211 5322 1344 5359 mea
1365 5303 1749 5358 damnatione
1777 5307 2080 5375 particeps

2522 4655 2681 4732 Εὐχή
2717 4655 2970 4713 Ἰωάννου
2999 4659 3096 4710 τοῦ
3128 4657 3515 4728 Δαμασκηνοῦ.

2263 4763 2507 4818 Δέσποτα
2540 4761 2702 4836 Κύριε
2733 4763 2914 4833 Ἰησοῦ
2949 4763 3171 4836 Χριστὶ,
3202 4764 3231 4816 6
3287 4761 3420 4825 Θεὸς
3449 4763 3634 4833 ἡμῶν,
3692 4757 3720 4810 6
3753 4749 3838 4826 μό·

2189 4874 2280 4915 νος
2314 4851 2459 4927 ἔχων
2492 4851 2731 4924 ἐξουσίαν
2793 4854 3104 4927 ἀνθρώποις
3165 4850 3379 4929 ἀφιέναι
3432 4847 3720 4921 ἁμαρτίας,
3767 4841 3835 4929 ᾡς

2191 4943 2394 5017 ἀγαθὸς
2447 4943 2535 4996 καὶ
2598 4941 3005 5019 φιλάνθρωπος,
3065 4927 3264 5017 πάριθέ
3297 4961 3403 5014 μου
3443 4941 3612 4994 πάντα
3668 4933 3733 4988 τὰ
3784 4927 3834 4983 ἓν

2189 5033 2388 5106 γνώσει
2419 5033 2507 5086 καὶ
2546 5029 2739 5106 ἀγνοίᾳ
2769 5031 3106 5102 πταίσματα,
3167 5030 3257 5084 καὶ
3317 5029 3546 5102 ἀξίωσόν
3608 5044 3674 5098 με
3717 5022 3832 5074 ἀκα·

2186 5121 2458 5197 τακρίτως
2516 5115 2846 5194 μεταλαϐεῖν
2906 5121 3014 5174 τῶν
3077 5119 3258 5192 θείων,
3317 5118 3407 5173 καὶ
3467 5113 3712 5184 ἃνδόξων,
3751 5106 3832 5197 καὶ

2190 5211 2493 5286 ἀχράντων,
2556 5209 2644 5266 καὶ
2707 5214 2993 5279 ζωοποιῶν
3046 5231 3141 5263 σου
3204 5207 3556 5282 μυστηρίων,
3630 5203 3703 5275 μὴ
3763 5195 3833 5255 εἷς

2187 5284 2439 5369 κόλασιν,
2533 5301 2608 5373 μὴ
2670 5298 2747 5362 είς
2829 5300 3152 5374 προσθήκην
3210 5299 3518 5372 ἁμαρτιῶν,
3589 5289 3713 5347 ἀλλ’
3765 5284 3834 5374 εἷς

417 5398 662 5465 efﬁciar,
699 5415 817 5454 non
839 5397 914 5453 ad
946 5413 1180 5468 paenam
1209 5412 1276 5450 ac
1309 5392 1688 5463 supplicium,
1719 5407 1839 5445 non
1872 5392 1944 5446 ad
1967 5409 2072 5447 au-

2200 5388 2550 5463 καθαρισμὸν,
2582 5389 2672 5443 καὶ
2731 5389 3027 5462 ἀγιασμόν,
3085 5388 3177 5442 καὶ
3237 5381 3530 5464 ἀρραϐῶνα
3558 5388 3656 5449 τῆς
3712 5371 3834 5450 μελ’

414 5488 678 5543 ctionem
713 5485 1160 5559 culparum,sed
1191 5486 1264 5541 ad
1296 5482 2079 5547 emendationem,sanctiﬁ-

404 5578 849 5646 cationemque,
875 5582 933 5631 et
983 5576 1198 5647 pignus
1236 5577 1447 5629 futurae
1505 5571 1637 5625 vitas
1685 5576 1743 5624 et
1773 5571 1937 5642 regni
1967 5588 1980 5636 ;
2014 5575 2082 5625 ut

410 5665 559 5718 mihi
595 5681 824 5730 murus,
859 5664 1492 5736 propugnaculumque
1524 5657 2079 5726 sit,etadversario—

409 5766 550 5805 rum
569 5752 820 5817 eversio,
852 5758 1030 5821 atque
1062 5751 1124 5806 in
1157 5751 1590 5806 abstersionem
1613 5747 1942 5803 multorum
1973 5749 2082 5804 de-

2193 5477 2403 5548 λούσης
2435 5483 2581 5548 ζωῆς
2609 5477 2698 5532 καὶ
2727 5477 3036 5554 βασιλείας,
3069 5477 3144 5539 είς
3194 5483 3410 5553 τεῖχος,
3444 5473 3534 5530 καὶ
3570 5470 3832 5547 βοήθειανο

2191 5567 2280 5623 καὶ
2343 5567 2655 5641 ἀνατροπὴν
2713 5571 2820 5622 τῶν
2900 5566 3176 5633 ἐναντίων,
3251 5565 3326 5630 εἷς
3411 5562 3681 5636 ἐξάλειψιν
3735 5555 3830 5606 τῶν

2192 5653 2421 5711 πολλῶν
2458 5676 2564 5728 μου
2593 5655 3127 5730 πλημμελημάτων.
3164 5655 3240 5710 Σὺ
3271 5657 3376 5731 γὰρ
3410 5656 3458 5710 εἶ
3480 5651 3611 5713 Θεὸς
3640 5643 3827 5731 ἐλέους,

2191 5743 2283 5800 καὶ
2316 5744 2644 5819 οἰκτιρμῶν,
2671 5745 2764 5800 καὶ
2797 5744 3232 5824 φιλανθρωπίας·
3269 5729 3361 5801 καὶ
3421 5742 3508 5800 σοὶ
3563 5739 3659 5808 τὴν
3689 5729 3825 5800 δόξαν
