4160 6404
450 411 559 468 817

1988 419 2320 476 CARMINA
2331 460 2344 474 .

3780 429 3891 484 818

451 535 846 609 ἀναπέμπομεν
881 533 976 592 σὺν
1004 539 1084 610 τῷ
1124 535 1321 612 Ηατρὶ,
1373 537 1463 592 καὶ
1507 541 1586 611 τῷ
1626 537 1767 616 ἁγίῳ
1815 541 2107 614 Πνεύματι,

2229 545 2507 603 lictorum
2536 565 2827 606 meorum.
2862 551 2944 606 Tu
2968 551 3262 622 siquidem
3287 568 3348 607 es
3371 553 3524 608 Deus
3546 554 3885 610 misericor-

450 628 545 680 νῦν
601 625 692 680 καὶ
751 623 834 680 ἀεὶ
868 671 884 697 ,
943 626 1035 681 καὶ
1096 625 1173 689 εἲς
1227 625 1358 692 τοὺς
1412 627 1614 692 αἰῶνας
1670 634 1779 684 τῶν
1852 630 2066 686 αίώνων
2102 676 2114 688 .

453 715 515 770 ’Δ
527 716 636 789 μήν

527 922 687 998 Εὖχή
720 920 878 996 ἑτέρα
905 927 1003 977 τοῦ
1035 923 1201 980 αὐτοῦ
1236 924 1489 982 Ἰωάννου
1516 929 1614 982 τοῦ
1645 932 2028 1000 Δαμασκηνοῦ.

531 1041 644 1114 Πρὸ
670 1044 779 1095 τῶν
813 1044 992 1113 θυρῶν
1024 1045 1122 1096 τοῦ
1164 1047 1294 1098 ναοῦ
1344 1064 1440 1098 σου
1487 1046 1823 1120 παρέστηκα,
1873 1046 1964 1100 καὶ
2010 1051 2118 1102 τῶν

457 1128 652 1186 δεινῶν
705 1129 994 1206 λογισμῶν
1039 1131 1138 1187 οὐκ
1187 1131 1508 1211 ἀφίσταμαι.
1563 1133 1739 1192 Ἀλλά
1788 1136 1874 1206 σὺ,
1926 1138 2125 1212 Χριστὶ

451 1223 483 1278 ὅ
510 1223 658 1292 Θεὸς,
692 1223 720 1278 ὁ
747 1220 997 1293 τελώνην
1031 1219 1350 1296 δικαιώσας,
1383 1226 1472 1280 καὶ
1528 1226 1830 1282 Χαναναίαν
1870 1225 2121 1302 ἐλεήσας,

445 1313 538 1367 καὶ
598 1316 679 1384 τῷ
737 1309 919 1387 λῃστῇ
979 1311 1314 1386 παραδείσου
1369 1313 1550 1378 πύλας
1602 1316 1846 1389 ἀνοίξας,
1905 1315 2118 1390 ἅνοιξόν

447 1423 562 1474 μου
593 1402 662 1456 τὰ
713 1402 1000 1477 σπλάγχνα
1056 1409 1157 1472 τῆς
1210 1401 1626 1481 φιλανθρωπίας
1685 1427 1803 1475 σου,
1833 1407 1924 1460 καὶ
1977 1403 2120 1480 δέξαι

446 1512 520 1564 με
575 1490 1026 1567 προσερχόμενον
1063 1536 1076 1561 ,
1138 1494 1228 1548 καὶ
1296 1491 1602 1568 ἆπτόμενόν
1663 1517 1805 1566 σου,
1863 1497 1936 1559 ὡς
2008 1499 2116 1566 τήν

441 1582 660 1656 πόρνην
691 1583 778 1637 καὶ
812 1584 913 1652 τὴν
948 1583 1274 1660 αἱμόρῥουυ.
1306 1590 1365 1639 Ἠ
1429 1585 1523 1658 μὲν
1581 1587 1683 1661 γὰρ
1736 1591 1834 1641 τοῦ
1887 1588 2122 1661 κρασπέ-

449 1669 549 1727 δου
580 1694 675 1726 σου
733 1673 1011 1747 ἁψαμένη,
1077 1674 1322 1750 εὐχερῶς
1380 1677 1481 1743 τήν
1544 1674 1682 1730 ἷ¹ασιν
1745 1671 1955 1731 ἔλαϐεν·
1988 1680 2023 1746 ἡ
2059 1672 2116 1732 δὅ

448 1762 580 1824 τοὺς
629 1762 759 1824 σοὺς
810 1763 1120 1838 ἆχράντους
1178 1762 1350 1826 πόδας
1409 1767 1743 1838 κρατήσασα,
1803 1769 1901 1836 τήν
1957 1766 2112 1822 λύσιν

446 1857 561 1908 τῶν
618 1853 1028 1928 ἁμαρτημάτων
1085 1853 1402 1927 ἐκομίσατο.
1461 1857 1602 1930 Ἐγὼ
1661 1853 1718 1911 δὲ
1779 1858 1807 1912 ὁ
1856 1857 2116 1931 ἐλεεινὸς,

443 1941 580 1997 ελον
614 1963 710 1998 σου
739 1944 801 1998 τὸ
861 1947 1022 2017 σῶμα
1077 1943 1310 2000 πολλῶν
1371 1943 1642 2017 δέξασθαι,
1706 1949 1780 2020 μή
1834 1947 2108 2026 καταφλε-

439 2031 665 2110 χθείην,
697 2031 844 2090 ἀλλᾶ
876 2032 1017 2107 δέξαι
1067 2056 1134 2108 με
1192 2034 1375 2112 ὥσπερ
1435 2035 1663 2108 ὲκείνας,
1719 2037 1811 2092 καὶ
1872 2039 2109 2116 φώτισόν

441 2145 556 2197 μου
586 2124 652 2180 τὰ
679 2131 780 2194 τῆς
839 2128 1026 2202 ψυχῆς
1080 2125 1434 2199 αἴσθητήρια,
1491 2126 1846 2206 καταφλέγων
1908 2130 2110 2202 μουτᾶ

435 2219 544 2283 τῆς
605 2215 874 2290 ἁμαρτίας
935 2214 1278 2291 ἐγκλήματα.
1347 2211 1664 2291 Πρεσϐείαις
1717 2225 1820 2286 τῆς
1850 2219 2108 2294 ἀσπόρως

430 2301 704 2372 τεκούσης
738 2324 816 2375 σε,
849 2303 939 2358 καὶ
970 2309 1079 2359 τῶν
1138 2303 1474 2381 ἐπουρανίων
1534 2304 1838 2379 δυνάμεων·
1898 2305 1982 2361 ὅτι
2013 2307 2104 2362 εὖ·

433 2388 684 2468 λογῆτὸς
715 2393 763 2449 εἶ
785 2393 861 2457 εἷς
891 2391 1019 2456 τοὺς
1053 2394 1256 2456 αἰῶνας
1280 2399 1387 2449 τῶν
1420 2393 1659 2452 αἰώνων.
1691 2397 1749 2450 Ἀ
1766 2397 1894 2469 μήν.

911 2599 1068 2676 Εὗχὴ
1102 2600 1258 2677 ἑτέρα
1299 2603 1397 2656 τοῦ
1444 2601 1632 2658 αὐτοῦ.

516 2716 882 2791 Τετρωμένος
911 2717 1134 2794 καρδίαν
1169 2720 1281 2792 εἷμὶ
1345 2717 1472 2794 ἐγώ·
1535 2716 1744 2791 έξέτηξέ
1777 2741 1844 2793 με
1875 2722 1902 2776 ὁ
1937 2721 2104 2792 ζῆλός

437 2828 565 2876 σου,
596 2806 881 2877 ἠλλοίωσέ
941 2829 1009 2881 με
1064 2811 1098 2879 ἡ
1155 2810 1336 2885 ἀγάπη
1395 2830 1513 2878 σου,
1568 2809 1832 2865 Δέσποτα·
1882 2807 2102 2884 δέσμιός

436 2898 558 2971 εἶμι
587 2903 665 2972 τῷ
713 2895 878 2973 ἔρωτί
937 2920 1055 2958 σου.
1089 2897 1507 2974 Ἐμπλησθείην
1569 2921 1666 2954 σου
1723 2905 1829 2955 τῶν
1864 2907 2098 2977 σαρκῶν·

433 2989 752 3064 κορεσθείην
807 2994 906 3046 τοῦ
965 2995 1170 3064 ζωεροῦ
1227 2992 1316 3046 καὶ
1377 2996 1637 3055 θεοποιοῦ
1695 2989 1927 3064 αἳματός
1983 3013 2098 3047 σου·

432 3080 820 3155 ἀπολαύσαιμι
869 3103 977 3137 των
1031 3082 1273 3156 ἀγαθῶν·
1324 3083 1804 3160 κατατρυφγίσαιμι
1852 3090 1950 3151 τῆς
2001 3090 2102 3152 σῆς

431 3169 718 3239 θεότητος·
751 3169 898 3242 ἄξιος
931 3172 1191 3248 γενοίμην
1226 3171 1516 3247 ἐρχομένῳ
1553 3171 1687 3244 μετὰ
1717 3169 1879 3245 δόξης
1934 3173 2102 3228 ὑπαν-

2231 635 2364 704 diae,
2391 639 2841 696 miserationum
2868 646 2926 696 et
2944 642 3364 707 humanitatis;
3391 630 3615 714 tibique
3637 644 3887 716 gloriam

2228 745 2643 798 personamus,
2679 749 2814 788 cum
2846 735 3019 790 Patre
3053 739 3111 790 et
3138 740 3342 790 sancto
3375 733 3616 806 Spiritu,
3643 750 3803 791 nunc
3832 740 3893 791 et

2233 834 2489 891 semper,
2522 827 2581 875 et
2609 822 2670 877 in
2705 823 2924 879 saacula
2949 824 3324 880 saeculorum.
3361 829 3547 879 Amen

2373 938 2624 993 Precatio
2656 940 2836 994 altera
2865 941 3105 1010 ejusdem
3134 943 3365 996 Joannis
3398 942 3741 997 Damasceni.

2305 1055 2454 1110 Ante
2480 1056 2688 1128 templi
2720 1058 2803 1111 tui
2847 1058 3004 1114 fores
3051 1065 3200 1125 asto,
3233 1076 3343 1114 nec
3373 1075 3408 1114 a
3449 1060 3742 1130 perversis
3791 1077 3888 1115 co-

2231 1145 2617 1218 gitationibus
2663 1146 2907 1212 absisto,
2955 1150 3036 1203 Tu
3079 1166 3236 1214 vero,
3287 1151 3514 1205 Christe
3562 1151 3735 1217 Deus,
3788 1151 3890 1221 qui

2232 1236 2616 1308 publicanum
2628 1237 2865 1309 justitia
2883 1239 3138 1307 donasti,
3166 1245 3223 1292 et
3242 1240 3589 1294 Chananaeae
3613 1241 3893 1294 misertus

2233 1343 2316 1395 es,
2350 1328 2573 1398 quique
2603 1327 2865 1398 paradisi
2891 1328 3112 1400 januas
3142 1328 3360 1383 latroni
3392 1329 3698 1400 aperuisti,
3722 1330 3891 1385 beni-

2231 1414 2471 1486 gnitatis
2495 1420 2609 1468 tua:
2643 1417 2866 1470 viscera
2887 1417 3034 1470 mihi
3059 1417 3272 1487 pande,
3298 1433 3511 1488 meque
3533 1417 3606 1472 ad
3638 1422 3694 1472 te
3723 1434 3896 1473 acce-

2231 1504 2494 1571 dentem,
2529 1520 2595 1560 ac
2624 1511 2678 1559 te
2713 1509 3054 1576 tangentem
3100 1505 3356 1578 suscipe,
3400 1506 3582 1561 veluti
3614 1507 3890 1561 meretri-

2231 1608 2362 1648 cem
2399 1593 2564 1648 illam
2595 1598 2653 1648 et
2681 1595 2992 1666 sanguinis
3023 1595 3189 1650 ﬂuxu
3220 1595 3612 1650 laborantem.
3647 1595 3755 1650 Illa
3809 1597 3892 1650 si-

2233 1683 2473 1753 quidem
2499 1683 2795 1738 ﬁmbriam
2828 1684 3178 1756 contingens
3228 1690 3413 1753 tuam,
3442 1685 3604 1739 brevi
3655 1685 3891 1758 negotio

2235 1772 2486 1828 salutem
2520 1771 2733 1844 adepta
2765 1778 2890 1828 est:
2927 1773 3072 1839 haec,
3108 1773 3209 1828 ubi
3241 1775 3659 1830 immaculatos
3711 1774 3893 1846 pedes

2235 1866 2365 1916 tuos
2396 1861 2813 1932 apprehendit,
2853 1869 3234 1933 peccatorum
3269 1863 3705 1934 indulgentiam
3729 1867 3890 1917 retu-

2219 1953 2308 2008 lit.
2344 1955 2459 2026 Ego
2481 1970 2616 2009 vero
2643 1955 2825 2009 miser
2845 1971 3110 2026 prorsus,
3144 1955 3243 2026 qui
3267 1961 3454 2010 totum
3475 1972 3690 2026 corpus
3718 1960 3887 2010 tuum

2217 2043 2482 2114 recipere
2527 2043 2736 2111 audeo,
2787 2043 3016 2099 utinam
3059 2044 3130 2098 ab
3163 2043 3439 2099 incendio
3491 2043 3779 2098 immunis
3823 2047 3883 2098 et

2217 2132 2412 2187 salvus
2454 2132 2734 2187 evadam:
2788 2132 2891 2187 sed
2941 2149 3035 2187 me
3085 2137 3152 2188 ut
3196 2133 3329 2188 illas
3382 2133 3526 2188 olim
3559 2132 3870 2204 suscipias,

2217 2223 2525 2294 animique
2559 2239 2772 2277 sensus
2803 2223 3130 2288 illumines,
3163 2225 3392 2278 cunctis
3433 2223 3656 2294 peccati
3694 2222 3871 2278 reati-

2214 2312 2326 2368 bus
2357 2313 2705 2377 combustis,
2751 2311 2914 2366 illius
2956 2312 3514 2380 interventionibus,
3565 2329 3696 2382 quas
3748 2312 3875 2366 sine

2216 2404 2443 2457 semine
2476 2403 2715 2474 genuit:
2750 2402 3034 2472 quoniam
3065 2401 3415 2458 benedictus
3447 2419 3508 2457 es
3539 2402 3602 2456 in
3655 2400 3877 2456 saacula

2214 2491 2592 2546 saeculorum.
2637 2493 2846 2545 Amen.

2655 2605 2919 2676 Ejusdem
2940 2608 3194 2675 precatio
3224 2606 3419 2661 altera.

2285 2721 2471 2777 Corde
2523 2722 2864 2777 vulneratus
2914 2739 3019 2794 ego
3073 2738 3243 2777 sum:
3276 2721 3579 2776 tabescere
3610 2737 3706 2776 me
3735 2720 3878 2777 fecit

2212 2812 2370 2866 zelus
2403 2817 2539 2866 tuus
2563 2818 2620 2865 et
2641 2812 2942 2866 aemulatio
2965 2829 2976 2866 :
3003 2811 3340 2866 immutavit
3365 2826 3457 2864 me
3480 2809 3718 2865 dilectio
3745 2816 3866 2880 tua,

2213 2903 2494 2957 Domine:
2531 2903 2760 2957 vinctus
2793 2919 2922 2956 sum
2955 2919 3060 2975 ego
3107 2918 3308 2957 amore
3339 2901 3493 2956 912
3527 2900 3630 2954 tui.
3664 2901 3870 2955 Carni-

2212 2991 2323 3045 bus
2347 2991 2464 3046 tuis
2487 2991 2760 3062 implear,
2785 3007 2985 3061 quaeso
3013 3007 3024 3045 :
3051 2990 3279 3044 viviﬁco
3303 2989 3636 3059 deiﬁcoque
3657 3005 3868 3044 cruore

2213 3088 2312 3136 tuo
2342 3087 2573 3136 saturer
2599 3097 2611 3134 :
2644 3079 2818 3134 bonis
2857 3080 3127 3151 perfruar
3158 3079 3294 3132 tuis.
3330 3078 3553 3132 Deitate
3585 3083 3689 3132 tua
3719 3079 3868 3133 deli-

2213 3172 2334 3226 cier
2360 3188 2371 3224 :
2397 3171 2612 3243 dignus
2635 3169 2880 3237 efﬁciar,
2907 3169 3006 3240 qui
3031 3169 3136 3223 tibi
3161 3185 3296 3224 cum
3321 3167 3508 3241 gloria
3529 3167 3867 3223 advenienti

429 3259 600 3329 τῆσαί
657 3282 767 3329 σοι,
827 3261 1067 3335 ἐναέριος
1127 3263 1387 3337 ἁρπαγεὶς
1427 3261 1478 3316 έν
1520 3261 1772 3340 νεφέλαις
1834 3261 1924 3316 σὺν
1971 3267 2101 3317 πᾶσι

2227 3261 2419 3316 )bvius
2449 3277 2713 3333 pergam,
2745 3261 2808 3314 in
2840 3276 3037 3314 aerem
3069 3265 3273 3330 raptus
3305 3258 3365 3312 in
3419 3257 3696 3324 nubibus,
3731 3275 3867 3312 cum

427 3372 557 3413 τοις
585 3350 865 3413 ἐκλεκτοῖς
899 3373 1017 3420 σου,
1051 3352 1128 3414 ὡς
1160 3350 1219 3406 ἂν
1283 3353 1459 3423 ὑμνῶ,
1509 3351 1602 3406 καὶ
1670 3357 1985 3426 προσκυνῶ,
2013 3353 2103 3407 καὶ

435 3439 652 3512 δοξάζω
707 3461 764 3496 σε
835 3441 1175 3516 εὐχαρίστως
1229 3440 1279 3496 ἐν
1332 3441 1776 3517 ἐξομολογήσει,
1854 3441 1947 3496 σὺν
2023 3447 2104 3515 τῷ

435 3529 669 3605 ἀνάρχω
700 3550 796 3584 σου
828 3531 1001 3604 Πατρὶ
1052 3531 1142 3585 καὶ
1188 3534 1268 3601 τῷ
1314 3531 1583 3606 παναγίῳ,
1633 3531 1724 3585 καὶ
1773 3532 1982 3609 ἀγαθῷ,
2012 3531 2102 3586 καὶ

444 3625 706 3692 ζωοποιῷ
746 3641 844 3675 σου
899 3619 1197 3693 Πνεύματι,
1260 3624 1370 3691 νῦν,
1402 3622 1494 3676 καὶ
1553 3621 1656 3691 άεῖ,
1689 3621 1780 3676 καὶ
1841 3621 1916 3684 εἰς
1973 3619 2102 3684 τοὺς

439 3708 643 3772 αἰῶνας
672 3714 780 3766 τῶν
813 3709 1052 3768 αἱῶνων.
1079 3711 1280 3785 Ἀμήν.

2215 3351 2496 3406 omnibus
2529 3349 2732 3404 electis
2764 3349 2904 3411 tuis,
2925 3355 2991 3402 ut
3021 3354 3079 3402 te
3110 3347 3371 3412 laudem,
3403 3347 3787 3417 adoremque,
3813 3352 3872 3402 et

2213 3441 2560 3503 clariﬁcem,
2593 3440 2811 3512 gratias
2837 3455 3020 3512 agens
3059 3439 3121 3492 in
3153 3437 3550 3503 confessione,
3584 3454 3718 3491 cum
3768 3441 3869 3491 tuo

2213 3533 2386 3586 Patre
2423 3536 2480 3585 et
2507 3529 2908 3597 sanctissimo,
2955 3528 3321 3600 optimoque,
3356 3533 3414 3581 et
3442 3527 3573 3580 vitm
3627 3530 3868 3580 auctore

2213 3621 2435 3692 Spiritu
2467 3625 2588 3687 tuo,
2622 3635 2780 3674 nunc
2809 3624 2868 3673 et
2897 3633 3153 3690 semper,
3188 3623 3246 3672 et
3276 3618 3336 3671 in
3369 3615 3587 3671 saecula
3619 3615 3870 3670 saeculo-

2211 3729 2367 3768 rum.
2402 3713 2613 3766 Amen.

3437 3867 3838 3881 —————

3437 3885 3840 3898 ψ

1808 4033 1858 4101 Α
1879 4020 2479 4110 ΟΜΟΝΙΊῚΟ.

511 4173 838 4228 Damasceni
895 4173 1144 4227 carmina
1193 4177 1245 4226 et
1295 4171 1514 4227 eantica
1560 4173 1684 4242 jam
1741 4170 1875 4226 olim
1932 4177 2062 4226 ante
2118 4171 2304 4226 seculi
2370 4171 2570 4226 decimi
2638 4171 2786 4223 sexti
2849 4169 3114 4242 medium_
3146 4169 3326 4242 Romae
3381 4183 3612 4242 excusa,
3633 4169 3862 4242 fuerant

425 4245 616 4300 Grece
671 4247 972 4313 Latineque
1029 4245 1096 4298 ab
1155 4245 1303 4298 Aldo
1375 4246 1646 4307 Manutio,
1708 4246 1972 4310 Romano,

2061 4245 2370 4298 eorumdem
2448 4246 2745 4311 interprete
2764 4286 2778 4307 ,

2857 4257 2977 4294 cum
3059 4239 3186 4293 aliis
3261 4241 3461 4294 Cosme:
3543 4239 3860 4307 Hierosoly-

426 4315 636 4370 mitani
670 4357 684 4379 ,
744 4310 919 4370 Marci
969 4315 1316 4385 Hydruntini
1366 4317 1714 4386 Theophanis
1749 4357 1762 4382 ,
1817 4323 1870 4370 et
1926 4315 2210 4378 Scolarii;
2259 4333 2320 4369 ac
2378 4310 2608 4369 subinde
2655 4315 2851 4367 Latine
2909 4318 3124 4366 tantum
3200 4312 3268 4365 ab
3308 4310 3583 4386 ,Henrico_
3635 4311 3856 4386 Granio,

427 4387 644 4442 ordinis
702 4381 1182 4456 Praedicatorum,
1241 4389 1298 4442 in
1356 4381 1598 4442 editione
1674 4381 1986 4442 Coloniensi
2039 4389 2176 4441 anni
2240 4387 2395 4452 lii—i6,
2455 4402 2780 4456 rursumque
2837 4386 3025 4440 Graece
3083 4390 3134 4436 et
3187 4385 3384 4437 Latine
3445 4385 3500 4436 in
3557 4381 3861 4436 Basileensi

426 4475 577 4514 anno
637 4462 794 4518 1575.

887 4475 951 4512 ac
1006 4459 1227 4513 tandem
1295 4460 1349 4511 in
1439 4460 1837 4514 Parisiensibus
1915 4459 2248 4514 editionibus
2305 4475 2374 4512 ea:
2425 4458 2618 4512 Jacobi
2677 4457 2845 4510 Bibl-ii
2902 4456 3384 4524 interpretatione.
3448 4456 3690 4508 Manutii
3736 4470 3860 4507 ver-

424 4533 636 4587 sionem
669 4575 684 4594 ,
735 4529 870 4600 quia
915 4531 1138 4585 verbum
1186 4547 1212 4584 e
1267 4531 1428 4584 verbo
1474 4530 1770 4598 reddidit,
1833 4548 1860 4584 e
1907 4533 2132 4599 regione
2188 4536 2478 4584 contextus
2559 4531 2734 4584 Graeci
2813 4527 3201 4597 apponendum
3278 4525 3439 4600 dumi,
3488 4529 3681 4595 paucis
3730 4525 3858 4579 hinc

426 4602 562 4657 inde
621 4604 899 4664 mutatis;
956 4610 1069 4656 tum
1120 4603 1314 4656 deinde

1390 4603 1692 4656 Billianam
1750 4605 1942 4656 stricta
1973 4597 2234 4656 oratione
2309 4601 2696 4671 metaphrasim
2782 4600 3036 4668 subjicio,
3117 4604 3338 4671 utpote,
3367 4597 3678 4671 liberiorem
3712 4639 3725 4663 ,
3780 4611 3856 4671 _ac

423 4689 558 4745 qum
586 4688 801 4728 sensum
831 4677 1072 4728 auctoris
1104 4691 1167 4728 ex
1201 4680 1316 4728 toto
1357 4691 1466 4728 non
1526 4676 1742 4744 efferat.
1775 4675 1873 4728 His
1929 4675 2070 4727 idem
2127 4673 2322 4729 Billius
2380 4669 2598 4726 addidit
2655 4689 2804 4725 suam
2865 4673 3058 4741 primae
3079 4671 3285 4745 _partis
3309 4670 3565 4745 octoechi
3616 4669 3855 4745 transla-

428 4741 653 4808 tionem,
678 4763 710 4800 a
743 4761 853 4816 qua
882 4761 1028 4800 nunc
1059 4745 1268 4799 edenda
1308 4741 1577 4810 abstineo,
1610 4747 1738 4799 dum
1770 4751 1914 4800 certo
1962 4746 2280 4815 dignoscere
2324 4751 2521 4814 potero
2551 4746 2778 4814 quinam
2832 4758 3013 4797 versus
3063 4743 3295 4795 Joannis
3351 4743 3674 4796 Damasceni
3723 4741 3853 4806 sint,

425 4820 661 4890 quinam
691 4818 964 4884 Anatolii,
996 4816 1370 4887 Met-mphanis
1401 4824 1452 4872 et
1481 4817 1743 4872 aliorum.

575 5038 888 5096 ῐΩΑΝΝΟΥ
936 5039 1073 5095 ΤΟΥ
1113 5036 1617 5105 ΔᾹΜΑΣΚΗΝΟΥ,
1659 5038 1769 5093 ΕΙΣ
1809 5041 1949 5091 TlIN

1050 5109 1470 5165 ΘΕΟΓΟΝΙΑΝ.

1004 5213 1084 5273 Οὗ
1105 5218 1139 5286 ἡ
1169 5213 1514 5292 ἀκροστιχίς.

418 5321 658 5391 Εὐεπίης
692 5322 973 5397 μελέεσσιν
1008 5321 1242 5400 ἐφύμνια
1273 5325 1442 5377 ταῦτα
1472 5319 1728 5397 λιγαίνει,

2343 5037 2632 5093 JOANNIS
2674 5036 3079 5092 DAMASCENI
3120 5038 3190 5092 IN
3229 5034 3708 5091 THEOGONIAM.

2699 5217 3051 5286 Principium
3078 5231 3353 5270 versuum.

2270 5321 2560 5378 Jucundis
2591 5323 2867 5378 cantibus
2906 5322 3114 5395 hymni
3149 5321 3245 5376 isti
3279 5325 3502 5376 canunt

1679 5441 1726 5496 J.
1769 5441 1983 5496 BILLlI
2021 5440 2605 5497 INTERPRETATIO.

416 5545 491 5600 D.
523 5543 754 5597 Joannis
813 5539 1134 5595 Damasceni
1190 5539 1256 5594 de
1310 5539 1517 5592 Christi
1569 5540 1881 5607 nativitate,
1914 5540 2085 5594 iambi

491 5612 870 5686 pentastichi:
916 5627 1148 5686 quorum
1173 5613 1378 5681 primae
1409 5610 1606 5664 litterae
1644 5613 1704 5665 in
1752 5611 1939 5668 Graeco
1971 5612 2083 5667 haec

499 5684 607 5741 duo
637 5685 891 5755 dysticha
930 5684 1194 5753 efﬁciunt.

427 5775 711 5832 Versibus
742 5774 836 5829 his
866 5773 1100 5830 canitur
1130 5771 1365 5830 soboles
1389 5776 1614 5828 interna
1639 5773 1942 5842 Tonantis,

2269 5539 2558 5603 Christus,
2587 5539 2687 5609 qui
2720 5537 2849 5592 ﬁeri
2881 5554 2999 5592 non
3033 5537 3324 5594 dubitavit
3344 5537 3523 5592 homo
3558 5553 3572 5591 :

2199 5655 2462 5710 Solveret
2490 5660 2556 5709 ut
2585 5655 2786 5710 miseri
2818 5655 3081 5709 moriens
3111 5654 3493 5710 incommoda
3523 5652 3752 5710 mundi.

2196 5773 2297 5830 His
2325 5773 2485 5828 hunc
2517 5773 2675 5828 solve
2705 5772 2900 5842 malis,
2929 5771 3030 5842 qui
3061 5771 3223 5828 canit
3250 5771 3383 5840 ista,
3418 5771 3593 5828 Deus.
