4160 6446
447 454 560 511 821

445 581 698 654 Ὕψιστι,
731 598 903 652 σαρκα
927 573 1259 653 προσλαϐὼν
1290 577 1350 635 ἐκ
1379 577 1684 652 Παρθένου.

444 670 553 727 ’ἰὸν
579 671 814 744 καθάραι
845 675 944 739 τῆς
977 665 1299 742 δρακοντίας
1343 668 1536 743 κάρας,

439 763 640 835 νΔγων
675 761 918 821 ἅπαντας
950 760 1087 836 πρὸς
1122 757 1285 822 σέλας
1322 757 1632 838 ζωηφόρον,

446 851 579 912 Θεὸς
607 849 886 926 πεφυκὼς,
920 847 978 905 ἐκ
1008 848 1200 905 πυλῶν
1232 847 1501 920 ἀνηλίων.

521 943 693 1010 ’Έθνη
722 938 788 993 τὰ
817 939 1048 1014 πρόσθεν
1081 943 1150 1014 τῇ
1184 941 1356 1017 φθορᾷ
1389 934 1717 1015 βεϐυσμένοι,

447 1031 719 1105 Ὀλεθρον
748 1026 916 1102 ἄρδην
951 1026 1250 1102 δυσμενοῦς
1285 1029 1609 1107 πεφευγότα,

444 1120 676 1192 Ὑψοῦτε
704 1123 894 1194 χεῖρας
924 1117 1016 1172 σὺν
1047 1118 1268 1192 κρότοις
1299 1117 1604 1196 ἒφυμνίοις,

448 1210 637 1266 Μόνον
667 1203 910 1269 σέϐοντες
939 1208 1170 1280 Χριστὸν
1205 1208 1282 1272 ὡς
1315 1207 1621 1284 εὐεργέτην,

447 1299 542 1354 Ἐν
574 1302 691 1359 τοῖς
723 1298 842 1351 καθ’
872 1299 1020 1370 ἡμᾶς
1051 1302 1353 1370 συμπαθῶς
1385 1297 1708 1374 ἀφιγμένον.

517 1385 706 1456 Ῥίζης
738 1391 930 1464 φυεῖσα
956 1390 1053 1442 τοῦ
1084 1386 1300 1453 Ἰεσσαὶ,
1337 1386 1571 1460 Παρθένε

432 1479 641 1552 Ὀρους
674 1475 953 1552 παρῆλθες
982 1481 1090 1532 τῶν
1127 1479 1339 1553 βροτῶν
1370 1484 1470 1546 τῆς
1504 1476 1709 1548 οὐσίας,

433 1566 652 1642 ΙΙατρὸς
679 1570 913 1621 τεκοῦσα
939 1567 1034 1621 τὸν
1065 1568 1172 1643 πρὸ
1202 1566 1416 1621 αἰώνων
1444 1566 1636 1641 Λόγον,

430 1656 524 1717 Ὠς
553 1653 860 1727 ηὐδόκησεν
897 1656 1056 1719 αὐτὸς
1088 1656 1547 1735 ἐσφραγισμένην,

436 1744 621 1816 Νηδῦν
657 1744 890 1802 διελθεῖν
922 1747 991 1822 τῇ
1020 1748 1242 1803 κενώσει
1278 1751 1346 1821 τῇ
1382 1747 1525 1822 ξένῃ.

515 1837 610 1892 Ἐκ
635 1837 831 1899 νυκτὸς
863 1835 1038 1913 ἔργων
1074 1835 1466 1911 έσκοτισμένης
1497 1835 1730 1907 πλάνης,

433 1925 693 1999 Ἰλασμὸν
727 1931 890 2000 ἡμῖν,
926 1927 1148 2000 Χριστὲ,
1175 1932 1295 1989 τοῖς
1327 1926 1644 2003 ἐγρηγόρως

437 2017 552 2074 Νῦν
583 2014 932 2072 συντελοῦσιν
966 2015 1138 2090 ὕμνον
1169 2018 1245 2080 ὡς
1275 2013 1553 2092 εὐεργέτῃ,

429 2104 663 2168 ’Έλθοις
692 2105 932 2180 πορίζων
968 2106 1170 2182 εὐχερῆ
1204 2126 1261 2160 τε
1289 2107 1390 2174 τὴν
1419 2100 1636 2182 τρίϐον,

433 2195 570 2251 Καθ’
599 2194 664 2264 ἢν
696 2195 1112 2272 ἀνατρέχοντες,
1141 2195 1393 2272 εὕροιμεν
1424 2193 1609 2257 κλέος.

505 2285 740 2356 Ἀπηνὶς
774 2282 938 2360 ἔχθος
967 2287 1029 2341 τὸ
1060 2287 1198 2360 πρὸς
1231 2285 1414 2356 αὐτὸν,
1447 2283 1723 2355 Δεσπότης

418 2374 616 2447 Τεμὼν
649 2371 888 2447 διαμπὰξ
922 2376 1119 2449 σαρκὸς
1148 2375 1200 2429 ἐν
1231 2374 1520 2449 παρουσίᾳ,

418 2467 543 2522 Ἵνα
571 2471 902 2543 κρατοῦντος
935 2468 1109 2524 ὤλεσε
1141 2470 1516 2546 θυμοφθόρου,

427 2555 653 2630 Κόσμου
685 2559 966 2614 συνάπτων
999 2563 1117 2620 ταῖς
1147 2557 1340 2620 ἀῦλοις
1370 2557 1600 2626 οὐσίαις,

426 2647 610 2708 Τιθείς
643 2655 895 2721 προσηνῆ
926 2647 1019 2702 τὸν
1047 2649 1272 2703 τεκόντα
1296 2650 1397 2716 τήν
1427 2646 1623 2704 κτίσιν.

503 2735 564 2792 Ὁ
597 2734 730 2799 λαὸς
758 2733 917 2806 εἶδεν,
949 2738 978 2792 ὁ
1005 2735 1132 2812 πρῖν
1166 2737 1594 2811 ἠμαυρωμένος,

421 2825 560 2888 Μεθ’
589 2827 798 2900 ἡμέραν
834 2831 948 2902 φῶς
976 2833 1076 2897 τῆς
1112 2826 1223 2882 ἄνω
1255 2827 1623 2905 φρυκτωρίας,

421 2919 598 2986 ’Έθνη
633 2916 751 2988 Θεῴ
785 2913 842 2970 δὲ
871 2915 1078 2990 κλῆρον
1108 2918 1232 2982 Υἱὸς
1260 2919 1578 2992 προσφέρει.

430 3005 634 3077 Νέμων
669 3003 841 3061 ἐκεῖσε
868 3007 968 3075 τὴν
1001 3007 1313 3084 ἀπόρρητον
1347 3007 1534 3083 χάριν,

428 3094 508 3152 Οὐ
541 3099 800 3150 πλεῖστον
831 3095 1120 3168 ἐξήνθησεν
1151 3100 1186 3167 ἡ
1220 3098 1480 3172 ἁμαρτία.

501 3184 687 3240 Ναίων
723 3185 907 3247 Ἰωνᾶς
937 3185 988 3240 ἐν
1025 3186 1228 3262 μύχοις
1262 3186 1603 3256 θαλαττίοις,

429 3269 648 3328 Ἐλθεῖν
680 3272 876 3344 ἐδεῖτο,
910 3276 1000 3331 καὶ
1033 3276 1203 3347 ζάλην
1237 3277 1558 3353 ἂπαρκέσαιο

428 3362 628 3438 Νυγεὶς
661 3362 766 3438 ἐγὼ
798 3362 854 3419 δὲ
885 3369 982 3420 τοῦ
1010 3371 1404 3440 τυρανοοῦντος
1437 3365 1612 3443 βέλει,

430 3449 656 3521 Χριστὲ,
688 3449 986 3526 προσαυδῶ
1015 3453 1106 3507 τὸν
1140 3458 1318 3508 κακῶν
1351 3454 1660 3528 ἀναιρέτην,

431 3543 637 3594 Θᾶττον
674 3540 865 3614 μολεῖν
898 3563 974 3613 σε,
1009 3545 1106 3611 τῆς
1136 3544 1276 3616 ἐμῆς
1307 3543 1594 3619 ῥᾳθυμίας.

506 3629 606 3690 Ἵις
634 3630 703 3698 ἦν
735 3629 789 3685 ἐν
823 3631 972 3707 ἀρχῇ
1005 3633 1143 3706 πρὸς
1172 3635 1327 3690 Θεὸν.
1363 3635 1496 3696 Θεὸς
1529 3632 1726 3708 Λόγος,

437 3717 571 3771 Νυνὶ
601 3719 849 3792 κρατύνει
883 3723 958 3794 μὴ
993 3723 1279 3778 σθένουσαν
1313 3725 1412 3791 τήν
1445 3722 1640 3793 πάλαι,

438 3802 591 3862 Ἰδὼν
619 3806 848 3884 φυλάξαι
878 3811 979 3879 τὴν
1013 3811 1132 3874 καθ’
1157 3813 1305 3883 ἡμᾶς
1335 3809 1515 3866 οὐσίαν

431 3894 628 3956 Καθείς
657 3895 867 3965 ἑαυτὸν,
901 3895 1152 3974 δευτέραν
1175 3899 1485 3965 κοινωνίαν,

431 3984 602 4047 Αὖθις
630 3986 948 4064 προφαίνων
983 3991 1090 4042 τῶν
1123 3992 1310 4051 παθῶν
1345 3986 1655 4062 ἐλευθέραν.

510 4074 681 4128 Ἶκται
715 4071 784 4128 δι’
814 4077 964 4147 ἡμᾶς
994 4070 1210 4151 Ἀϐρὰμ
1235 4075 1287 4146 ἐξ
1321 4075 1546 4153 ὀσφύος,

429 4167 660 4238 Λυγρῶς
688 4164 947 4227 πεσόντας
981 4164 1033 4220 ἐν
1062 4167 1214 4242 ζόφῳ
1249 4171 1359 4221 τῶν
1390 4164 1768 4240 πταισμάτων,

428 4251 594 4316 Υἱοὺς
621 4251 827 4330 ἐγεῖραι
851 4259 957 4308 τῶν
991 4255 1138 4309 κάτω
1168 4256 1518 4325 νενευκότων,

429 4343 492 4395 Ὀ
523 4348 639 4420 φῶς
668 4349 962 4411 κατοικῶν,
995 4345 1084 4398 καὶ
1116 4345 1320 4422 φάτνην
1351 4347 1480 4420 παρ’
1509 4345 1677 4419 ἀξίαν,

431 4435 545 4489 Νῦν
580 4430 898 4503 εὐδοκήσας,
931 4432 1008 4495 εἰς
1044 4434 1258 4506 βροτῶν
1292 4434 1585 4508 σωτηρίαν.

506 4526 594 4594 Τῷ
624 4524 996 4586 παντάνακτος
1023 4519 1373 4602 ἐξεφαύλισαν
1405 4523 1582 4596 πόθῳ,

430 4609 696 4679 νΑπλητα
727 4614 1094 4686 θυμαίνοντος
1122 4615 1565 4691 ήγκιστρωμένοι

429 4699 650 4769 Παῖδες,
678 4703 943 4778 τυράννου
974 4700 1193 4759 δύσθεον
1226 4702 1635 4780 γλωσσαλγίαν,

1992 453 2323 512 ΟΛΒΜΙΝΑ
2335 495 2350 509 .

2146 581 2198 647 Α
2229 578 2592 650 Celsissime,
2623 597 2799 638 carne
2826 586 3136 654 assumpta
3157 580 3230 638 de
3261 580 3522 653 Virgine,

2227 669 2397 724 Virus
2425 677 2737 742 purgatum
2763 672 3062 728 draconici
3093 671 3325 743 capitis,

2225 759 2457 815 Ducens
2487 778 2697 817 omnes
2733 763 2807 818 ad
2840 763 3031 819 lucem
3065 763 3377 825 viviﬁcam,

2223 848 2378 903 Deus
2410 850 2688 917 existens,
2715 869 2785 906 ex
2811 853 2997 923 portis
3028 850 3380 906 tenebrosis.

2295 940 2336 992 Ο
2367 943 2594 1008 gentes,
2631 957 2763 1010 quae
2796 941 2936 996 olim
2972 941 3353 1012 corruptione
3377 938 3624 1004 obrutae,

2220 1028 2558 1084 Perniciem
2596 1031 2774 1084 simul
2806 1031 3033 1085 inimici
3066 1031 3319 1103 fugistis,

2217 1118 2482 1172 Exaltate
2511 1135 2723 1174 manus
2747 1137 2882 1174 cum
2905 1121 3213 1191 plausibus
3247 1117 3561 1190 hymnicis,

2217 1206 2420 1262 Solum
2456 1209 2720 1264 colentes
2752 1210 3051 1264 Christum
3084 1215 3149 1263 ut
3179 1208 3642 1274 benefactorem,

2215 1297 2424 1351 Nostro
2459 1303 2725 1369 tempore
2759 1297 3227 1353 misericorditer
3255 1298 3606 1368 profectum.

2288 1388 2366 1440 Ex
2401 1388 2599 1443 radice
2632 1395 2771 1444 nata
2799 1390 2980 1443 Iessea
3015 1389 3208 1460 Virgo,

2214 1476 2522 1532 Terminos
2557 1478 2893 1543 prmteriisti
2926 1477 3271 1532 mortalium
3301 1473 3668 1542 substantias,

2215 1566 2406 1621 Patris
2438 1567 2612 1622 enixa
2644 1573 2781 1623 ante
2811 1568 3032 1623 saacula
3063 1567 3340 1628 Verbum,

2212 1657 2726 1720 Quemadmodum
2759 1658 3122 1730 complacuit
3165 1656 3300 1727 ipsi,
3335 1654 3660 1726 sigillatum

2213 1746 2491 1800 Ventrem
2523 1764 2872 1817 percurrere
2905 1746 3197 1801 vacuitate
3229 1742 3511 1798 mirabili.

2283 1836 2362 1888 Ex
2396 1837 2586 1890 noctis
2617 1835 2901 1906 operibus
2933 1834 3338 1889 obtenebratis
3361 1847 3582 1898 errore,

2210 1925 2677 1994 Pr0pitationem
2713 1925 2906 1989 nobis,
2941 1925 3192 1990 Christe,
3227 1922 3536 1993 vigilanter

2207 2016 2371 2068 Nunc
2405 2015 2848 2085 complentibus
2877 2016 3190 2084 hymnum,
3223 2018 3289 2066 ut
3318 2010 3762 2066 benefactorem

2207 2104 2422 2158 Venias
2453 2105 2764 2175 porrigens
2795 2104 3152 2173 facilemque
3184 2101 3417 2168 callem,

2205 2193 2786 2264 Quopercurrentes,
2817 2193 3191 2246 inveniamus
3221 2189 3490 2261 gloriam.

2277 2282 2514 2336 Crudeli
2549 2281 2863 2336 inimicitia
2895 2297 3032 2353 erga
3063 2297 3124 2334 se
3162 2279 3470 2344 Dominus,

2204 2374 2400 2428 Incisa
2433 2374 2671 2444 penitus
2705 2390 2881 2429 carne
2914 2373 2976 2426 in
3000 2371 3341 2443 praesentia,

2206 2465 2335 2518 Vim
2361 2464 2724 2517 dominantis
2757 2462 3050 2518 destruxit
3079 2459 3455 2525 ferocissimi,

2203 2551 2487 2607 Mundum
2515 2558 2878 2607 connectens
2910 2550 3323 2622 spiritualibus
3355 2547 3727 2612 substantiis,

2203 2644 2440 2698 Ponens
2466 2648 2845 2696 mansuetum
2877 2641 3209 2713 genitorem
3240 2644 3546 2693 creaturae.

2274 2732 2533 2802 Populus
2563 2730 2727 2795 vidit,
2762 2731 2866 2801 qui
2890 2735 3027 2786 ante
3060 2729 3430 2794 obscuratus,

2201 2825 2342 2878 Post
2371 2821 2528 2875 diem
2561 2820 2765 2876 lumen
2800 2836 3072 2891 supernas
3101 2818 3282 2872 facis:

2204 2913 2417 2968 Gentes
2449 2915 2646 2965 autem
2681 2911 2797 2964 Deo
2831 2908 3240 2963 haereditatem
3279 2903 3461 2960 Filius
3494 2904 3684 2970 affert,

2201 3002 2478 3058 Prmbens
2501 3001 2626 3056 illic
2659 2999 3024 3055 ineffabilem
3057 2998 3328 3071 gratiam,

2203 3090 2309 3144 Ubi
2345 3090 2671 3161 plurimum
2705 3090 3046 3144 efﬂoruerat
3075 3092 3404 3159 peccatum.

2273 3179 2555 3234 Ilabitans
2587 3181 2764 3234 Jonas
2797 3179 2860 3233 in
2892 3177 3204 3249 profundis
3234 3174 3505 3241 marinis,

2202 3279 2415 3333 Venire
2442 3278 2818 3350 precabatur,
2851 3284 2909 3332 et
2940 3275 3266 3348 procellam
3297 3275 3604 3330 destruere
3630 3289 3643 3326 :

2119 3338 2164 3403 ο
2204 3338 2559 3423 Vulneratus
2591 3384 2695 3440 ego
2729 3338 3386 3438 autemtyrannizantis
3405 3359 3630 3434 j‘aculo,

2201 3459 2452 3524 Christe,
2487 3463 2542 3512 te
2573 3457 2792 3513 advoco
2826 3457 3121 3512 malorum
3152 3455 3666 3525 interemptorem,

2201 3549 2390 3603 Citius
2411 3553 2473 3602 ut
2504 3549 2704 3602 venias
2727 3546 2801 3602 ob
2829 3563 3024 3601 meam
3056 3544 3389 3617 segnitiem.

3776 449 3887 506 822

2273 3638 2381 3703 Qui
2414 3642 2542 3692 erat
2566 3637 2627 3691 in
2659 3636 2952 3707 principio
2976 3635 3134 3706 apud
3167 3636 3374 3699 Deum,
3397 3634 3552 3687 Deus
3577 3631 3855 3699 Verbum,

2202 3730 2366 3782 Nunc
2397 3726 2743 3782 corroborat
2773 3727 3163 3796 impotentem
3197 3724 3363 3790 olim,

2199 3815 2586 3885 Conspicatus
2614 3815 2834 3870 servire
2865 3819 3129 3870 nostram
3163 3811 3581 3878 substantiam,

2199 3903 2468 3958 Demisso
2495 3919 2668 3970 ,sese,
2698 3903 3020 3958 secundam
3051 3901 3537 3958 communionem

2201 3995 2425 4048 Rursus
2458 3998 2924 4063 prmmonstrans
2955 3990 3267 4047 atfectibus
3297 3990 3567 4043 liberam.

2271 4082 2444 4136 Venit
2468 4087 2711 4152 propter
2741 4098 2849 4136 nos
2880 4097 2952 4135 ex
2984 4081 3185 4135 lumbo
3217 4079 3487 4146 Abrahaa,

2199 4171 2539 4226 Perniciose
2573 4171 2884 4242 prolapsos
2915 4170 2976 4225 in
3007 4169 3366 4224 obscuritate
3397 4169 3774 4238 peccatorum

2201 4263 2380 4318 Filios
2413 4263 2784 4330 suscitatum,
2817 4262 3066 4316 inferius
3098 4259 3488 4332 vergentium,

2203 4354 2324 4408 Lux
2363 4352 2727 4416 inhabitans,
2756 4357 2814 4407 et
2838 4368 3105 4422 praesepe
3136 4349 3472 4404 immeritus

2203 4445 2366 4497 Nunc
2395 4448 2602 4514 sponte
2637 4442 2900 4496 tolerans
2932 4441 3004 4496 ad
3039 4439 3377 4495 mortalium
3407 4436 3683 4492 salutem.

2273 4532 2550 4586 Omnium
2581 4533 2735 4604 regis
2769 4537 3124 4602 spreverunt
3152 4527 3448 4584 desiderio

2203 4622 2441 4676 Infinite
2472 4621 2774 4676 nascentis
2805 4620 3051 4687 hamati,

2119 4706 2175 4773 1)
2207 4711 2379 4765 Pueri
2409 4711 2644 4782 tyranni
2677 4710 2942 4764 odiosam
2975 4710 3091 4763 Deo
3114 4707 3569 4778 blasphemiam,

1684 4877 1731 4931 J.
1776 4876 1983 4931 BILLII
2019 4878 2090 4932 IN
2097 4878 2602 4934 TERPRETATIO.

506 5032 742 5092 Gentes,
774 5028 1018 5085 tenebat
1041 5045 1187 5101 quas
1216 5028 1382 5101 prius
1413 5045 1576 5085 mors
1605 5029 1870 5099 obrutas,

428 5106 660 5174 Ereptze
691 5103 764 5158 ab
795 5102 933 5157 imis
961 5103 1185 5156 Tartari
1207 5101 1562 5169 recessibus,

430 5173 640 5232 Levate
673 5175 909 5230 dextras
942 5174 1235 5246 hymnicis
1267 5189 1400 5228 cum
1435 5173 1762 5244 plausibus,

426 5248 730 5303 Christum
763 5245 1028 5301 colentes
1062 5245 1256 5300 omnis
1280 5251 1580 5300 auctorem
1615 5247 1777 5312 boni,

427 5320 538 5386 Qui
569 5320 730 5374 venit
760 5319 833 5373 ad
866 5335 973 5372 nos
1004 5318 1286 5372 indolens
1317 5319 1540 5371 nostris
1566 5319 1740 5373 malis

503 5394 547 5448 Ο
577 5392 762 5471 virgo,
793 5391 963 5471 radix
991 5390 1086 5444 cui
1106 5391 1240 5471 pius
1269 5389 1430 5471 Jesse
1453 5389 1582 5471 fuit,

427 5462 919 5519 Excedis'omnes
951 5462 1238 5516 terminos
1272 5462 1635 5528 mortalium,

427 5539 564 5592 Aﬂvo
597 5535 855 5606 priorem
889 5533 1029 5588 dum
1052 5533 1243 5588 Patris
1277 5529 1453 5606 Λόγον
1481 5535 1642 5604 paris
1675 5550 1687 5588 :

427 5605 707 5664 Transire
739 5613 804 5661 ut
833 5607 980 5677 ipse,
1016 5621 1076 5660 se
1110 5622 1258 5660 novo
1291 5605 1528 5659 valvans
1559 5607 1757 5667 modo,

428 5680 711 5736 Clausum
743 5676 1105 5750 per’uterum
1137 5676 1339 5740 voluit,
1366 5684 1676 5750 expertem
1707 5677 1836 5731 viri.

437 5779 444 5783 -
503 5754 584 5807 Ex
616 5748 808 5806 noctis
840 5752 987 5804 actis
1018 5749 1260 5803 obrutos
1293 5748 1545 5807 caligine

424 5825 682 5890 Erroris,
715 5840 782 5879 ac
809 5835 988 5890 nunc,
1021 5820 1094 5876 ab
1123 5819 1312 5876 oculis
1343 5819 1513 5891 pulso
1543 5820 1750 5893 procul

2198 5033 2438 5099 Somno,
2471 5035 2775 5097 canentes,
2812 5046 3043 5085 summe
3076 5032 3216 5088 Rex.
3250 5027 3458 5083 laudes
3489 5033 3621 5082 tuas

2193 5104 2441 5158 Exsolve
2473 5104 2682 5175 culpis.
2719 5121 2786 5157 ac
2815 5104 2969 5158 viam
3001 5102 3242 5175 planam
3274 5106 3455 5175 strue,

2196 5177 2307 5230 Per
2337 5193 2515 5246 quam
2546 5171 2835 5246 queamus
2867 5171 3150 5245 cons—equi
3185 5189 3388 5226 verum
3422 5171 3624 5226 decus.

2265 5249 2487 5302 Infesta
2517 5246 2786 5302 Christus
2814 5246 2952 5301 odia
2983 5261 3228 5316 prorsus
3258 5249 3599 5314 amputans,

2195 5320 2343 5373 Dum
2374 5319 2533 5374 mole
2565 5325 2755 5374 tectus
2786 5319 2946 5372 venit
2975 5319 3048 5372 ad
3082 5334 3189 5370 nos
3221 5332 3455 5382 carnea,

2194 5391 2415 5445 Saevam
2450 5391 2686 5461 tyranni
2720 5390 2975 5461 perdidit
3006 5389 3356 5460 potentiam,

2194 5459 2596 5533 Mundumque
2622 5459 2824 5533 juiixit
2848 5459 3093 5533 angelis.
3121 5461 3327 5533 lenem
3361 5459 3635 5533 etUDeum

2193 5531 2639 5604 Placidumipie
2658 5551 2900 5604 prorsus
2929 5531 3191 5587 reddidit
3220 5531 3594 5604 mortalibus.

2263 5603 2546 5660 Immersa
2576 5603 2773 5660 densa?
2806 5606 2974 5676 plebs
3005 5605 3169 5676 prius
3199 5603 3459 5674 caligini,

2191 5678 2329 5731 lei
2363 5695 2674 5732 coruscum
2707 5675 3000 5748 conspicit
3042 5675 3223 5744 jubar
3251 5683 3498 5746 stupens

2191 5752 2525 5820 Gentesque
2557 5757 2778 5804 sortem
2813 5749 2957 5803 Filio
2980 5749 3163 5802 donat
3193 5749 3404 5802 Pater:

2189 5821 2438 5893 Illicque
2467 5822 2665 5877 fundit
2692 5822 2941 5894 gratiam
2973 5836 3151 5891 quam
3175 5820 3520 5889 maximam,
