4160 6434
342 487 461 543 829
1894 490 1980 548 cs
1990 476 2248 551 sum.
3674 488 3784 551 330

340 610 529 689 Λόγος
560 609 618 667 τί
653 631 760 683 μου
794 613 921 680 ζῶν,
952 608 1041 665 καὶ
1078 611 1271 688 βροτὸς
1300 610 1634 685 προμηθείᾳ,

2060 618 2099 686 Α
2128 617 2505 691 Verbumque
2539 628 2736 675 meum
2769 620 2989 688 vivens,
3019 624 3071 675 et
3104 620 3282 675 homo
3313 620 3703 693 providentia.

424 704 519 757 Ἐκ
546 699 778 756 ποντίου
811 698 1038 763 λέοντος
1073 701 1100 755 ὁ
1126 701 1443 778 τριέσπερος
1474 702 1643 773 ξένος,

2198 710 2279 763 Ex
2312 711 2543 765 marino
2576 710 2764 766 leonis
2798 712 3085 782 trivesper
3115 712 3331 783 hospes

343 793 661 868 Προφήτης
694 788 942 865 ἐγκάτοις
968 787 1356 868 φλοιδόμενος,

2123 799 2443 870 Propheta,
2477 800 2800 855 visceribus
2828 802 3247 870 decorticatus,

347 880 525 947 Αὖθις
558 878 810 955 προῆλθε
838 886 939 949 τῆς
970 880 1403 956 παλιγγενεσίας,

2123 890 2350 944 Rursus
2378 889 2570 957 exivit,
2604 893 3071 963 regenerationis

346 971 646 1045 Σωτηρίαν
680 966 975 1043 δράκοντος
1012 967 1071 1024 ἐκ
1104 969 1492 1045 βροτοκτόνου,

2122 977 2385 1033 Salutem
2420 979 2677 1034 dracone
2710 998 2779 1035 ex
2810 982 3183 1037 mortalicida

345 1066 490 1117 Πᾶσι
525 1058 859 1138 προφαίνων,
890 1062 1001 1113 τῶν
1035 1058 1246 1137 χρόνων
1278 1058 1360 1114 ἐπ’
1383 1058 1650 1134 ἐσχάτων.

2121 1068 2407 1123 Omnibus
2441 1080 2904 1140 przumonstrans
2931 1071 3293 1142 temporibus
3324 1072 3384 1126 in
3415 1070 3662 1126 ultimis.

426 1153 755 1224 ’Δνειμὲνων
787 1150 989 1206 πόλοιο
1021 1155 1295 1228 παμφαῶν
1329 1155 1579 1228 πτυχῶν,

2190 1159 2427 1228 Apertis
2460 1160 2579 1230 poli
2613 1160 3057 1230 perillustribus
3082 1161 3305 1232 januis,

344 1242 581 1313 Μῦστης
610 1242 708 1315 ὁρᾷ
737 1240 873 1315 πρὸς
909 1241 1115 1316 Πατρὸς
1167 1239 1563 1313 ἐξικνουμενον,

2118 1246 2457 1318 Discipulus
2488 1248 2699 1304 videta
2730 1251 2901 1303 Patre
2932 1250 3286 1315 venientem,

340 1332 526 1388 Μὲνον
556 1351 614 1385 τε
641 1333 863 1402 Πνεῦμα
893 1333 970 1400 τῷ
1000 1332 1364 1406 παναχράντῳ
1396 1329 1579 1405 Λόγῳ,

2118 1338 2573 1408 Manentemque
2609 1339 2892 1409 Spiritum
2924 1338 2982 1392 in
3010 1357 3264 1411 perpuro
3300 1340 3508 1407 Verbo,

327 1418 610 1475 Ἐπελθὸν
640 1419 718 1481 ὡς
750 1418 971 1474 πέλειαν
1007 1419 1264 1495 ἀφράστῳ
1293 1420 1505 1493 τρόπῳ,

2119 1426 2467 1481 Venientem
2499 1434 2563 1481 ut
2592 1428 2927 1482 columbam
2965 1428 3251 1482 ineﬂabili
3287 1428 3483 1495 modo,

329 1510 553 1581 Δήμοις
585 1527 645 1562 τε
676 1508 856 1585 φαίνει
886 1504 1241 1584 προσδραμὸν
1274 1512 1351 1579 τῷ
1383 1508 1647 1583 Δεσπότῃ.

2114 1516 2479 1587 Papulisque
2512 1518 2773 1572 ostendit
2803 1524 3212 1572 accurrentem
3247 1518 3517 1573 Domino.

324 1599 567 1678 ⁶Εφλεξε
590 1599 796 1675 ῥείθρῳ
824 1603 934 1654 τῶν
967 1596 1276 1675 δρακόντων
1304 1600 1401 1661 τὰς
1433 1600 1628 1676 κάρας,

2187 1605 2433 1660 Adussit
2463 1606 2687 1662 ﬂuento
2721 1607 3047 1662 draconum
3080 1608 3293 1679 capita,

333 1690 409 1746 Ὀ
438 1696 537 1758 τῆς
569 1690 807 1761 καμίνου
838 1689 940 1757 τὴν
977 1688 1271 1765 μετάρσιον
1303 1688 1486 1767 φλόγα

2114 1696 2169 1748 Is
2202 1695 2303 1765 qui
2331 1694 2590 1750 fornacis
2620 1697 2939 1751 sublimem
2971 1696 3275 1752 ﬂammam

337 1778 525 1841 Νὲους
559 1778 821 1853 φέρουσαν
856 1773 1094 1841 εὐσεϐεῖς
1124 1778 1467 1848 κατευνάσας,

1457 1822 1467 1848 ,
2113 1785 2363 1838 Iuvenes
2393 1785 2683 1839 ferentem
2706 1787 2836 1856 pios
2869 1788 3100 1859 SOpivit.

336 1872 454 1940 Τῆν
486 1866 841 1932 δυσκάθεκτον
876 1866 1054 1943 ἀχλὺν
1086 1867 1136 1938 ἐξ
1170 1868 1461 1941 ἁμαρτίας,

2114 1872 2396 1927 Difficiles
2427 1875 2862 1943 comprehensu
2894 1874 3171 1929 tenebras
3201 1890 3271 1928 ex
3297 1877 3538 1943 peccato

334 1958 524 2028 Ὅλην
555 1956 743 2013 πλύνει
778 1955 836 2012 δὲ
864 1960 931 2031 τῇ
966 1955 1146 2031 δρόσῳ
1174 1962 1271 2011 τοῦ
1305 1956 1638 2028 Πνεῦματος.

1437 1978 1638 2067 Lua-cog.
2032 2001 2078 2067 Β
2113 1961 2309 2028 Totas,
2343 1962 2612 2032 lavatque
2644 1980 2775 2017 rose
2810 1962 3080 2034 Spiritus.

417 2048 488 2101 Σὲ
521 2050 911 2124 ζωγραφοῦσαν
940 2048 1039 2113 τήν
1070 2047 1354 2122 Ἀσσύριον
1389 2044 1595 2124 φλόγα,
2032 2044 2060 2067 ⁸

2032 2044 2078 2067 ⁸³
2180 2052 2257 2106 Te
2290 2051 2645 2122 ﬁgurantem
2676 2053 2977 2122 Assyriam
3010 2051 3310 2107 ﬂammam

328 2138 651 2193 Ἐκστῶσαν
675 2132 838 2203 ’ίστης
868 2134 941 2196 εἷς
969 2132 1161 2209 δρόσον
1194 2130 1567 2209 μετηγμένην,

2110 2140 2613 2211 Stupefacientem
2646 2141 2805 2195 sistis
2834 2141 2895 2195 in
2928 2158 3122 2195 rorem
3154 2141 3492 2207 deductam,

325 2223 520 2299 ’Υδωρ
551 2225 670 2279 ὅθεν
702 2227 793 2278 νῦν
826 2224 1130 2297 ἁμφιὲσσαο
1163 2222 1391 2301 φλέγον,

2109 2233 2340 2299 Aquam
2362 2230 2521 2284 unde
2554 2246 2713 2285 nunc
2747 2230 2991 2285 indutus
3024 2247 3085 2284 es
3116 2236 3411 2295 urentem,

332 2315 538 2369 Σίντον
566 2312 845 2381 κάκιστον,
877 2313 1094 2385 Χριστὶ,
1128 2313 1265 2386 πρὸς
1294 2313 1676 2386 κεκευθμὲνον,

2109 2317 2422 2371 Diabolum
2450 2335 2799 2389 pessxmum,
2834 2320 3081 2381 Christe,
3118 2318 3555 2387 absconditum,

331 2404 485 2480 Πρὸς
516 2403 618 2471 τήν
649 2399 871 2466 ὄλισθον
905 2402 1305 2475 ἐκκαλούμενον
1337 2398 1547 2478 τρίϐον.

1454 2398 1547 2458 ςον.
2107 2406 2197 2461 Ad
2228 2406 2519 2461 lubricam
2548 2415 2891 2463 evocantem
2924 2410 3097 2463 viam.

408 2489 843 2568 Ἀπόῤῥαγέντος
874 2495 971 2546 τοῦ
1002 2489 1279 2569 Ἰορδάνου
1310 2490 1504 2564 πάλαι,

1263 2515 1279 2545 ›
1310 2490 1504 2564 πάλαι,
2179 2497 2430 2550 ΕΠΓᾶϐῐΟ
2462 2497 2714 2551 Iordane
2741 2498 2906 2565 olim,

332 2584 553 2656 Ἰσθμῷ
583 2586 810 2656 περᾶται
844 2579 979 2643 λαὸς
1014 2580 1385 2657 Ἰσραηλίτης,

2105 2585 2401 2639 Isthmum
2435 2588 2650 2641 transit
2675 2588 2931 2658 populus
2961 2588 3251 2655 Israelita,

334 2674 414 2729 Σὶ
441 2672 535 2726 τὸν
568 2672 856 2747 κράτιστον
880 2669 1227 2747 ἐμφοροῦνται
1250 2673 1349 2740 τὴν
1377 2670 1575 2740 κτίσιν,

2105 2675 2181 2728 Te
2212 2673 2606 2730 fortissimum
2638 2677 2993 2731 inferentem
3027 2684 3384 2745 creaturam,

333 2758 713 2839 Ἠπειγμὲνως
745 2764 836 2814 νῦν
870 2760 921 2815 ὲν
958 2759 1111 2836 ῥοαῖς
1148 2758 1479 2838 διαγράφων,

2105 2762 2479 2818 Festinanter
2510 2780 2671 2819 nunc
2702 2764 2764 2819 in
2796 2765 3053 2820 ﬂuxibus
3085 2766 3455 2833 describens,

329 2854 484 2926 Πρὸς
509 2853 610 2919 τήν
645 2849 960 2926 ἅῤῥευστον,
982 2850 1072 2904 καὶ
1096 2850 1357 2923 ἀμείνονα
1383 2844 1595 2924 τρίϐον.

2103 2852 2194 2907 Ad
2220 2852 2383 2907 ﬂuxu
2416 2860 2719 2925 expertem
2752 2860 2810 2909 et
2840 2856 3150 2911 meliorem
3181 2857 3354 2911 viam.

405 2939 589 3013 Ἵδμεν
622 2940 687 2995 τὸ
716 2943 934 3013 πρῶτον
954 2940 1054 3007 τὴν
1082 2938 1434 3011 πανώλεθρον
1468 2937 1681 3011 κλύσιν,

2176 2942 2409 2997 Scimus
2440 2944 2699 3013 primum
2732 2946 3133 3015 perniciosum
3167 2945 3457 2999 diluvium

328 3030 586 3105 Οίκτεῶς
619 3050 677 3084 σε
705 3028 922 3083 πάντων
954 3030 1090 3104 πρὸς
1121 3029 1321 3107 φθορὰν
1356 3027 1723 3104 παρεισάγειν,

2104 3031 2313 3085 Misere
2345 3038 2400 3084 te
2432 3033 2701 3086 omnium
2733 3034 2805 3087 ad
2846 3035 3313 3088 destructionem
3347 3033 3651 3099 inducere,

326 3123 399 3176 Ὠ
425 3120 786 3195 τρισμὲγιστα
815 3118 1178 3194 χρηματίζων
1209 3118 1299 3173 καὶ
1333 3119 1471 3189 ξένα,

2103 3121 2147 3174 Ο
2178 3137 2358 3190 quam
2390 3122 2651 3176 maxima
2681 3123 2905 3177 faciens
2930 3130 2987 3176 et
3015 3122 3428 3177 admirabilia!

324 3214 439 3266 Νῦν
474 3206 531 3265 δὲ
560 3207 858 3278 κλύσαντα,
896 3208 1106 3283 κριστὲ,
1130 3209 1228 3276 τήν
1264 3207 1555 3284 ἁμαρτίαν,

2103 3212 2268 3264 Nunc
2299 3214 2497 3264 autem
2529 3211 2903 3279 obruentem,
2938 3213 3192 3277 Christe,
3225 3217 3532 3283 peccatum

324 3301 410 3355 Δι’
441 3299 732 3363 εὐπάθειαν
763 3298 853 3353 καὶ
891 3298 1099 3373 βροτῶν
1135 3298 1428 3372 σωτηρίαν,
1654 3364 1660 3369 _

2105 3296 2188 3353 Ob
2212 3298 2686 3354 misericordiam
2717 3306 2775 3354 et
2804 3301 3149 3355 mortalium
3182 3302 3458 3355 salutem.

402 3387 699 3464 Ἐλευθὲρα
733 3387 827 3462 μὲν
860 3390 894 3457 ἡ
929 3387 1100 3449 κτίσις
1131 3388 1473 3464 γνωρίζεται.
2021 3377 2045 3443 ί

2021 3377 2063 3443 C
2176 3388 2385 3442 Libera
2414 3390 2657 3459 quidem
2688 3395 2961 3445 creatura
2992 3390 3388 3461 cognoscitur,

320 3478 450 3535 Υἱοὶ
483 3476 541 3533 δὲ
570 3477 751 3556 φωτὸς
784 3478 837 3531 οἱ
868 3475 993 3551 πρὶν
1024 3476 1421 3550 ἐσκοτισμὲνοι·

2100 3475 2352 3546 Filiique
2384 3477 2534 3532 lucis
2567 3485 2705 3532 ante
2738 3479 3132 3546 obtenebrati,

324 3569 513 3630 Μόνος
549 3567 787 3636 στενάζει
820 3569 917 3619 τοῦ
950 3566 1180 3628 σκότους
1202 3566 1230 3620 ό
1254 3568 1589 3642 προστάτης.

2100 3564 2273 3619 Solus
2304 3567 2488 3635 gemit
2518 3567 2903 3622 tenebrarum
2940 3569 3278 3639 prasfectus.

326 3662 453 3713 Νῦν
484 3653 780 3731 εὐλογείτω
811 3654 1081 3718 συντόνως
1110 3655 1204 3711 τὸν
1246 3654 1442 3723 αἴτιον,

2100 3654 2267 3709 Nunc
2298 3654 2618 3710 benedicat
2649 3656 2823 3709 enixe
2858 3663 3185 3723 auctorem,

331 3748 400 3804 ’Π
429 3747 558 3822 πρὶν
586 3744 812 3802 τάλαινα
840 3750 949 3800 τῶν
984 3745 1151 3810 ἐθνῶν
1181 3743 1519 3822 παγκληρία.

2100 3742 2241 3806 Quae
2272 3744 2441 3813 prius
2475 3745 2695 3799 misera
2720 3744 2831 3799 fuit
2851 3746 3117 3817 gentium
3141 3747 3338 3802 omnis
3362 3744 3686 3819 generatio.

1580 3926 1633 3980 J.
1678 3922 1886 3979 BILLII
1927 3920 2513 3979 INTERPRETATIO.

322 4055 532 4122 Venis,
564 4053 825 4126 repellas
850 4052 1044 4108 noctis
1074 4058 1143 4108 ut
1166 4053 1485 4119 caliginem
2098 4047 2352 4126 )ferbum
2389 4048 2712 4126 intuentes,
2746 4048 2905 4126 quod
2925 4048 3179 4126 quidem
3208 4055 3428 4105 sanctas
3452 4050 3549 4104 siti

318 4131 584 4205 Tetram,
606 4122 951 4205 _ineumque
984 4126 1198 4205 deleas
1218 4142 1462 4205 prorsus
1492 4139 1718 4197 genus;
2098 4122 2386 4205 iiaus‘tum
2424 4122 2685 4205 levandae
2718 4123 2989 4205 porrigit.
3020 4122 3292 4205 morbum
3326 4138 3582 4205 gravem,

320 4192 743 4270 Tuiquedono
772 4192 1007 4270 mistici
1043 4192 1418 4268 baptismatis
1496 4192 1521 4197 ‘7
2098 4192 2380 4270 Mundum
2412 4194 2739 4264 occupabat
2770 4196 2869 4263 qui
2892 4192 3090 4270 prius,
3125 4195 3296 4270 longe
3328 4192 3559 4267 fugans.

314 4264 495 4328 Pialn
523 4288 592 4326 ex
624 4264 865 4324 ﬂuentis
900 4269 1060 4324 filius
1089 4264 1441 4324 Jordanicis.
2170 4264 2579 4319 Desideratum
2610 4282 2747 4320 voce
2780 4283 2917 4320 cum
2948 4264 3280 4321 clarissima

396 4345 572 4397 Hunc
599 4342 979 4412 conspicatus
1009 4341 1299 4411 inclytum
1333 4356 1526 4411 prisco
1557 4338 1735 4411 Λόγον
2099 4338 2275 4412 Pater
2306 4337 2607 4399 indicavit.
2643 4344 2848 4412 ventre,
2878 4355 3055 4412 quem
3079 4342 3430 4412 ructaverat.

310 4415 472 4471 Altis
510 4413 585 4468 ad
614 4408 823 4469 omn—es
854 4412 1097 4467 vocibus
1128 4408 1384 4467 clamat:
1419 4412 1586 4466 Prior
1653 4408 1662 4411 “
2100 4408 2226 4481 Hic,
2259 4409 2479 4480 inquit.
2505 4416 2596 4465 est
2621 4426 2729 4481 par
2752 4411 2852 4480 qui
2887 4408 3032 4464 mihi
3062 4410 3417 4478 substantia,

314 4487 430 4543 Hic
460 4502 557 4541 me
580 4492 709 4541 est:
743 4484 819 4540 ad
850 4484 1009 4539 idem
1040 4501 1218 4539 carne
1257 4500 1350 4539 me
1383 4483 1702 4549 recentior,
2100 4479 2481 4536 Illuminator
2511 4479 2736 4537 exstitit
2760 4479 3125 4547 mortalium,

316 4557 583 4627 Parique
614 4556 808 4612 forma
833 4556 1023 4622 fulsit,
1053 4562 1119 4611 ut
1149 4562 1422 4610 nostrum
1452 4554 1647 4611 scelus
2103 4552 2476 4627 Verbumque
2508 4555 2715 4627 vivens
2730 4559 2827 4627 est
2858 4571 3080 4612 meum.
3104 4554 3325 4627 dehinc
3357 4553 3556 4608 homo.

317 4625 565 4696 Quidvis
596 4634 839 4699 potente
868 4627 1066 4682 deleat
1092 4628 1377 4699 potentia.
2027 4692 2059 4699 _
2116 4696 2139 4699 ᾼ
2171 4625 2292 4678 Ceti
2318 4626 2533 4699 fuisset
2562 4626 2837 4681 noctibus
2869 4628 3001 4696 pius
3044 4626 3250 4680 tribus.

398 4692 691 4755 Vitale'ad
726 4701 925 4771 ipsum
958 4692 1245 4770 pascuum
1278 4716 1385 4754 nos
1414 4699 1690 4765 eﬂ‘erens,
2024 4692 2069 4756 D
2103 4696 2247 4771 Cum
2282 4697 2520 4771 clausus
2550 4698 2692 4753 olim
2722 4692 2887 4771 vates
2918 4699 2977 4751 in
3002 4696 3370 4771 praecordiis,

324 4776 612 4833 Venatur.
640 4769 803 4842 ipsos
834 4769 1120 4842 anguium
1156 4772 1400 4825 subiens
1432 4786 1667 4840 specus.
2104 4769 2334 4842 Redivit
2365 4770 2529 4825 illinc
2556 4786 2567 4823 :
2604 4770 2831 4842 scilicet
2861 4770 2983 4823 fore
3016 4769 3311 4842 indicans,

322 4846 579 4901 Millena
611 4840 889 4897 sternens
916 4840 1155 4915 agmina
1188 4844 1287 4897 Dei
1322 4842 1503 4897 Filius
1530 4858 1541 4895 :
1589 4913 1595 4915 Α
2103 4841 2334 4915 Satanae
2367 4848 2450 4905 ut,
2485 4859 2590 4911 per
2619 4841 2809 4915 undas
2841 4842 3155 4915 mysticas,
3179 4858 3249 4895 ex
3278 4840 3552 4895 faucibus

323 4918 557 4993 Quique
589 4913 1407 4993 aute_pla.ntam_vulnerabat
1434 4913 1728 4993 omnium,
2103 4913 2560 4993 Emergeremus.
2589 4914 2822 4993 saeculis
2852 4914 3216 4993 novissimis.

330 4984 501 5044 Hunc
532 4988 660 5058 ipse
691 4984 1004 5052 claudens,
1030 4986 1245 5041 liberat
1274 5004 1423 5058 quos
1453 4985 1743 5058 condidit,
2122 5056 2127 5058 Α
2175 4984 2314 5039 C(Bli
2348 4985 2597 5039 reclusis
2620 4986 2823 5058 januis
2854 4985 3242 5058 praefulgidis,

395 5056 593 5115 Hostis
622 5059 935 5128 nigrantis,
970 5064 1146 5128 atque
1178 5056 1601 5122 sordidissimi,
2102 5056 2147 5109 A
2183 5058 2353 5111 Patre
2385 5058 2635 5111 missum
2667 5056 2945 5127 Spiritum
2979 5064 3135 5112 vates
3168 5057 3342 5128 videt.

326 5132 635 5203 Baptisma
661 5125 822 5185 virus
854 5125 1120 5203 depulit:
1156 5147 1383 5203 nosque
1415 5130 1476 5182 in
1506 5128 1657 5183 viam
2099 5131 2291 5203 _Atque
2322 5128 2687 5203 incidentem
2709 5125 2998 5203 sordibus
3030 5146 3204 5203 porro
3241 5125 3437 5203 Λόγον.

323 5198 560 5259 Erroris
593 5202 791 5257 omnis
820 5198 1083 5256 nesciam
1126 5198 1524 5273 pervenimus,
1691 5270 1705 5273 Α
1740 5271 1752 5273 _
1786 5270 1796 5273 _
2098 5200 2294 5254 lnstar
2325 5199 2833 5273 columbmcernit
2861 5198 3570 5273 hunc,inquam,mthere

323 5277 587 5346 Quasque
620 5274 693 5329 ad
728 5289 988 5345 perenne
1020 5269 1301 5339 Rau-dium
1335 5272 1517 5339 ducit,
1551 5270 1709 5346 quod
1739 5270 1833 5327 his
2099 5273 2446 5327 Venientem
2480 5272 2551 5327 ab
2585 5272 2731 5346 alto,
2750 5278 3043 5346 monstrat
3067 5278 3125 5346 et
3146 5269 3568 5346 przesentibus.

326 5343 506 5413 Solis,
537 5343 807 5418 pepercit
836 5346 1005 5416 queis
1038 5347 1291 5411 Tonans,
1327 5351 1417 5400 est
1447 5345 1733 5416 pervium.
2142 5346 2503 5418 Draconum
2536 5344 2765 5418 adussit
2790 5344 3058 5418 mysticis
3090 5343 3349 5418 lymphis
3380 5346 3580 5412 caput,

397 5414 666 5476 Cernetis
698 5419 759 5473 in
791 5414 1269 5497 a-tia_criminum
1303 5414 1556 5497 caligine
1660 5492 1669 5497 _
2096 5416 2421 5497 Flammam
2455 5417 2671 5497 camini
2707 5416 2807 5486 qui
2837 5414 3067 5497 potens,
3102 5414 3431 5497 antiquitus

322 5492 605 5547 Strictum
643 5490 870 5546 catenis
901 5489 1184 5544 Conditor
1213 5506 1392 5560 quem
1424 5490 1697 5554 finxerat,
2092 5490 2344 5543 Juvenes
2379 5490 2605 5543 ferebat
2634 5505 2765 5558 qua)
2797 5488 2946 5558 pios,
2984 5488 3349 5560 exstinxerat
3378 5502 3390 5539 :

322 5563 598 5619 Humeris
631 5562 690 5617 in
724 5562 911 5616 altum
947 5561 1102 5615 tollit
1144 5554 1301 5615 hunc
1334 5561 1478 5626 suis,
1514 5576 1668 5630 aqua
2092 5561 2507 5631 Tenebrasque
2539 5554 2771 5619 densas.
2799 5554 2963 5613 noxa
2996 5577 3143 5629 quas
3176 5558 3345 5612 nobis
3380 5554 3533 5623 tulit,

319 5636 514 5707 Ipsius
546 5650 785 5688 omnem
819 5634 1137 5687 criminum
1167 5633 1357 5687 labem
1394 5632 1622 5695 eluens,
2092 5635 2255 5687 Nunc
2287 5649 2419 5707 rore
2452 5632 2623 5703 pellit
2648 5632 2900 5707 Spiritus
2934 5632 3317 5707 sanctissimi.

319 5702 501 5763 Primi
534 5706 807 5778 parentis,
830 5722 985 5759 noxa
1017 5722 1195 5775 quam
1224 5709 1642 5778 contraxerat,_
2089 5702 2544 5778 “Assyriorum
2579 5702 2898 5778 reddidisti
2925 5705 3220 5759 roscidam

387 5780 513 5834 Iam
534 5773 748 5834 'mente
780 5783 1005 5841 sancta,
1035 5773 1404 5847 concitisque
1436 5773 1738 5847 gressibus
2087 5773 2438 5847 Flammam.
2471 5775 2730 5845 gerebat,
2766 5774 3017 5847 Christe,
3054 5793 3185 5846 quas
3219 5782 3419 5846 typum
3457 5774 3561 5829 tui.

316 5853 567 5908 Fontem
599 5856 873 5922 petamus
897 5848 1208 5904 lustricum
1242 5844 1638 5919 baptismatis,
2090 5849 2256 5906 Unde
2290 5844 2539 5903 induisti
2570 5864 2730 5902 nunc
2760 5844 3087 5902 adurentes
3112 5844 3297 5919 aquas
