4160 6410
501 409 607 469 831
1787 413 1846 466 s.
1884 407 2206 468 JOANNIB.
2227 407 2650 500 nauseam
3791 419 3879 479 332

575 540 717 596 Tres
747 537 946 595 divina
972 539 1168 611 specie
1199 538 1569 610 ignescentes
1600 536 1810 607 rorati,

507 629 898 702 Splendidum
932 628 1120 683 tribus
1150 627 1496 682 illuminose
1527 626 1732 699 gloriis

509 722 728 793 Aperte
762 719 1146 776 manifestant
1174 718 1530 774 altissimam
1562 723 1863 781 naturam,

509 811 844 866 Mistionem
875 808 1112 864 mortali
1153 807 1273 881 igni
1307 813 1631 863 vertentem
1665 807 1914 878 inﬁrore,

512 900 862 971 Optabiliter
889 914 1067 953 omne
1098 898 1502 969 perniciosum
1535 902 1820 952 erratum.

581 988 730 1044 Albo
762 987 1045 1042 induatur
1073 987 1271 1041 omnis
1305 986 1604 1041 terrestris
1643 992 1878 1054 natura,

506 1081 590 1134 Ex
621 1094 761 1134 casu
793 1094 952 1132 nunc
984 1093 1166 1148 supra
1195 1075 1375 1132 cmlos
1407 1075 1562 1131 elata
1588 1092 1600 1130 :

503 1170 549 1224 A
575 1183 690 1238 quo
727 1167 886 1221 enim
918 1167 1122 1221 omnia
1152 1171 1382 1220 servata
1413 1170 1553 1220 sunt
1584 1163 1797 1229 Verbo,

503 1254 852 1312 Fluentibus
884 1255 1130 1309 ﬂuentis
1163 1254 1365 1309 abluta
1395 1253 1674 1325 peccatis,

505 1345 646 1411 Qum
677 1350 814 1400 ante
845 1344 994 1417 fugit
1025 1343 1448 1415 persplendide
1481 1343 1626 1398 lota.

582 1436 625 1490 Ο
659 1440 899 1506 propter
930 1435 1213 1489 immania
1243 1439 1448 1505 partus
1481 1433 1563 1487 tui
1597 1429 1903 1502 miracula,

509 1526 741 1596 Sponsa
769 1540 1048 1595 perpura,
1081 1525 1262 1578 Mater
1294 1521 1630 1590 benedicta,

512 1613 595 1670 Ob
619 1630 797 1684 quam
829 1613 1084 1668 assecuti
1116 1611 1436 1683 perfectam
1469 1610 1744 1678 salutem,

508 1703 763 1775 Dignum
794 1701 1134 1773 plaudimus
1160 1707 1225 1756 ut
1254 1701 1718 1760 benefactorem.

507 1797 744 1848 Donum
774 1791 1033 1846 ferentes
1058 1792 1348 1861 hymnum
1378 1790 1702 1860 gratiarum
1735 1788 2006 1844 actionis.

581 1880 810 1935 Scimus
842 1897 973 1950 qua:
1005 1879 1187 1950 Moysi
1219 1879 1278 1934 in
1312 1879 1462 1934 rubo
1495 1883 1735 1933 ostensa
1768 1882 1927 1948 sunt,

512 1969 617 2025 Hic
645 1969 815 2024 miris
839 1969 1067 2042 legibus
1098 1969 1379 2040 perfecta.

511 2057 604 2114 Sic
637 2058 797 2114 enim
824 2058 1047 2114 salvata
1077 2063 1167 2113 est
1197 2058 1449 2130 ignifera
1482 2058 1673 2130 Virgo,

510 2148 864 2204 Badiantem
895 2149 1070 2204 enixa
1095 2147 1561 2214 benefactorem,

505 2237 902 2310 Jordanisque
937 2238 1163 2294 fluenta
1192 2237 1544 2310 signiﬁcata.

588 2327 768 2399 Ungis
799 2327 1116 2399 perﬁciens
1146 2326 1463 2382 mortalem
1497 2326 1917 2394 substantiam,

518 2418 640 2473 Rex
670 2415 800 2472 sine
830 2416 1147 2488 principio,
1180 2415 1431 2487 Spiritus
1461 2416 1884 2471 communione

518 2504 920 2575 Fluxibusque
952 2503 1352 2558 immaculatis
1383 2520 1739 2576 expurgans,
1773 2509 1831 2558 et
1883 2503 2167 2573 tenebris,

515 2596 598 2650 Ac
622 2593 807 2650 robur
834 2592 1210 2664 vilipendens
1241 2592 1486 2660 elatum,

516 2685 681 2740 Nunc
711 2683 787 2739 ad
817 2683 1260 2738 indesinentem
1295 2683 1576 2738 retribuis
1607 2682 1806 2738 vitam.

761 2818 1082 2874 EIUSDEM
1106 2819 1184 2873 IN
1219 2819 1727 2874 PENTECOSTEN
1761 2817 1914 2890 (83):

906 2925 1077 2996 Cujus
1113 2927 1459 2998 pvincipium
1498 2941 1770 2980 versuum.

511 3043 556 3098 Ο
587 3042 919 3114 Deigenum
953 3039 1230 3107 Verbum,
1263 3039 1547 3111 Spiritum
1579 3039 1930 3096 advocatum
1960 3057 2166 3097 rursus

1837 3129 2043 3201 [alium

585 3221 669 3274 Ex
697 3218 983 3292 genitoris
1015 3217 1246 3272 sinibus
1277 3219 1492 3274 misisti
1523 3221 1905 3275 terrestribus

2193 540 2247 604 Α
2269 503 2303 529 ’θ
2348 532 2573 606 Τριττοὶ
2607 531 2846 597 θιουδῑῖς
2879 533 3141 611 έμπύρως
3170 531 3551 610 δροσούμενοι,

2271 619 2560 697 Δὶγλῆντα
2585 628 2832 698 τριτταῖς
2861 629 3136 700 παμφαῶς
3169 624 3459 701 ἁγιστίαις,

2275 716 2474 789 Σαφῶς
2505 709 2736 783 ἐδήλουν
2768 714 2868 782 τὴν
2899 714 3194 790 ὑπέρτατον
3229 714 3409 792 φύσιν,

2275 801 2429 874 Μίξει
2466 803 2706 878 βροτείᾳ,
2741 801 3130 878 πυρπολοῦσαν
3165 804 3216 859 ἐν
3251 801 3450 879 δρόσῳ,

2274 890 2497 954 Εὐκτῶς
2526 891 2732 947 ἃπασαν
2762 895 2862 962 τήν
2895 891 3148 968 ἀλέθριον
3181 894 3415 965 πλάνην.

2345 981 2790 1056 Λευχειμονείτω
2820 981 2966 1037 πάσα
2994 984 3189 1058 γήϊνος
3213 983 3394 1060 φύσις,

2275 1071 2370 1127 Ἐκ
2398 1072 2659 1134 πτώσεως
2690 1076 2781 1126 νῦν
2807 1071 3052 1148 οὐρανῶν
3086 1073 3390 1146 ἐπηρμένη.

2272 1163 2340 1238 ᾬ
2369 1159 2472 1234 γὰρ
2501 1162 2569 1215 τὰ
2589 1159 2765 1216 πάντα
2795 1164 3190 1237 συντετήρηται
3226 1163 3410 1238 Λόγῳ,

2274 1250 2480 1306 Νάουσι
2514 1249 2749 1326 ῥείθροις
2780 1251 3111 1315 ὲκπλυθεῖσα
3139 1252 3519 1325 πταισμάτων,

2273 1343 2392 1396 Τῶν
2419 1340 2545 1415 πρὶν
2579 1339 2812 1417 πέφευγε
2840 1345 3114 1419 παμφαῶς
3147 1339 3486 1415 λελουμένη.

2345 1430 2411 1484 Ὠ
2437 1433 2545 1484 τῶν
2581 1429 2714 1505 ὑπὲρ
2745 1434 2872 1485 νοῦν
2900 1435 2999 1486 τοῦ
3027 1429 3192 1486 τόκου
3225 1452 3321 1486 σου
3351 1432 3665 1506 θαυμάτων,

2273 1515 2474 1590 Νύμςοη
2508 1520 2769 1594 πάναγνε,
2804 1521 2987 1592 Μῆτερ
3021 1519 3394 1596 εὐλογημένη,

2273 1608 2351 1661 Δι’
2380 1610 2446 1676 ἧς
2472 1609 2736 1683 τυχόντες
2766 1607 3070 1673 παντελοῦς
3096 1611 3398 1685 σωτηρίας,

2273 1694 2526 1768 Ἐπᾶξιον
2555 1703 2859 1773 κροτοῦμεν
2893 1698 2966 1760 ὡς
2991 1699 3305 1775 εὐεργέτην,

2274 1792 2459 1863 Δῶρον
2493 1789 2745 1864 φέροντες
2778 1788 2949 1861 ὕμνον
2983 1789 3363 1864 εὐχαριστίας.

2345 1874 2528 1948 Ἴδμεν
2561 1877 2625 1931 τὰ
2657 1878 2853 1934 Μωσεῖ
2880 1881 2949 1950 τῇ
2987 1879 3135 1952 βάτῳ
3161 1875 3510 1954 δεδειγμένα,

2281 1969 2447 2039 Δεῦρο
2479 1966 2652 2036 ξένοις
2683 1969 2964 2040 θεσμοῖσιν
2995 1967 3398 2044 ἐξειργασμένα,

2276 2061 2360 2116 ’Θς
2395 2055 2499 2130 γὰρ
2532 2055 2772 2110 σέσωστο
2797 2060 3152 2133 πυρφοροῦσα
3175 2054 3469 2130 Παρθένος,

2281 2143 2629 2221 Σελασφόρον
2661 2148 2890 2199 τεκοῦσα
2919 2145 3012 2199 τὸν
3045 2143 3352 2222 εὖεργέτηνξ

2280 2232 2557 2306 Ἰορδάνου
2585 2255 2644 2290 τε
2677 2233 2864 2310 ῥεῖθρα
2892 2232 3380 2312 προσδεδειγμὲνα.

2349 2324 2532 2396 Χρίεις
2559 2323 2786 2380 τελειῶν
2818 2326 2919 2394 τήν
2957 2325 3204 2400 βρότειον
3237 2325 3447 2397 οὐσίαν,

2279 2413 2445 2484 ’Άναξ
2477 2409 2700 2488 ἅναρχε,
2738 2412 3054 2486 Πνεῦματος
3087 2414 3364 2487 κοινωνίᾳ,

2278 2502 2458 2564 Ῥοαῖς
2487 2502 2783 2577 ἆχράντοις
2814 2500 3135 2576 ἕκκαθάρας,
3168 2504 3256 2557 καὶ
3292 2503 3524 2568 σκότους

2278 2590 2461 2666 Ἰσχῦν
2495 2586 2865 2666 θριαμϐεύσας
2892 2611 2952 2644 τε
2970 2591 3070 2659 τήν
3091 2590 3430 2666 ἐπηρμένην,

2280 2683 2387 2734 Νῦν
2421 2679 2499 2742 εἷς
2531 2678 2770 2750 ἄληκτον
2801 2675 3140 2754 ἐξαμείϐαιαι
3175 2681 3319 2757 βίον.

2458 2815 2594 2871 ΤΟΥ
2625 2813 2849 2871 Ar'ror
2881 2816 2993 2869 £12
3023 2815 3167 2870 THN
3208 2817 3749 2885 nsNTHKOxTHN,

2877 2919 2954 2978 Οῦ
2985 2919 3329 2997 ἀκροστιχις.

2277 3037 2548 3112 Θειογενὲς
2582 3036 2743 3112 Λόγε,
2779 3039 2999 3110 Πνεῦμα
3029 3036 3383 3111 παράκλητον
3412 3037 3582 3095 πάλιν
3611 3038 3789 3109 ἄλλον,

2348 3217 2446 3272 Ἐκ
2475 3217 2695 3291 γενέτου
2725 3215 2950 3272 κόλπων
2982 3218 3120 3285 ἧκας
3155 3216 3518 3294 ἐπιχθονίοις.

510 3310 580 3365 In
611 3309 798 3381 igneas
830 3307 1046 3380 linguai
1075 3307 1271 3378 specie
1303 3309 1593 3364 ferentem
1627 3309 1867 3364 Deitatis
1899 3309 2164 3366 materias

2279 3306 2382 3364 Οἷα
2411 3306 2582 3380 πυρὸς
2614 3304 2902 3382 γλώσσῃσι
2930 3304 3092 3383 φέρον
3125 3307 3385 3377 θεότητος
3419 3305 3616 3381 ιίιΰλου⁹

1821 3399 2078 3454 exnertis

1821 3417 1888 3454 ex
1938 3401 2078 3454 ertis

579 3490 823 3562 Signum
851 3492 967 3543 tuas
987 3488 1410 3560 generationis,
1437 3494 1496 3544 et
1515 3488 1766 3560 gratiam
1797 3401 2161 3546 genitoribus.

2352 3491 2518 3558 Σῆμα
2545 3491 2647 3555 τῆς
2677 3481 2912 3562 φύτλης,
2935 3483 3022 3539 καὶ
3054 3505 3215 3560 χαριν
3252 3486 3616 3561 ὑμνοπόΛοις.

1765 3663 1812 3718 J.
1849 3662 2060 3718 BILLII
2099 3661 2681 3718 INTERPRETATIO.

506 3801 804 3859 Adversus
834 3802 1068 3857 hostem
1101 3801 1393 3858 dimicans
1421 3802 1864 3871 absconditum,

508 3877 630 3930 Iter
658 3875 1056 3930 attrahentem
1087 3874 1296 3929 fraude
1329 3892 1436 3929 nos
1466 3876 1540 3930 ad
1571 3875 1887 3932 lubricum.

578 3947 851 4002 Iordanis
884 3946 1028 4001 olim
1060 3947 1294 4001 cmlitus
1323 3948 1515 4018 ruptis
1547 3949 1739 4018 aquis,

505 4019 702 4074 Illassa
733 4017 946 4072 transit
976 4018 1150 4088 (mira
1181 4027 1296 4082 res)
1330 4017 1498 4090 plebs
1529 4017 1733 4086 Israel,

507 4091 614 4146 Tui
646 4091 895 4162 ﬁguram
926 4091 1276 4163 sicigerens,
1308 4092 1424 4145 cito
1457 4091 1606 4163 pede

508 4109 542 4146 '1
556 4109 614 4146 ιιι
646 4109 895 4162 nguram
926 4109 1011 4144 διο
1041 4109 1276 4163 gerens,
1308 4109 1424 4145 οιιο
1499 4109 1606 4146 eae

508 4163 616 4245 Qui
649 4179 759 4217 nos
788 4179 895 4233 per
922 4162 1121 4245 undas.
1147 4161 1423 4244 lustricas
1453 4109 1830 4245 Baptismatis

507 4234 697 4290 Fluxu
729 4239 979 4289 canente
1010 4234 1267 4288 collocas
1299 4234 1360 4288 in
1393 4234 1625 4290 semita.

581 4307 657 4360 Te
687 4305 910 4360 scimus
939 4306 1104 4371 olim,
1139 4306 1368 4360 Christe
1400 4323 1522 4371 rex,
1557 4311 1618 4361 et
1645 4306 1905 4361 maxima

507 4379 811 4448 Planeque
842 4377 994 4431 mira
1021 4384 1395 4449 perpetrans,
1428 4384 1675 4432 cunctos
1705 4378 1878 4448 aquis

507 4449 722 4506 Orbem
754 4465 860 4521 per
884 4465 1121 4504 omnem
1154 4449 1488 4521 perdidisse
1519 4449 1875 4521 ultricibus:

509 4521 726 4576 Contra
756 4520 1024 4576 obruisse
1055 4520 1216 4576 nunc
1246 4522 1417 4585 aquis
1443 4528 1712 4576 nostrum
1745 4520 1962 4587 scelus,

510 4593 704 4648 Nostri
731 4592 1009 4665 misertus
1037 4593 1179 4648 dum
1211 4593 1386 4648 saluti
1421 4593 1732 4665 prospicis.

581 4665 709 4719 Jam
737 4663 891 4718 liber
920 4665 1115 4719 omnis
1147 4671 1236 4720 est
1265 4663 1482 4720 chorus
1515 4663 1880 4730 mortalium,

510 4737 760 4809 Natique
793 4735 974 4809 lucis,
997 4743 1132 4791 ante
1167 4738 1266 4808 qui
1301 4754 1545 4809 prorsus
1579 4736 1753 4809 nigri.

511 4808 797 4879 Princeps
823 4807 1097 4879 gemiscit
1126 4807 1339 4864 unicus
1373 4807 1667 4877 caliginis:

506 4881 769 4954 Hujusce
802 4880 1050 4935 summis
1081 4881 1262 4954 igitur
1292 4887 1596 4954 auctorem
1631 4879 1770 4934 boni

503 4953 734 5034 Misera;
766 4957 905 5033 ante
938 4951 1143 5034 gentes
1175 4953 1452 5034 laudibus
1483 4969 1642 5034 nunc
1675 4951 1946 5034 egebant.

579 5026 737 5092 Tres,
772 5024 924 5078 roris
948 5024 1144 5080 instar
1173 5025 1415 5080 flamma
1439 5026 1609 5096 queis
1641 5024 1859 5079 ardens
1890 5028 2037 5090 erat,

507 5096 622 5150 Per
651 5096 998 5151 sanctitates
1029 5096 1295 5167 triplices
1327 5097 1658 5152 clarissime

509 5167 813 5223 Summam
840 5167 1184 5224 indicabant
1214 5169 1481 5222 numinis
1515 5168 1930 5235 substantiam,

506 5240 874 5312 Queejuncta
907 5239 1071 5294 carni
1105 5241 1396 5311 pestilens
1426 5240 1682 5296 feliciter

505 5311 573 5366 In
601 5328 735 5366 rore
766 5328 915 5383 puro
945 5318 1287 5367 concremat
1307 5312 1555 5382 quodvis
1588 5311 1802 5366 scelus.

577 5383 725 5439 Alba
755 5383 1040 5438 induatur
1070 5389 1229 5438 veste
1262 5400 1422 5438 nunc
1454 5383 1802 5438 mortalium

508 5455 751 5524 Natura,
787 5456 957 5526 lapsu
978 5455 1106 5528 jam
1140 5455 1392 5511 excitata
1423 5455 1740 5527 Olympico.

2277 3801 2342 3856 Vi
2373 3818 2633 3873 namque
2665 3801 2862 3874 Verbi,
2892 3801 3051 3874 quod
3083 3807 3284 3858 tuetur
3309 3804 3538 3871 omnia,

2274 3875 2460 3930 Puras
2488 3891 2593 3946 per
2623 3873 2815 3930 undas
2844 3873 3077 3946 mystici
3110 3874 3490 3946 baptismatis

2273 3947 2495 4017 Turpes
2526 3946 2789 4017 priorum
2824 3947 3142 4002 criminum
3169 3947 3454 4019 abstergit
3486 3952 3673 4003 notas.

2347 4019 2595 4089 Captum
2627 4019 2934 4073 antecellit
2953 4020 3175 4074 mentis
3208 4019 3487 4074 humanas
3521 4025 3675 4088 tuus,

2275 4090 2317 4162 Ο
2353 4090 2806 4162 Virgo,'partus.
2841 4097 2898 4145 et
2928 4107 3142 4161 parens
3175 4091 3590 4147 sanctissima:

2273 4161 2386 4216 Per
2417 4161 2595 4231 quam
2629 4161 2882 4216 salutem
2911 4163 3212 4218 consecuti
3245 4162 3504 4230 coalitus,

2273 4233 2350 4287 Te
2381 4233 2556 4306 laude
2588 4250 2823 4288 summa
2853 4234 3120 4289 tollimus
3141 4235 3278 4306 jure
3310 4235 3560 4306 optimo,

2274 4307 2485 4359 Munus
2515 4305 2777 4360 ferentes
2811 4306 3003 4361 laudis
3035 4305 3532 4362 Eucharisticam.

2194 4369 2242 4434 D
2290 4449 2299 4450 ί
2349 4377 2647 4450 Hic_more
2675 4377 2829 4450 facta
2861 4383 3000 4433 sunt
3029 4395 3201 4445 novo,
3235 4395 3367 4450 qum
3401 4378 3694 4434 maximus

2274 4447 2582 4514 Quondam
2613 4449 2892 4504 indicavit
2923 4451 2984 4504 in
3014 4450 3161 4505 rubo
3193 4447 3334 4505 Mosi
3358 4451 3534 4506 Deus.

2273 4520 2365 4594 Sic
2397 4537 2655 4594 namque
2691 4521 2860 4594 Virgo
2891 4522 2976 4576 nil
3010 4522 3151 4576 mali
3185 4523 3392 4589 sensit,
3426 4523 3625 4578 ferens

2272 4593 2498 4664 Ignem,
2530 4593 2850 4665 micantem
2881 4594 3095 4648 Filium
3130 4611 3264 4648 cum
3293 4595 3564 4665 protulit.

2271 4665 2497 4736 Typum
2527 4664 2769 4736 gerebat
2799 4671 2855 4719 et
2887 4665 3069 4720 rubus
3098 4664 3496 4736 baptismatis.

2345 4737 2578 4790 .Eterne
2610 4737 2905 4808 princeps.
2931 4743 3056 4791 tum
3090 4738 3338 4792 chorum
3367 4736 3704 4792 mortalium

2273 4809 2568 4881 Peragens
2591 4809 2817 4881 jungis,
2853 4809 3104 4881 Spiritus
3136 4811 3518 4877 commercio,

2272 4880 2443 4936 Puris
2467 4880 2991 4936 ﬂuentis’abluens
3015 4898 3028 4936 :
3065 4898 3131 4936 ac
3156 4881 3227 4936 de
3259 4881 3408 4937 duce

2275 4953 2436 5026 Υἱοιο
2469 4953 2804 5026 trimphans
2829 4953 3086 5026 horrida:
3108 4953 3400 5026 caliginis,

2272 5025 2437 5080 Nunc
2467 5041 2576 5080 nos
2603 5023 2676 5080 ad
2707 5041 2896 5079 aavnm
2928 5025 3096 5080 ducis
3128 5023 3338 5097 expers
3377 5023 3638 5080 termini.

2270 5143 2532 5214 Ejusdem
2578 5143 2646 5196 de
2705 5147 3022 5197 Pentecoste
3078 5143 3252 5196 iambi
3297 5143 3652 5213 pentastichi,
3690 5149 3880 5214 quorum

2335 5216 2536 5339 primtae
2594 5213 2790 5269 litteras
2848 5214 2960 5270 hac
3013 5215 3121 5268 duo
3174 5209 3426 5284 dysti'cha
3473 5217 3532 5269 in
3581 5209 3759 5271 Greco
3783 5209 3879 5276 efﬁ-

2346 5303 2472 5342 cwn
2507 5327 2515 5335 .

2273 5385 2526 5450 Christe,
2558 5385 2898 5440 Paracletus
2930 5401 3090 5440 nunc
3119 5385 3296 5440 nobis
3328 5386 3584 5441 mittitur
3611 5384 3764 5450 alter,

2344 5458 2387 5511 E
2415 5457 2641 5530 gremio
2671 5458 2919 5513 veniens
2951 5458 3142 5513 Patris
3173 5457 3246 5514 ab
3281 5474 3413 5515 arce
3445 5457 3592 5529 poli.

586 5681 695 5748 (83)
727 5682 969 5758 {cannis
999 5684 1188 5737 nostri
1219 5683 1570 5739 Damasceni
1603 5699 1724 5738 non
1757 5697 1887 5738 esse
1931 5681 2174 5752 quidam
2215 5687 2464 5755 putant:
2517 5701 2628 5740 nec
2676 5685 2915 5758 injuria.
2953 5684 3096 5741 Vide
3140 5684 3423 5742 Allatium
3448 5686 3511 5741 in
3542 5681 3869 5754 Prolegome-

515 5751 610 5805 nis
641 5768 700 5804 ιι.
731 5754 820 5804 ‘79.
