4160 6408
308 394 426 451 8³3

395 519 538 592 Θείῳ
568 518 865 597 καλυφθείς
898 520 926 575 ὁ
963 519 1389 597 βραδόγλωσσος
1417 522 1628 599 γνόφῳ,

319 609 726 686 Ὲρῥητόρευσε
753 610 847 663 τὸν
881 610 1182 688 θεόγραφον
1214 612 1407 686 νόμον.

318 698 472 756 Ἰλὺν
500 698 605 772 γάρ
636 695 918 768 ἐκτινάξας
951 693 1203 772 ὄμματος
1232 700 1379 770 νόου,

325 792 463 865 Ὀρᾷ
491 790 581 844 τὸν
616 786 770 858 ὄντα,
800 790 889 843 καὶ
929 796 1141 862 μυεῖται
1169 791 1479 864 Πνεῦματος

320 884 531 941 Γνῶσις
561 877 832 955 γεραίρων
866 877 1071 943 ἐνθέοις
1100 887 1219 943 τοῖς
1250 879 1504 954 ᾅσμασιν.

401 971 543 1046 Ἑφη
575 968 641 1023 τὸ
669 968 866 1022 σεπτὸν
907 971 999 1023 καὶ
1031 964 1329 1043 σεϐάσμιον
1362 970 1560 1043 στόμα,

319 1058 649 1137 Νοσφισμὸς
682 1058 813 1130 ὑμῖν
846 1057 909 1112 οὐ
937 1061 1246 1133 γενήσεται,
1276 1060 1452 1136 φίλοι.

402 1148 547 1222 Ἐγὼ
578 1146 678 1222 γάρ
711 1145 788 1208 εἷς
820 1151 1074 1222 πατρῷον
1107 1147 1333 1220 ὕψιστον
1367 1148 1560 1223 θρόνον

330 1235 730 1310 Συνεδριάζων,
762 1233 943 1311 ἐκχεῶ
970 1242 1067 1290 τοῦ
1106 1237 1418 1310 Πνεῦματος

326 1328 559 1398 Λάμψαι
590 1328 822 1387 ποθοῦσι
847 1326 949 1393 τήν
980 1326 1142 1398 χάριν
1174 1328 1275 1393 τήν
1304 1324 1560 1405 ἄφθονον.

395 1416 565 1489 Ὅρος
601 1408 856 1489 βεϐηκὼς
890 1413 1273 1485 ἀτρεκέστατος
1305 1416 1498 1492 Λόγος,

319 1500 767 1579 Γαληνόμορφον
798 1500 1009 1557 ἐκτελεῖ
1036 1503 1136 1571 τὴν
1166 1501 1389 1577 καρδίαν

320 1595 529 1666 Ἐργον
561 1593 664 1667 γὰρ
698 1590 994 1667 ὲκπεράνας
1019 1589 1247 1669 εὔφρανε
1279 1591 1501 1669 φίλους,

332 1686 486 1755 Πνοῇ
521 1680 693 1758 βιαίᾳ,
723 1682 815 1735 καὶ
846 1685 1017 1757 πυρὸς
1050 1681 1443 1757 γλωττήμασι,

337 1772 551 1843 Νεῑμας
580 1771 641 1825 τὸ
673 1776 893 1844 Πνεῦμα
924 1772 1176 1846 Χριστὸς,
1204 1772 1276 1835 ὡς
1309 1772 1599 1845 ὑπέσχετο.

410 1859 643 1938 ’Έρῥηξε
669 1860 904 1935 γαστρὸς
924 1862 1310 1933 ἠτεκνῶμένης
1333 1857 1524 1928 πέδας,

323 1944 515 2024 ’Ὕϐριν
548 1970 606 2004 τε
637 1946 1000 2014 δυσκάθεκτον
1030 1949 1476 2023 εὐτεκνουμένης,

325 2038 500 2109 Μόνη
534 2040 819 2115 προσευχὴ
850 2046 949 2109 τῆς
979 2036 1322 2117 προφήτιδος
1352 2038 1549 2105 πάλαι,

321 2130 534 2198 "Aw-qq
566 2128 837 2206 φερούσης
868 2133 1079 2202 πνεῦμα
1109 2126 1592 2204 συντετριμμένον,

323 2218 486 2294 Ηρὸς
516 2220 608 2274 τὸν
643 2215 933 2289 δυνάστην,
964 2219 1053 2273 καὶ
1086 2218 1214 2273 Θεὸν
1247 2222 1352 2273 τῶν
1381 2218 1656 2293 γνώσεων.

412 2306 690 2379 Ἀληπτός
723 2307 866 2362 ἐστιν
889 2310 925 2377 ἡ
959 2307 1397 2382 θεαρχικωτάτη.

331 2397 604 2473 Ῥήτορας
633 2397 732 2471 γάρ
765 2396 988 2467 ἐξέφηνε
1006 2397 1134 2458 τοὺς
1168 2395 1585 2471 ἀγραμμάτους,

329 2484 502 2547 ’Δλις
535 2486 800 2559 σοφιστὰς
829 2487 1258 2557 συστομίζοντας
1287 2484 1462 2561 λόγῳ,

335 2575 445 2630 Καὶ
474 2581 578 2643 τῆς
614 2575 834 2649 βαθείας
862 2574 1053 2634 νυκτὸς
1085 2573 1527 2648 ἐξαιρουμένους,

339 2663 526 2725 Λαοὺς
559 2662 817 2738 ἀπείρους
849 2663 1096 2735 ἀστραπή
1127 2668 1226 2718 τοῦ
1260 2662 1605 2736 Πνεῦμα-τος.

418 2755 517 2808 Ἦν
551 2751 875 2827 ἐκπορευτὸν
909 2752 960 2823 ἐξ
995 2753 1294 2827 ἀγιννήτου
1326 2753 1519 2829 φάους,

335 2843 417 2898 Τὸ
449 2841 1035 2919 πανσθενουργόφωτον
1060 2839 1283 2921 ἄφθιτον
1317 2840 1501 2909 σέλας,

336 2932 423 2992 Οὗ
454 2933 553 3001 τὴν
585 2928 655 2986 δι’
688 2933 820 2986 Υἱοῦ
852 2937 1128 3005 Πατρικῆς
1158 2931 1420 3004 ἐξουσίας,

346 3026 458 3078 Νῦν
489 3019 775 3097 ἐμφανίζει
808 3029 1028 3098 συμφυῆ
1064 3023 1429 3099 φρυκτωρίαν,

344 3108 621 3183 Πυρώδης
651 3112 800 3186 ἦχος
835 3112 886 3166 ὲν
923 3112 1066 3166 Σιὼν
1098 3118 1217 3174 τοῖς
1248 3108 1476 3169 ἔθνεσιν.

417 3201 580 3273 Ἀναξ
612 3201 856 3256 ἀνάκτων
893 3202 1004 3263 οἶος
1038 3201 1089 3272 ἐξ
1121 3200 1241 3256 οἷόυ
1276 3201 1463 3274 μόνος,

342 3290 528 3364 Λόγος
561 3287 851 3365 προεληὼν
888 3291 1095 3366 Πατρὸς
1125 3289 1177 3360 ἐξ
1209 3290 1474 3360 ἀναιτίου,

344 3378 643 3441 ἰσοσθενές
675 3400 771 3434 σου
804 3383 1023 3453 Πνεῦμα
1049 3385 1167 3441 τοῖς
1200 3378 1554 3442 ἀποστόλοις.

344 3475 431 3537 Νη
444 3468 637 3543 μερτὶς
665 3463 1008 3542 ἐξέλαυμψας
1042 3469 1117 3532 ὡς
1147 3468 1458 3545 εὐεργέτης,

344 3555 582 3614 ’Δδουσι
615 3555 772 3630 δόξαν
800 3563 879 3630 τῷ
910 3559 1098 3632 κράτει
1131 3578 1248 3627 σου,
1286 3558 1470 3633 Κύριέ.

432 3649 667 3721 Λουτρὸν
696 3648 764 3703 τὸ
796 3654 940 3712 θεῖον
972 3655 1075 3717 τῆς
1104 3647 1545 3723 παλιγγενεσίας,

360 3736 525 3812 Λόγῳ
553 3740 809 3812 κεραννὺς
841 3740 1218 3812 συντεθειμένῃ
1249 3740 1427 3815 φύσει,

354 3822 797 3901 Ὀμϐροϐλυτεῖς
832 3851 924 3902 μοι
961 3828 1173 3904 ῥεῖθρον
1203 3829 1254 3899 ἐξ
1283 3830 1582 3903 ἀκηράτου,

1861 395 2194 453 ΟΔΒΜῙΝΔ
2206 436 2220 449 .
3643 402 3753 460 834

2016 522 2069 588 Α
2172 522 2375 577 Divina
2406 526 2596 578 tectus
2628 522 3005 597 tardilinguis
3032 524 3274 592 nebula,
3304 576 3305 579 η

2098 612 2378 666 Elocutus
2410 618 2499 666 est
2528 629 2562 666 a
2594 613 2709 667 Deo
2743 615 3024 685 scriptam
3051 615 3242 687 legem
3271 632 3283 670 :

2099 702 2339 756 Materia
2371 701 2527 755 enim
2561 702 2811 772 abjecta.
2848 704 3037 759 oculis
3069 705 3287 760 mentis

2104 790 2311 844 Videre
2345 807 2479 844 eum
2513 791 2613 861 qui
2648 797 2737 845 est
2768 791 2964 855 discit,
2998 794 3252 864 Spiritus

2097 880 2509 951 Cognitionem
2544 880 2796 935 laudans
2829 882 3048 936 divinis
3080 883 3377 939 cantibus.

2172 970 2328 1024 Dixit
2359 986 2629 1024 severum
2661 976 2719 1023 et
2748 971 3152 1026 venerandum
3185 989 3272 1042 os,

2102 1058 2318 1114 Divisio
2345 1058 2509 1113 vobis
2540 1075 2661 1112 non
2693 1059 2816 1122 ﬁet,
2850 1076 2881 1113 ο
2914 1060 3088 1115 amici
3118 1078 3131 1114 :

2100 1149 2216 1218 Ego
2247 1148 2407 1201 enim
2438 1148 2513 1202 ad
2548 1154 2862 1219 paternum
2895 1148 3193 1203 excelsum
3231 1150 3511 1206 thronum

2098 1237 2421 1291 Conﬁdens
2452 1236 2757 1291 effundam
2789 1237 3042 1307 Spiritus

2102 1326 2426 1397 Splendere
2457 1326 2935 1381 desiderantibus
2965 1328 3215 1398 gratiam
3258 1330 3575 1385 inﬁnitam.

2172 1416 2483 1469 Terminus
2509 1416 2807 1486 perfectus
2836 1416 3213 1471 verissimum
3243 1419 3497 1474 Verbum

2099 1505 2463 1575 Tranquillaa
2494 1505 2701 1559 formas
2732 1504 2943 1576 implet
2976 1522 3114 1560 cor:

2103 1597 2291 1667 Opere
2325 1597 2484 1651 enim
2516 1597 2749 1667 expleto
2782 1597 3103 1652 laatiﬁcavit
3133 1598 3357 1653 amicos

2102 1685 2270 1740 Flatu
2300 1685 2576 1753 violento,
2614 1691 2671 1739 et
2696 1685 2851 1757 ignis
2882 1685 3256 1757 glossematis

2103 1777 2247 1831 Dato
2280 1775 2520 1846 Spiritu,
2557 1774 2824 1828 Christus
2858 1780 2923 1828 ut
2954 1774 3260 1846 pollicitus
3287 1781 3395 1833 est.

2022 1884 2069 1949 Β
2176 1864 2417 1935 Effregit
2444 1863 2665 1917 ventris
2697 1862 2918 1916 sterilis
2948 1862 3205 1927 vincula,

2102 1953 2513 2025 Injuriamque
2544 1950 2983 2006 intolerabilem
3015 1950 3284 2007 fecundm

2106 2041 2241 2096 Sola
2265 2041 2453 2095 oratio
2486 2040 2874 2111 praphetissze
2905 2040 3048 2094 olim

2106 2132 2317 2197 Annua,
2349 2130 2597 2185 ferentis
2631 2129 2908 2200 spiritum
2940 2130 3264 2185 contritum

2107 2219 2193 2274 Ad
2225 2224 2527 2291 potentem
2561 2223 2619 2273 et
2644 2219 2827 2273 Deum
2851 2218 3262 2273 scientiarum.

2178 2307 2809 2379 Incomprehensibilis
2832 2313 2922 2362 est
2942 2307 3348 2362 divinissimus
3370 2308 3761 2379 principatus.

2108 2400 2395 2454 Rhetores
2426 2398 2585 2452 enim
2620 2397 3045 2451 demonstravit
3073 2396 3432 2464 illitteratos,

2109 2488 2263 2543 Satis
2296 2487 2596 2558 sophistas
2627 2486 2843 2540 mutire
2876 2486 3147 2540 faciendo
3181 2502 3479 2553 sermone,

2110 2579 2182 2631 Et
2209 2593 2244 2632 a
2274 2575 2571 2647 profunda
2600 2582 2771 2630 nocte
2800 2575 3166 2629 extrahendo

2114 2667 2366 2738 Populos
2399 2666 2667 2720 inﬁnitos
2698 2664 2895 2733 fulgur
2927 2664 3200 2735 Spiritus.

2184 2757 2321 2809 Erat
2349 2754 2679 2825 procedens
2702 2770 2773 2808 ex
2804 2754 3070 2823 ingenita
3096 2752 3227 2807 luce

2112 2844 2564 2915 Omnipotenter
2606 2843 2876 2898 luciﬁcus
2926 2842 3425 2913 incorruptusque
3459 2840 3764 2914 splendor,

2111 2934 2292 3005 Cujus
2322 2949 2429 3004 per
2454 2932 2584 2987 Filii
2615 2940 2922 3004 paternam
2959 2931 3355 2986 substantiam

2113 3024 2278 3077 Nunc
2308 3021 2651 3076 manifestat
2679 3026 2991 3093 cognatam
3023 3019 3213 3077 facem

2110 3110 2314 3182 Ignata
2344 3127 2453 3165 vox
2482 3110 2544 3165 in
2574 3109 2713 3164 Sion
2744 3109 3041 3182 gentibus.

2188 3203 2306 3256 Rex
2339 3217 2567 3274 regum,
2601 3200 2762 3255 solus
2795 3216 2864 3254 ex
2892 3200 3039 3264 solo,
3074 3199 3267 3254 solum

2188 3251 2305 3256 η--
2341 3251 2567 3274 _-o____,
2603 3251 2758 3255 _-___
2894 3251 3039 3264 μη,

2031 3251 2076 3319 C
2120 3290 2373 3345 Verbum
2407 3290 2736 3362 procedens
2767 3306 2801 3344 a
2830 3291 3001 3344 Patre
3035 3305 3225 3343 causa:
3258 3292 3519 3359 experte,

2117 3380 2594 3451 Equipotentem
2628 3386 2793 3434 tuum
2818 3379 3100 3450 Spiritum
3133 3377 3419 3449 apostolis

2124 3470 2267 3525 Vere
2298 3469 2656 3524 illustrando
2690 3468 2928 3533 misisti,
2961 3473 3026 3522 ut
3055 3467 3400 3523 benefactor

2121 3559 2510 3613 Cantantibus
2542 3558 2822 3629 potentias
2854 3563 2969 3612 tuae
3000 3557 3272 3629 gloriam,
3308 3573 3341 3611 ο
3376 3556 3644 3613 Domine.

2197 3649 2482 3703 Balneum
2514 3648 2778 3703 divinum
2804 3647 3276 3714 regenerationis

2127 3736 2313 3790 Verbo
2348 3737 2605 3790 miscens
2636 3735 2980 3806 compositas
3014 3739 3261 3799 naturas,

2124 3823 2477 3895 Suppeditas
2509 3825 2655 3878 mihi
2691 3840 2907 3894 aquam
2940 3839 3009 3876 ex
3040 3822 3386 3894 incorrupto

2126 3913 2445 3969 Vulnerato
2478 3920 2577 3968 tuo
2600 3914 2807 3981 latere,
2843 3931 2875 3967 ο
2908 3911 3011 3968 Dei
3036 3912 3314 3983 Verbum,

2126 4001 2404 4074 Sigillans
2434 4003 2664 4058 fervore
2697 4001 2973 4074 Spiritus.

348 3916 707 3993 Νενυγμὲνης
740 3939 836 3973 σου
866 3917 1126 3993 πλευρᾶς,
1159 3915 1204 3972 ὦ
1236 3922 1370 3973 Θεοῦ
1399 3916 1563 3992 Δόγε,

345 4008 794 4085 Ἐπισφραγίζων
821 4009 892 4081 τῇ
924 4006 1061 4078 ζέσει
1091 4011 1189 4063 τοῦ
1223 4005 1566 4082 Πνεόματος.

1613 4208 1661 4262 J.
1696 4204 1906 4261 BILLII
1942 4200 2529 4259 INTERPRETATIO.

2133 4384 2345 4439 Pectus
2376 4379 2581 4435 dolore
2607 4378 2882 4434 deferens
2912 4379 3167 4434 fractum
3198 4379 3356 4452 gravi

2134 4456 2220 4509 Ad
2252 4456 2710 4523 Prmpotentem,
2744 4468 2967 4506 numen
2999 4458 3058 4506 et
3088 4452 3374 4507 scientim.

2204 4522 2451 4596 Captum
2485 4522 2787 4578 antecedit
2819 4526 3033 4579 mentis
3067 4526 3344 4578 humanas
3375 4524 3552 4578 Deus.

2133 4598 2478 4652 Illitteratos
2510 4596 2778 4649 rhetoras
2810 4613 2945 4650 nam
2977 4596 3273 4649 reddidit:

2053 4657 2098 4721 D
2132 4671 2453 4726 Doctorum
2480 4673 2540 4721 at
2562 4684 2665 4721 ora
2696 4668 2951 4737 perculit
2978 4668 3272 4738 loquacia.

2135 4745 2217 4797 Ac
2246 4745 2420 4795 nocte
2453 4739 2637 4793 densa
2668 4738 2920 4809 Spiritus
2950 4738 3152 4810 fulgur
3182 4739 3356 4801 sacri,

2136 4816 2291 4879 Quas
2322 4828 2498 4865 nemo
2530 4816 2735 4882 gentes
2768 4812 3130 4882 supputarit,
3158 4810 3393 4865 liberat.

2210 4886 2291 4938 Ex
2320 4883 2451 4937 luce
2478 4880 3071 4954 nongenita’p—otens
3105 4899 3304 4937 rerum
3337 4880 3628 4949 omnium,

2138 4958 2479 5024 Parensque
2510 4953 2660 5007 lucis
2688 4953 2907 5024 prodiit
2932 4955 3158 5008 micans
3182 4954 3384 5024 jubar,

2138 5030 2317 5100 Cujus
2349 5032 2609 5096 paternas
2642 5042 2708 5079 ac
2743 5026 2871 5100 Ij‘ilii
2906 5026 3254 5100 substantiis

2139 5094 2557 5167 Parem—atque
2609 5097 2880 5152 eamdem
2939 5115 3101 5152 nunc
3157 5098 3345 5152 facem
3378 5111 3561 5149 sonus
3585 5094 3793 5166 igneus

2139 5171 2303 5227 Haud
2338 5174 2637 5241 monstrat
2660 5168 2910 5223 obscure
2942 5171 3005 5223 in
3038 5170 3210 5223 Sione
3241 5167 3541 5241 gentibus.

2210 5244 2449 5297 Summe
2484 5240 2841 5307 dominator,
2875 5241 3035 5296 solus
3067 5258 3137 5295 ex
3169 5237 3319 5306 solvo,
3345 5237 3540 5312 Λόγος,

2139 5317 2492 5385 Progressus
2524 5328 2557 5365 a
2588 5319 2833 5382 parente
2850 5330 3059 5385 causas
3090 5313 3315 5372 nescio,

2139 5383 2383 5457 quuale
2412 5386 2679 5457 Pneuma
2702 5384 2865 5457 quod
2901 5385 3003 5457 tibi
3038 5391 3127 5438 est
3151 5383 3435 5457 potentia,

2140 5454 2533 5512 Vere'ﬂedisti
2567 5454 2875 5525 discipulis
2906 5456 3100 5509 charis
3135 5456 3271 5521 tuis,

2138 5532 2342 5594 Tuam,
2378 5532 2591 5598 potens
2625 5527 3027 5598 rex,gloriam
3068 5526 3439 5581 canentibus.

2212 5603 2295 5655 Tu
2327 5597 2803 5671 regenerationis
2832 5598 3115 5653 balneum
3150 5614 3385 5671 sacrum

2142 5669 2429 5728 Sermone
2457 5669 2716 5724 miscens
2750 5687 2856 5740 per
2879 5670 3025 5725 duas
3057 5686 3150 5724 res
3182 5669 3472 5741 dispares,

2138 5746 2222 5800 Ex
2252 5742 2561 5799 vulnerato
2594 5741 2779 5797 latere
2810 5747 2900 5797 ter
2932 5748 3135 5797 sancto
3167 5747 3287 5812 tuo,

357 4387 641 4446 Numinis
675 4388 966 4444 indicium
993 4388 1212 4461 linguis
1241 4389 1688 4445 flammantibus
1709 4388 1803 4445 edi

354 4464 495 4533 Ipse
529 4460 643 4533 sui,
679 4462 900 4515 sanctis
933 4460 1175 4533 vatibus
1197 4467 1374 4531 atque
1402 4463 1573 4516 favet.

434 4532 646 4586 Divina
677 4540 919 4602 opertus
951 4533 1131 4605 nube,
1167 4532 1369 4605 lingua
1400 4534 1646 4599 tardior,

357 4606 555 4658 Moses
584 4605 867 4659 Tonantis
899 4604 1148 4676 protulit
1176 4604 1367 4676 legem
1400 4606 1541 4660 suis.

358 4676 472 4731 Hic
505 4691 763 4746 namque
796 4675 1016 4730 mentis
1048 4675 1256 4730 lumen
1285 4693 1618 4748 expurgans
1648 4692 1792 4743 suas,

361 4750 576 4801 Entem
612 4748 899 4812 intuetur,
934 4749 1241 4802 notionem
1273 4749 1526 4819 Spiritus

362 4818 693 4892 Discitque,
730 4820 1030 4892 honorans
1063 4818 1336 4892 cantibus
1366 4822 1480 4892 piis
1516 4824 1718 4874 Deum.

443 4890 597 4943 Dixit
625 4893 930 4945 cohortem
960 4891 1227 4946 Christus
1258 4892 1332 4947 ad
1364 4890 1604 4947 charam
1637 4905 1826 4957 suam,

362 4964 495 5017 Non
527 4978 649 5027 vos,
685 4963 883 5029 amici,
917 4963 1209 5029 deseram,
1249 4964 1395 5018 mihi
1429 4963 1651 5019 credite
1682 4980 1695 5019 :

364 5036 635 5107 Namque
669 5035 730 5107 in
762 5042 1008 5107 paterno
1034 5035 1340 5107 conﬁdens
1370 5052 1472 5107 ego
1503 5036 1740 5101 throno,

362 5105 582 5160 Paucis
613 5105 832 5161 adhinc
864 5105 1073 5160 diebus
1106 5106 1165 5161 in
1200 5124 1297 5161 vos
1334 5105 1585 5178 Spiritus

362 5178 670 5249 Immensa
699 5178 860 5234 dona
889 5178 1135 5249 prodiga
1155 5178 1399 5233 fundam
1433 5194 1633 5247 manu.

443 5248 767 5305 Subvectus
792 5245 979 5305 altum
1012 5245 1278 5305 Christus
1312 5251 1371 5304 in
1402 5245 1669 5304 montem
1706 5245 1866 5315 Sion,

363 5321 829 5393 Tranquillitate
867 5321 1045 5376 corda
1076 5322 1380 5391 perfundit
1409 5323 1525 5393 pia.

364 5392 728 5448 Perfunctus
757 5410 938 5456 opera
968 5408 1105 5447 nam
1140 5409 1265 5456 sua,
1300 5392 1559 5448 oblectat
1590 5408 1730 5446 suos

368 5464 938 5533 Vehementeﬂatu,
974 5471 1031 5517 et
1062 5464 1250 5535 igneis
1282 5464 1499 5535 linguis
1541 5466 1705 5529 item,

363 5537 730 5608 Impertiens
762 5538 850 5593 his
885 5536 1192 5608 Spiritum,
1226 5544 1291 5591 ut
1330 5537 1706 5608 promiserat.

450 5607 610 5661 Uteri
644 5607 932 5664 inferacis
954 5607 1127 5679 fregit
1156 5608 1296 5662 olim
1326 5607 1642 5680 compedes
1668 5622 1680 5660 :

362 5679 594 5734 Contra
623 5681 836 5735 feracis
874 5680 1045 5751 fregit
1077 5679 1459 5736 insolentiam

364 5751 499 5805 Vox
530 5752 659 5807 sola
689 5749 1165 5824 supplex,_Anna
1196 5769 1372 5823 quam
1418 5749 1780 5824 profuderat,
