4160 6376
549 319 656 380 835
1831 315 1892 370 Β.
1929 311 2234 372 JOANNIB
2273 312 2692 377 DAMABCENI

619 446 890 502 Flectunt
921 443 1123 500 omnia
1153 438 1509 500 consolatori
1543 453 1718 512 genu,

546 537 817 608 Filioque
851 536 1060 601 Patris,
1096 533 1250 589 Patri
1286 530 1731 603 cognatissimo.

546 629 612 682 In
645 626 915 700 personis
948 625 1104 678 enim
1141 623 1300 676 novit
1333 620 1519 674 tribus
1553 617 1951 674 substantiam

548 717 695 772 Vere
728 712 1222 776 inaccessibilem,
1258 709 1539 781 temporis
1573 713 1888 778 exsortem,
1926 722 2128 761 unam.

545 806 751 862 Illuxit
781 805 938 860 enim
971 803 1174 857 lumen
1207 800 1394 872 gratia
1425 799 1697 870 Spiritus.

620 895 857 950 Servitis
881 909 1088 948 omnes
1120 889 1494 944 divinissimo
1528 885 1913 960 principatui,

544 987 695 1050 Quot
726 983 874 1038 servi
906 981 1049 1037 estis
1083 980 1410 1035 triluminis
1445 977 1814 1033 substantias.

544 1070 1088 1144 Supernaturaliter
1119 1070 1279 1124 enim
1313 1067 1546 1140 perlicit
1576 1073 1640 1121 ut
1668 1064 2032 1132 benefactor,

539 1164 612 1217 Et
641 1163 875 1234 igneam
903 1160 1160 1216 formam
1184 1158 1453 1212 Christus
1485 1157 1585 1211 dat
1615 1158 1675 1210 in
1709 1154 1984 1221 salutem,

540 1252 746 1307 Totam
781 1250 1092 1324 porrigens
1123 1248 1372 1322 gratiam
1407 1246 1678 1318 Spiritus.

613 1340 941 1398 Solubilem
975 1338 1386 1412 purgationem
1414 1335 1756 1403 criminum,

540 1431 802 1504 Ignitum
833 1427 1082 1499 accipite
1116 1426 1368 1498 Spiritus
1399 1441 1621 1492 rorem,

542 1521 586 1576 Ο
621 1519 727 1574 filii
762 1517 1106 1574 luciformes
1127 1514 1444 1570 Ecclesiae:

540 1611 707 1664 Nunc
734 1607 895 1662 enim
929 1624 999 1661 ex
1035 1606 1172 1660 Sion
1205 1604 1384 1660 exivit
1412 1603 1529 1671 lex,

536 1702 728 1773 Ignem
761 1699 977 1770 linguas
1002 1697 1214 1761 forma,
1252 1695 1507 1768 Spiritus
1537 1694 1747 1767 gratia.

611 1790 772 1843 Sicut
801 1788 1048 1860 dignum
1079 1785 1270 1858 patuit
1302 1790 1510 1856 sponte
1544 1801 1649 1838 sua
1678 1782 2026 1847 liberaliter,

537 1879 790 1934 Domino
824 1892 1032 1932 carens
1065 1873 1374 1930 descendit
1405 1873 1658 1946 Spiritus
1685 1889 1718 1926 a
1750 1873 1944 1939 Patre,

536 1967 844 2039 Sapientes
876 1965 1100 2020 faciens
1132 1963 1193 2018 in
1226 1963 1445 2036 linguis
1477 1961 1798 2035 apostolos,

536 2055 813 2129 Sigillans
845 2055 904 2109 in
938 2054 1060 2108 illis
1091 2053 1416 2108 vitmferum
1457 2050 1732 2118 Verbum,

536 2148 583 2202 A
617 2148 787 2200 Patre
820 2143 1182 2210 acutiformi,
1219 2142 1377 2214 quod
1413 2143 1586 2196 Pater
1615 2140 1782 2195 dixit.

609 2233 865 2290 Curabat
891 2238 1121 2288 mentes
1155 2231 1399 2302 quidem
1428 2247 1462 2284 a
1489 2236 1731 2302 peccato

540 2325 610 2379 Et
641 2323 751 2378 sibi
785 2320 1110 2394 apparabat
1140 2318 1569 2392 apostolorum,

543 2414 698 2468 Deus
717 2411 969 2466 Verbum
983 2410 1268 2476 ,omnium
1289 2406 1980 2481 princeps,immaculata
1998 2405 2194 2461 domo:

541 2501 868 2574 Equabilis
899 2500 1130 2554 l‘ObOI‘lS
1157 2505 1355 2554 autem
1387 2504 1446 2553 et
1467 2495 2014 2564 consubstantialis,

542 2595 707 2648 Nunc
739 2592 1096 2646 informatur
1126 2589 1380 2660 Spiritus
1413 2587 1639 2642 lumen.

611 2679 958 2752 PrOpitiatio
991 2678 1185 2745 nobis,
1218 2677 1472 2744 Christe,
1508 2682 1565 2731 et
1592 2675 1752 2732 salus

537 2773 810 2826 Praesens
843 2767 1092 2823 illuxisti
1127 2784 1196 2821 ex
1231 2767 1487 2839 Virgine,

537 2863 630 2928 Ut,
664 2868 947 2931 tanquam
980 2859 1331 2931 prophetam
1367 2875 1437 2912 ex
1468 2856 1610 2911 feras
1643 2856 1887 2912 marium

536 2949 882 3006 Pectoribus
914 2950 1144 3013 Ionam,
1178 2964 1212 3002 a
1241 2946 1619 3018 corruptione
1648 2946 1910 3018 eriperes

536 3042 745 3095 Totum
780 3038 968 3093 Adam
999 3055 1134 3092 cum
1168 3036 1333 3092 omni
1365 3052 1580 3108 genere
1608 3035 1944 3090 cadentem.

612 3128 1020 3184 Desideratum
1053 3126 1225 3182 nobis
1256 3132 1485 3180 rectum
1520 3125 1579 3178 in
1609 3123 1996 3179 interioribus

536 3220 772 3273 Eterne
805 3214 1096 3272 habituris
1127 3214 1411 3286 Spiritum
1442 3213 1710 3280 innoves,

537 3308 584 3361 Α
615 3307 788 3361 Patre
820 3304 1238 3376 procedentem
1273 3301 1536 3373 undique
1565 3301 1928 3372 copulatum,

539 3394 797 3450 Materiaa
830 3393 1089 3448 inimica)
1119 3390 1539 3447 combustilem
1573 3390 2072 3462 inquinationem,

540 3484 862 3555 Sardisque
895 3482 1092 3537 omnis
1123 3481 1520 3553 purgativum,
1555 3496 1587 3535 ο
1621 3479 2022 3551 omnipotens.

610 3571 964 3645 Appetibilis
995 3571 1251 3644 dignitas
1283 3569 1569 3641 apostolis

537 3662 948 3729 Sionensibus,
982 3659 1462 3732 exspectantibus
1489 3663 1649 3715 tuam
1682 3660 2084 3731 praesentiam,

535 3755 703 3816 Nota,
738 3751 990 3822 Spiritus
1019 3750 1200 3822 geniti
1235 3767 1268 3804 a
1301 3751 1470 3804 Patre
1509 3749 1702 3815 Verbi,

535 3844 729 3914 Nugas
761 3840 1030 3894 inﬁcetas
1064 3837 1489 3893 blanditiarum
1523 3838 1789 3908 gentium

533 3931 817 3986 Celeriter
847 3934 1208 3993 monstrans,
1234 3927 1293 3981 in
1327 3927 1448 3982 illis
1480 3927 1668 3982 instar
1692 3927 1844 4000 ignis
1869 3927 2118 3984 insides.

606 4022 863 4075 Concors
895 4018 1170 4073 clamavit
1195 4017 1730 4072 instrumentorum
1764 4023 1992 4087 cantus,

531 4109 796 4168 Adorare
828 4124 1069 4164 auream
1094 4107 1426 4162 inanimam
1460 4107 1804 4180 imaginem.

2229 437 2278 504 Δ

2385 436 2636 511 Κάμπτει
2666 443 2733 498 τὰ
2758 444 2932 498 πάντα
2959 447 3039 516 τῷ
3076 441 3423 518 Παρακλήτῳ
3455 443 3614 522 γόνυ,

2314 525 2466 600 Γόνῳ
2491 549 2548 584 τε
2580 533 2789 606 Πατρὸς
2819 534 2988 604 ΙΙατρὶ
3025 535 3441 607 συμουιστάτῳ.

2313 615 2401 672 Ἐν
2429 620 2531 694 γὰρ
2564 622 2883 694 προσώποις
2913 620 3027 677 οἶδε
3056 622 3262 698 τρίτοις
3297 623 3484 680 οὐσίαν

2313 712 2392 776 Νη
2407 709 2598 780 μερτὶς
2629 710 2949 784 ἀπρόσιτον,
2983 712 3244 788 αχρονον,
3281 714 3432 786 μίαν.

2309 795 2562 870 Ἐλαμψε
2592 803 2709 876 φῶς
2739 801 2865 876 γὰρ,
2899 803 2933 870 ἡ
2969 803 3131 876 χάρις
3159 806 3256 856 τοῦ
3289 803 3635 876 ΙΙνεύματος.

2383 885 2645 952 Τελιῖσθε
2675 891 2870 953 πάντες
2902 894 2972 964 τῇ
3005 892 3439 967 θεαρχικωτάτῃ,

2309 977 2466 1032 Ὀσοι
2500 974 2789 1051 λατρευταὶ
2819 986 3243 1058 τρισσοφεγγοῦς
3274 983 3485 1048 οὐσίας.

2310 1065 2621 1144 ’Υπερφυῶς
2651 1066 2802 1123 τελεῖ
2829 1069 2928 1144 γὰρ
2964 1071 3040 1134 ὡς
3066 1070 3378 1146 εὐεργὲτης,

2311 1153 2413 1210 Καὶ
2447 1163 2835 1235 πυρσομορφοῖ
2860 1159 3092 1233 Χριστὸς
3127 1159 3204 1222 εἷς
3239 1163 3544 1238 σωτηρίαν,

2308 1241 2486 1314 Ὅλην
2519 1243 2762 1321 πορίζων
2794 1247 2894 1316 τὴν
2928 1248 3092 1323 χάριν
3117 1253 3214 1303 τοῦ
3238 1249 3578 1325 Πνεόματος.

2380 1335 2653 1408 Λυτήριον
2685 1332 2944 1407 κάθαρσιν
2971 1334 3238 1410 ἆμπλακη
3247 1339 3454 1411 μάτων,

2312 1423 2620 1493 Πυρίπνοον
2648 1421 2865 1497 δέξασθε
2897 1425 3213 1498 Πνεύματος
3246 1424 3466 1503 δρόσον,

2307 1511 2374 1565 Ὠ
2403 1512 2560 1566 τὲκνα
2593 1514 2936 1592 φωτόμορφα
2964 1516 3064 1578 τῆς
3097 1513 3450 1588 Ἐκκλησίας.

2308 1606 2418 1657 Νὗν
2452 1601 2504 1674 ἕξ
2538 1605 2680 1659 Σιὼν
2713 1605 2816 1680 γὰρ
2848 1604 3171 1679 ἐξελήλυθεν
3203 1607 3396 1681 νόμος,

2307 1691 2372 1747 Ἦ
2403 1691 3022 1775 γλωσσοπυρσόμορφος
3056 1696 3372 1770 Πνεύματος
3404 1701 3601 1776 χάρις.

2229 1813 2276 1878 Β
2308 1871 2318 1878 ⁸
2381 1782 2571 1878 Eueni:
2600 1804 2701 1860 περ
2720 1783 3040 1878 ,ηὐδόκησεν
3074 1785 3459 1860 αὐτεξουσίως,

2308 1867 2635 1926 Ἀδὲσποτον
2669 1871 2875 1928 κάτεισι
2907 1876 3129 1950 Πνεῦμα
3160 1879 3456 1952 ΙΙατρόΘεν.

2307 1960 2536 2039 Σοφίξον
2567 1959 2621 2016 ἐν
2647 1961 2930 2038 γλώσσῃσι
2962 1964 3087 2027 τοὺς
3117 1965 3489 2041 ἀποστόλους,

2307 2051 2726 2128 Ἐπισφραγίζον
2751 2053 2844 2107 τὸν
2874 2048 3156 2132 φερέσϐιον
3192 2056 3394 2132 Λόγον,

2306 2142 2576 2215 Πατρόθεν
2607 2141 2942 2228 όξύμορφον,
2975 2143 3033 2199 ὅν
3069 2147 3252 2218 Πατὴρ
3288 2144 3412 2224 ἔφη.

2376 2229 2522 2298 ’ἰῆτο
2550 2230 2645 2292 τὰς
2675 2231 2870 2306 φρένας
2901 2233 2994 2306 μὲν
3028 2231 3077 2306 ἐξ
3111 2234 3403 2311 ἁμαρτίας,

2306 2317 2499 2390 Χαύτῷ
2529 2320 2902 2392 κατεσκεύαζε,
2932 2326 3039 2376 τῶν
3075 2322 3419 2392 ἀποστόλων,

2307 2409 2436 2469 Θεὸς
2467 2408 2664 2484 Λόγος,
2693 2408 3007 2486 πάνταρχος
3038 2413 3297 2488 ἀχράντῳ
3330 2411 3511 2490 δόμῳο

2305 2497 2674 2570 Ὀμοσθενοῦς
2705 2495 2762 2553 δὲ
2791 2499 2880 2553 καὶ
2913 2504 3375 2576 συνουσιωμὲνου,

2309 2587 2414 2640 Νῦν
2448 2585 2878 2662 ὲγκατοικίζεται
2911 2589 3222 2662 Πνεύματος
3257 2591 3416 2670 φάος.

2381 2674 2639 2748 Ἰλασμὸς
2672 2679 2829 2749 ἡμῖν,
2861 2679 3080 2754 Χριστὶ,
3112 2681 3203 2734 καὶ
3235 2681 3500 2758 σωτηρία,

2303 2767 2366 2823 Ὁ
2397 2763 2666 2834 δεσπότης
2696 2761 2950 2841 ἔλαμψᾶς
2983 2767 3041 2823 ἇκ
3071 2775 3169 2839 τῆς
3200 2772 3503 2844 Παρθένου,

2304 2855 2399 2912 Ἵν⁹
2431 2855 2505 2917 ὡς
2539 2857 2829 2933 προφήτην
2855 2857 3021 2932 θηρὸς
3055 2856 3115 2912 ἐκ
3146 2856 3462 2934 Θαλαττίου,

2309 2945 2544 3014 Στένων,
2578 2951 2676 3014 τῆς
2708 2946 2914 3020 φθορᾶς
2944 2941 3264 3022 διαρπάσῃς,

2305 3029 2477 3090 Ὅλον
2502 3033 2593 3088 τὸν
2625 3031 2824 3107 Ἀδὰμ,
2858 3043 3094 3110 παγγενῆ
3127 3039 3477 3098 πεπτωκότα,

2375 3124 2616 3199 Ἰμερτὸν
2651 3125 2788 3196 ἡμῖν
2819 3123 2970 3188 εὐθὶς
3005 3123 3056 3179 ἐν
3089 3132 3206 3191 τοῖς
3235 3127 3482 3204 ἐγκάτοῖς

2225 3186 2271 3254 C
2305 3209 2556 3274 Αῗωνίως
2586 3207 2770 3282 ’ἕξουσι
2804 3217 3022 3286 Πνεῦμα
3048 3186 3338 3288 καινίσοίς,

2306 3295 2818 3376 Πατριπροϐλήτως
2847 3301 3108 3368 πάντοθεν
3143 3305 3517 3378 συνημμένον,

2303 3389 2475 3460 Ὕλης
2501 3389 2776 3466 ἀπεχθοῦς
2805 3391 3092 3448 καυστικὸν
3125 3392 3524 3470 μολυσμάτων,

2300 3477 2503 3535 Ῥόπου
2534 3501 2591 3534 τε
2620 3481 2820 3543 παντὸς
2854 3481 3139 3558 ῥυπτικὸν,
3163 3487 3567 3563 παντοκράτορ,

2374 3569 2628 3645 Ὀρεκτὸν
2663 3569 2877 3644 ἀξίωμα
2907 3576 3022 3634 τοῖς
3056 3572 3390 3638 ἀποστόλοις

2304 3657 2593 3719 Σιωνῖταις
2631 3658 2894 3733 μίμνουσί
2926 3682 3022 3716 σου
3054 3664 3377 3737 παρουσίαν,

2301 3749 2618 3824 Γνώρισμα,
2651 3753 2890 3824 Πνεῦμα,
2924 3754 3329 3827 πατρογενήτου
3372 3753 3572 3832 Λόγου,

2303 3839 2524 3914 Λέσχην
2555 3838 2739 3909 ἀπηνῆ
2776 3838 2941 3893 ἐθνῶν
2973 3843 3413 3915 ποππυσμάτων,

2301 3928 2528 3984 Ὤκιστα
2559 3925 2772 3991 δεικνὺς
2798 3929 3090 4005 πυρπνόως
3121 3929 3405 4008 καθιδρῦῃ.

2376 4017 2682 4096 Σῦμφωνον
2705 4017 2960 4092 ἐθρόησεν
2992 4018 3235 4095 ὀργάνων
3271 4020 3460 4094 μέλος,

2305 4103 2518 4179 Σὲϐειν,
2549 4108 2612 4162 τὸ
2646 4107 3044 4184 χρυσότευκτον
3077 4106 3290 4185 ἄψυχον
3327 4111 3521 4186 βρέτας
3555 4113 3687 4186 (84).

1788 4265 1835 4319 J.
1871 4265 2080 4320 BILLII
2120 4265 2705 4322 INTERPRETATIO.

531 4392 755 4449 Fundis
781 4393 925 4448 mihi
958 4391 1171 4458 undas,
1203 4408 1234 4447 ο
1273 4391 1377 4446 Dei
1414 4389 1616 4462 proles
1645 4405 1836 4462 sacra,

531 4466 778 4521 Fervore
813 4465 1055 4536 signans
1087 4463 1341 4536 Spiritus
1375 4461 1763 4536 sanctissimi.

604 4537 695 4590 Nil
729 4543 838 4602 est,
871 4533 1024 4606 genu
1057 4533 1215 4606 quod
1240 4551 1359 4588 non
1389 4533 1695 4606 Paracleto
1730 4550 1902 4588 suum

531 4608 777 4673 Flectat,
812 4605 1120 4676 Patrisque
1155 4606 1303 4660 Filio
1337 4605 1670 4659 simillimo.

530 4685 794 4734 Persona
824 4695 1085 4749 namque
1118 4678 1193 4732 sit
1223 4677 1362 4731 licet
1393 4677 1642 4749 triplex:
1678 4680 1877 4749 tamen

531 4753 829 4830 Duntaxat
859 4747 1250 4830 una’pr‘orsus
1283 4755 1372 4830 est
1403 4747 1755 4830 substantia.

532 4825 677 4878 Nam
705 4821 858 4877 fudit
887 4818 1029 4876 almi
1065 4820 1315 4891 Spiritus
1347 4820 1540 4874 lucem
1575 4818 1791 4874 charis.

605 4896 718 4949 Vos
749 4895 1083 4963 mancipate
1118 4892 1388 4962 protinus
1422 4908 1654 4946 summo
1688 4892 1828 4958 Deo,

527 4966 763 5021 Cultum
798 4965 1089 5020 exhibetis
1120 4965 1219 5034 qui
1257 4964 1452 5017 triluci
1482 4963 1776 5018 essentia).

526 5040 673 5094 Nam
701 5038 882 5094 corda
911 5037 1060 5091 mire
1093 5035 1326 5106 perficit
1359 5034 1699 5090 mortalium
1731 5051 1742 5087 :

527 5112 719 5181 Atque
747 5109 821 5164 ad
853 5109 1107 5164 salutem
1140 5107 1408 5181 Christus
1440 5107 1718 5181 ardentes
1741 5106 1902 5181 facit,

527 5176 678 5258 Dum
709 5199 949 5252 prorsus
979 5195 1219 5258 omnem
1249 5178 1770 5258 Spiritusprzebet
1795 5176 2028 5233 charin.

604 5253 676 5309 Ut
703 5248 896 5307 vestra
916 5251 1080 5305 vobis
1105 5248 1421 5304 deleantur
1452 5248 1722 5314 crimina,

529 5324 772 5379 Haurite
806 5340 1009 5395 quaaso
1045 5321 1298 5392 Spiritus
1331 5338 1526 5395 rorem
1561 5321 1826 5395 igneum,

532 5397 598 5462 Ο,
631 5393 979 5451 luciformes
1013 5409 1162 5463 quos
1195 5393 1426 5463 peperit
1455 5393 1741 5446 Ecclesia.

530 5465 697 5538 δυηο
727 5462 1224 5538 ηειῐηειιιθίέειῐιμοῑει
1255 5462 1326 5538 de
1361 5464 1499 5518 Sion
1529 5463 1622 5538 l_ex
1655 5462 1818 5538 exiit,

529 5533 721 5606 Ignita
745 5533 959 5608 nempe
985 5534 1238 5607 Spiritus
1266 5533 1482 5607 linguai
1507 5535 1724 5590 charis.

602 5660 714 5732 (84)
736 5659 831 5715 Sic
846 5659 1034 5716 Aldus
1054 5658 1350 5714 Manutius
1368 5657 1875 5716 edidit.Basileen.
1888 5655 2107 5732 βλὲτας,
2122 5657 2310 5716 male:
2329 5675 2437 5732 pro
2451 5677 2568 5733 quo
2583 5677 2897 5738 perperam
2915 5661 3124 5719 Billius
3137 5661 3458 5737 legendum
3475 5657 3700 5718 censuit
3716 5647 3907 5731 βλέποςι

2230 4393 2273 4457 D
2385 4390 2553 4444 Venit
2583 4389 2875 4445 arbitratu
2906 4406 3012 4461 pro
3048 4406 3176 4458 suo,
3211 4407 3280 4446 ac
3310 4390 3641 4460 liberrime,

2309 4462 2529 4532 Suique
2554 4462 2734 4533 juris,
2767 4479 2801 4517 a
2833 4464 3085 4517 Parente
3119 4461 3392 4533 Spiritus.

2301 4534 2600 4605 Docetque
2634 4534 2856 4605 linguis
2888 4534 3078 4605 igneis
3105 4533 3446 4604 apostolos,

2302 4604 2490 4658 Vitale
2523 4604 2779 4660 Verbum
2813 4604 3009 4677 signat
3039 4612 3097 4659 et
3128 4606 3331 4671 simul,
3367 4608 3544 4662 Pater

2305 4677 2800 4749 Satumquodiex
2835 4694 2896 4730 se
2929 4677 3181 4749 dictitat,
3217 4695 3324 4749 par
3357 4684 3416 4732 et
3448 4678 3581 4733 sibi.

2375 4747 2561 4820 [tigris
2592 4747 2889 4820 medelam
2923 4747 3230 4803 mentibus
3257 4748 3604 4816 donaverat,

2303 4818 2495 4890 Atque
2528 4826 2774 4944 apparat
2806 4818 3089 4901 disciplos
3121 4820 3393 4903 Christus
3434 4839 3572 4876 suos

2305 4891 2533 4944 Sanctae
2606 4908 2761 4944 101118
2792 4890 2945 4944 labis
2979 4909 3037 4944 in
3071 4909 3220 4944 nura
3246 4891 3444 4944 domo.

2305 4891 2533 4945 Sancta:
2566 4890 2761 4946 Sionis
2792 4890 2945 4946 labis
2979 4892 3037 4946 in
3071 4909 3220 4962 pura
3246 4891 3444 4947 donio.

2305 4965 2472 5018 Nunc
2505 4980 2711 5018 rursus
2743 4980 2914 5033 mqua
2946 4964 3178 5034 praediti
3213 4963 3567 5031 substantia,

2306 5034 2677 5105 Roboreque,
2714 5035 2773 5089 in
2807 5035 2927 5088 illis
2959 5035 3211 5105 Spiritus
3253 5035 3456 5092 lumen
3490 5035 3672 5091 sedet.

2375 5108 2458 5160 Tu
2484 5107 2656 5161 venia
2686 5112 2868 5165 certa.
2903 5106 3154 5173 Christe,
3189 5107 3362 5162 nobis
3395 5113 3454 5163 et
3483 5107 3662 5175 salus,

2303 5181 2385 5233 Ex
2414 5177 2548 5250 labe
2579 5195 2728 5250 pura
2756 5177 3031 5250 prodiisti
3067 5179 3304 5250 Virgine
3331 5195 3344 5234 :

2305 5251 2396 5316 Ut,
2429 5249 2711 5304 belluinis
2743 5249 3014 5304 faucibus
3043 5249 3252 5305 Jonam
3287 5249 3466 5315 velut,

2301 5321 2485 5402 Primi
2518 5321 2804 5402 parentis
2819 5321 2902 5376 sic
2930 5337 3118 5402 genus
3151 5321 3311 5392 quod
3344 5321 3589 5402 corruit,

2302 5396 2349 5448 Α
2381 5391 2756 5464 ιαὺολῐηοινὶίε
2790 5391 3048 5464 horridaa
3081 5391 3295 5464 potens
3327 5394 3550 5448 trahas.

2377 5462 3106 5536 DesideratumSpiritum
3139 5470 3367 5521 rectum
3399 5469 3588 5530 tuum,

2309 5534 2352 5591 Ο
2382 5533 2636 5604 Christe,
2671 5534 2844 5592 nobis
2864 5533 3096 5594 'innova
3124 5537 3187 5593 in
3217 5536 3584 5610 praecordiis,
