4160 6438
297 385 418 441 837

290 512 369 567 Ἡ
403 513 502 565 τοῦ
536 504 903 582 Παρακλήτου
936 503 993 560 δὲ
1024 505 1313 581 φωσφόρος
1348 505 1535 578 χάρις,

292 595 676 671 Σεδασμιάζει
707 600 804 651 τοῦ
841 596 995 669 βοᾷν,
1027 596 1197 669 Τριὰς
1234 592 1399 665 μόνη,

288 687 627 755 Ἰσοσθενής,
656 682 925 759 ἄναρχος,
959 681 1266 757 εὐλογητὸς
1297 683 1367 735 εἷ.

381 778 577 845 Φωνὴν
602 772 1131 851 προφητόφθεγκτον
1164 770 1523 848 ἠγνοηκότες,

291 871 581 946 Ἐφασκον
613 863 973 931 οἱνότευκτον,
1008 860 1262 936 ἄφρονες,
1303 862 1494 933 μέθην,

291 958 514 1027 Ῥήσεις
545 952 979 1027 ξενηκούσῦησαν
1011 951 1085 1013 ὡς
1120 948 1467 1005 ἀποστόλων.

296 1048 377 1105 Οἱ
407 1040 645 1105 εὐσεϐεῖς
675 1040 732 1097 δὲ
754 1062 838 1096 σοι
879 1042 1096 1116 βοῶμεν
1131 1040 1348 1109 ἐνθὲως,

296 1135 556 1210 Νεουργὶ
583 1133 675 1188 τον]
708 1130 1018 1203 σῦμπαντος
1058 1128 1361 1205 εὐλογητὸς
1395 1128 1461 1183 εἴ.

383 1225 578 1282 Θέσπιν
607 1216 1035 1296 κατεϐρόντησεν
1070 1220 1097 1274 ὁ
1137 1218 1356 1294 βΛὲπων
1391 1213 1519 1292 ὅπα,

295 1316 530 1375 ’Ένθους
560 1309 756 1381 Ἰωήλ,
787 1314 884 1365 τοῦ
917 1309 1386 1384 θεαρχικωτάτου,

290 1405 396 1467 Οἷς
428 1403 634 1479 ἐκχεῶ,
668 1403 966 1471 φήσαντος,
1000 1399 1088 1453 οἷὰ
1131 1419 1229 1471 περ
1266 1394 1468 1473 Λόγον,

288 1497 410 1550 Τοῦ
444 1487 759 1564 ΙΙνεόματός
786 1510 890 1563 μου
918 1485 1293 1562 συμϐοήσουσι
1328 1486 1486 1553 φύσις

290 1584 363 1639 Ἦ
394 1580 974 1659 τρισσοφεγγόφωτος,
1011 1578 1320 1653 εὐλογητὸς
1348 1578 1413 1633 εἴ.

378 1673 585 1746 Τριττὴ
622 1671 717 1744 μὲν
749 1669 1078 1744 εὐμοίρησεν
1115 1668 1273 1742 ὡρῶν
1302 1668 1402 1737 τὴν
1426 1667 1609 1742 χάριν,

300 1764 505 1824 ’Όπως
537 1760 866 1837 ἐπεμφήνειε
895 1762 1041 1831 τρεῖς
1077 1754 1422 1825 ὑποστάσεις,

305 1848 504 1908 Σέὄειν
534 1850 584 1905 ὲδ
616 1848 889 1919 ἁπλότητι
922 1854 1021 1916 τῆς
1054 1846 1318 1917 ἐξουσίας.

302 1942 475 1999 Ἀλλ’
500 1942 552 1997 ἐν
591 1946 689 2015 μιᾷ
721 1945 811 1995 νῦν
847 1943 1075 2012 ἡμερῶν
1104 1942 1171 2012 τῇ
1207 1937 1396 2011 Κυρίᾳ,

293 2033 457 2101 Υἱὸς,
490 2033 699 2105 Πατὴρ,
729 2029 821 2085 xxi
856 2030 1094 2101 Πνεῦμα,
1124 2026 1429 2102 εὐλογητὸς
1461 2025 1528 2084 εἴ.

377 2122 509 2180 Ausi
538 2121 603 2176 τὰ
632 2118 825 2194 δεσμὰ,
857 2120 947 2174 καὶ
979 2116 1217 2194 δροσίζει
1250 2118 1350 2186 τὴν
1384 2115 1587 2194 φλόγα,

286 2214 367 2270 Ὀ
398 2200 798 2286 τρισσοφεγγῆς
827 2216 925 2278 τῆς
955 2206 1212 2282 θεαρχίσις
1241 2206 1432 2277 τόπος,

290 2304 564 2376 Ὑμνοῦσι
595 2298 808 2366 παῖδες,
842 2300 1122 2372 εὐλογεῖτε
1150 2297 1242 2351 τὸν
1282 2296 1473 2369 μόνον,

287 2397 566 2466 Σωτῆρα,
595 2389 688 2443 καὶ
720 2388 1059 2461 παντουργὸν
1090 2387 1165 2447 ὡς
1198 2386 1511 2461 εὐεργέτην,

281 2479 365 2536 Ἠ
396 2476 872 2555 δημιουργηθεῖσα
901 2477 1157 2549 σύμπασα
1196 2475 1393 2537 κτίσις.

374 2570 616 2640 Μνήμην
649 2569 676 2623 ὁ
708 2569 940 2643 Χριστὸς
972 2571 1079 2620 τῶν
1114 2566 1463 2640 βροτοσσόων
1500 2562 1669 2637 ἐπῶν,

283 2657 800 2731 Ἀπατρακουσοεὶς
831 2661 955 2718 τοῖς
986 2654 1319 2716 ἀποστόλοις
1351 2652 1479 2731 ἔφη,

288 2748 380 2804 Ti)
414 2746 633 2821 Πνεῦμα
660 2745 846 2822 τεύχει
878 2744 1389 2821 γλωσσοπυρσεῦτῳ
1415 2747 1552 2815 Θεῷ.

285 2838 545 2915 Ἐςρίζον,
579 2836 879 2911 εὖλογητὸν
912 2834 1284 2907 οἷ’κειουμὲνη,

293 2925 767 3002 ἸῙλλοτριωμὲνη
799 2921 857 2979 δὲ
884 2922 1081 2993 μὲλπει
1116 2944 1173 2976 σε
1199 2922 1392 2982 κτίσις.

379 3012 789 3088 Σωτηριωδῶς,
821 3009 1236 3072 αὐτοδεσπότως
1269 3011 1347 3064 ἰὸν
1363 3058 1374 3080 ,

293 3110 433 3166 Φῶς
470 3103 845 3175 αὖτολαμπὲς,
877 3102 965 3156 καὶ
1002 3101 1327 3173 παρεκτικὸν
1363 3099 1536 3176 φάους

288 3196 605 3268 ’Υπάρχον,
636 3193 766 3260 ἧκες
798 3190 1075 3266 ἐμφοροῦν
1106 3188 1474 3256 ἀποστόλους,

291 3286 518 3356 Τιμῆεν
549 3282 625 3345 ὡς
650 3282 806 3354 ἄημα
834 3286 951 3341 τοῖς
987 3285 1104 3340 σοῖς
1138 3277 1395 3346 οἰκὲταις,

292 3370 761 3446 Λελιποιρημὲνον
786 3390 847 3424 τε
881 3372 1100 3440 Πνεῦμα
1132 3366 1490 3441 προσνεμοις.

374 3466 511 3530 ⁷ῌσε
540 3463 839 3537 προφητῶν
876 3456 1372 3533 πνευμιτὲμφορον
1407 3455 1605 3529 στόμα,

305 3551 423 3618 Σήν
458 3545 835 3621 σωματωδῶς,
862 3548 906 3601 ὧ
937 3543 1152 3615 Μέδων,
1185 3542 1309 3614 ἐνδη
1325 3545 1474 3617 μίαν,

305 3638 413 3693 Καὶ
439 3642 649 3710 Πνεῦμα
677 3635 905 3692 κόλπων
939 3639 1216 3710 πατρικῶν
1250 3633 1627 3708 προηγμένον,

309 3732 622 3799 “¹Ακτιστον,
654 3725 1168 3799 συμπλάστονργον,
1195 3721 1485 3798 σύνθρονον
1515 3724 1687 3791 σέθεν,

303 3816 433 3879 Ἳεές
464 3816 929 3893 ἐνανθρωπήσεως
954 3818 1169 3875 πιστοῖς
1197 3810 1377 3875 σὲϐας.

1847 376 2205 434 GARMINA.
2356 380 2363 383 ⁴

2100 378 2205 432 51A.
2356 380 2363 383 ⁴
3636 384 3743 442 838

2006 508 2058 574 Α
2091 505 2379 561 Paracleti
2402 504 2601 564 autem
2634 504 2891 565 lucifera
2910 507 3100 582 gratia

2084 596 2304 667 Dignos
2334 597 2475 651 facit
2496 604 2564 652 ut
2593 599 2877 663 clament,
2911 601 2953 654 Ο
2984 599 3239 654 Trinitas
3270 601 3419 665 sola,

2082 686 2471 757 Equipotens
2501 688 2629 742 sine
2662 689 2977 760 principio.
3013 688 3329 745 benedicta
3357 706 3443 745 es.

2155 776 2368 830 Vocem
2409 793 2443 831 a
2474 778 2763 847 propheta
2801 777 3021 832 dictam
3056 780 3156 849 qui
3190 779 3559 851 ignorarunt,

2082 864 2369 919 Dicebant
2398 866 2585 933 stulti,
2609 868 2823 921 factam
2852 884 2885 921 a
2911 868 3046 921 vino
3080 867 3450 926 ebrietatem.

2082 954 2356 1024 Loquelae
2392 956 2720 1027 peregrina;
2752 956 2968 1011 audita;
3000 963 3158 1025 sunt,
3192 964 3260 1013 ut
3305 960 3735 1031 apostolorum.

2079 1043 2167 1097 Pii
2198 1050 2397 1100 autem
2432 1046 2538 1100 tibi
2573 1046 2900 1101 clamamus
2926 1047 3209 1103 divinitus

2080 1136 2335 1190 Novifice
2357 1137 2638 1204 universi,
2671 1136 3022 1191 benedictus
3055 1155 3136 1193 es.

2152 1225 2592 1281 Vaticinantem
2624 1227 2930 1298 pertonuit
2959 1226 3165 1282 videns
3196 1244 3419 1297 vocem,

2080 1314 2198 1369 Deo
2220 1315 2434 1385 plenus
2462 1316 2610 1380 Joel,
2644 1315 3000 1371 divinissimi
3024 1318 3395 1388 principatus
3420 1336 3432 1372 :

2078 1402 2305 1467 Quibus
2338 1404 2660 1473 effundam,
2695 1404 2912 1472 aiebat,
2960 1410 3243 1476 tanquam
3278 1407 3553 1475 Verbum,

2080 1494 2159 1548 De
2192 1494 2411 1565 Spiritu
2443 1513 2592 1559 meo,
2631 1514 2752 1552 una
2782 1497 3130 1553 clamabunt
3163 1514 3175 1551 :
3208 1498 3251 1554 Ο
3282 1504 3497 1554 natura

2078 1585 2318 1656 Triplici
2350 1588 2669 1658 splendore
2701 1588 2930 1655 lucens,
2959 1589 3277 1644 benedicta
3310 1606 3392 1645 es.

2149 1676 2344 1731 Tertia
2374 1677 2616 1747 quidem
2649 1684 2823 1733 nacta
2856 1682 2947 1732 est
2968 1678 3247 1734 horarum
3273 1680 3545 1751 gratiam,

2078 1763 2150 1817 Ut
2176 1762 2632 1831 demonstraret,
2669 1771 2788 1821 tres
2822 1765 3183 1822 substantias

1997 1889 2045 1954 Β
2079 1852 2336 1908 Adorare
2370 1855 2429 1908 in
2458 1855 2838 1925 simplicitate
2868 1856 3220 1926 potestatis:

2076 1941 2188 1996 Sed
2237 1943 2299 1998 in
2328 1960 2449 1997 una
2476 1960 2636 1998 nunc
2668 1944 2896 1999 dierum
2935 1944 3198 2007 domina,

2078 2031 2281 2099 Filius,
2316 2034 2509 2101 Pater,
2544 2039 2601 2087 et
2633 2034 2908 2105 Spiritus,
2943 2034 3291 2090 benedictus
3325 2051 3407 2090 es.

2151 2121 2332 2176 Solvit
2351 2122 2605 2191 vincula,
2632 2129 2689 2178 et
2721 2129 2883 2177 rorat
2913 2122 3217 2178 ﬂammam

2077 2212 2269 2266 Terno
2296 2211 2522 2265 lumine
2552 2211 2923 2283 principatus
2954 2212 3164 2268 forma.

2080 2299 2348 2355 Laudant
2377 2302 2567 2371 pueri,
2603 2301 2840 2356 laudate
2873 2302 3067 2357 solum

2079 2389 2527 2457 Salvatorem,et
2544 2389 2915 2445 conditorem
2934 2392 3201 2446 omnium
3224 2396 3284 2447 et
3300 2392 3739 2450 benefactorem

2077 2479 2287 2533 Creata
2317 2480 2592 2533 universa
2623 2485 2915 2534 creatura.
3389 2483 3736 2555 [salvantur,

2150 2567 2493 2622 Memoriam
2543 2568 2810 2622 Christus
2832 2569 3147 2625 verborum
3182 2571 3398 2641 quibus
3453 2573 3738 2629 mortales

2077 2657 2215 2721 Quae
2248 2673 2282 2710 a
2312 2658 2483 2710 Patre
2513 2657 2756 2723 audivit,
2790 2659 3077 2728 apostolis
3110 2659 3277 2715 dixit.

2080 2746 2329 2816 Spiritus
2360 2752 2656 2816 praeparat
2683 2746 3022 2818 linguarum
3056 2748 3362 2820 ignearum
3396 2753 3735 2822 spectaculo

2076 2834 2370 2903 Insidens,
2403 2835 2808 2899 benedictum,
2838 2837 3205 2893 assimilata:

2077 2924 2349 2979 Alienata
2379 2940 2514 2978 vero
2548 2924 2752 2979 laudat
2783 2932 2837 2979 te
2863 2928 3105 2980 creatio.

2148 3013 2402 3068 Salutari
2427 3014 2656 3067 ratione
2690 3031 2795 3068 sua
2826 3021 3117 3084 potestate
3152 3017 3280 3072 iens

2076 3107 2196 3158 Lux
2227 3120 2333 3173 per
2364 3120 2426 3157 se
2458 3103 2792 3173 splendida,
2828 3109 2887 3157 et
2915 3104 3109 3158 datrix
3144 3105 3391 3160 luminis

2077 3193 2402 3255 Exsistens,
2435 3192 2645 3245 venisti
2673 3198 2739 3245 ut
2778 3192 3060 3264 impleres
3091 3194 3414 3264 apostolos,

1995 3263 2039 3330 C
2079 3281 2317 3335 Honora
2334 3287 2457 3335 tum
2494 3286 2777 3351 tanquam
2802 3281 3071 3336 habitum
3106 3263 3221 3338 tuis
3255 3263 3458 3353 servis,

2084 3370 2506 3440 Illustremque
2539 3370 2824 3440 Spiritum
2858 3370 3201 3427 distribuas.

2153 3459 2382 3513 Cecinit
2412 3460 2839 3529 prophetarum
2874 3460 3092 3530 Spiritu
3127 3462 3372 3532 plenum
3404 3480 3491 3530 os,

2083 3548 2270 3602 Tuum
2305 3548 2715 3618 corporaliter,
2749 3566 2781 3602 o
2814 3550 3083 3617 Domine,
3118 3551 3457 3619 adventum,

2083 3638 2154 3691 Et
2184 3638 2469 3709 Spiritum
2503 3638 2732 3692 sinibus
2765 3640 3031 3709 paternis
3063 3641 3421 3711 productum

2083 3728 2443 3794 Increatum,
2478 3728 2906 3794 confactorem,
2941 3745 3355 3784 concessorem
3387 3738 3576 3797 tuum,

2084 3816 2270 3880 Quem
2304 3816 2514 3870 misisti
2550 3816 2980 3873 incarnationis
3014 3819 3292 3875 ﬁdelibus
3324 3820 3663 3876 colendum.

1579 3989 1625 4043 Ι.
1671 3988 1879 4043 BlLLII
1916 3988 2482 4043 INTERPRETATIO

318 4152 371 4227 ᾼ
398 4150 569 4227 Patre
603 4145 714 4227 qui_
737 4146 858 4227 exit
891 4162 903 4198 :
937 4160 1181 4227 prorsus
1212 4148 1389 4214 atque
1414 4141 1711 4227 jungitur,

319 4218 662 4288 Sordesque
690 4217 875 4272 fmdas
916 4216 1233 4271 criminum
1266 4220 1511 4270 cunctas
1544 4218 1789 4288 cremat,

322 4285 707 4359 Maculasque
740 4305 985 4359 prorsus
1016 4289 1068 4341 vi
1103 4304 1210 4342 sua
1248 4302 1486 4359 summa
1517 4285 1683 4341 eluit.

399 4364 588 4417 Decus
611 4358 1053 4431 expectendum
1087 4366 1147 4413 tu
1181 4358 1443 4431 Sionitis,
1478 4362 1638 4411 tuam

324 4434 629 4506 Apostolis
667 4430 1049 4506 manentibus
1082 4430 1488 4506 praesentiam,

324 4500 691 4571 O'Pneuma,
725 4503 1031 4558 declarant
1061 4500 1252 4556 satum
1286 4500 1540 4554 Verbum
1576 4501 1771 4567 Patre,

324 4580 637 4657 Melasque
670 4575 1152 4657 ιιιιίέίιξβεηιίιξτη
1187 4577 1577 4657 Ρορρϊβωξιξει

324 4643 685 4706 Monstrans.
720 4643 781 4701 in
816 4643 936 4701 illis
976 4647 1165 4701 instar
1196 4643 1351 4716 ignis
1382 4643 1629 4716 insides.

402 4723 521 4775 liex
553 4718 909 4789 imperabat,
942 4718 1181 4789 organis
1214 4714 1590 4779 canentibus,

326 4790 629 4847 Adhibere
664 4790 889 4845 cultum
921 4790 1193 4860 protinus
1227 4792 1435 4860 statuae
1467 4802 1684 4860 aurem.

326 4863 597 4921 Lucifera
617 4868 825 4917 contra
854 4859 1197 4916 Pneumatis
1228 4859 1417 4915 sancti
1449 4859 1665 4924 charis,

328 4936 600 4991 Clamare
634 4949 743 4989 nos
775 4934 932 4988 vult:
969 4934 1117 4987 Laus
1149 4931 1253 4987 tibi
1289 4931 1420 4993 soli,
1453 4930 1639 4997 Trias,

328 5008 508 5064 Ortus
537 5012 595 5061 et
625 5023 856 5077 expers,
890 5011 946 5060 et
977 5005 1135 5076 paris
1164 5003 1467 5077 potentias.

404 5080 573 5133 Vocis
608 5072 911 5149 prophetae
946 5072 1129 5130 nescii
1164 5072 1217 5129 io
1244 5072 1677 5149 dementiam!)

329 5152 543 5217 Musto,
578 5144 951 5219 inquirebant,
988 5147 1364 5202 commadere
1396 5144 1721 5216 apostolos,

331 5222 563 5278 Audita
594 5228 660 5275 ut
691 5222 810 5275 illis
842 5225 983 5275 sunt
1012 5219 1211 5274 statim
1244 5234 1414 5271 voces
1445 5233 1629 5272 novas.

332 5294 672 5349 Clamamus
704 5299 899 5349 autem
934 5308 1042 5345 nos
1074 5291 1179 5345 tibi
1212 5288 1495 5343 divinitus
1526 5305 1537 5342 :

334 5364 507 5421 Orbis
539 5371 804 5431 novator,
836 5364 909 5419 sit
939 5370 1035 5417 tuo
1068 5363 1199 5417 laus
1230 5360 1479 5415 nomini.

407 5439 520 5491 Per
550 5455 653 5494 ora
682 5437 828 5492 vatis
858 5436 1138 5489 intonans
1172 5448 1441 5488 summus
1473 5432 1646 5484 Pater

330 5507 536 5581 Joelis,
570 5510 786 5581 inquit,
819 5507 911 5573 Hi,
941 5506 1177 5581 quibus,
1219 5503 1473 5559 Verbum
1504 5502 1683 5569 velut,

332 5579 601 5655 Eundem
626 5579 916 5655 benignus
949 5579 1234 5648 Spiritum
1267 5580 1487 5655 sancta]

330 5652 453 5724 Hoc
484 5644 893 5724 praedicab'unt
918 5644 1369 5724 orecommuni,
1386 5644 1599 5724 _'_I‘rilux

327 5717 575 5796 Natura,
609 5724 847 5781 laudem
886 5720 1141 5793 quilibet
1168 5720 1329 5776 dicat
1357 5717 1486 5772 tibi.

990 5578 1234 5648 piritum
1267 5580 1539 5648 sanctum
1570 5589 1793 5644 meum,

2172 4142 2273 4195 Est
2302 4146 2622 4213 consecuta
2651 4142 2900 4213 gratiam
2934 4144 3081 4200 hora
3119 4146 3315 4213 tertia,

2102 4214 2173 4268 Ut
2198 4230 2309 4288 nos
2332 4212 2573 4288 doceret
2600 4214 2794 4288 colere
2828 4221 2947 4269 tres
2974 4212 3325 4288 hypostases

2099 4288 2165 4339 In
2199 4284 2425 4357 unitate
2458 4284 2716 4353 simplici
2746 4284 3047 4357 potentiai.

2100 4360 2174 4412 At
2206 4373 2367 4411 nunc
2399 4356 2460 4409 in
2492 4372 2613 4410 una
2635 4358 2763 4426 jam
2795 4359 2890 4413 die
2926 4361 3040 4414 Deo
3074 4377 3243 4415 sacra

2098 4428 2226 4483 Tibi
2260 4427 2389 4481 dico
2409 4427 2675 4500 laudem,
2711 4430 2984 4500 Spiritus,
3022 4432 3276 4486 Verbum
3307 4434 3501 4489 Pater.

2172 4502 2241 4553 Et
2270 4499 2463 4553 vincla
2514 4501 2756 4570 rumpit,
2820 4502 3113 4557 roscidam
3148 4509 3206 4557 et
3265 4505 3569 4569 ﬂammam
3618 4508 3761 4564 fecit

2018 4609 2064 4674 D
2100 4574 2293 4674 Typus
2327 4571 2590 4674 supremi
2625 4574 2887 4674 unguinis
2920 4575 3255 4657 trilucidus.

2094 4645 2345 4699 Juvenes
2379 4648 2661 4697 canentes
2695 4646 2909 4700 Rerum
2942 4648 3211 4701 omnium

2098 4715 2407 4791 Summum
2436 4720 2765 4785 parentem,
2799 4719 3073 4791 progsuisi
3092 4719 3483 4791 amplissimis

2098 4786 2340 4863 Meritis,
2375 4791 2639 4863 creatum
2672 4793 2762 4841 est
2792 4786 3081 4860 quidquid
3114 4790 3174 4845 in
3194 4786 3455 4863 ‘mundo,
3488 4800 3681 4852 canat.

2171 4862 2208 4913 Α
2243 4860 2414 4933 Patre
2446 4857 2654 4933 doctus
2686 4857 2824 4929 quae,
2849 4857 2974 4915 suis
2999 4864 3284 4933 apostolis

2098 4932 2283 4985 Certae
2320 4929 2527 4984 salutis
2560 4931 2736 5000 plena
2767 4929 3051 4988 Christus
3068 4935 3320 4990 dixerat.

2101 5003 2319 5076 Horum
2354 5002 2695 5076 memoriam
2732 5004 2982 5076 Spiritus
3015 5007 3099 5059 eis
3131 5009 3388 5076 rei‘ricat,

2101 5073 2339 5143 Linguis
2372 5073 2441 5145 in,
2467 5072 2617 5144 ignis
2651 5073 2938 5129 insidens.
2974 5078 3037 5131 In
3069 5080 3318 5145 gratiam

2099 5147 2315 5199 Tecum
2348 5144 2599 5209 reducti,
2636 5145 2911 5201 laudibus
2945 5154 2998 5201 te
3031 5145 3379 5203 attollimus.

2170 5218 2405 5290 Certam
2435 5216 2505 5271 ad
2542 5215 3070 5290 salutemprorsus
3098 5238 3165 5276 ac
3198 5221 3490 5290 heriliter,

2101 5289 2221 5341 Lux
2251 5287 2411 5342 clara
2443 5304 2550 5358 per
2580 5292 2656 5355 te,
2688 5287 2841 5344 lucis
2860 5296 2918 5345 et
2945 5291 3102 5346 clare
3134 5293 3346 5359 datrix,

2104 5360 2347 5433 Venisti,
2380 5366 2447 5433 ut
2478 5362 2967 5433 omnesimpleas
2998 5364 3299 5433 apostolos

2098 5432 2298 5504 Flatus
2325 5430 2403 5504 ad
2435 5431 2641 5504 instar.
2684 5430 2966 5502 Spiritum
2999 5430 3338 5504 petentibus

2099 5502 2291 5557 Servis
2324 5501 2617 5573 benignus
2646 5501 2912 5573 praabeas
2944 5501 3119 5560 velim
3154 5506 3291 5561 tuis.

2170 5574 2450 5629 Cecinere
2483 5580 2641 5628 vates
2663 5575 2881 5629 conciti
2900 5575 3185 5631 divinitus

2099 5643 2163 5720 In
2196 5661 2394 5720 carne,
2423 5660 2654 5699 summe
2688 5648 2828 5713 Rex,
2862 5652 3022 5720 tuam
3064 5649 3468 5720 praesentiam,

2096 5719 2178 5772 Ac
2210 5719 2478 5773 Pneuma
2510 5720 2781 5773 sanctum
2812 5719 3095 5789 prodiens
3122 5720 3313 5777 Patris
3346 5720 3503 5791 sinu,
