4160 6386
477 349 585 407 839
1762 349 1824 402 Β.
1863 345 2120 402 JOANN]

2225 343 2628 402 ΟΔΠΔωΒΝῙ
3772 348 3868 407 840

542 473 729 539 Salve,
761 472 1004 547 Regina,
1039 469 1524 544 matrivirginalis
1554 468 1763 542 gloria,
2157 485 2185 548 Α

2157 485 2210 548 Α
2281 453 2560 540 ’Χαίροις,
2590 462 2810 537 ἄνασσα,
2848 464 3297 541 μητροπάρθενον
3325 459 3512 526 κλίος.

469 566 654 621 Omne
683 564 843 619 enim
872 562 1310 628 benevolubile,
1345 561 1496 615 bene
1532 559 1789 631 loquens
1819 577 1886 615 os

1708 576 1789 615 :ns
1819 577 1886 615 os
2236 556 2410 612 Ἀπαν
2440 555 2541 631 γὰρ
2575 552 2851 624 εὐδίνητον
2885 552 3122 610 εὕλαλον
3151 552 3351 626 στόμα,

470 653 828 710 Rhethorica
857 659 980 708 arte
1014 669 1132 706 non
1161 656 1356 722 potest
1387 655 1441 705 te
1474 648 1715 704 laudare
1747 649 1946 722 digne.

1811 666 1946 722 gne.
2237 645 2586 722 ῘΡητορεῦον,
2625 643 2687 698 οὐ
2722 643 2892 698 σθὲνει
2912 665 2970 698 σε
3005 642 3233 718 μὲλπειν
3261 642 3450 716 ἀξίως.

471 743 696 816 Caligat
723 749 920 797 autem
953 757 1123 797 mens
1155 717 1352 794 omnis
1383 739 1457 795 ad
1493 744 1661 794 tuum
1692 717 1928 810 partium

1698 717 1928 810 partium
2239 717 2469 808 'lltnii
2501 730 2558 786 δὲ
2586 737 2712 794 νοῦς
2746 734 2885 795 ἅπας
2915 717 3013 788 σου
3036 732 3128 788 τὸν
3156 727 3341 791 τόκον.

473 832 984 905 Cognosoendum.
1001 830 1156 885 unde
1175 835 1230 885 te
1243 846 1378 884 cum
1396 829 1692 884 desiderio
1705 828 2116 901 gloriﬁcamus.

1684 828 2127 901 igloriﬁcamus.
2238 825 2425 890 Νοεῖν,
2458 820 2577 884 ὅθεν
2611 840 2669 874 σε
2700 822 2792 875 σὺν
2821 820 2976 892 πόθῳ
3007 818 3327 893 δοξάζομεν.

543 923 792 978 Cantare
821 921 990 976 decet
1019 925 1296 976 naturam
1327 919 1725 974 vivificantem
1749 917 2013 990 puellam
2042 933 2055 971 :

1697 935 1725 974 u
1749 917 2013 990 puellam
2042 933 2055 971 :
2311 912 2497 988 ’ᾼδειν
2531 913 2675 970 ἔοικε
2701 916 2803 984 τήν
2836 915 3105 993 φυσίζωον
3148 913 3340 988 κόρην.

475 1011 609 1068 Sola
641 1011 799 1066 enim
833 1011 893 1065 in
925 1009 1240 1082 profundis
1271 1008 1589 1065 occultavit
1621 1008 1900 1077 Verbum,

1703 1008 1900 1077 rbum,
2239 1005 2398 1074 Μόνη
2426 1003 2528 1080 γὰρ
2559 1003 2610 1059 ἐν
2643 1000 2822 1078 δίνῃσι
2851 1003 3107 1082 κεκρόφει
3140 1001 3342 1076 Λόγον,

469 1100 791 1173 [Εενοῑδηῐί
824 1099 1072 1155 medens
1098 1099 1442 1154 mortalium
1474 1104 1702 1154 natura)
1729 1115 1742 1152 :

2240 1093 2523 1150 Νοσοῦσαν
2553 1092 2878 1157 ἀλθαίνοντα
2906 1092 3006 1161 τὴν
3044 1092 3256 1167 βροτῶν
3290 1089 3470 1168 φύσιν.

471 1190 636 1254 Quod
665 1189 888 1244 dextris
919 1188 1163 1244 sedibus
1189 1205 1350 1243 nunc
1381 1187 1596 1243 sedens

2240 1184 2338 1244 ⁸ος
2372 1179 2568 1254 δεξιοῖς
2601 1179 2890 1255 κλισμοῖσι
2923 1185 3015 1235 νῦν
3050 1177 3341 1256 ἱδρυμένος

473 1281 686 1348 Patris,
719 1281 885 1335 misit
912 1279 1161 1352 gratiam
1195 1279 1468 1350 Spiritus.

2244 1271 2478 1346 Ηατρὸς,
2502 1271 2760 1348 πέπομφε
2787 1271 2887 1339 τήν
2919 1271 3082 1346 χάριν
3114 1273 3211 1324 τοῦ
3244 1269 3579 1340 Ηνεύματος,

546 1371 944 1439 Quoscunque
978 1369 1290 1440 inspiravit
1320 1368 1540 1424 deillua
1569 1368 1758 1441 gratia

1744 1385 1758 1423 l
2311 1364 2502 1422 ’Όσοις
2533 1357 2783 1416 ἔπνευσαν
2817 1361 2850 1430 ή
2877 1358 3171 1436 Θεόρῥυτος
3206 1357 3387 1433 χάρις,

474 1459 888 1531 Splendenies,
922 1458 1312 1530 fulgurantes,
1355 1457 1701 1528 permutati,

2245 1451 2580 1523 Δάμποντες,
2614 1449 3033 1520 ἀστράπτοντες,
3066 1445 3444 1520 ήλλιωμὲνοι,

477 1549 828 1604 Hesternam
861 1548 1388 1619 permutationem,
1413 1545 1918 1614 decentissimam,

1618 1545 1918 1614 .issimam,
2245 1541 2483 1604 Ὀθνείαν
2517 1539 2836 1610 ἀλλοίωσιν,
2873 1540 3261 1616 εὐπρεστάτην,

475 1637 975 1708 Aﬁquipotentem,
996 1636 1416 1690 indivisibilem
1437 1641 1862 1708 cognoscentes
1887 1632 2113 1706 [camus

1694 1641 1862 1689 entes
1887 1632 2134 1706 [camus.
2247 1630 2672 1698 Ἱσοσθενοῦσαν,
2703 1629 2802 1697 τήν
2832 1629 3075 1701 ἄτμητον
3109 1625 3333 1698 εἰδότες,

473 1727 834 1800 Sapientem,
857 1726 1108 1798 triplicis
1131 1725 1467 1798 splendoris
1489 1724 1884 1781 substantiam
1911 1721 2116 1795 glorill

1697 1724 1884 1780 ntiam
1911 1721 2136 1795 glorill-
2249 1719 2455 1796 Σοφήν,
2485 1717 2782 1795 τρίφεγγον
2813 1716 2997 1773 οὐσίαν
3023 1713 3339 1790 δοξάζομεν.

1724 1937 1772 1993 J.
1816 1935 2024 1992 BILLII
2063 1935 2650 1991 INTERPRETATIO.

479 2138 550 2192 Ut
582 2141 642 2191 tu
674 2137 1025 2204 increatum,
1061 2153 1166 2207 par
1196 2136 1322 2200 tibi,
1358 2152 1559 2190 rerum
1593 2152 1833 2207 parens,
2168 2135 2216 2201 Β
2247 2135 2435 2202 Egris
2465 2135 2760 2207 medelam
2795 2135 2896 2206 qui
2931 2133 3454 2207 tulitmortalibus
3487 2150 3500 2188 :

479 2209 660 2263 Mittis
691 2208 1003 2263 colendum
1031 2205 1294 2279 praeditis
1328 2207 1442 2262 fide
1467 2205 1624 2262 viris.
1701 2278 1710 2279 ί
2253 2207 2599 2279 Dextrisque
2629 2206 2731 2278 qui
2765 2205 2921 2279 nunc
2950 2206 3191 2279 sedibus
3213 2206 3410 2279 Patris
3441 2205 3678 2276 sedens,

550 2281 792 2351 Regina,
827 2279 1010 2341 salve,
1033 2277 1234 2334 'mater
1264 2284 1322 2333 et
1351 2279 1509 2351 virgo
1540 2278 1735 2333 simul
2249 2277 2661 2334 Desideratam’
2688 2277 2948 2351 Spiritus
2977 2277 3148 2351 misit
3173 2278 3404 2351 charin.

479 2349 660 2407 Nulla
681 2351 930 2422 reperiri
959 2351 1161 2423 lingua
1192 2357 1310 2405 tam
1343 2349 1619 2423 volubilis
2321 2352 2455 2416 Nos,
2489 2351 2660 2420 queis
2691 2349 2953 2423 supremi
2986 2349 3260 2404 numinis
3293 2349 3460 2406 ﬂavit
3494 2349 3718 2421 charis,

478 2425 698 2503 Rotest.
725 2421 897 2503 tuum
920 2421 1363 2503 quaa'concinat
1395 2422 1570 2494 digne
1599 2423 1805 2503 decus.
2248 2423 2374 2503 lam
2399 2421 2951 2503 charitatepraaditi
2984 2427 3324 2503 summa,_et
3354 2437 3515 2503 novo

479 2494 1152 2576 luenslanguetom‘nis,
1187 2493 1720 2576 cogitanspartum
1755 2501 1946 2549 tuum.
2250 2493 3009 2576 étqoueelegantiprorsus
3038 2493 3255 2574 inversi
3285 2493 3482 2562 modo,

479 2565 706 2638 Cupido
737 2565 876 2638 ergo
909 2565 1144 2638 laudem
1180 2565 1435 2638 dicimus
1461 2565 1564 2620 tibi
1591 2572 1852 2637 pectore.
2251 2565 2564 2638 Divisiénis
2584 2565 2864 2638 ’Trinitati
2897 2565 3136 2638 nescias,

554 2635 700 2693 Vitaa
727 2635 992 2710 parentis
1027 2638 1280 2710 Virginis
1312 2637 1518 2710 laudes
1543 2635 1715 2692 decet
2251 2637 2555 2710 Cujusque
2584 2637 2670 2693 vis
2699 2641 2792 2693 est
2820 2652 2993 2708 aqua.
3028 2635 3286 2692 Laudem
3317 2635 3615 2692 dicimus.

479 2708 752 2766 Cantare’.
787 2709 922 2766 Sola
943 2708 1148 2765 ventre
1169 2725 1302 2765 nam
1331 2708 1546 2766 clausit
1575 2714 1776 2784 Λογον,

921 3229 1091 3284 EJUS
1101 3229 1247 3284 DEM
1282 3228 1706 3286 DAMASCENI

2611 3229 2749 3285 ΤΟΥ
2786 3229 3018 3286 ΑΥΤΟΥ
3057 3227 3561 3286 ΔΑΜΑΣΚΠΝΟΥ

947 3373 1011 3426 In
1052 3371 1397 3428 Dominicam
1440 3371 1672 3428 Pascha.

2609 3369 2702 3432 Εἰς
2730 3370 2830 3440 τήν
2879 3371 3156 3446 Κυριακήν
3187 3374 3286 3426 τοῦ
3334 3371 3561 3448 Πάσχα.

553 3515 1028 3572 Resurrectionis
1077 3515 1205 3571 dies
1249 3534 1261 3570 :
1321 3515 1832 3588 splendescamus,
1886 3515 2133 3588 populi,

2323 3513 2699 3576 Ἀναστάσεως
2746 3511 2949 3589 ἠμὲρα,
3012 3512 3456 3588 λαμπρυνθῶμεν
3523 3513 3674 3586 λαοὶ,
3726 3515 3902 3589 Πάσχα

479 3605 708 3661 Pascha
756 3605 1014 3670 Domini,
1059 3606 1302 3660 Pascha.
1343 3608 1384 3660 E
1414 3613 1604 3661 morte
1635 3607 1792 3662 enim
1826 3605 1899 3662 ad
1930 3606 2122 3672 vitam,

2256 3602 2474 3679 Κυρίου,
2530 3602 2742 3678 Πάσχα.
2806 3603 2901 3660 Ἐκ
2949 3603 3052 3680 γὰρ
3113 3605 3344 3668 θανάτου
3401 3605 3545 3680 πρὸς
3605 3605 3772 3674 ζωὴν,
3817 3599 3899 3659 καὶ

479 3700 538 3750 et
566 3712 637 3750 ex
669 3700 826 3750 terra
854 3694 925 3750 ad
959 3693 1195 3760 cmlum,
1229 3695 1498 3751 Christus
1529 3697 1682 3752 Deus
1708 3713 1818 3752 nos
1851 3695 2122 3763 traduxit,

2255 3690 2311 3748 ἐκ
2337 3698 2439 3766 γῆς
2467 3692 2605 3767 πρὸς
2655 3692 2906 3765 οὐρανὸν,
2966 3693 3196 3768 Χριστὸς
3227 3693 3255 3748 ὁ
3287 3693 3416 3755 Θεὸς
3477 3694 3631 3766 ἡμᾶς
3661 3688 3898 3750 διεϐίϐα-

479 3783 786 3839 victoriam
810 3790 1114 3839 canentes.

2248 3803 2359 3853 σεν,
2393 3780 2656 3837 ἐπινίκιον
2691 3778 2938 3852 ᾅδοντας.

547 3892 955 3963 Expurgemur
975 3890 1276 3961 sensibus,
1302 3897 1360 3947 et
1382 3891 1712 3948 videbimus
1739 3891 2138 3949 inaccessibili

2321 3891 2692 3966 Καθαρθῶμεν
2776 3889 2872 3951 τὰς
2956 3888 3236 3960 αἰσθήσεις
3273 3933 3286 3960 ,
3346 3891 3434 3945 καὶ
3502 3889 3753 3966 ὀψόμεθα
3827 3892 3897 3960 τῷ

470 3980 933 4036 resurrectionis
966 3979 1098 4035 luce
1129 3980 1431 4036 Christum
1463 3982 1868 4056 ell‘ulgentem,
1903 3988 1962 4038 et
1992 3998 2113 4056 gau‘

2256 3977 2530 4056 ἂπροσίτῳ
2559 3977 2699 4055 φωτὶ
2748 3983 2848 4047 τῆς
2911 3977 3250 4043 ἀναστάσεως
3307 3979 3546 4054 Χριστὸν
3608 3979 3899 4055 ἐξαστράπ-

477 4069 649 4125 dete:
702 4068 1002 4125 dicentem
1051 4075 1254 4142 aperte
1301 4070 1636 4140 audiemus,
1692 4071 1998 4128 victoriam
2041 4088 2120 4128 ca-

2261 4089 2449 4138 ποντα,
2510 4069 2598 4122 καὶ
2657 4065 2898 4144 χαίρετε·
2959 4065 3233 4142 φάσκοντα
3284 4073 3492 4146 τρανῶς
3547 4069 3904 4143 ἀκουσόμεθα,

480 4163 715 4215 nentes.

2249 4157 2514 4214 ἐπινίκιον
2537 4153 2775 4229 ᾅδοντες.

547 4265 689 4322 Βωιί
723 4264 967 4336 quidem
993 4265 1169 4338 digne
1201 4266 1498 4338 laatentur,
1532 4274 1689 4323 terra
1718 4274 1917 4324 autem
1942 4267 2140 4323 exsul-

2320 4262 2557 4338 O3pavol
2657 4262 2751 4335 μὶν
2831 4259 3060 4332 ἰπαξίως
3139 4261 3608 4339 εὐφραινὲσθωσαν
3640 4309 3656 4335 ,
3730 4267 3799 4339 γῆ
3855 4259 3907 4316 δὶ

475 4358 598 4409 tet:
629 4353 848 4408 festum
882 4359 1017 4427 agat
1045 4361 1244 4411 autem
1263 4356 1547 4422 mundus,
1582 4363 1706 4412 tum
1739 4357 1988 4412 visibilis
2011 4373 2118 4412 om

2262 4351 2628 4429 ὶγαλλιάσθωι
2664 4349 2966 4426 ἕορταζέτω
3000 4347 3058 4406 δὲ
3108 4352 3341 4425 κόσμος,
3402 4353 3604 4428 ὁρατός
3659 4373 3722 4410 τι
3751 4353 3905 4418 ἅπας,

477 4443 595 4510 nis,
628 4447 756 4498 tum
805 4443 1168 4499 invisibilis:
1231 4447 1500 4502 Christus
1558 4447 1717 4502 enim
1780 4447 1880 4518 qui
1931 4446 2120 4502 lsetitiz

2261 4444 2339 4499 ιαὶ
2394 4441 2645 4518 ἀόρατος.
2723 4441 2952 4517 Χριστὸς
3035 4441 3136 4518 γὰρ
3201 4440 3546 4517 ἐγήγερται,
3609 4441 3904 4519 εὐφροσύνη

480 4531 846 4602 sempiterna
876 4537 985 4600 est,
1020 4533 1093 4588 ad
1123 4535 1302 4590 vitam
1331 4535 1528 4590 rediit.

876 4537 985 4600 est,
1020 4533 1093 4588 ad
1123 4535 1302 4590 vitam
1331 4535 1528 4590 rediit.
2249 4531 2500 4593 αἰώνιος.

553 4638 741 4710 Agite,
777 4640 1075 4710 potionem
1108 4641 1384 4696 bibamus
1428 4659 1656 4708 novam,
1708 4658 1828 4697 non
1878 4659 1948 4697 ex
1998 4658 2138 4697 saxo

2323 4641 2481 4693 Δεῦτε
2510 4637 2665 4709 πόμα
2694 4635 2906 4708 πίωμεν
2938 4635 3147 4707 καινὺν,
3193 4636 3291 4691 οὐκ
3338 4635 3398 4692 ἐκ
3449 4639 3660 4714 πέτρας
3721 4638 3908 4713 ἀγόνου

483 4728 672 4783 sterili
706 4728 1041 4801 prodigiose
1075 4731 1374 4794 eductam,
1399 4730 1503 4785 sed
1527 4731 1990 4803 incorruptionis
2013 4731 2126 4787 fon-

2267 4746 2840 4801 ;ετρατουργουμενον,
2876 4723 3003 4780 ἀλλ’
3053 4724 3351 4801 ἀφθαρσίας
3407 4728 3602 4804 πηγήν
3636 4727 3698 4784 ἐκ
3746 4727 3910 4784 τάοου

485 4824 604 4872 tem
637 4833 666 4872 e
700 4818 972 4888 sepulcro
997 4819 1239 4889 pluente
1261 4821 1516 4888 Christo,
1549 4820 1610 4874 in
1642 4837 1759 4891 quo
1787 4820 2128 4877 solidamur.

1839 4820 2138 4877 ilidamur.
2249 4813 2634 4892 ὀμϐρήσαντος
2659 4819 2916 4889 Χριστοῦ,
2951 4814 3004 4870 ἐν
3027 4816 3073 4887 ᾧ
3099 4815 3482 4892 στερεούμεθα.

554 4923 721 4977 Nunc
751 4923 954 4977 omnia
982 4923 1212 4994 repleta
1243 4930 1381 4979 sunt
1412 4924 1662 4994 lumine,
1715 4926 2048 4998 caelumque
2083 4931 2142 4982 et

2323 4925 2432 4983 Νῦν
2465 4921 2639 4978 πάντα
2695 4919 3058 4995 πεπλήρωται
3117 4921 3320 5000 φωτὸς,
3383 4923 3620 4999 οὐρανός
3681 4944 3763 4990 τι,
3817 4921 3906 4978 καὶ

481 5016 640 5067 terra
671 5016 729 5066 et
763 5012 1070 5066 terretria:
1103 5013 1350 5068 ferietur
1378 5021 1576 5070 autem
1621 5017 1817 5072 omnis
1867 5023 2124 5073 creatura

2269 5020 2344 5090 (ἦ,
2375 5013 2465 5067 καὶ
2513 5013 2589 5105 ,τὰ
2645 5012 2998 5086 καταχθόνια.
3051 5010 3386 5087 Ἐορταζὲτω
3445 5009 3504 5068 δὲ
3558 5015 3772 5085 πᾶσαή
3804 5012 3912 5069 κτί-

477 5100 929 5156 suscitationem
955 5101 1194 5166 Christi,
1221 5103 1281 5158 in
1314 5121 1430 5175 quo
1463 5105 1721 5161 solidata
1752 5112 1860 5163 est.

2177 5096 2215 5105 ’
2251 5124 2336 5165 σις
2365 5104 2464 5170 τὴν
2497 5096 2703 5178 ἔγερσιν
2738 5101 2990 5175 Χριστοῦ,
3021 5098 3074 5155 ἐν
3107 5100 3154 5172 ᾧ
3183 5099 3529 5176 ἐστερέωται.

551 5208 686 5262 Heri
719 5225 838 5263 una
861 5214 1058 5264 tecum
1091 5211 1708 5277 tumulubar,Christe
1737 5232 1750 5281 ;
1777 5231 2140 5288 conresurgo

2323 5210 2464 5274 Χθὶς
2525 5205 2936 5279 συνεθαπτόμην
2998 5227 3127 5279 σοι,
3200 5208 3447 5283 Χριστὶ,
3518 5228 3911 5286 συνεγειρομα-

482 5298 659 5353 hodie
692 5302 884 5353 tecum
915 5308 1280 5374 resurgente.
1337 5304 1460 5358 Una
1508 5303 1896 5376 cruciﬁgebar
1945 5312 2125 5361 tecun

2266 5301 2491 5374 τήμερον
2552 5296 2823 5352 ὰναστὲντι
2885 5317 3014 5364 σοι,
3071 5297 3557 5372 συνεσταυρούμην
3621 5321 3707 5355 σοι
3767 5297 3909 5375 χθὲς·

481 5387 609 5441 heri
637 5404 648 5441 :
682 5387 806 5457 ipse
837 5405 933 5443 me
966 5395 1161 5446 tecum
1192 5391 1382 5460 gloria
1405 5391 1597 5460 affice,
1634 5392 1918 5461 Salvator,
1953 5394 2014 5448 in
2047 5410 2124 5449 rel

2119 5423 2141 5436 ο
2250 5389 2411 5450 αὐτός
2444 5408 2511 5460 με
2539 5383 2862 5456 συνδόξασον
2898 5387 3118 5461 Σωτὴρ,
3150 5385 3204 5441 ἐν
3236 5390 3303 5462 τῇ
3341 5387 3603 5462 βασιλείᾳ
3634 5411 3753 5445 σου.

485 5491 599 5547 gno
633 5480 755 5530 tuo.

555 5581 621 5632 In
652 5579 852 5636 divina
903 5583 1173 5640 custodia
1215 5585 1618 5658 diviniloquus
1650 5587 1992 5644 [Iabbacum
2026 5593 2142 5644 stet

2322 5582 2442 5642 Ἐπὶ
2500 5589 2599 5653 τῆς
2660 5580 2804 5645 θείας
2861 5580 3112 5658 φυλακῆς
3169 5583 3196 5639 ὁ
3253 5585 3521 5662 θεηγόρος
3596 5581 3912 5657 Ἀὖϐακοὺμ

485 5666 822 5738 nobiscum,
841 5675 900 5724 et
921 5673 1195 5728 ostendat
1224 5673 1534 5731 luciferum
1564 5677 1844 5748 angelum
1867 5677 2024 5733 clare
2048 5677 2128 5732 di-

2265 5676 2434 5746 πτήτω
2491 5674 2607 5746 μεθ’
2637 5673 2824 5746 ἡμῶν,
2857 5673 2946 5728 καὶ
3005 5669 3268 5729 δεικνύτω
3325 5673 3638 5753 φαεσφόρον
3688 5673 3908 5752 ἄγγελον
