4160 6400
1890 364 2247 420 ΟΔΒΜῙΝΔ.

3679 373 3785 427 842

487 514 704 571 έρυσιως
765 492 1018 570 λὲγοντα·
1081 494 1336 567 Σήμερον
1377 492 1623 567 σωτηρία
1677 494 1756 563 τῷ
1797 488 2014 563 κόσμῳ,

2152 500 2363 551 :entem
2398 515 2411 553 :
2448 496 2628 552 Hodie
2689 496 2850 552 salus
2910 495 3160 567 mundo,
3212 497 3496 569 quoniam
3530 502 3790 557 surrexit

496 587 674 655 ἰνὲστη
705 584 960 655 Χριστὸς,
995 582 1069 645 ὠς
1102 579 1544 655 παντοδύναμος.

511 695 628 753 ρσεν
667 675 790 747 μὲν,
850 672 925 735 ὠς
986 670 1259 743 διανοίξας
1310 673 1409 741 τήν
1460 668 1887 744 παρθενεύουσαν
1920 688 2019 737 νη-

519 767 720 842 πέφηνε
752 763 1014 839 Χριστὸς,
1048 761 1123 824 ὠς
1162 762 1361 838 βροτὸς
1422 758 1479 815 δὲ
1538 760 1709 833 ἀμνὸς
1739 753 2022 834 προσηγό-

355 880 567 933 puum.
599 858 875 926 ’Ἄμωμος
909 850 988 924 δὲ,
1049 850 1125 913 ὠς
1158 852 1418 925 ἄγευστος
1458 847 1710 918 κηλίδος,
1763 850 1825 904 τὸ
1882 845 2022 919 ἠμὲ-

348 966 517 1022 τερον
551 946 758 1019 πάσχα·
794 941 884 997 καὶ
916 940 992 1005 ὠς
1022 941 1152 1003 Θεὸς
1186 940 1421 1011 ἀληθὴς,
1474 936 1685 1002 τέλειος
1743 937 2018 994 λέλεκται.

428 1130 516 1187 Ὠς
551 1121 816 1186 ἐνιαύσιος
847 1121 1018 1194 ἀμνὸς
1051 1121 1079 1174 6
1112 1118 1515 1196 εύλογούμενος
1572 1121 1708 1192 ἡμῖν
1760 1119 2016 1194 στέφανος

354 1214 594 1287 Χριστὸς
637 1211 903 1275 ἑκουσίως
963 1211 1096 1287 ὑπὲρ
1151 1231 1366 1264 παντων
1423 1205 1662 1278 τὲθυται,
1714 1208 1903 1283 πάσχα
1956 1207 2018 1261 τὸ

346 1304 742 1379 καθαρτήριον.
773 1301 872 1355 Καὶ
892 1298 1043 1363 αὖθις
1059 1299 1119 1355 ἐκ
1130 1304 1228 1355 τοῦ
1243 1301 1415 1377 τάφου
1432 1298 1635 1376 ὡραῖος
1671 1296 2019 1369 δικαιοσύνης

342 1394 489 1467 ἡμῖν
523 1388 764 1466 ἔλαμψεν
789 1388 864 1460 ἤλ
876 1412 974 1455 ιος.

418 1484 481 1536 '0
504 1483 803 1558 Θεοπάτωρ
844 1481 941 1553 μὲν
972 1475 1139 1535 Δαϐὶδ
1193 1480 1300 1555 πρὸ
1353 1486 1454 1547 τῆς
1521 1476 1789 1541 σκιώδους
1846 1473 2015 1532 κιϐω-

340 1577 471 1645 τοῦ,
505 1570 685 1642 ἣλατο
718 1575 973 1645 σκιρτῶν·
1010 1571 1037 1625 ὁ
1071 1567 1203 1632 λαὸς
1239 1566 1294 1623 δὲ
1342 1573 1439 1624 τοῦ
1471 1572 1607 1624 Θεοῦ
1642 1570 1669 1623 ὁ
1703 1566 1881 1643 ἅγιος,
1914 1567 2013 1635 τήν

348 1665 467 1715 τῶν
500 1654 795 1731 συμϐόλων
831 1652 1049 1712 ἔκϐασιν
1079 1658 1335 1734 ὁρῶντες,
1369 1656 1755 1732 εύφρανθωμεν
1799 1657 2014 1727 ἐνθὲως,

356 1748 448 1805 ὅτι
481 1748 666 1819 ἀνέστη
699 1748 933 1821 Χριστὸς
965 1748 1038 1809 ὡς
1070 1744 1508 1821 παντοδύναμος.

435 1839 807 1912 Ὀρθρίσωμεν
840 1834 1041 1912 ὄρθρου
1075 1836 1305 1913 βαθέως,
1360 1836 1450 1890 καὶ
1513 1835 1631 1890 ἀντὶ
1695 1837 1869 1910 μύρου
1917 1836 2007 1890 τὸν
2043 1870 2089 1935 Β

350 1928 524 1996 ὕμνον
549 1927 932 2001 προσοίσωμεν
967 1930 1047 2000 τῷ
1106 1927 1375 2001 Δεσπότῃ,
1436 1925 1526 1981 καὶ
1586 1926 1814 2000 Χριστὸν
1850 1925 2008 1999 ὀψώ-

344 2029 516 2088 μεθα,
552 2014 902 2087 δικαιοσύνης
935 2014 1125 2085 ἣλιον,
1156 2021 1285 2070 πᾶσι
1338 2016 1482 2084 ζωὴν
1513 2013 1901 2070 ἀνατέλλοντα.

421 2125 537 2192 Τὴν
570 2122 805 2198 ἄμετρόν
863 2143 961 2177 σου
1021 2120 1429 2196 εὖσπλαγχνίαν
1472 2123 1525 2176 οἱ
1576 2128 1694 2183 ταῖς
1722 2126 1820 2175 τοῦ
1878 2117 2009 2191 ᾅδου

346 2219 565 2289 σειραῖς
647 2211 1031 2287 συνεχόμενοι,
1114 2208 1454 2285 δεδορκότες,
1541 2211 1677 2285 πρὸς
1743 2211 1807 2265 τὸ
1893 2214 2010 2284 φῶς

349 2303 677 2378 ἠπείγοντο,
717 2302 937 2378 Χριστὲ,
999 2298 1373 2377 ἀγαλλομένῳ
1420 2298 1571 2370 ποδὶ,
1632 2302 1826 2375 Πάσχα
1879 2320 2010 2373 κρο-

345 2397 580 2454 τοῦντες
609 2392 857 2448 αἷώνιον.

430 2480 828 2558 ῐΙροσέλθωμεν
882 2477 1314 2555 λαμπαδηφόροι
1360 2484 1439 2551 τῷ
1495 2478 1740 2550 προιόντι
1786 2479 2009 2554 Χριστῷ

344 2574 415 2630 ἐκ
470 2578 567 2629 τοῦ
629 2574 937 2646 μνήματος,
999 2572 1072 2634 ὠς
1148 2571 1391 2649 νυμφίῳ,
1472 2570 1563 2625 καὶ
1635 2570 2011 2646 συνεορτάσω-

350 2686 456 2738 μεν
539 2668 660 2725 ταῖς
743 2660 1057 2738 φιλεόρτοις
1136 2662 1339 2732 τάξεσι,
1422 2663 1615 2735 Πάσχα
1689 2664 2011 2736 κροτοῦντες

348 2753 606 2810 αἰώνιον.

427 2843 709 2913 Κατῆλθες
769 2842 822 2899 ἐν
882 2848 1002 2905 τοῖς
1055 2843 1391 2903 κατωτάτοις
1446 2843 1542 2910 τῆς
1600 2847 1706 2916 γῆς
1736 2841 1828 2895 καὶ
1858 2840 2008 2895 συνέ-

341 2936 548 3009 τριψας
597 2930 849 3007 μοχλοὺς
901 2929 1176 2999 αἰωνίους,
1225 2929 1520 3004 κατόχους,
1579 2926 2010 3001 πεπεδημένους,

346 3023 581 3097 Χριστὲ,
613 3021 704 3076 καὶ
735 3022 1061 3098 τριήμερος,
1080 3019 1155 3083 ὠς
1184 3019 1244 3074 ἐκ
1263 3020 1462 3091 κήτους
1495 3020 1704 3089 Ἰωνᾶς,
1733 3018 2012 3090 ἐξανὲστης

342 3116 451 3167 τοῦ
481 3112 678 3190 τάφου.

427 3199 682 3272 Φυλάξας
729 3201 795 3256 τὰ
821 3202 1107 3275 σήμαντρα
1136 3203 1271 3267 σῶα,
1336 3199 1550 3273 Χριστὶ,
1585 3197 1880 3273 ἐξηγέρθης
1913 3202 2012 3252 τοῦ

341 3290 548 3369 τάφου.
580 3290 643 3347 Ὀ
674 3289 769 3353 τὰς
824 3288 979 3351 κλεῖς
1032 3294 1131 3358 τῆς
1184 3288 1460 3364 Παρθένου
1513 3289 1588 3361 μὴ
1624 3286 2010 3361 λυμηνάμενος

343 3380 408 3436 ἐν
438 3384 520 3452 τῷ
548 3378 697 3453 τόκῳ
729 3400 849 3448 σου,
894 3377 984 3433 καὶ
1044 3377 1288 3451 ἠνέῳξας
1347 3379 1483 3450 ἡμῖν
1533 3374 1862 3451 παραδείσου
1917 3377 2013 3440 τὰς

344 3468 555 3531 πύλας.

430 3558 615 3633 Σῶτέρ
658 3579 785 3631 μου,
845 3557 908 3611 τὸ
967 3560 1072 3626 ζῶν
1129 3576 1211 3621 τε,
1264 3556 1354 3611 καὶ
1413 3554 1607 3619 ἃθυτον
1661 3555 1885 3630 ἱερεῖον,
1938 3554 2014 3618 ὡς

352 3649 490 3709 Θεὸς
535 3647 719 3702 ἑαυτὸν
782 3646 1042 3707 ἑκουσίως
1090 3646 1449 3722 προσαγαγὼν
1508 3649 1587 3715 τῷ
1645 3645 1839 3719 ΙΙατρὶ,
1890 3666 2013 3699 συν-

352 3737 652 3807 ανὲστησας
728 3738 973 3811 παγγενῆ
1058 3742 1151 3791 τὸν
1201 3732 1403 3809 Ἀδὰμ,
1485 3734 1714 3796 ἀναστὰς
1800 3732 1861 3788 ἐκ
1915 3739 2012 3789 τοῦ

345 3828 549 3904 τάφου.

425 3916 491 3972 Ὁ
550 3915 749 3979 παῖδας
805 3914 864 3969 ἐκ
919 3917 1155 3989 καμίνου
1209 3912 1510 3990 ῥυσάμενος
1564 3911 1861 3987 γενόμενος
1914 3912 2009 3966 ἃν-

347 4018 602 4081 θρωπος,
636 4004 837 4061 πάσχει
870 4003 943 4066 ὠς
975 4009 1193 4074 θνητος,
1220 4002 1311 4057 καὶ
1362 3999 1452 4057 διὰ
1507 4002 1735 4071 πάθους,
1765 4003 1827 4056 τὸ
1887 4014 2013 4073 θνη-

340 4098 445 4153 τὸν
472 4096 769 4174 ἅφθαρσίας
804 4094 977 4151 ἐνδύει
1023 4094 1367 4167 εὐπρέπειαν,
1401 4095 1429 4149 6
1492 4094 1655 4168 μόνος
1709 4091 2010 4169 εὐλογητὸς

339 4192 463 4243 τῶν
494 4187 738 4263 πατέρων
774 4186 923 4256 Θεὸς,
954 4183 1045 4240 καὶ
1079 4180 1453 4256 ὑπερὲνδοξος.

426 4305 684 4362 Γυναῖκες
713 4300 847 4373 μετᾶ
882 4298 1067 4371 μύρων
1100 4296 1412 4375 θεόφρονες,
1471 4294 1649 4351 ὀπίσω
1706 4318 1801 4351 σου
1859 4290 2014 4372 ἔδρα-

349 4410 485 4464 μον’
516 4387 573 4443 6'v
618 4387 675 4444 δὲ
706 4388 780 4451 ὠς
836 4388 1028 4459 θνητὸν
1092 4388 1225 4460 μετὰ
1285 4384 1532 4461 δακρύων
1590 4383 1812 4455 ἐξῄτουν
1843 4406 2016 4461 προσ-

346 4480 621 4549 εκύνησαν
658 4479 950 4555 χαίρουσαι
987 4481 1161 4547 ζῶντα
1191 4476 1342 4532 Θεόν.
1378 4475 1475 4529 Καὶ
1535 4475 1728 4530 Πάσχα
1755 4475 1819 4529 τὸ
1880 4495 2015 4548 μυσ-

342 4572 507 4627 τικὸν
539 4576 656 4633 τοῖς
681 4572 920 4645 Χριστοῦ
949 4570 1220 4643 μαθηταῖς
1250 4563 1691 4643 εύηγγελίσαντο.

431 4752 676 4809 Θανάτου
707 4751 1053 4826 ἒορτάσωμεν
1086 4751 1370 4825 νέκρωσιν,
1423 4744 1554 4819 ᾃδου
1609 4748 1709 4817 τήν
1764 4747 2019 4821 καθαίρε-

351 4865 468 4914 σιν,
513 4840 694 4914 ἅλλης
733 4843 925 4919 βιοτῆς
955 4847 1057 4911 τῆς
1116 4839 1343 4895 αἰωνίου
1400 4838 1682 4913 ἀπαρχῆς,
1731 4834 1822 4892 καί
1870 4857 2019 4911 σκιρ-

346 4938 562 4997 τῶντες
594 4932 851 5005 ὑμνῶμεν
883 4930 973 4985 τὸν
1013 4929 1210 4997 αἶ’τιον,
1242 4930 1335 4984 τὸν
1390 4927 1556 5002 μόνον
1586 4926 1887 5002 εὐλογητὸν
1915 4931 2023 4980 τῶν

351 5024 611 5095 πατέρων
642 5022 771 5077 Θεὸν
799 5020 891 5075 καὶ
926 5016 1297 5095 ὑπερένδοξον.

429 5114 522 5173 Ὦς
556 5107 730 5173 ὅντως
762 5112 882 5186 ἰερά
904 5109 994 5164 καί
1026 5105 1324 5183 πανέορτος
1357 5106 1492 5177 αὕτη
1526 5109 1562 5177 ἡ
1601 5107 1874 5179 σωτήριος
1908 5104 2021 5178 νὸξ,

346 5201 448 5257 καὶ
483 5201 806 5277 φωταυγὴς,
857 5205 957 5268 τῆς
992 5196 1398 5275 λαμπροφόρου
1455 5197 1667 5271 ἡμέρας
1722 5202 1822 5265 τῆς
1874 5193 2023 5269 ἐγέρ-

351 5312 497 5353 σεως
531 5289 669 5346 οὖσα
700 5287 1077 5364 προάγγελος,
1111 5287 1165 5342 ἐν
1196 5286 1232 5362 ᾖ
1283 5288 1346 5341 τὸ
1407 5284 1648 5361 ἄχρονον
1691 5289 1806 5363 φῶς
1838 5284 1899 5339 ἐκ
1925 5285 2021 5338 τά·

347 5403 462 5461 φου
487 5385 817 5454 σωματικῶς
851 5384 1013 5433 πᾶσιν
1043 5377 1380 5451 ἐπέλαμψεν.

423 5470 582 5542 Α’ὐτη
617 5473 652 5541 ἡ
686 5468 869 5541 κλητή
902 5468 993 5523 καὶ
1026 5469 1155 5544 ἁγία
1180 5462 1384 5540 ἡμέρα,
1419 5468 1454 5537 ἡ
1492 5465 1587 5540 μία
1639 5470 1747 5520 τῶν
1808 5458 2023 5519 Σαϐϐά-

347 5564 563 5633 των,ἡ
601 5558 818 5637 βασιλὶς
876 5559 967 5613 καὶ
1024 5555 1207 5633 κυρία,
1268 5556 1472 5631 ἑορτῶν
1534 5553 1720 5631 ἑορτὴ,
1770 5554 1861 5608 καὶ
1920 5575 2026 5608 πα-

352 5650 584 5729 νήγυρίς
606 5650 718 5706 ἑστὶ
750 5646 1137 5725 πανηγύρεων,
1192 5645 1245 5702 ἐν
1301 5648 1339 5719 ᾗ
1394 5643 1730 5723 εὐλογοῦμεν
1788 5644 2021 5720 Χριστὸν

355 5743 442 5807 εἷς
474 5739 601 5803 τοὺς
632 5740 852 5803 αἰῶνας.
1778 5773 1784 5791 ς

685 5864 772 5924 ΡΑ
784 5875 955 5923 non.
1004 5858 1117 5921 Gn.
1161 5856 1367 5923 XCVI.

2133 584 2400 641 Christus
2431 593 2497 641 ut
2526 588 2925 659 omnipotens.

2204 675 2275 728 Ut
2293 676 2594 731 masculus
2610 676 3157 749 quidem,aperiens
3176 678 3504 751 virgineum
3525 686 3785 748 uterum,

2131 765 2406 834 apparuit
2435 766 2702 821 Christus
2727 784 2739 820 :
2764 772 2830 821 ut
2855 768 3124 822 mortalis
3148 774 3561 841 autem,agnus
3585 771 3785 841 appel-

2131 852 2285 907 latus
2320 859 2442 908 est:
2478 856 2893 911 immaculatus
2925 862 3219 922 autem,ut
3250 858 3399 913 labis
3432 876 3784 931 expers,noo

2131 946 2319 997 strum
2354 944 2580 999 Pascha
2613 962 2626 999 :
2661 951 2719 998 et
2774 950 2838 999 ut
2893 947 3048 1000 Deus
3098 964 3292 1017 verus,
3351 948 3650 1019 perfectus
3694 949 3785 1004 di-

2130 1038 2258 1086 ctus
2287 1038 2394 1089 est.

2203 1123 2274 1176 Ut
2302 1122 2621 1179 anniculus
2652 1141 2998 1196 agnus,quzn
3030 1125 3585 1183 benediciturnobis
3612 1145 3785 1184 coro-

2128 1228 2226 1279 na,
2259 1212 2526 1267 Christus
2559 1220 2770 1285 sponte
2802 1231 2906 1286 pro
2953 1215 3230 1270 omnibus
3272 1217 3639 1272 sacriﬁcatus
3671 1224 3778 1283 est,

2127 1302 2355 1357 Pascha
2389 1304 2807 1374 expiatorium,
2843 1309 2899 1359 et
2929 1321 3138 1359 rursus
3161 1322 3229 1358 ex
3252 1305 3523 1376 sepulcro
3556 1307 3781 1378 specio-

2128 1408 2228 1445 sus
2252 1391 2504 1463 justitiae
2538 1392 2714 1447 nobis
2746 1393 3052 1465 splenduit
3075 1394 3183 1448 sol.

2200 1481 2301 1535 Dei
2333 1484 2507 1537 Pater
2535 1482 2776 1553 quidem
2809 1483 2990 1538 David
3024 1489 3163 1538 ante
3208 1484 3549 1539 umbrosam
3584 1502 3781 1541 arcam

2126 1569 2357 1624 saltavit
2392 1572 2697 1627 exsultans
2725 1590 2737 1638 ;
2767 1573 3022 1643 populus
3055 1579 3252 1629 autem
3288 1574 3390 1629 Dei
3427 1580 3689 1643 sanctus,
3708 1575 3785 1631 si-

2123 1675 2373 1730 gnorum
2390 1666 2665 1715 eventum
2685 1662 3253 1729 videntes,lzetemur
3276 1663 3786 1735 divine,quoniam

2124 1749 2381 1803 surrexit
2404 1750 2670 1805 Christus
2699 1757 2764 1805 ut
2792 1752 3149 1822 omipotens.

2195 1839 2514 1911 Vigilemus
2546 1857 2718 1895 mane
2750 1840 3133 1911 profunde,et
3164 1859 3267 1912 pro
3288 1848 3592 1913 unguento
3610 1841 3780 1913 hym-

2122 1944 2265 1982 num
2297 1930 2619 1984 aﬁ‘eramus
2653 1930 2992 1997 Domino,et
3024 1931 3322 1985 Christum
3356 1932 3778 2004 videamusju-

2122 2018 2298 2072 stitia:
2333 2018 2828 2087 solem,omnibus
2858 2020 3037 2075 vitam
3062 2020 3452 2075 exorientem.

2190 2125 2335 2179 Cum
2366 2126 2722 2180 immensam
2741 2132 2902 2182 tuam
2925 2127 3397 2182 misericordiam
3430 2128 3530 2198 qui
3559 2128 3777 2183 inferni

2120 2215 2348 2269 catenis
2380 2216 2687 2270 constricti
2720 2217 3458 2288 erant,conspexissent,in
3480 2217 3679 2272 lucem
3698 2217 3778 2273 fe-

2122 2304 3039 2374 stinabant,Christe,exsultanti
3063 2305 3466 2378 pede,Pascha
3496 2306 3785 2377 plauden-

2124 2399 2209 2449 tes
2237 2401 2548 2450 aeternum.

2193 2484 2563 2540 Accedamus
2584 2484 2743 2540 faces
2773 2486 3034 2540 ferentes
3074 2484 3413 2540 advenienti
3445 2484 3679 2540 Christo
3715 2501 3783 2539 ex

2122 2580 2609 2642 monumento,ut
2639 2592 2855 2646 sponso
2885 2580 2977 2630 :et
3004 2592 3124 2630 una
3140 2575 3353 2629 festum
3384 2591 3628 2647 agamus
3648 2591 3782 2629 cum

2122 2663 2347 2717 festivis
2378 2663 2708 2731 ordinibus,
2743 2665 2970 2719 Pascha
3000 2663 3354 2735 plaudentes
3386 2670 3698 2719 mternum.

2194 2841 2562 2897 Descendisti
2595 2842 2654 2896 in
2682 2842 2891 2896 infima
2922 2848 3112 2909 terrea,
3135 2846 3192 2896 et
3222 2842 3553 2896 contrivisti
3586 2847 3779 2897 vectes

2122 2933 2542 3003 mreos,eisque
2574 2932 2847 2987 detentos
2879 2932 3446 3004 expedisti,Christe,
3468 2937 3523 2985 et
3554 2931 3776 2986 tridua-

2124 3042 2259 3093 nus,
2291 3030 2359 3082 ut
2390 3042 2455 3079 ex
2490 3030 2617 3079 cete
2656 3025 2857 3093 Jonas,
2891 3023 3275 3080 exsurrexisti
3304 3040 3334 3079 e
3370 3023 3664 3094 sepulcro.

2198 3204 2451 3259 Servatis
2479 3204 2662 3276 signis
2686 3203 3287 3274 sospitibus,Christe,
3309 3203 3626 3258 suscitatus
3652 3220 3713 3258 es
3747 3220 3778 3259 e

2128 3295 2422 3366 sepulcro.
2449 3294 2554 3358 Qui
2588 3293 2780 3348 claves
2808 3292 3062 3365 Virginis
3084 3309 3203 3347 non
3228 3293 3529 3348 offendisti
3550 3293 3690 3349 dum
3724 3299 3781 3348 te

2124 3385 2376 3455 peperit,
2402 3387 2459 3437 et
2482 3382 2761 3438 reserasti
2789 3381 2962 3437 nobis
2988 3381 3248 3452 paradisi
3272 3388 3494 3454 portas.

2196 3563 2460 3617 Salvator
2476 3580 2665 3627 meus,
2698 3562 3040 3631 vivensque,
3073 3578 3181 3615 nec
3240 3567 3497 3616 mactata
3518 3562 3778 3630 victima,

2122 3658 2188 3705 ut
2219 3654 2392 3719 Deus,
2414 3654 2673 3722 seipsum
2699 3657 2910 3721 sponte
2945 3653 3203 3705 offerens
3235 3653 3414 3716 Patri,
3440 3667 3558 3705 una
3590 3651 3776 3704 susci-

2123 3742 2260 3795 tasti
2293 3742 2677 3812 omnigenum
2705 3739 2914 3805 Adam,
2950 3757 3199 3812 surgens
3231 3756 3261 3794 e
3296 3740 3587 3812 sepulcro.

2194 3920 2301 3984 Qui
2326 3936 2540 3990 pueros
2573 3936 2601 3974 e
2634 3918 2874 3973 fornace
2897 3918 3188 3988 liberavit,
3221 3919 3412 3973 factus
3442 3919 3642 3984 homo,
3665 3935 3776 3989 pa-

2126 4007 2268 4063 titur
2298 4015 2363 4062 ut
2391 4009 2658 4062 mortalis
2694 4025 2706 4061 :
2737 4013 2797 4063 et
2827 4025 2932 4078 per
2963 4008 3495 4079 passionem,quod
3528 4007 3779 4062 mortale

2126 4096 2747 4168 erat,incorruptionis
2777 4097 2973 4151 vestiit
3002 4097 3213 4152 decore
3251 4112 3262 4150 :
3289 4097 3453 4152 solus
3481 4096 3778 4153 benedic-

2126 4194 2221 4243 tus
2244 4194 2478 4259 patrum
2508 4188 2682 4253 Deus,
2718 4192 2775 4241 et
2804 4184 3293 4259 gloriosissimus.

2197 4296 2350 4351 686
2383 4295 2657 4350 Mulieres
2689 4294 2795 4365 piae
2828 4311 2961 4349 cum
2993 4295 3314 4367 unguentis
3344 4299 3555 4367 postte
3578 4312 3783 4350 accur-

2128 4391 2373 4442 rerunt:
2409 4402 2587 4455 quem
2616 4390 2815 4439 autem
2847 4390 2913 4438 ut
2968 4384 3281 4439 mortalem
3341 4402 3476 4439 cum
3534 4384 3783 4456 lacymis

2129 4476 2497 4547 quaerebant,
2531 4473 2855 4527 adorarunt
2883 4472 3227 4545 gaudentes,
3247 4473 3539 4528 viventem
3578 4476 3780 4541 Deum,

2129 4572 2188 4621 et
2217 4565 2443 4620 Pascha
2472 4579 2757 4619 arcanum
2788 4562 3003 4617 Christi
3024 4562 3333 4634 discipulis
3356 4562 3506 4619 bene
3534 4563 3781 4619 nuntia-

2126 4660 2288 4713 runt.

2203 4745 2403 4800 Mortis
2434 4743 2805 4799 celebremus
2836 4742 3381 4811 mortiﬁcationem,
3415 4743 3632 4799 inferni
3684 4742 3785 4798 de-

2132 4832 2800 4899 structionem,alterius
2827 4833 2958 4886 vita}
2984 4832 3364 4903 sempiterna)
3386 4833 3711 4903 primitias;
3732 4838 3789 4886 et

2133 4926 2416 4981 salientes
2447 4927 2755 4977 cantemus
2788 4926 3091 4976 auctorem
3121 4938 3133 4975 :
3170 4922 3360 4977 solum
3405 4921 3787 4976 benedictum

2134 5018 2365 5070 Patrem
2400 5014 2604 5078 Deum,
2635 5016 2691 5065 et
2724 5011 3249 5083 supergloriosum.

2205 5105 2389 5169 Quam
2414 5118 2543 5155 vere
2578 5116 2746 5155 sacra
2777 5106 2834 5154 et
2866 5105 2986 5153 tota
3006 5100 3209 5152 festiva
3243 5097 3787 5152 hmcsalutarisnox

2136 5193 2425 5257 etlucida,
2457 5189 2917 5261 splendiscentis
2959 5187 3075 5242 diei
3116 5186 3572 5241 resurrectionis
3603 5186 3789 5240 exsis-

2135 5291 2266 5339 tens
2288 5279 2645 5354 pramuntia,
2679 5279 2737 5331 in
2772 5295 2890 5348 qua
2943 5277 3229 5347 temporis
3286 5293 3487 5330 exsors
3520 5277 3720 5330 lumen
3757 5292 3787 5329 e

2137 5373 2411 5446 sepulcro
2443 5368 2835 5440 corporaliter
2855 5367 3133 5421 omnibus
3161 5366 3404 5421 effulsit.

2208 5465 2340 5518 Haec
2372 5464 2576 5514 vocata
2608 5463 2696 5512 est
2728 5462 2933 5511 sancta
2963 5456 3237 5523 dies,una
3268 5455 3788 5520 Sabbatorum,re-

2134 5555 2271 5628 gina
2295 5556 2351 5605 et
2383 5549 2625 5604 domina
2648 5563 2661 5602 :
2683 5546 3130 5601 solemnitatum
3157 5545 3525 5613 solemnitas,
3548 5550 3605 5599 et
3635 5543 3789 5599 cele-

2136 5643 2321 5699 britas
2352 5645 2441 5695 est
2472 5635 2910 5703 celebritatum,
2939 5635 2999 5690 in
3034 5650 3151 5705 qua
3172 5634 3584 5690 benedicimus
3624 5633 3794 5689 Chri-

2137 5738 2295 5789 stum
2326 5746 2432 5801 per
2459 5725 2696 5784 saecula.

3396 5846 3473 5902 2'7
