4160 6374
417 361 525 418 843

1699 367 1760 422 Β.
1797 363 2103 421 JOANNIS
2136 358 2552 418 DAMASCBNI

3739 363 3847 420 844

485 488 673 562 Agite,
706 505 924 546 novum
953 490 1087 547 vitis
1116 491 1396 559 fructum,
1425 490 1688 548 divinam
1721 489 2065 546 delectatio-

2258 487 2438 557 Δεῦτε,
2489 487 2588 540 τοῦ
2643 487 2836 539 καινοῦ
2882 489 2983 554 τῆς
3035 484 3293 558 ἀμπέλου
3348 489 3717 563 γεννήματος,
3747 495 3854 560 τῆς

414 595 555 635 nem
586 579 647 634 in
680 580 899 653 insigni
932 581 1027 636 die
1061 582 1537 649 resurrectionis,
1571 598 1822 655 regnum
1853 579 2076 635 Christi

415 669 1180 741 participemus,laudantes
1203 671 1400 744 ipsum
1423 678 1488 728 ut
1511 673 1696 728 Deum
1709 688 1817 744 per
1831 670 2071 726 saacula.

491 850 638 906 Leva
654 849 1038 906 circumcirca
1059 850 1264 906 oculos
1295 858 1450 920 tuos,
1483 851 1643 919 Sion,
1671 857 1728 909 et
1747 851 1913 907 vide:
1941 866 2076 905 ecce

421 940 580 994 enim
614 947 899 996 venerunt
923 941 1242 998 tibidivina
1267 941 1398 998 luce
1432 942 1688 1014 praediti,
1721 942 1880 997 velut
1917 942 2077 997 faces

418 1029 491 1086 ab
523 1037 822 1098 occasu,et
841 1032 1212 1103 aquilone,et
1241 1033 1412 1100 mari,
1447 1039 1506 1088 et
1525 1033 1778 1100 oriente,
1816 1032 1923 1088 ﬁlii
1966 1031 2073 1100 tui,

418 1121 481 1176 in
512 1126 567 1176 te
584 1121 1010 1177 benedicentes
1038 1123 1338 1178 Christum
1373 1139 1480 1194 per
1521 1123 1760 1179 saecula.

489 1213 664 1266 Pater
681 1211 1149 1283 omnipotens,et
1177 1211 1521 1278 Verbum,et
1553 1213 1824 1284 Spiritus,
1859 1227 1982 1267 una
2015 1210 2076 1266 in

418 1299 610 1356 tribus
640 1301 912 1372 personis
936 1301 1273 1357 consistens
1305 1308 1536 1365 natura,
1555 1302 1816 1357 essentia
1847 1306 1906 1356 et
1936 1299 2079 1354 divi-

419 1389 607 1445 nitate
638 1390 832 1462 major
864 1409 878 1458 ;
911 1390 973 1445 in
1007 1395 1062 1446 te
1089 1391 1364 1463 baptizati
1399 1407 1624 1460 sumus,
1647 1396 1705 1446 et
1734 1396 1790 1446 te
1823 1389 2074 1446 benedi-

421 1480 614 1535 cimus
647 1497 884 1552 semper
913 1480 974 1535 in
1007 1481 1246 1536 saacula.

493 1570 860 1640 Illuminare,
893 1570 1258 1640 illuminare,
1292 1588 1440 1626 nova
1469 1570 1799 1627 Jerusalem
1835 1586 1849 1626 :
1884 1569 2076 1642 gloria

424 1659 585 1714 enim
608 1659 839 1714 Domini
871 1660 934 1714 in
969 1665 1022 1715 te
1055 1666 1184 1715 orta
1214 1666 1320 1717 est.
1356 1661 1514 1716 Salta
1544 1677 1703 1715 nunc
1736 1664 1793 1714 et
1825 1659 2074 1726 exsulta,

421 1749 564 1804 Sion
591 1766 604 1804 :
637 1754 701 1805 tu
726 1766 861 1804 vero
893 1756 1098 1805 sancta
1128 1748 1794 1822 delectare,Deipara,in
1825 1749 2076 1804 suscita-

421 1838 586 1893 tione
621 1838 702 1892 tui
733 1837 911 1893 fetus.

494 1928 536 1983 Ο
568 1927 848 1996 divinam,
884 1944 916 1982 ο
948 1928 1222 1994 amicam,
1257 1946 1290 1984 o
1341 1928 1752 1984 dulcissimam
1786 1933 1948 1984 tuam
1979 1944 2075 1983 vo-

420 2033 578 2074 cem:
605 2018 918 2074 nobiscum
949 2019 1109 2073 enim
1132 2019 1259 2075 sine
1275 2017 1587 2074 mendacio
1611 2019 1937 2090 promisisti
1953 2018 2078 2074 fore

417 2123 610 2179 usque
635 2108 708 2163 ad
742 2109 892 2164 lines
922 2109 1596 2180 smculi,Christe,quam
1612 2108 1820 2165 fideles
1850 2109 2074 2164 ancho-

415 2213 546 2252 ram
579 2197 704 2270 spei
741 2203 1016 2254 tenentes
1049 2198 1440 2254 exsultamus.

491 2289 535 2343 Ο
565 2288 794 2344 Pascha
823 2304 1105 2361 magnum
1139 2293 1197 2344 et
1225 2287 1696 2344 sacratissimum
1725 2288 1979 2356 Christe,
2041 2306 2075 2344 o

416 2377 798 2448 sapientia,et
820 2378 1079 2433 Verbum
1111 2379 1237 2446 Dei,
1271 2385 1329 2433 et
1358 2377 1626 2450 potentia
1659 2395 1672 2433 :
1705 2377 1781 2434 da
1809 2377 1984 2434 nobis
2014 2383 2081 2432 ut

417 2467 758 2538 expressius
790 2472 846 2523 te
890 2467 1339 2540 participemus,
1374 2468 1435 2523 in
1491 2484 1612 2523 non
1645 2466 2079 2540 vesperascenti

416 2557 584 2630 regni
616 2557 700 2612 tui
733 2557 849 2613 die.

1077 2720 1156 2773 Ε]
1167 2719 1420 2777 USDEM.

522 2839 587 2894 In
616 2837 1052 2908 Assumptionem
1082 2837 1303 2892 Domini
1343 2836 1519 2892 nostri
1573 2837 1700 2893 Iesu
1732 2837 1960 2896 Christi.

484 3041 770 3099 Salvatori
801 3043 940 3110 Deo,
976 3042 1075 3113 qui
1127 3042 1188 3096 in
1238 3043 1387 3098 mari
1421 3043 1708 3115 populum
1741 3042 1914 3099 siccis
1969 3060 2072 3115 pe-

412 3135 589 3192 dibus
620 3135 884 3204 duxit,et
905 3135 1274 3190 Pharaonem
1305 3153 1441 3192 cum
1476 3137 1752 3192 universo
1809 3137 2071 3192 exercitu

2187 573 2334 637 θείας
2367 572 2729 651 εὐφροσύνης,
2764 575 2818 630 ἐν
2876 578 2945 642 τῇ
3005 575 3235 650 εὑσήμῳ
3295 578 3480 652 ἡμέρᾳ
3533 585 3640 649 τῆς
3695 577 3854 654 ὲγὲρο

2187 684 2343 731 σεως,
2379 663 2662 740 βασιλείας
2690 669 2789 720 τοῦ
2819 670 3058 741 Χριστοῦ
3110 669 3562 744 κοινωνήσωμεν,
3607 669 3850 744 ὑμνοῦν-

2184 774 2272 816 τες
2301 753 2460 810 αὑτὸν
2491 754 2566 817 ὡς
2599 757 2728 811 Θεὸν
2754 754 2835 818 εἰς
2863 755 2991 819 τοὺς
3021 757 3245 821 αἰῶνας.

2256 848 2422 921 Ἃρον
2455 843 2645 918 κύδιλῷ
2673 845 2802 909 τοὺς
2864 845 3185 925 ὀφθαλμούς
3245 869 3342 904 σου
3395 849 3564 922 Σιὼν,
3619 849 3712 905 καὶ
3744 845 3852 906 ἴδεδ

2189 930 2308 988 ίδοὺ
2362 936 2462 1010 γὰρ
2522 934 2686 1004 ἢκασί
2743 956 2840 991 σου
2901 943 3232 1014 θεοφεγγεῖς,
3293 939 3370 1002 ὡς
3425 945 3734 1018 φωστῆρες,
3793 937 3859 995 ἔκ

2187 1021 2434 1098 δυσμῶν,
2463 1024 2553 1079 καὶ
2584 1023 2778 1100 βορῥᾶ,
2811 1025 2900 1080 καὶ
2933 1023 3236 1099 θαλάσσης,
3267 1028 3358 1084 καὶ
3423 1029 3562 1093 ὶώας
3592 1030 3661 1085 τὰ
3686 1029 3854 1086 τέκνα

2187 1133 2305 1185 σου,
2338 1111 2390 1168 ἐν
2425 1114 2510 1169 σοὶ
2544 1112 2881 1190 εὐλογοῦντα
2911 1116 3146 1191 Χριστὸν
3178 1116 3256 1181 εἷς
3285 1117 3512 1182 αἰῶνας.

2259 1202 2432 1277 Πάτερ
2487 1204 2887 1280 παντοκράτορ,
2945 1206 3038 1261 καὶ
3097 1206 3258 1283 Λόγε,
3315 1207 3406 1263 καὶ
3465 1212 3702 1282 Πνεῦμα,
3731 1229 3857 1283 τρι-

2188 1291 2270 1347 σὶν
2330 1291 2617 1368 ἐνιζομὲνη
2674 1295 2726 1349 ἐν
2792 1295 3120 1352 ὑποστάσεσι
3171 1297 3352 1376 φύσις,
3407 1297 3697 1375 ὑπεροὺσιε
3754 1299 3850 1355 καὶ

2191 1379 2438 1461 ὑπέρθεε,
2469 1383 2547 1448 είς
2577 1386 2632 1440 σὶ
2667 1379 3096 1462 βεϐαπτίσμεθα,
3126 1389 3218 1443 καὶ
3278 1387 3337 1444 σὶ
3395 1387 3730 1466 εὐλογοῦμεν
3765 1389 3849 1446 ἀεὶ

2189 1471 2266 1536 είς
2297 1473 2425 1536 τοὺς
2458 1473 2683 1537 αῗῶνας.

2261 1563 2534 1636 Φωτίζου,
2569 1564 2810 1640 φωτίζου
2839 1568 2874 1637 ἢ
2925 1565 3018 1623 νὲα
3073 1567 3484 1643 Ἰερουσαλήμ⁶“
3515 1571 3550 1639 ἡ
3582 1568 3683 1644 γὰρ
3718 1566 3852 1640 δόξα

2187 1655 2390 1731 Κυρίου
2441 1654 2534 1710 ἐπὶ
2593 1655 2650 1710 σὲ
2707 1654 2995 1714 ἀνίτειλε.τ
3029 1656 3232 1735 Χόρευε
3289 1662 3406 1727 νῦν,
3458 1659 3549 1714 καὶ
3601 1658 3852 1735 ἆγάλλου

2189 1745 2356 1800 Σιών’
2391 1745 2453 1800 σὺ
2487 1741 2546 1800 δὶ
2574 1745 2707 1821 άγνή
2733 1746 2937 1822 τὲρπου
2995 1741 3258 1817 Θεοτόκε,ἱ
3279 1745 3332 1802 ἐν
3388 1751 3457 1822 τῇ
3509 1746 3717 1824 ἐγὲρσει
3746 1752 3848 1805 τοῦ

2108 1869 2156 1935 Β
2186 1835 2351 1890 τόκου
2384 1856 2502 1935 σου.

2259 1930 2326 1980 ’Ὠ
2358 1925 2523 1996 θείας,
2557 1922 2602 1980 ὤ
2629 1905 2831 2001 φίληςξ
2868 1923 2913 1980 ὢ
2959 1924 3302 2001 γλυκυτάτης
3343 1948 3440 1983 σου
3481 1909 3704 2004 φωνῆςί
3725 1929 3844 2002 μεθ’

2187 2016 2348 2088 ἡμῶν
2372 2011 2620 2088 ἆψευδῶς
2647 2016 2750 2092 γὰρ
2789 2014 3109 2091 ἐπηγγείλω
3163 2013 3373 2072 ἔσεσθαι
3403 2017 3411 2046 ⁸
3435 2015 3605 2093 μεχρι
3633 2009 3846 2092 τερμά-

2185 2126 2292 2160 των
2327 2105 2552 2173 αἰῶνας,
2587 2097 2908 2182 Χριστὶ,“ἢν
2970 2107 3023 2162 οἱ
3078 2107 3264 2164 πιστοὶ
3325 2108 3564 2184 ἄγκυραν
3622 2105 3853 2173 ἐλπίδος

2157 2193 2164 2246 .'
2186 2194 2532 2271 κατέχοντες,
2564 2194 2942 2271 ἀγαλλόμεθα.

2257 2292 2320 2340 Ὠ
2351 2286 2536 2360 πάσχα
2565 2287 2627 2340 τὸ
2663 2286 2819 2362 μέγα,
2851 2286 2942 2342 καὶ
2973 2286 3271 2362 ἱερώτατον
3305 2279 3544 2362 Χριστὶ,’
3585 2287 3631 2341 ῶ
3660 2285 3844 2364 σοφία,

2186 2375 2274 2430 καὶ
2305 2374 2444 2450 Λόγε
2471 2379 2570 2430 τοῦ
2599 2379 2756 2445 Θεοῦ,
2801 2376 2888 2430 καὶ
2925 2372 3151 2450 δύναμις
3187 2378 3200 2434 l
3261 2373 3428 2432 Δίδου
3486 2377 3624 2450 ἡμῖν
3683 2374 3848 2432 ἔκτυ-

2187 2465 2431 2541 πώτερόν
2467 2487 2562 2521 σου
2598 2471 2916 2542 μετασχεῖν,
2968 2465 3020 2521 ἐν
3069 2470 3139 2542 τῇ
3199 2466 3482 2543 ἀνεσπὲρῳ
3540 2466 3725 2542 ἡμέρᾳ
3751 2473 3854 2538 τῆς

2192 2551 2470 2630 βασιλείας
2497 2575 2616 2612 σου.

2821 2721 2953 2776 ΤΟΥ
2991 2720 3218 2776 ΑΥΤΟΥ

2327 2832 2421 2899 Εἰς
2447 2835 2549 2904 τὴν
2608 2831 2880 2909 ἀνάληψιν
2934 2839 3032 2889 τοῦ
3088 2832 3286 2910 Κυρίου
3317 2835 3484 2909 ἡμῶν
3516 2834 3703 2906 ἰησοῦ

2871 2911 3139 2983 Χριστοῦ.

2251 3047 2338 3116 Τῷ
2371 3048 2592 3117 Σωτῆρι
2624 3041 2762 3116 Θεῷ,
2793 3046 2873 3116 τῷ
2904 3042 2954 3097 ἒν
2989 3041 3234 3118 θαλάσσῃ
3295 3042 3428 3098 λαὸν
3479 3040 3642 3098 ποσὶν
3676 3036 3839 3118 ἁδρός

2182 3152 2310 3210 χοις
2341 3131 2697 3210 ὁδηγήσαντι,
2728 3134 2818 3190 καὶ
2863 3135 3067 3210 Φαραὼ
3121 3139 3459 3210 πανστρατιᾷ
3517 3135 3841 3191 καταποντίο

415 3225 703 3282 demersit
736 3240 749 3279 :
778 3224 892 3297 ipsi
922 3223 1031 3280 soli
1063 3241 1368 3295 canamus,
1423 3225 1710 3298 quoniam
1765 3224 2065 3298 gloriﬁca-

2202 3246 2354 3297 ravn,
2383 3223 2530 3298 αὑτῷ
2559 3226 2712 3300 μόνῳ
2750 3223 2991 3301 ᾄσωμεν,
3026 3223 3109 3280 ὅτι
3142 3221 3479 3296 δεδόξασται.

415 3321 512 3372 tus
537 3321 646 3370 est.

487 3406 802 3475 Canamus,
833 3421 1041 3459 omnes
1071 3404 1298 3477 populi,
1333 3405 1395 3460 in
1425 3404 1691 3459 humeris
1751 3404 2072 3461 Cherubim

414 3493 759 3552 ascendenti
791 3511 926 3549 cum
966 3494 1156 3567 gloria
1178 3494 1502 3562 Christo,et
1530 3493 1846 3549 collocanti
1878 3512 1988 3550 nos
2011 3496 2072 3550 in

415 3583 658 3640 dextera
688 3583 1166 3652 Patris,victoriae
1197 3583 1750 3655 cantum,quoniam
1780 3584 2072 3657 glorifica-

414 3678 510 3730 tus
543 3679 651 3730 est.

488 3762 872 3818 Mediatorem
894 3761 998 3818 Dei
1017 3767 1076 3817 et
1103 3762 1417 3818 hominum
1448 3763 1940 3832 Christum,chori
1964 3781 2071 3820 an-

414 3852 683 3927 gelorum
717 3858 1052 3925 spectantes
1083 3869 1219 3908 cum
1251 3869 1430 3908 carne
1462 3853 1523 3908 in
1556 3853 1826 3922 excelsis,
1860 3854 2068 3909 obstu-

410 3943 754 4016 pescebant.
773 3944 1184 3998 Consonanter
1211 3950 1417 3999 autem
1436 3943 1785 4000 recinebant
1806 3944 2065 4000 victoriae

409 4039 672 4099 cantum,
703 4034 986 4104 quoniam
1018 4033 1384 4106 glorificatus
1417 4040 1526 4091 est.

477 4123 751 4179 Potentia
773 4124 963 4179 crucis
995 4129 1133 4194 tum,
1155 4124 1407 4191 Christe,
1444 4123 1636 4180 solida
1666 4141 1860 4180 meam
1890 4141 2064 4180 men-

405 4219 548 4282 tem,
582 4213 654 4268 ad
687 4213 1024 4269 canendum
1056 4220 1115 4269 et
1143 4214 1598 4286 gloriﬁcandum
1645 4219 1807 4270 tuam
1830 4215 2062 4271 saluta-

404 4319 530 4357 rem
561 4303 994 4358 ascensionem.

476 4391 624 4448 687
663 4391 913 4448 Ordines
939 4392 1570 4463 angelorum,Christe,
1597 4392 1910 4448 mortalem
1941 4411 2057 4450 na-

401 4486 599 4537 turam
631 4486 1116 4554 spectantes,una
1147 4483 1579 4539 ascendentem
1613 4488 1829 4553 tecum,
1856 4484 2056 4540 inces-

401 4578 606 4628 santer
635 4571 986 4626 admirando
1019 4572 1455 4646 glorificabant.

2252 3406 2532 3479 νᾼσωμεν,
2589 3403 2785 3471 πάντες
2839 3401 2990 3480 λαοὶ,
3042 3409 3122 3478 τῷ
3166 3405 3256 3461 ἐπὶ
3320 3403 3488 3478 ὤμων
3549 3401 3834 3482 Χερουϐὶμ

2183 3492 2547 3573 ἀναληφθέντι
2601 3497 2738 3566 μετὰ
2790 3493 2953 3568 δόξης
3011 3495 3250 3572 Χριστῷ,
3303 3495 3393 3550 καὶ
3449 3494 3834 3572 συγκαθίσαντι

2181 3584 2330 3656 ἡμᾶς
2352 3582 2403 3638 ἐν
2451 3581 2598 3657 δεξιᾷ
2640 3589 2739 3641 τοῦ
2771 3585 3006 3662 Πατρὸς,
3065 3582 3214 3658 ᾠδήν
3273 3582 3560 3657 ἐπινίκιον,
3619 3584 3703 3641 δτι
3751 3583 3836 3642 δε-

2183 3669 2453 3744 δόξασται.

2249 3764 2348 3818 Τὸν
2379 3761 2603 3837 μεσίτην
2665 3768 2800 3821 Θεοῦ
2848 3763 2940 3820 καὶ
2999 3764 3296 3839 ἀνθρώπων
3356 3763 3610 3840 Χριστὸν,
3671 3763 3834 3842 χοροῖ

2179 3851 2427 3928 ἀγγέλων
2463 3853 2784 3928 θεασάμενοι
2845 3854 2980 3928 μετᾶ
3037 3855 3236 3930 σαρκὸς
3288 3853 3340 3908 ἐν
3401 3853 3675 3928 ὑψίστοις,
3718 3853 3832 3928 ἐξε-

2175 3942 2509 4015 πλήττοντοο
2537 3945 2848 4023 συμφώνως
2876 3942 2934 4000 δὲ
2973 3944 3284 4019 ἀνέμελπον
3343 3943 3514 4018 ὕμνον
3543 3941 3833 4019 ἐπινίκιον,

2175 4032 2259 4090 ὅτι
2295 4031 2630 4105 δεδόξασται.

2247 4126 2480 4198 Δυνάμει
2510 4129 2607 4181 τοῦ
2651 4129 2883 4199 σταυροῦ
2913 4146 3032 4196 σου,
3094 4124 3316 4201 Χριστὶ,
3379 4121 3678 4201 στερέωσόν
3718 4146 3822 4199 μου

2169 4216 2270 4285 τήν
2305 4212 2570 4285 διάνοιαν,
2630 4214 2708 4278 εἷς
2761 4217 2823 4272 τὸ
2882 4215 3069 4290 ὑμνεῖν
3123 4213 3214 4270 καὶ
3274 4211 3512 4285 δοξάζειν
3574 4236 3672 4270 σου
3723 4216 3824 4286 τήν

2173 4307 2443 4382 σωτήριον
2477 4303 2777 4380 ἀνάληψιν.

2237 4397 2304 4452 Ai.
2360 4395 2534 4469 τάξεις
2589 4401 2697 4451 τῶν
2757 4393 3026 4472 ἀγγέλων,
3085 4393 3303 4470 Χριστὶ,
3369 4392 3615 4470 βροτείαν
3668 4393 3827 4473 φύσιν

2167 4484 2490 4559 θεασάμεναι
2523 4487 2870 4541 συνανιοῦσάν
2903 4505 2988 4541 σοι
3040 4481 3329 4547 ἂπαὺστως
3355 4481 3824 4558 ἐκπληττόμεναι,

2165 4571 2440 4646 ἐδόξαζον.

469 4661 779 4724 Exaudivi,
815 4662 1084 4731 Domine,
1118 4661 1486 4718 auditionem
1513 4662 1796 4733 potentiae
1829 4664 2044 4734 crucis,

2202 4625 2440 4646 -ννννν--

2229 4665 2563 4738 Εἱσακήκοα,
2596 4666 2783 4742 Κύριε,
2813 4667 2910 4736 τήν
2966 4665 3136 4736 ἀκοὴν
3195 4671 3297 4735 τῆς
3356 4660 3670 4726 δυναστείας
3721 4667 3819 4720 τοῦ

395 4753 554 4824 quod
583 4751 893 4825 paradisus
924 4759 1165 4825 apertus
1193 4752 1269 4806 sit
1297 4768 1402 4823 per
1431 4752 1643 4824 ipsam,
1665 4758 1724 4808 et
1751 4752 1998 4810 clamavi
2033 4772 2048 4810 :

394 4841 590 4899 Gloria
611 4842 894 4915 potentias
925 4848 1061 4905 tum,
1089 4841 1366 4896 Domine.

462 4935 816 5005 Assumptus
848 4950 910 4988 es
937 4933 998 4988 in
1031 4932 1590 5007 gloria,angelorum
1613 4950 1738 5003 rex,
1771 4934 1845 4991 ad
1867 4936 2048 4991 Para-

2161 4758 2414 4828 σταυροῦ,
2450 4754 2524 4816 ὡς
2556 4751 3112 4831 παράδεισοςήνοίγει
3145 4751 3217 4808 δι’
3245 4751 3432 4821 αὑτοῦ,
3465 4750 3554 4807 καὶ
3587 4745 3822 4823 ἐϐόησα⁸

2159 4844 2294 4917 Δόξα
2323 4848 2390 4917 τῇ
2424 4841 2648 4918 δυνάμει
2682 4865 2800 4916 σου,
2835 4843 3022 4920 Κύριε.

2231 4933 2574 5012 ’Λνελήφθης
2607 4935 2657 4990 ἐν
2693 4932 2822 5010 δόξῃ
2855 4935 2884 4990 ὁ
2941 4938 3050 4989 τῶν
3097 4931 3342 5010 ἀγγέλων
3381 4929 3666 5008 βασιλεὺς,
3721 4930 3815 4987 τὸν

2155 5023 2518 5098 Παράκλητον
2571 5029 2708 5100 ἡμῖν
2767 5023 2828 5080 ἐκ
2881 5029 2980 5080 τοῦ
3037 5023 3249 5099 ΙΙατρὸς
3307 5019 3672 5092 ἀποστεῖλαι,
3721 5019 3814 5077 ’ίνα

2157 5116 2403 5191 βοῶμεν⁶
2444 5116 2579 5186 Δόξα
2607 5119 2676 5190 τῇ
2710 5111 2937 5188 δυνάμει
2969 5136 3091 5186 σου,
3125 5114 3308 5190 Κύριε.

2220 5207 2310 5268 Ὠς
2343 5205 2570 5277 ἀνῆλθεν
2605 5207 2632 5261 ὁ
2665 5206 2862 5281 Σωτὴρ
2893 5206 3029 5279 πρὸς
3071 5205 3163 5260 τὸν
3225 5201 3437 5278 Πατέρα
3494 5200 3588 5256 σὺν
3623 5199 3809 5278 σαρκὶ,

2148 5297 2566 5373 κατεπλάγησαν
2599 5297 2760 5353 αὐτὸν
2817 5298 2874 5352 αἱ
2929 5301 3036 5352 τῶν
3085 5294 3336 5373 ἀγγέλων
3399 5293 3672 5371 στρατιαὶ,
3717 5291 3808 5348 καί

2148 5381 2407 5457 ἐϐόησαν,
2437 5385 2572 5456 Δόξα
2598 5387 2670 5458 τῇ
2700 5383 2924 5459 δυνάμει
2957 5405 3077 5456 σου,
3119 5384 3302 5462 Κύριε.

2218 5477 2289 5531 Αἱ
2317 5479 2425 5531 τῶν
2461 5473 2569 5530 ἂνω
2621 5473 2896 5550 δυνάμεις,
2926 5480 3046 5538 ταῖς
3105 5473 3407 5549 ἀνωτὲραις
3462 5467 3659 5528 ἐϐόων·
3697 5470 3806 5527 Πό-

2146 5570 2245 5628 λας
2278 5563 2442 5640 ἄρατε
2469 5566 2692 5638 Χριστῷ
2717 5570 2798 5639 τῷ
2826 5564 3086 5642 ἡμετέρῳ
3129 5562 3368 5640 βασιλεῖ,
3410 5561 3468 5618 ὅν
3526 5561 3799 5636 ἀνυμνοῦ-

2147 5676 2242 5730 μεν
2277 5655 2390 5730 ἅμα
2417 5661 2500 5730 τῷ
2532 5656 2726 5731 Πατρὶ,
2760 5657 2848 5712 καὶ
2895 5658 2975 5729 τῷ
3007 5655 3301 5730 Πνεὺματι.

2215 5745 2597 5823 Ὀρθρίζοντες
2653 5744 2871 5822 βοῶμέν
2947 5766 3035 5802 σοι
3092 5745 3274 5822 Κύριεο
3365 5748 3554 5801 Σῶσον
3631 5744 3801 5817 ἡμᾶς·

388 5023 610 5080 oletum
669 5023 842 5079 nobis
873 5040 908 5078 a
955 5027 1123 5078 Patre
1156 5024 1535 5095 mittendum,
1572 5029 1636 5078 ut
1664 5023 1993 5081 clamemus
2028 5043 2042 5081 :

387 5114 586 5169 Gloria
615 5113 894 5186 potentias
921 5119 1055 5182 tua),
1085 5113 1358 5170 Domine.

456 5205 528 5260 Ut
558 5202 827 5259 ascendit
855 5202 1200 5258 Salvatorad
1233 5205 1467 5258 Patrem
1485 5220 1620 5258 cum
1644 5203 2042 5272 carne,admi-

379 5296 492 5351 rati
524 5293 878 5365 suntipsum
892 5293 1242 5366 angelorum
1275 5293 1657 5362 exercitus,et
1679 5294 2037 5352 clamarunt:

381 5385 578 5442 Gloria
603 5384 886 5455 potentiae
919 5388 1054 5451 tuae,
1090 5383 1360 5439 Domine.

446 5476 728 5546 Supernae
781 5480 1106 5546 potestates
1174 5473 1584 5545 superioribus
1640 5471 2034 5532 clamabant:

374 5563 578 5618 Portas
609 5564 862 5619 attollite
893 5563 1123 5618 Christo
1157 5567 1362 5618 nostro
1389 5561 1535 5634 regi,
1555 5577 1735 5633 quem
1767 5565 2038 5622 concini-

375 5666 508 5706 mus
539 5668 659 5707 una
689 5670 823 5708 cum
856 5656 1030 5708 Patre
1063 5658 1121 5707 et
1151 5651 1396 5723 Spiritu.

447 5739 767 5809 Vigilantes
791 5741 862 5796 de
886 5742 1380 5810 luce,clamamus
1409 5741 1539 5814 tibi,
1556 5741 1833 5814 Domine,
1867 5745 2037 5803 Salva
