4160 6394
472 364 584 421 845

2010 370 2367 428 ΟΑΒΜῙΝΔ.

3794 378 3903 435 846

467 488 535 545 σὺ
572 485 676 565 γὰρ
738 486 791 543 εἴ
843 486 973 552 Θεὸς
1033 488 1220 563 ἡμῶν,
1279 486 1434 553 ἐκτός
1463 509 1560 544 σου
1594 486 1772 547 ἄλλον
1833 488 1933 546 οὐκ
1985 488 2113 546 οἵδα·

2258 509 2363 549 nos
2389 511 2402 550 :
2434 498 2497 549 tu
2527 496 2687 552 enim
2718 514 2781 552 es
2814 498 2969 554 Deus
3000 503 3243 567 noster;
3277 502 3443 555 extra
3471 503 3527 555 te
3552 499 3737 557 alium
3778 517 3901 558 non

473 600 571 652 μεν
581 622 594 635 .

536 683 848 761 Πληρώσας
880 684 1218 761 εὐφροσύνης
1261 686 1329 741 τά
1360 686 1643 759 σύμπαντα
1698 685 1956 763 ἐλεήμων
2006 692 2127 750 ταῖς

462 772 577 831 ἅνω
618 772 880 849 δυνάμεσι
918 775 1055 848 μετά
1086 775 1285 851 σαρκὸς
1318 773 1692 849 ἐπεδήμησας.

538 890 824 969 Ἀγγέλων
879 892 934 946 αἱ
994 889 1250 965 δυνάμεις
1308 891 1600 965 αίρόμενόν
1658 915 1715 949 σε
1772 891 2126 966 ἷδοῦσα,τάς

456 981 665 1050 πύλας,
697 980 1048 1055 ἐκραύγαζον.
1084 984 1174 1052 Τῷ
1210 980 1426 1057 βασιλεῖ
1456 982 1616 1056 ἡμῶν
1649 980 1831 1059 ἄρατε.

530 1096 849 1157 Ἐκύκλωσέ
910 1117 976 1171 με
1021 1091 1450 1177 ἀϐυσσος,ταςρή
1517 1119 1609 1172 μοι
1667 1100 1730 1155 τὸ
1787 1107 1956 1170 κῆτος
2009 1099 2126 1176 ἐγέ-

458 1210 607 1259 νετο,
647 1187 756 1264 ἐγὼ
788 1184 846 1243 δὲ
877 1182 1085 1257 ἐϐόησα
1140 1188 1277 1263 πρός
1308 1209 1365 1244 σε
1419 1186 1513 1244 τόν
1570 1187 1983 1268 φιλάνθρωπον,
2031 1190 2122 1246 καὶ

451 1276 630 1339 ἔσωσέ
664 1299 731 1352 με
759 1280 794 1349 ἡ
831 1275 979 1349 δεξιά
1009 1299 1128 1351 σου,
1164 1279 1349 1355 Κύριε.

525 1395 886 1471 Ἐσκίρτησαν
941 1395 1298 1468 ἀπόστολοι,
1374 1398 1609 1473 ὁρῶντες
1670 1399 1958 1474 μετάρσιον
2020 1400 2119 1470 σή-

448 1508 617 1565 μερον
648 1488 743 1543 τὸν
801 1484 1023 1559 κτίστην
1085 1485 1383 1563 φερόμενον
1421 1486 1604 1543 ἐλπίδι
1653 1493 1751 1543 τοῦ
1808 1489 2118 1563 πνεύματος

438 1577 532 1633 καὶ
565 1571 724 1657 φόϐῳ
756 1572 1007 1652 ἔκραζον·
1044 1577 1180 1648 Δόξα
1210 1581 1278 1651 τῇ
1315 1574 1497 1651 ἀνόδῳ
1529 1599 1648 1637 σου.

2245 584 2540 640 novimus.

2309 701 2571 773 Implens
2620 703 2829 760 laetitia
2866 706 3147 762 universa
3198 706 3540 763 misericors
3566 751 3582 773 ,
3624 710 3900 781 supernis

2237 791 2521 860 potentiis
2553 809 2688 848 cum
2721 811 2898 849 carne
2928 795 3341 869 peregrinatus
3375 812 3454 851 es.

2307 906 2669 979 Angelorum
2701 911 2983 980 potentiae
3017 912 3315 967 sublatum
3350 918 3405 967 te
3436 913 3723 985 videntes,
3754 917 3893 971 Por-

2236 999 2324 1051 tas
2344 996 2725 1070 (clamabant)
2757 1000 2897 1071 Regi
2930 1008 3131 1056 nostro
3160 1004 3431 1058 attollite.

2307 1112 2587 1168 Circuivit
2615 1131 2709 1169 me
2742 1114 3011 1187 abyssus,
3048 1118 3352 1189 sepultura
3379 1120 3523 1174 mihi
3549 1126 3676 1176 cete
3710 1122 3894 1177 exsti-

2234 1201 2340 1257 tit:
2376 1218 2481 1275 ego
2534 1209 2732 1258 autem
2767 1204 3013 1259 clamavi
3062 1206 3135 1261 ad
3186 1212 3241 1262 te
3290 1208 3806 1280 benignissimum,
3838 1217 3897 1267 et

2233 1292 2488 1347 servavit
2512 1310 2608 1349 me
2641 1293 2885 1350 dextera
2916 1300 3036 1361 tua,
3070 1296 3340 1352 Domine.

2303 1409 2607 1465 Saltarunt
2656 1411 2932 1483 apostoli,
3014 1412 3283 1468 videntes
3343 1413 3659 1471 sublimem
3719 1418 3894 1472 hodie

2230 1505 2561 1555 creatorem
2594 1501 2820 1556 latum:
2856 1519 2959 1573 spe
3014 1503 3257 1573 spiritus
3308 1508 3366 1559 et
3413 1505 3624 1561 timore
3677 1507 3899 1563 clama-

2227 1587 2392 1656 bant,
2428 1590 2623 1645 Gloria
2655 1592 2993 1647 ascensioni
3030 1598 3165 1647 tuae.

520 1694 850 1765 Ἐπέστησαν
888 1696 941 1750 οἱ
988 1693 1210 1771 ἄγγελοι
1277 1696 1535 1771 βοῶντες,
1594 1696 1822 1771 Χριστὶ,
1853 1702 1972 1760 τοῖς
2012 1718 2118 1771 μα-

455 1788 642 1855 θηταῖς
670 1804 791 1841 σου·
815 1787 915 1843 ’Όν
940 1785 1145 1863 τρόπον
1174 1782 1418 1840 κατίδετε
1448 1786 1677 1861 Χριστὸν
1712 1786 2111 1861 ὼυψούμενον,

447 1876 591 1931 οὕτω
630 1878 786 1951 σαρκὶ
820 1874 1095 1931 ἐλεύσεται
1132 1872 1339 1939 δίκαιος
1370 1877 1397 1932 6
1429 1876 1646 1931 πάντων
1673 1879 1891 1953 κριτής.

2297 1707 2633 1762 Astiterunt
2653 1707 2871 1781 angeli,
2904 1709 3255 1774 clamantes,
3289 1710 3539 1775 Christe.
3576 1710 3885 1785 discipulis

2227 1796 2382 1851 tuis:
2416 1797 2927 1861 Quemadmodum
2969 1798 3279 1870 spectastis
3327 1800 3627 1855 Christum
3688 1804 3883 1859 eleva-

2140 1890 2186 1954 B
2220 1889 2367 1953 tum,
2403 1887 2486 1941 sic
2518 1904 2693 1942 carne
2723 1888 2920 1943 veniet
2941 1888 3143 1959 justus
3166 1889 3662 1962 omniumjudex.

521 1995 610 2059 Ὠς
640 1991 779 2049 εἶδόν
813 2015 892 2063 σε,
927 1996 1123 2069 Σωτήρ
1156 1996 1341 2068 ήμῶν,
1375 1996 1430 2049 αἱ
1482 1993 1588 2050 ἅνω
1623 1992 1876 2069 δυνάμεις
1906 1993 1960 2050 ἐν
1991 1993 2111 2069 ὑψί-

444 2105 598 2147 στοις
657 2085 945 2159 αἰρόμενον
1006 2085 1296 2159 σύσσωμον
1331 2132 1347 2158 ,
1404 2084 1456 2141 ἐν
1518 2080 1677 2162 φόϐῳ
1734 2085 2107 2163 ἐκραυγαζον.

439 2175 701 2250 Μεγάλη,
734 2176 1001 2245 Δέσποτα,
1032 2176 1066 2246 ἡ
1099 2174 1489 2254 φιλανθρωπία
1521 2196 1639 2233 σου.

2298 2004 2369 2057 Ut
2398 2002 2673 2059 viderunt
2702 2009 2780 2075 te,
2812 2005 3079 2060 Salvator
3108 2010 3329 2074 noster,
3364 2021 3640 2076 supernaa
3671 2014 3885 2079 poten-

2223 2090 2319 2146 tias
2348 2092 2410 2146 in
2455 2094 2708 2148 excelsis
2759 2094 3059 2149 sublatum
3091 2112 3225 2149 cum
3271 2111 3539 2165 corpore,
3573 2095 3635 2150 in
3670 2096 3881 2155 timore

2223 2181 2600 2238 clamabant:
2630 2185 2859 2256 Magna,
2892 2184 3164 2252 Domine,
3199 2184 3539 2257 benignitas
3572 2192 3691 2242 tua.

514 2294 579 2350 Ὁ
606 2291 660 2348 ἕν
687 2292 901 2366 καμίνῳ
956 2292 1130 2368 πυρὸς
1181 2291 1310 2357 τοὺς
1368 2291 1718 2369 ὑμνολόγους
1775 2292 1954 2355 σώσας
1982 2296 2114 2347 παῖ-

2294 2307 2402 2371 Qui
2437 2307 2497 2361 in
2521 2307 2760 2363 fornace
2794 2308 2947 2379 ignis
2978 2312 3314 2364 cantatores
3347 2311 3608 2365 servavit
3638 2328 3883 2382 pueros:

436 2377 563 2444 δας·
597 2382 925 2459 Εὐλογητὸς
959 2384 988 2440 6
1018 2383 1149 2447 Θεὸς
1180 2383 1207 2437 ὁ
1236 2386 1345 2438 τῶν
1378 2381 1626 2459 πατέρων
1654 2384 1837 2455 ἡμῶν.

2224 2396 2579 2452 Benedictus
2612 2398 2767 2453 Deus
2799 2403 3035 2469 patrum
3064 2404 3425 2456 nostrorum.

514 2497 638 2553 Ἐπῖ
690 2497 798 2554 τῶν
859 2493 1053 2573 ὤμων,
1113 2500 1332 2575 Χριστὶ,
1392 2500 1492 2569 τὴν
1551 2498 1920 2570 πλανηθεῖσαν
1973 2500 2106 2577 ἄρας

2289 2514 2357 2569 In
2386 2514 2673 2584 humeris,
2703 2515 2956 2581 Christe,
2991 2521 3291 2571 errantem
3326 2516 3546 2572 tollens
3581 2522 3875 2587 naturam,

427 2588 621 2667 φύσιν,
652 2587 989 2666 ἀναληφθεὶς
1010 2593 1092 2663 τῷ
1120 2589 1211 2645 καὶ
1245 2590 1416 2663 Πατρὶ
1446 2590 1814 2666 προσήγαγες.

2217 2608 2561 2674 assumptus
2594 2621 2833 2659 sursum
2866 2650 2881 2674 ,
2917 2606 3035 2659 Deo
3069 2610 3127 2659 et
3157 2605 3317 2659 Patri
3349 2605 3669 2664 adduxisti.

514 2706 571 2759 Ὀ
628 2703 679 2761 έν
739 2704 942 2784 νεφέλῃ
1004 2706 1185 2780 φωτὸς
1243 2702 1597 2781 ἀναληφθεὶς,
1648 2705 1737 2759 καὶ
1798 2705 1975 2767 σώσας
2006 2704 2107 2761 κό-

2289 2720 2397 2785 Qui
2430 2721 2491 2775 in
2523 2720 2743 2775 nebula
2775 2721 3023 2776 luminis
3055 2739 3116 2776 es
3148 2728 3514 2794 assumptus,
3548 2730 3605 2779 et
3636 2724 3870 2781 salvasti

432 2814 600 2869 σμον·
629 2794 956 2873 Εὐλογητὸς
982 2795 1011 2850 6
1043 2796 1173 2859 Θεὸς
1205 2796 1232 2851 6
1262 2800 1371 2850 τῶν
1403 2795 1652 2870 πατέρων
1682 2797 1867 2868 ἡμῶν.

513 2913 575 2970 Ὁ
607 2910 845 2967 ἀνελθὼν
906 2912 1011 2966 ἀπὸ
1040 2919 1144 2987 γῆς
1176 2914 1312 2989 πρὸς
1370 2913 1461 2968 τὸν
1517 2911 1808 2985 ἀσώματον
1871 2916 2100 2987 Πατέρα·

431 2998 764 3076 Εὐλογητὸς
797 3001 825 3055 6
849 3002 977 3062 Θεὸς
1013 3001 1040 3055 6
1070 3005 1176 3056 τῶν
1210 3000 1458 3076 πατέρων
1490 3002 1672 3073 ἡμῶν.

511 3117 618 3174 Τὸν
682 3116 741 3172 ἐκ
778 3116 988 3191 Πατρὸς
1046 3116 1153 3190 πρὸ
1211 3114 1426 3170 αἶώνων
1461 3116 1788 3191 γεννηθέντα
1847 3115 1971 3171 Υἱὸν
2010 3115 2102 3172 καὶ

431 3209 589 3278 Θεὸν,
621 3208 710 3263 καὶ
770 3206 853 3263 ἐπ’
908 3206 1155 3285 ἐσχάτων
1204 3211 1314 3263 τῶν
1363 3207 1582 3284 χρόνων
1642 3208 2008 3284 σαρκωθέντα,
2042 3206 2103 3263 ἐκ

426 3268 716 3375 Παρδένου
768 3268 1193 3376 μητρὸςηίερεῖς
1258 3268 1497 3373 ὑμνῖῖτε·
1559 3268 1721 3370 Δαὸς,
1762 3268 2177 3377 ὑπεροψόῦτεθ

424 3390 512 3453 εἷς
543 3390 751 3453 πάντας
780 3388 909 3452 τοὺς
942 3388 1167 3453 αἲῶνας.

506 3509 616 3566 Τὸν
651 3507 702 3563 ἐν
738 3504 859 3562 δυσὶ
887 3512 1009 3569 ταῖς
1043 3504 1253 3569 οὐσίαις
1283 3505 1592 3562 ἀναπτάντα
1645 3503 1925 3576 ζωοδότην
1970 3506 2106 3581 Χρι-

440 3599 569 3653 στὸν
598 3597 673 3659 εἰς
705 3596 973 3673 οὐρανους
1025 3597 1163 3671 μετά
1219 3594 1405 3669 δόξης,
1462 3597 1553 3651 καὶ
1614 3596 1784 3671 Πατρὶ
1846 3606 2109 3671 συγκαθε-

450 3687 700 3760 ζόμενον,
728 3689 896 3764 ἱερεῖς
929 3688 1164 3761 ὑμνεῖτε·
1207 3688 1373 3759 Λαὸς,
1408 3686 1747 3763 ὑπερυψοῦτε
1795 3684 1872 3748 εἷς
1903 3686 2105 3746 πάντας

452 3778 583 3840 τοὺς
609 3777 830 3841 αἰῶνας.

520 3897 619 3951 Τὸν
654 3895 715 3952 ἐκ
746 3894 997 3959 δουλείας
1027 3897 1128 3966 τὴν
1178 3893 1350 3950 κτίσιν
1396 3897 1503 3949 τῶν
1538 3890 1783 3948 εἰδώλων
1826 3890 2109 3967 λυτρωσά-

451 4007 636 4061 μενον,
670 3987 761 4041 καὶ
794 3988 1217 4059 παραστήσαντα
1277 3983 1476 4054 ταύτην
1538 3982 1817 4057 ἐλευτέραν
1876 3987 1955 4055 τῶ
1986 3979 2109 4055 ἰδίῳ

446 4076 639 4153 Πατρὶ,
674 4077 838 4151 ἱερεῖς
873 4077 1109 4150 ὑμνεῖτε·
1171 4075 1342 4148 Λαὸς,
1405 4071 1741 4149 ὑπερυψυῦτε
1773 4071 1848 4135 εἷς
1906 4072 2108 4133 πάντας

448 4164 579 4228 τοὺς
610 4165 837 4229 αἰῶνας.

526 4282 631 4339 Τὸν
658 4286 727 4357 τῇ
758 4283 926 4338 αὐτοῦ
969 4276 1259 4338 καταϐάσει
1308 4277 1607 4335 καθελόντα
1663 4281 1754 4335 τὸν
1814 4275 2109 4333 ἀντίπαλον

449 4371 542 4427 καὶ
600 4375 668 4447 τῇ
727 4371 893 4427 αὐτοῦ
939 4366 1189 4427 ἀναϐάσει
1252 4371 1611 4443 ἀνυψώσαντα
1656 4369 1749 4424 τὸν
1810 4367 2112 4444 ἄνθρωπον,

451 4462 642 4537 ἱερεῖς,
697 4462 935 4536 ὑμνεῖτε·
993 4462 1161 4532 Ααὸς,
1221 4460 1560 4537 ὐπερυψοῦτε
1592 4459 1669 4523 εἷς
1728 4458 1927 4521 πάντας
1985 4457 2112 4520 τοὺς

448 4549 677 4613 αἰῶνας.

2215 2810 2505 2865 mundum
2540 2827 2552 2865 :
2588 2810 2939 2866 Benedictus
2972 2813 3125 2867 Deus
3157 2818 3392 2883 patrum
3436 2820 3796 2870 nostrorum.

2286 2926 2393 2992 Qui
2427 2926 2747 2982 ascendisti
2782 2945 2812 2983 e
2846 2934 3005 2983 terra
3036 2927 3108 2982 ad
3143 2928 3562 3000 incorporeum
3594 2932 3871 2987 Patrem:

2215 3016 2568 3072 Benedictus
2601 3019 2755 3073 Deus
2787 3024 3022 3089 patrum
3058 3024 3427 3074 nostrorum.

2284 3135 2366 3189 Ex
2395 3136 2566 3189 Patre
2600 3140 2734 3189 ante
2768 3135 2987 3190 saecula
3016 3140 3224 3189 natum
3246 3135 3461 3190 Filium
3495 3140 3553 3189 et
3583 3136 3790 3204 Deum,
3821 3141 3879 3192 et

2216 3224 2279 3279 in
2312 3224 2539 3279 ultimis
2572 3225 2938 3296 temporibus
2970 3226 3346 3280 incarnatum
3381 3242 3451 3279 ex
3486 3226 3719 3297 Virgine
3750 3241 3879 3280 ma—

2217 3320 2327 3385 tre,
2362 3314 2725 3382 sacerdotes,
2760 3315 2991 3371 canite:
3044 3314 3236 3387 plebs,
3287 3315 3722 3387 superexaltate
3772 3332 3880 3388 per

2216 3405 2421 3461 omnia
2451 3405 2690 3461 saecula.

2284 3523 2350 3576 In
2393 3520 2625 3577 duabus
2675 3522 3023 3577 substantiis
3066 3522 3363 3579 volantem
3430 3524 3562 3579 vitae
3609 3524 3875 3579 datorem

2216 3611 2515 3666 Christum
2548 3611 2607 3665 in
2626 3612 2806 3667 caelos
2823 3629 2957 3667 cum
2988 3612 3178 3682 gloria
3205 3618 3264 3667 et
3288 3629 3421 3667 cum
3455 3614 3627 3667 Patre
3661 3612 3875 3667 seden-

2215 3704 2357 3765 tem,
2391 3700 2749 3766 sacerdotes,
2772 3700 3009 3756 laudate
3038 3718 3050 3768 ;
3080 3700 3270 3772 plebs,
3302 3700 3737 3773 superexaltate
3768 3717 3875 3771 per

2217 3790 2421 3843 omnia
2453 3790 2690 3845 saecula.

2290 3905 2452 3970 Quia
2474 3906 2754 3959 servitute
2787 3905 3083 3960 idolorum
3113 3911 3443 3961 creaturam
3480 3906 3666 3961 salvat
3687 3912 3745 3961 et
3775 3924 3881 3978 po-

2218 3996 2308 4049 nit
2336 3995 2526 4065 ipsam
2556 3995 2804 4051 liberam
2852 3995 3008 4067 apud
3050 3997 3354 4066 proprium
3410 3999 3668 4065 Patrem,
3721 3996 3883 4051 hunc

2219 4085 2557 4140 sacerdotes
2583 4084 2842 4152 laudate,
2872 4085 3061 4157 plebs,
3091 4086 3525 4157 superexaltate
3550 4103 3656 4158 per
3679 4088 3885 4143 omnia

2222 4175 2459 4230 saecula.

2295 4284 2408 4338 Sua
2441 4282 2627 4355 ipsius
2660 4281 3051 4338 descensione
3082 4283 3182 4353 qui
3229 4282 3429 4338 obruit
3461 4283 3794 4348 inimicum,
3829 4290 3888 4340 et

2223 4373 2375 4430 688
2401 4390 2508 4428 sua
2538 4373 2725 4444 ipsius
2748 4373 3097 4428 ascensione
3124 4374 3221 4444 qui
3249 4374 3525 4429 exaltavit
3556 4374 3885 4447 hominem,

2223 4465 2404 4532 hunc,
2450 4462 2808 4532 sacerdotes,
2869 4462 3149 4531 laudate;
3211 4462 3400 4535 plebs,
3453 4463 3887 4536 superexaltate

2227 4571 2335 4627 per
2367 4554 2571 4609 omnia
2603 4553 2838 4609 saecula.

528 4668 600 4722 Σὲ
626 4667 727 4737 τήν
763 4667 895 4737 ὑπὲρ
926 4670 1057 4724 νοῦν
1096 4666 1187 4723 καὶ
1247 4662 1411 4741 λόγον
1466 4663 1691 4739 Μητέρα
1750 4667 1909 4738 Θεοῦ,
1935 4664 2035 4734 τὴν
2065 4663 2113 4719 ἐν

2301 4672 2376 4726 Te
2409 4687 2588 4742 supra
2615 4674 2878 4726 mentem
2912 4674 2967 4724 et
2999 4669 3295 4726 rationem
3328 4671 3572 4727 Matrem
3607 4670 3730 4741 Dei,
3756 4687 3887 4741 qua;

453 4757 643 4833 χρόνῳ
694 4756 786 4812 τὸν
848 4754 1087 4832 ἄχρονον
1144 4753 1430 4835 ἀφράστως
1484 4756 1780 4826 κυήσασαν,
1840 4755 1893 4811 οἱ
1932 4752 2116 4810 πιστοὶ

453 4846 787 4925 ὁμοφρόνως
820 4847 1091 4924 μεγαλύνο
1100 4868 1218 4921 μεν.

529 4967 600 5019 Σὲ
631 4965 722 5020 τὸν
758 4963 1044 5038 λυτρωτὴν
1075 4967 1172 5019 τοῦ
1203 4963 1416 5036 κόσμου
1466 4962 1696 5035 Χριστὸν
1740 4961 1835 5017 τὸν
1885 4962 2015 5017 Θεὸν
2065 4962 2119 5018 οἱ

448 5053 755 5110 ἀπόστολοι
816 5053 1115 5130 βλέποντες
1174 5052 1371 5117 ὲνθέως
1429 5050 1757 5127 ὑψούμενον,
1796 5053 1932 5127 μετὰ
1964 5049 2121 5116 δέους

449 5148 804 5219 σκιρτῶντες,
841 5141 1238 5218 μεγαλύνομεν.

535 5260 607 5316 Σὶ
636 5260 728 5315 τὸν
757 5255 1065 5316 καταϐάντα
1092 5259 1198 5321 ἓως
1247 5257 1481 5336 ἐσχάτου
1538 5265 1640 5330 τῆς
1697 5264 1823 5336 γῆς,
1880 5258 1966 5313 καὶ
2025 5256 2117 5313 τὸν

452 5348 751 5427 ἄνθρωπον
812 5349 1105 5422 σώσαντα,
1156 5350 1247 5404 καὶ
1306 5353 1375 5424 τῇ
1434 5343 1690 5405 ἀναϐάσει
1753 5370 1849 5403 σου
1908 5348 2120 5424 ἀνυψώ-

458 5461 629 5497 σαντα
646 5445 839 5497 τοῦτον
875 5438 1274 5517 μεγαλόνομεν.

531 5560 722 5633 Χαῖρε,
756 5556 1010 5626 Θεοτόκε,
1058 5564 1231 5633 μῆτερ
1288 5557 1524 5633 Χριστοῦ
1569 5559 1668 5611 τοῦ
1725 5561 1879 5614 Θεοῦ·
1931 5558 1990 5613 ’ὀν
2018 5557 2120 5634 γὰρ

451 5647 689 5720 ἰκύησας
722 5651 965 5724 σήμερον
994 5642 1055 5703 ἔκ
1100 5654 1206 5724 γῆς
1264 5647 1657 5721 ἀνιπτάμενον,
1714 5646 1806 5703 σὺν
1865 5644 2122 5727 ἀγγέλοις

456 5738 648 5813 ὁρῶσα
678 5736 1035 5813 ἐμεγάλυνας.

2229 4761 2293 4817 in
2324 4766 2587 4833 tempore
2620 4759 2906 4832 temporis
2938 4765 3235 4815 exsortem
3284 4760 3672 4816 ineiTabiliter
3720 4760 3895 4815 enixa

2229 4868 2313 4917 es,
2345 4850 2552 4905 ﬁdeles
2586 4850 2952 4905 unanimiter
2982 4850 3453 4923 magnificamus.

2298 4968 2373 5021 Te
2408 4966 2759 5021 salvatorem
2786 4965 2996 5019 mundi
3045 4966 3344 5020 Christum
3395 4966 3583 5020 Deum
3632 4965 3891 5036 apostoli

2228 5056 2493 5110 videntes
2528 5053 2810 5109 divinitus
2863 5053 3207 5122 exaltatum,
3241 5069 3377 5109 cum
3430 5053 3641 5108 timore
3696 5054 3897 5109 exsul-

2231 5151 2445 5209 tantes,
2481 5144 2958 5217 magniﬁcamus.

2301 5266 2377 5317 Te
2410 5260 2876 5315 descendentem
2927 5276 3116 5330 usque
3168 5258 3240 5313 ad
3291 5264 3556 5315 extrema
3612 5265 3805 5327 terras,
3839 5266 3898 5316 et

2230 5352 2537 5407 hominem
2570 5350 2914 5415 salvantem,
2954 5355 3013 5404 et
3043 5350 3393 5404 ascensione
3428 5354 3527 5405 tua
3556 5348 3897 5422 superexal-

2235 5449 2457 5499 tantem
2491 5442 2672 5509 hunc,
2706 5440 3183 5513 magniﬁcamus.

2304 5564 2444 5629 Ave,
2476 5559 2730 5630 Deipara
2757 5561 2948 5612 mater
2979 5556 3193 5611 Christi
3220 5556 3322 5613 Dei
3352 5572 3363 5610 :
3400 5573 3575 5627 quem
3610 5556 3769 5613 enim
3796 5574 3901 5630 pe-

2234 5651 2466 5726 peristi,
2501 5647 2679 5705 hodie
2714 5663 2784 5703 ex
2816 5653 2975 5703 terra
3023 5646 3505 5719 supravolantem
3554 5664 3690 5705 cum
3721 5663 3904 5719 ange-

2234 5742 2310 5797 lis
2340 5741 2568 5812 videns,
2600 5738 3019 5810 magniﬁcasti.
