4160 6380
442 380 479 435 8
485 379 552 436 47

1107 500 1194 556 ΕΙ
1197 498 1279 554 US
1283 497 1435 553 DEM

521 677 581 732 In
613 673 1159 745 transﬁgurationem
1188 668 1410 725 Domini
1436 666 1617 722 nostri
1643 665 1771 721 Iesu
1802 659 2027 720 Christi.

1092 921 1445 982 Acrostichis.

513 1082 739 1154 Moyses
771 1081 872 1137 Dei
905 1080 1118 1137 faciem
1148 1078 1213 1134 in
1242 1076 1475 1133 Thabor
1509 1073 1671 1130 vidit.

514 1171 742 1245 Moyses
791 1172 854 1229 in
898 1173 1049 1229 mari
1098 1169 1443 1244 prophetice
1490 1164 1869 1236 conspicatus
1903 1160 1965 1215 in
1994 1175 2103 1215 ne-

440 1260 602 1332 bula,
643 1269 703 1318 et
731 1263 793 1318 in
824 1262 1105 1319 columna
1150 1260 1295 1315 olim
1342 1258 1499 1331 ignis
1543 1255 1793 1329 gloriam
1844 1250 2100 1316 Domini,

442 1351 852 1409 exclamabat:
881 1351 1260 1423 Redemptori
1290 1354 1346 1405 et
1396 1350 1512 1403 Deo
1558 1350 1761 1401 nostro
1792 1358 2098 1399 canamus.

514 1443 774 1516 Utpetra
806 1459 1049 1514 corpore
1081 1445 1384 1515 protectus
1416 1437 1713 1504 deiﬁcato,
1741 1431 2100 1489 invisibilem

442 1533 685 1589 intuens
707 1534 935 1605 Moyses
960 1533 1062 1587 Dei
1086 1534 1401 1603 spectator,
1427 1525 1830 1584 exclamabat:
1855 1522 2102 1579 Redem-

439 1622 595 1694 ptori
633 1627 691 1677 et
723 1623 842 1677 Deo
875 1628 1079 1677 nostro
1113 1636 1416 1676 canamus.

514 1712 596 1767 Tu
628 1711 688 1767 in
714 1717 914 1767 monte
936 1710 1110 1784 legali
1144 1716 1202 1765 et
1231 1710 1291 1764 in
1317 1707 1620 1764 Thaboreo
1651 1706 1809 1760 visus
1831 1719 1893 1759 es
1918 1700 2099 1773 Moysi

441 1801 502 1856 in
534 1800 795 1856 tenebris
824 1801 969 1856 olim
1000 1817 1012 1856 :
1048 1800 1108 1854 in
1140 1799 1337 1855 lucem
1390 1803 1588 1853 autem
1622 1812 1781 1851 nunc
1832 1794 2100 1849 inacces-

442 1907 572 1946 sam
603 1890 949 1949 divinitatis.

514 1979 890 2037 Obumbrans
913 1981 1102 2055 gloria
1160 1981 1223 2035 in
1281 1978 1535 2035 tentorio
1585 1976 1772 2049 prius,
1807 1980 1867 2029 et
1914 1971 2097 2045 Moysi

442 2071 757 2143 alloquens
788 2077 889 2127 tuo
923 2087 1111 2139 servo,
1142 2071 1332 2143 ﬁgura
1362 2070 1516 2125 facta
1547 2073 1636 2122 est
1660 2064 1912 2121 illustris
1944 2061 2099 2117 inef-

440 2159 704 2217 fabiliter
724 2162 786 2217 in
809 2160 1042 2217 Thabor
1064 2167 1201 2228 tum,
1233 2159 1502 2229 Domine,
1535 2151 2094 2229 transfigurationis.

514 2338 932 2396 Convenerunt
961 2344 1181 2407 tecum,
1206 2356 1239 2395 o
1273 2337 1550 2407 Verbum,
1573 2334 1968 2409 unigenitum,
1997 2348 2097 2387 ex-

440 2428 691 2496 celsum,
718 2426 1125 2502 apostolorum
1158 2428 1470 2485 summitas
1501 2428 1563 2483 in
1610 2430 1812 2483 monte
1843 2423 2094 2493 Thabor,

441 2523 500 2574 et
529 2518 709 2574 simul
740 2520 1058 2575 astiterunt
1079 2520 1306 2592 Moyses
1339 2517 1592 2585 etElias,
1624 2521 1691 2571 ut
1726 2515 1823 2570 Dei
1857 2514 2029 2581 servi,
2062 2529 2095 2567 o

440 2607 542 2680 qui
576 2608 736 2664 solus
770 2608 1067 2665 humanus
1100 2625 1183 2665 es.

509 2697 665 2753 Deus
706 2704 863 2755 totus
912 2700 1227 2766 exsistens,
1278 2702 1437 2754 totus
1487 2695 1760 2752 mortalis
1783 2694 1975 2750 factus
2008 2709 2092 2761 es,

437 2792 563 2845 tota
587 2789 892 2846 divinitate
924 2791 1183 2846 miscens
1216 2789 1648 2845 humanitatem
1672 2787 1733 2842 in
1764 2785 2097 2842 substantia

438 2881 559 2947 tua,
593 2897 777 2952 quam
809 2880 868 2935 in
896 2879 1126 2937 duabus
1158 2879 1509 2936 substantiis
1541 2880 1768 2950 Moyses
1816 2875 2093 2947 Eliasque

438 2967 718 3024 viderunt
746 2970 808 3025 in
838 2975 1041 3026 monte
1071 2969 1322 3025 Thabor.

508 3059 589 3112 Ex
621 3075 798 3114 carne
830 3064 930 3114 tua
960 3058 1109 3114 radii
1141 3058 1465 3114 divinitatis
1483 3056 1937 3131 egrediebantur
1955 3069 2093 3126 pro-

438 3146 753 3219 phetarum
805 3153 864 3203 et
912 3148 1340 3219 apostolorum,
1372 3147 1532 3203 unde
1587 3145 1761 3202 electi
1810 3147 2094 3199 canentes

402 3266 409 3275 ε
438 3235 891 3292 exclamabant:
927 3237 1123 3292 Gloria
1155 3237 1437 3308 potentiae
1467 3242 1602 3300 tum,
1636 3234 1908 3289 Domine.

509 3323 743 3380 Rubum
794 3342 1032 3381 servans
1092 3325 1349 3380 illaesum
1408 3323 1890 3397 congredientem
1946 3321 2091 3394 igni,

433 3415 616 3486 Moysi
649 3415 847 3470 divina
870 3414 1002 3470 luce
1026 3415 1335 3487 prasditam
1362 3431 1601 3471 carnem
1625 3412 1959 3479 ostendisti,
1988 3413 2096 3466 Do-

433 3504 617 3570 mine,
645 3505 919 3561 canenti:
952 3505 1152 3560 Gloria
1181 3504 1461 3576 potentiaa
1493 3508 1630 3567 tuae,
1664 3502 1934 3557 Domine.

508 3593 848 3650 Absconsus
879 3600 971 3650 est
1001 3594 1328 3649 divinitatis
1350 3593 1534 3649 radiis
1561 3591 1864 3647 sensibilis
1894 3590 2005 3655 sol,
2028 3595 2096 3645 ut

433 3684 497 3739 in
527 3689 732 3740 monte
757 3685 1062 3740 Thaboreo
1111 3684 1257 3738 vidit
1305 3689 1360 3738 te
1412 3683 1914 3755 transﬁguratum,
1955 3682 2092 3736 Jesu

434 3773 555 3829 mi:
593 3773 790 3830 Gloria
812 3774 1091 3847 potestati
1125 3779 1260 3842 tua},
1296 3772 1563 3829 Domine.

508 3864 665 3936 Ignis
696 3880 817 3919 non
842 3880 1023 3919 urens
1069 3864 1379 3919 materiem
1438 3861 1726 3933 corporis,
1784 3860 1943 3915 visus
2002 3863 2093 3915 est

435 3953 701 4009 materias
735 3970 968 4026 expers,
994 3959 1060 4009 ut
1088 3956 1317 4025 Moyses
1349 3957 1406 4007 et
1426 3952 1583 4006 Elias
1614 3950 1900 4022 apostolis
1930 3950 2089 4005 visus

434 4061 518 4110 es,
554 4045 823 4114 Domine,
853 4061 1011 4101 unus
1044 4061 1115 4099 ex
1142 4044 1372 4099 duobus
1421 4044 1483 4097 in
1531 4041 1760 4098 duabus
1808 4040 2085 4113 perfectis

432 4134 683 4190 naturis.

501 4225 815 4281 Facundus
838 4226 1059 4298 lingua,
1086 4229 1187 4279 tua
1209 4223 1506 4297 magnalia
1526 4239 1645 4277 non
1673 4226 1867 4293 potest
1889 4220 2085 4292 loqui:

428 4320 493 4369 ut
525 4315 683 4370 enim
712 4315 1013 4387 imperans
1033 4316 1186 4379 vitae,
1207 4320 1265 4369 et
1285 4313 1457 4369 morti
1490 4311 1829 4373 dominans,
1864 4310 2087 4365 consti-

2237 4311 2540 4385 θέγξασθαι·
2602 4312 2677 4374 ὡς
2734 4316 2947 4387 κρατῶν
3010 4318 3156 4383 ζωῆς
3213 4314 3315 4391 γάρ
3352 4357 3367 4383 ,

425 4404 590 4459 tuisti
631 4404 783 4460 689
815 4405 876 4460 in
902 4404 1134 4461 Thabor
1164 4409 1364 4460 monte
1396 4404 1631 4474 Moysen
1665 4406 1724 4457 et
1751 4400 1961 4467 Eliam,
1997 4405 2082 4455 te-

1727 370 1788 425 B.
1824 364 2131 423 JOANNIB
2165 364 2594 426 DAMABCENI

2131 491 2185 561 Δ

3755 374 3855 432 848

2843 486 2986 551 ΤΟΥ
3024 493 3250 552 ΑΥΤΟΥ

2211 660 2307 725 Εἰς
2361 662 2461 733 τὴν
2524 663 2948 744 μεταμόρφωσιν
3025 661 3124 753 τοῦ
3178 663 3407 741 εΚυρίου
3487 664 3675 739 Ἰησοῦ
3731 670 3860 744 Χρι-

2963 757 3117 796 στου.

2808 916 2871 973 Ἦ
2901 912 3225 994 ἀκροστιχίς
3253 958 3268 974 .

2279 1078 2485 1146 Μωσῆς
2516 1081 2651 1133 Θεοῦ
2676 1078 2970 1154 πρόσωπον
3002 1075 3056 1134 ἕν
3089 1072 3284 1152 Θαόὼρ
3309 1074 3412 1136 ἴδε.

2279 1167 2483 1235 Μωσῆς
2542 1165 2595 1223 ἰν
2654 1167 2899 1244 θαλάσση
2958 1173 3321 1247 προφητικῶς
3370 1163 3504 1224 ἲδὼν
3556 1166 3609 1225 ἰν
3644 1165 3863 1248 νεφέλῃ,

2207 1253 2299 1308 καὶ
2331 1255 2384 1309 έν
2442 1253 2618 1331 στήλῃ
2657 1253 2831 1312 πάλαι
2860 1257 3034 1333 πυρὸς
3061 1259 3161 1329 τήν
3195 1253 3351 1332 δόξαν
3387 1256 3614 1333 Κυρίου,
3654 1254 3861 1316 ἀνεϐόα·

2209 1342 2303 1414 Τῷ
2335 1342 2591 1420 λυτρωτῇ
2622 1345 2713 1400 καὶ
2745 1346 2863 1420 Θεῷ
2894 1348 3055 1423 ἡμῶν
3088 1344 3330 1422 ᾄσωμεν.

2280 1431 2370 1494 Ὦς
2404 1433 2577 1511 πέτρα
2619 1439 2700 1507 τῷ
2757 1436 2972 1509 σώματι
3025 1436 3342 1500 σκεπασθεὴ
3398 1440 3481 1511 τῷ
3530 1436 3861 1513 τεθεωμένῳ,

2208 1520 2300 1575 τὸν
2333 1520 2563 1599 ἀόρατον
2612 1528 2863 1600 καθορῶν
2924 1527 3130 1596 Μωσῆς
3159 1527 3187 1581 ὑ
3219 1525 3479 1601 θεόπτης,
3529 1522 3748 1584 ἀνεϐόα·
3779 1532 3864 1602 Τῷ

2212 1606 2470 1687 λυτρωτῇ
2497 1612 2589 1668 καὶ
2622 1617 2738 1686 Θέῷ
2765 1615 2929 1688 ἡμῶν
2961 1612 3201 1690 ᾅσωμεν.

2285 1698 2361 1755 Σὺ
2391 1697 2480 1755 ἐπὶ
2534 1706 2633 1757 τοῦ
2690 1699 2855 1778 ὄρους
2908 1709 3007 1760 τοῦ
3059 1709 3293 1779 νομικοῦ
3348 1704 3441 1762 καὶ
3503 1705 3558 1762 έν
3619 1702 3861 1783 Θαϐαρίῳ

2210 1789 2537 1866 καθωράθης
2567 1796 2647 1865 τῷ
2673 1794 2886 1869 Μωυσῇ
2938 1794 2991 1850 ἂν
3053 1795 3244 1874 γνόφῳ
3299 1796 3363 1852 τὸ
3413 1794 3617 1870 πάλαι,
3644 1795 3702 1853 έν
3733 1796 3860 1875 φωνί

2131 1870 2178 1938 Β
2210 1876 2267 1933 δὲ
2296 1882 2389 1934 νῦν
2424 1879 2712 1956 ἀπροσίτῳ
2739 1889 2839 1953 τῆς
2863 1870 3148 1953 θεότητος.

2279 1968 2342 2026 Ἡ
2376 1968 2671 2040 σκιάζουσα
2698 1969 2829 2043 δόξα
2854 1970 2909 2027 ἐν
2964 1976 3033 2048 τῇ
3095 1977 3271 2048 σκηνῇ
3328 1973 3624 2052 πρότερον,
3680 1976 3859 2050 καὶτῷ

2210 2068 2420 2133 Μωυσῆ
2453 2068 2731 2142 ὁμιλοῦσα
2760 2075 2838 2144 τῷ
2896 2075 2975 2145 σῷ
3035 2074 3346 2150 θεράποντι,
3374 2073 3551 2136 τύπος
3580 2074 3860 2150 γεγένηται

2204 2162 2305 2226 τῆς
2362 2156 2709 2233 ἀστραψάσης
2769 2159 3025 2238 ἀρρήτως
3084 2162 3136 2218 έν
3191 2157 3387 2239 Θαόὼρ
3446 2185 3570 2234 σου,
3604 2166 3855 2236 Δέσποτα,

2212 2248 2719 2325 μεταμορφώσεως.

2280 2335 2629 2406 Συνανῆλθόν
2688 2360 2801 2408 σοι,
2862 2341 3026 2418 Λόγε,
3086 2344 3393 2420 μονογενὲς,
3453 2342 3856 2418 ὕψιστε,ὴτῶν

2204 2421 2527 2481 ἀποστόλων
2564 2428 2803 2502 ἀκρότης
2833 2428 2919 2485 ἐπὶ
2951 2434 3048 2486 τοῦ
3105 2426 3268 2507 ὅρους
3323 2426 3546 2509 Θαϐὼρ,
3580 2432 3669 2489 καὶ
3729 2453 3855 2506 συμ-

2204 2511 2568 2588 παρέστησαν,
2603 2515 2718 2573 ὅτε
2765 2523 2990 2590 Μωσῆς,
3046 2519 3137 2574 καὶ
3192 2517 3409 2591 Ἠλίας,
3467 2521 3542 2584 ὡς
3589 2525 3723 2577 Θεοῦ
3773 2522 3852 2576 Θε-

2205 2600 2488 2675 ράποντες,
2526 2604 2660 2677 μὸνε
2681 2604 3053 2682 φιλάνθρωπε.

2276 2692 2406 2751 Θεὸς
2430 2691 2561 2758 ὅλος
2602 2695 2891 2771 ὑπάρχων,
2923 2695 3056 2761 ὅλος
3118 2697 3313 2773 βροτὸς
3363 2697 3614 2775 γέγονας,
3647 2697 3750 2773 ὅλῃ
3788 2699 3849 2772 τῇ

2204 2781 2421 2853 θεότητι
2450 2784 2618 2858 ,μίξας
2674 2788 2777 2857 τὴν
2836 2787 3233 2863 ἀντρωπότητα
3289 2788 3340 2844 ἐν
3394 2791 3690 2847 ὑποστάσει
3742 2809 3848 2866 σου,

2202 2869 2268 2940 ἢν
2300 2869 2353 2927 έν
2397 2870 2513 2929 δυσὶ
2564 2880 2683 2939 ταῖς
2715 2876 2928 2941 οὐσίαις
2979 2884 3184 2949 Μωσῆς
3247 2878 3439 2942 Ἠλίας
3495 2900 3556 2935 τε
3611 2876 3747 2935 εἶδον
3802 2874 3848 2931 ἐν

2203 2955 2318 3035 ὄρει
2353 2957 2572 3039 Θαϐώρ.

2275 3055 2372 3109 Ἐκ
2423 3057 2622 3126 σαρκός
2678 3078 2773 3113 σου
2837 3056 3059 3133 βολίδες
3140 3058 3399 3131 θεότητος
3486 3058 3849 3137 ἐξεπορεύοντο

2203 3147 2506 3220 προφητῶν
2567 3146 2661 3201 καὶ
2719 3146 3068 3221 ἀποστόλων,
3123 3148 3242 3212 ὅθεν
3295 3150 3346 3204 οἱ
3376 3150 3672 3226 πρόκριτοι
3728 3145 3854 3223 μέλ-

2129 3250 2172 3319 c
2210 3249 2403 3296 ποντες
2433 3228 2697 3290 ἀνεϐόων·
2731 3231 2867 3307 Δόξα
2890 3240 2959 3311 τῇ
2987 3234 3213 3311 δυνάμει
3247 3259 3365 3309 σου,
3398 3239 3599 3315 Κύριε.

2279 3323 2339 3380 Ὀ
2390 3324 2489 3393 τὴν
2544 3323 2706 3401 βάτον
2766 3324 3008 3403 φυλάξας
3066 3322 3359 3400 ἀλώὸητον
3414 3327 3856 3404 προσομιλοῦσαν

2203 3412 2388 3489 πυρὶ,
2440 3417 2519 3486 τῷ
2575 3419 2747 3490 Μωσῃ
2805 3414 3225 3490 θεολαμποῦσαν
3303 3418 3486 3495 σάρκα
3547 3416 3856 3489 ὑπέδειξας,

2204 3500 2467 3572 Δέσποτα,
2505 3501 2879 3576 μελῳδοῦνταο
2912 3505 3049 3577 Δόξα
3076 3510 3146 3581 τῇ
3181 3504 3403 3581 δυνάμει
3434 3529 3563 3577 σου,
3596 3508 3781 3583 Κύριε.

2271 3587 2574 3667 Ὑπεκρύϐη
2640 3593 2817 3649 ἀκτίσι
2878 3591 3139 3667 θεότητος
3200 3596 3462 3669 αἰσθητὸς
3524 3598 3685 3669 ἣλιος
3716 3641 3731 3668 ,
3785 3595 3853 3657 ὥς

2201 3678 2253 3736 ἐν
2308 3676 2422 3757 ὄρει
2483 3676 2752 3758 Θαϐωρίῳ
2809 3681 2916 3740 εἶδέ
2964 3706 3022 3741 σε
3083 3686 3641 3766 μεταμορφούμενον,
3681 3686 3849 3757 Ἰησοῦ

2203 3792 2332 3846 μου·
2371 3773 2505 3844 Δόξα
2531 3776 2601 3847 τῇ
2635 3771 2860 3849 δυνάμει
2911 3797 3029 3848 σου,
3064 3777 3250 3854 Κύριε.

2272 3868 2384 3939 Πῦρ
2420 3864 2496 3938 μή
2530 3862 2736 3941 φλέγον
2765 3866 2865 3934 τήν
2926 3865 3063 3938 ὕλην
3122 3871 3218 3922 τοῦ
3251 3868 3509 3941 σώματος
3544 3870 3726 3940 ὡράθη
3758 3864 3844 3922 Hii-

2201 3950 2321 4021 λον,
2378 3953 2454 4013 ὡς
2507 3958 2716 4022 Μωσῆς
2761 3954 2853 4008 καὶ
2908 3953 3251 4019 ἀποστόλοις
3304 3951 3497 4036 ὤφθης
3555 3957 3745 4021 Ἠλίας
3772 3975 3843 4026 τε,

2199 4042 2465 4111 Δέσποτα,
2506 4040 2583 4105 είς
2611 4039 2670 4096 ἐκ
2701 4040 2820 4116 δύο,
2853 4040 2907 4099 έν
2936 4040 3055 4098 δυσί
3078 4043 3316 4110 τελείαις
3346 4052 3470 4110 ταῖς
3505 4047 3712 4127 φύσεσι.

2266 4220 2663 4297 Ῥητορεύουσα
2691 4221 2918 4297 γλῶσσα
2954 4269 2967 4294 ,
3000 4227 3097 4278 σοῦ
3143 4224 3211 4279 τὰ
3243 4223 3508 4299 μεγαλεῖα
3540 4222 3840 4282 ού’δύναται

3457 4314 3550 4371 καὶ
3627 4314 3840 4370 Θανάτου

2195 4396 2492 4472 δεσπόζων,
2523 4401 2868 4475 παρέστησας
2897 4400 2952 4457 ἐν
2997 4398 3194 4479 Θαὸὼρ
3252 4407 3333 4476 τῷ
3392 4399 3509 4481 ὄρει
3564 4404 3654 4459 τὸν
3686 4409 3838 4458 Μωϋο

2193 4491 2291 4558 σῆν
2345 4490 2434 4546 καὶ
2489 4490 2583 4546 τὸν
2638 4488 2852 4561 Ἠλίαν,
2918 4494 3366 4569 μαρτυρήσαντάς
3422 4514 3520 4549 σου
3573 4494 3671 4562 τὴν
3728 4486 3838 4554 θεό-

2189 4598 2352 4649 τητα.

498 4671 604 4739 Qui
638 4672 915 4729 manibus
973 4672 1373 4729 invisibilibus
1421 4671 1690 4727 formasti
1749 4669 2081 4727 secundum

2262 4669 2324 4726 Ὀ
2353 4669 2543 4746 χερσὶν
2575 4665 2831 4743 ἀοράτοις
2853 4665 3066 4733 πλάσας
3097 4671 3213 4727 κατ’
3245 4666 3430 4728 εἷ’κὸνα
3485 4693 3603 4743 σου,
3633 4665 3833 4747 Χριστὶ,

419 4761 741 4836 imaginem
775 4768 959 4831 tuam,
1011 4762 1263 4829 Christe,
1316 4762 1644 4829 hominem,
1695 4760 2079 4833 archetypam

2232 4755 2280 4812 ἓν
2341 4754 2738 4830 ἅνθρωπον,τὸ
2792 4758 3103 4835 ἀρχέτυπόν
3166 4781 3262 4816 σου
3317 4760 3371 4817 ἒν
3427 4767 3509 4835 τῷ
3561 4760 3830 4831 πλάσματι

419 4853 667 4909 tuamin
699 4854 981 4926 figmento
1026 4851 1532 4924 pulchritudinem
1587 4851 1899 4907 ostendisti
1955 4864 2077 4905 non

2232 4847 2399 4912 άλλος
2434 4846 2731 4923 ὑπέδειξας,
2765 4849 2878 4925 οὐχ
2905 4851 2981 4913 ὡς
3030 4850 3083 4907 ἐν
3138 4851 3330 4920 εἰκόνι,
3364 4851 3492 4909 ἀλλ’
3551 4853 3627 4915 ὡς
3681 4845 3832 4907 αὐτὸς

416 4943 574 4999 utin
602 4944 884 5017 imagine,
917 4942 1022 4999 sed
1051 4948 1118 4997 ut
1147 4942 1258 4998 hoc
1290 4942 1417 5015 ipse
1471 4942 1733 4999 existens
1782 4958 1889 5013 per
1936 4940 2077 4999 sub—

2235 4963 2260 4995 ν
2293 4940 2411 4996 κατ’
2440 4939 2644 5009 οὐσίαν,
2676 4940 2704 4995 ὁ
2736 4940 2867 5002 Θεὸς
2898 4941 3247 5018 χρηματίσας
3276 4942 3366 4999 καὶ
3398 4944 3702 5021 ἄνθρωπος.

416 5034 724 5100 stantiam,
752 5034 908 5089 Deus
938 5032 1119 5089 simul
1145 5038 1204 5089 et
1230 5034 1429 5089 homo.

482 5124 842 5179 Commistus
872 5122 1185 5179 inconfuse
1216 5123 1539 5179 carbonem
1562 5122 1875 5178 ostendisti
1900 5120 2074 5176 nobis

2258 5119 2587 5197 Συγκραθεὶς
2646 5119 2971 5196 ἀσυγχύτως
3001 5165 3017 5190 ,
3078 5119 3313 5197 ἄνθρακα
3375 5120 3653 5194 ὑπέδειξας
3699 5116 3826 5189 ἧμῖν

411 5212 757 5281 divinitatis,
790 5212 1243 5269 comburentem
1276 5213 1516 5284 quidem
1549 5218 1808 5284 peccata.
1840 5210 2074 5267 animas

2232 5211 2464 5281 εότητος,
2523 5209 2932 5286 καταφλέγοντα
3021 5211 3115 5285 μὶν
3188 5213 3483 5286 ἁμαρτίας,
3537 5210 3712 5286 ψυχάς
3765 5198 3817 5257 δὶ

409 5308 608 5360 autem
640 5303 1083 5359 illuminantem
1132 5303 1193 5357 in
1224 5302 1456 5358 Thabor
1486 5308 1708 5366 monte,
1743 5303 1982 5373 Moysen
2015 5304 2076 5355 et

2232 5301 2489 5370 ωτίζοντα
2517 5299 2569 5355 ἐν
2603 5294 2802 5377 Θαόὼρ
2848 5303 2931 5372 τῷ
2961 5294 3097 5377 ὄρει,
3152 5301 3247 5357 τὸν
3307 5305 3545 5372 Μωΰσῆν
3601 5298 3686 5355 καὶ
3740 5294 3823 5350 τὸν

408 5393 619 5461 Eliam,
649 5393 1201 5465 discipulorumque
1264 5393 1568 5465 principes
1614 5390 2070 5463 obstupuerunt.

2232 5388 2400 5459 Ιλίαν,
2431 5390 2694 5462 μαθητῶν
2722 5408 2781 5443 τε
2811 5388 3076 5466 ἐξάρχους
3103 5387 3413 5465 ἐξέστησαν.

478 5482 662 5545 Quam
693 5498 973 5552 magnum
1009 5487 1068 5537 et
1096 5482 1366 5537 terribile
1398 5482 1590 5537 visum
1622 5486 1714 5536 est
1761 5486 2071 5553 spectacu-

2251 5481 2341 5542 Ὠς
2378 5480 2513 5553 μέγα
2543 5479 2635 5534 καὶ
2677 5472 2912 5555 φοϐερὸν
2967 5481 3152 5555 ὡράθη
3212 5480 3389 5554 θέαμα
3446 5474 3723 5555 σήμερονί
3778 5466 3823 5538 ἕξ

402 5565 529 5621 lum
562 5570 737 5625 hodie
771 5570 784 5625 !
817 5586 847 5625 e
879 5569 1027 5625 coelo
1060 5570 1385 5636 sensibilis,
1419 5588 1450 5626 e
1481 5577 1639 5626 terra
1676 5586 1815 5625 vero
1846 5570 2067 5624 incom-

2232 5572 2415 5646 ipavoﬁ
2444 5569 2731 5641 αἲσθητὸς,
2760 5566 2822 5623 ἔκ
2850 5575 2956 5644 γῆς
3008 5566 3068 5625 δὶ
3123 5570 3452 5648 ἀσύγκριτος
3512 5562 3818 5643 έξήστραψεν

405 5656 691 5727 parabilis
745 5658 971 5713 eﬂ‘ulsit
1042 5659 1132 5715 sol
1197 5661 1470 5732 justitiae,
1522 5658 1942 5733 intelligibilis,
2003 5660 2066 5715 in

2232 5657 2377 5721 [λιος
2404 5664 2509 5729 τῆς
2566 5654 2943 5729 δικαιοσύνης,
2971 5659 3194 5730 νοητὸς,
3228 5659 3317 5715 ἐπὶ
3366 5664 3465 5718 τοῦ
3515 5653 3674 5734 ὄρους
3724 5653 3815 5703 Oa-

403 5748 606 5800 monte
634 5745 889 5800 Thabor.

2232 5749 2318 5825 ὁρ.

426 4498 652 4549 stantes
684 4499 848 4549 tuam
876 4494 1273 4550 divinitatem.

2115 4625 2163 4690 D
