4160 6400
468 439 580 498 849

2005 436 2359 492 CARMlNA.

3789 446 3896 503 850

537 562 798 640 Παρῆλθε
861 561 958 635 μὲν
1011 563 1044 630 ἡ
1107 562 1235 618 σκιὰ
1287 565 1386 618 τοῦ
1462 563 1637 634 νόμου
1711 561 2104 633 ἐξασθενήσασα

2312 563 2603 621 Praeteriit
2632 568 2872 639 quidem
2907 569 3120 626 umbra
3151 571 3297 644 legis
3338 573 3675 630 inﬁrmata:
3731 577 3894 632 venit

461 652 718 726 ἀλήλυθι
761 649 820 706 δὲ
873 655 1056 728 σαφῶς
1117 652 1370 726 Χριστὸς,
1403 654 1436 721 ἡ
1471 649 1711 716 ἀλὲθεια·
1757 657 1960 720 Μωσῆς
2003 652 2124 706 ἀνεο

461 738 664 814 ϐόησεν
699 739 750 796 ἐν
783 742 863 813 τῷ
922 735 1212 815 Θαϐωρίῳ,
1273 738 1506 796 κατιδών
1565 762 1665 796 σου
1719 743 1820 810 τὴν
1872 741 2124 811 θεότητα.

527 855 540 874 ⁸
577 854 621 910 Ο
655 849 854 914 στύλος
881 855 960 923 τῷ
993 854 1200 924 Μωϋσῇ
1235 851 1466 925 Χριστὸν
1517 851 1608 906 τὸν
1664 850 2129 926 μετήμορφούμε-

453 965 569 1012 νον,
601 946 637 1014 ἡ
672 941 728 998 δὲ
757 941 960 1020 νεφέλη
1007 945 1192 1016 σαφῶς
1249 943 1352 1010 τὴν
1410 941 1574 1017 χᾶριν
1628 946 1728 996 τοῦ
1755 937 2126 1015 Ἰ]νεύματος,

451 1037 564 1106 τὴν
595 1033 978 1091 ἐπισκιάσασαν
1022 1031 1074 1087 ἐν
1123 1037 1202 1104 τῷ
1257 1027 1528 1108 Θαϐωρίῳ
1574 1030 1892 1107 παρεδήλου
1951 1031 2126 1108 ἐμφα-

459 1149 488 1182 ν
499 1126 714 1182 έστατα.

539 1219 650 1273 Νὖν
683 1211 972 1288 καθωράθη
1035 1212 1370 1274 ἀποστόλοις
1429 1213 1496 1268 τὰ
1545 1213 1763 1281 ἀθέατα,
1825 1210 2016 1283 θεότης
2071 1213 2122 1268 ἐν

451 1307 674 1382 σαρκίῳ
705 1303 758 1360 ἐν
817 1309 898 1377 τῷ
954 1299 1148 1378 Θαόὼρ
1212 1303 1593 1379 ἀστράπτουσα
1659 1303 1881 1378 βοῶσιν.
1944 1302 2126 1361 Εὐλο-

437 1398 618 1474 γητὸς
651 1396 725 1466 εἷ,
759 1391 924 1467 Κύριε
954 1394 982 1448 ὁ
1014 1393 1170 1464 Θεὸς,
1205 1393 1282 1458 εἱς
1311 1393 1439 1456 τοὺς
1473 1392 1697 1456 αἰῶνας.

515 1506 780 1582 Ἐφριξαν
838 1495 998 1581 φόϐῳ
1057 1499 1423 1577 ἐκπλαγέντες
1477 1503 1578 1571 τήν
1634 1501 1958 1574 εὐπρέπειαν
2019 1504 2120 1566 τῆς

439 1594 596 1661 θείας
629 1591 913 1670 βασιλείας
945 1589 998 1647 ἐν
1030 1595 1109 1664 τῷ
1141 1586 1258 1667 ὅρει
1303 1585 1498 1664 Θαϐὼρ
1551 1589 1884 1660 ἀπόστολοι,
1941 1591 2122 1667 βοῶν-

445 1703 562 1748 τες·
597 1681 914 1759 Εὐλογητὸς
945 1681 1013 1750 εἴ,
1046 1680 1210 1756 Κύριε
1241 1681 1268 1736 ὁ
1301 1681 1453 1748 Θεὸς,
1487 1679 1564 1743 είς
1593 1679 1719 1742 τοὺς
1749 1680 1972 1742 αἰῶνας.

537 1795 638 1846 Νῦν
667 1791 733 1846 τὰ
763 1789 1079 1860 ἀνήκουστα
1130 1785 1399 1858 ἠκούσθη.
1451 1787 1513 1845 Ὀ
1557 1788 1780 1861 ἀπάτωρ
1837 1786 1940 1862 γὰρ
1993 1787 2119 1852 Υἱὸς

453 1877 516 1934 ἐκ
545 1885 642 1948 τῆς
676 1879 954 1952 Παρθένου
979 1879 1048 1950 τῇ
1115 1876 1347 1950 Πατρῴα
1405 1873 1559 1953 φωνῇ
1615 1872 1841 1947 ἐνδόξως
1901 1894 2113 1949 μαρτυ-

2239 661 2438 709 autem
2471 659 2788 713 manifesta
2818 659 3084 716 Christus
3111 663 3326 717 veritas
3354 680 3366 716 :
3417 665 3643 734 Moyses
3693 665 3882 720 excla-

2239 745 2420 798 mavit
2449 746 2510 799 in
2539 747 2849 812 Thaborio,
2887 749 3126 804 intuens
3161 756 3321 806 tuam
3357 752 3744 807 divinitatem.

2310 853 2599 907 Columna
2629 855 2843 925 Moysis
2875 857 3170 912 Christum
3221 861 3729 931 transﬁguratum,
3783 877 3888 915 ne-

2237 939 2380 996 bula
2411 949 2608 997 autem
2637 945 2948 1000 manifeste
2981 947 3230 1019 gratiam
3255 949 3506 1020 Spiritus
3527 949 3888 1005 obumbran-

2238 1034 2356 1086 tem
2388 1031 2450 1086 in
2481 1032 2769 1088 Thaborio
2803 1035 3224 1092 manifestabat
3253 1039 3654 1110 apertissime.

2305 1212 2468 1266 Nunc
2497 1215 2763 1283 spectata
2795 1219 2933 1268 sunt
2954 1215 3241 1285 apostolis
3261 1216 3888 1284 invisibilia,divinitas

2233 1301 2295 1355 in
2330 1301 2652 1357 caruncula
2691 1303 2750 1356 in
2785 1309 2986 1358 monte
3015 1305 3248 1359 Thabor
3277 1306 3530 1378 fulgens,
3573 1309 3889 1364 clamanti-

2231 1389 2382 1444 bus:
2416 1391 2773 1446 Benedictus
2807 1409 2890 1460 es,
2925 1395 3173 1448 Domine
3209 1396 3381 1464 Deus,
3417 1414 3522 1468 per
3553 1400 3791 1454 saecula.

2304 1498 2672 1553 Horruerunt
2695 1500 2905 1554 timore
2934 1501 3248 1572 stupefacti
3273 1503 3548 1558 decorem
3572 1505 3752 1562 divini
3785 1523 3884 1561 re-

2229 1589 2328 1660 gni
2383 1589 2443 1643 in
2476 1595 2675 1644 monte
2707 1590 2960 1660 Thabor,
2993 1593 3268 1663 apostoli,
3299 1593 3663 1652 clamantes:
3697 1597 3882 1652 Bene-

2229 1677 2422 1732 dictus
2453 1695 2538 1745 es,
2568 1679 2814 1734 Domine
2849 1681 3024 1748 Deus,
3061 1697 3168 1753 per
3197 1684 3436 1738 saecula.

2300 1769 2462 1822 Nunc
2485 1768 2756 1823 inaudita
2777 1769 2980 1825 audita
3003 1777 3158 1826 sunt.
3182 1772 3318 1828 Sine
3337 1775 3509 1830 Patre
3528 1775 3686 1830 enim
3701 1775 3884 1832 Filius

2225 1873 2298 1930 de
2331 1875 2590 1947 Virgine,
2625 1883 2874 1946 paterna
2904 1895 3043 1934 voce
3073 1879 3327 1950 gloriose
3360 1882 3722 1951 praedicatur
3753 1887 3880 1940 tan-

443 1943 648 2042 psi'ca't,
683 1943 772 2022 οἷά
803 1966 934 2028 Θεὸς
966 1943 1060 2021 καὶ
1092 1943 1376 2042 ἄνθρωπος
1467 1963 1627 2028 αὐτὸς
1667 1963 1742 2028 εἷς
1787 1962 1920 2026 τοὺς
1967 1964 2104 2020 αἰῶ-

2234 1981 2404 2036 Ζίαᾶῐῐι
2431 1943 2584 2020 Deus
2620 1943 2678 2020 et
2709 1967 2886 2023 homo
2919 1943 3217 2042 idemvper
3248 1943 3485 2028 saecula.

439 2079 566 2112 νας.

520 2079 670 2204 ἔέσει
701 2149 766 2203 οὐ
797 2148 1026 2224 γέγονας
1055 2144 1326 2220 Ὑψίστου,
1360 2149 1430 2220 τῇ
1489 2144 1646 2216 οὐσίᾳ
1695 2142 1754 2200 δὲ
1799 2144 1924 2206 Υἱὸς
1970 2145 2105 2219 ἠγα-

433 2238 721 2308 πημένος,
773 2236 1171 2311 προϋπάρχων,
1231 2237 1366 2308 ἡμῖν
1419 2233 1714 2306 ὡμίλησας
1797 2230 2100 2308 ἀτρέπτως·

435 2326 779 2402 Εὐλογητὸς
811 2329 881 2397 εἴ,
923 2325 1086 2402 Κύριε
1117 2325 1146 2380 ὁ
1175 2325 1328 2394 Θεὸς,
1362 2323 1437 2388 εἷς
1461 2323 1587 2387 τοὺς
1617 2324 1836 2386 αἲῶνας.

520 2504 872 2576 Ἀκηκοότες,
915 2501 1178 2574 Δέσποτα,
1239 2503 1299 2558 ἐκ
1365 2504 1576 2577 Πατρὸς
1629 2503 2098 2577 μαρτυρούμενον,

429 2595 532 2650 καὶ
584 2596 659 2658 ὡς
717 2593 1070 2668 ἀνθρωπίνης
1128 2592 1498 2670 στεῤῥωτέραν
1557 2589 1736 2666 ὅψεως
1809 2593 1938 2667 ὁρᾷν
1997 2595 2098 2646 τοῦ

431 2684 742 2758 προσώπου
789 2704 886 2737 σου
939 2683 1038 2752 τὴν
1098 2681 1378 2758 ἀστραπὴν
1443 2681 1518 2754 μὴ
1577 2680 1833 2757 φέροντές
1895 2702 1990 2736 σου
2043 2682 2097 2735 οἱ

433 2773 705 2846 μαθηταὶ,
740 2771 828 2828 ἐπὶ
857 2773 957 2842 τήν
1015 2778 1116 2848 γῆν
1171 2772 1528 2840 κατέπιπτον,
1590 2769 1641 2826 ἐν
1703 2765 1860 2847 φόϐῳ
1915 2769 2097 2844 μελῳ·

429 2858 684 2924 δοῦντεςο
741 2862 808 2919 Οἱ
871 2859 1062 2922 παῖδες
1133 2858 1429 2936 εὐλογεῖτε,
1516 2859 1702 2934 ἱερεῖς,
1789 2860 2095 2932 ἀνυμνεῖτε,

433 2952 600 3022 λαὸς,
633 2952 978 3026 ὐπερυψοῦτε
1005 2951 1083 3013 εἷς
1113 2953 1316 3012 πάντας
1347 2948 1475 3014 τοὺς
1502 2949 1724 3011 αἰῶνας.

517 3057 928 3117 Βασιλευόντων
981 3059 1223 3135 πέφυκας
1282 3054 1520 3114 Βασιλεῦ
1578 3055 1936 3130 ὡραιότατος,
2005 3056 2096 3111 καὶ

422 3154 544 3207 τῶν
579 3153 864 3224 πανταχοῦ
913 3147 1286 3222 κυριευόντων
1335 3146 1560 3222 Κύριος,
1611 3143 1876 3215 δυνάστης
1927 3145 2096 3218 μακά-

431 3261 579 3318 ριος,
611 3237 700 3293 καὶ
736 3241 852 3316 φῶς
885 3238 1052 3292 οἰκῶν
1094 3236 1411 3312 ἀπρόσιτον,
1457 3236 1504 3308 ᾧ
1547 3235 1598 3290 οἱ
1643 3235 1880 3308 μαθηταὶ
1931 3255 2100 3290 κατα-

2289 2144 2625 2218 Adoptione
2649 2163 2772 2202 non
2799 2147 2987 2202 factus
3015 2165 3077 2204 es
3117 2150 3372 2216 Excelsi,
3407 2151 3740 2210 substantia
3769 2171 3879 2210 au-

2214 2240 2334 2291 tem
2369 2253 2504 2291 cum
2537 2237 2720 2292 Filius
2757 2237 3009 2293 dilectus
3043 2241 3507 2310 prmexsisteres,
3562 2245 3878 2301 nobiscum

2213 2331 2593 2380 conversatus
2621 2343 2682 2380 es
2713 2326 3208 2386 immutabiliter:
3257 2331 3614 2388 Benedictus
3649 2350 3733 2401 es,
3767 2335 3879 2388 Do-

2211 2415 2372 2470 mine
2406 2417 2582 2480 Deus,
2615 2433 2721 2487 per
2744 2417 2981 2474 saecula.

2280 2505 2624 2571 Audientes,
2645 2506 2918 2575 Domine,
2943 2508 3134 2563 Patris
3149 2509 3648 2578 testimonium,et
3669 2518 3734 2566 ut
3751 2513 3862 2568 hu-

2208 2609 2386 2647 mano
2407 2593 2750 2649 solidiorem
2770 2599 3013 2666 aspectu
3027 2595 3224 2651 videre
3241 2597 3410 2652 faciei
3434 2603 3549 2652 tum
3571 2597 3864 2672 fulgorem

2207 2701 2330 2740 non
2361 2684 2620 2740 ferentes
2653 2691 2819 2742 tuum
2838 2686 3139 2758 discipuli,
3167 2688 3226 2742 in
3253 2693 3472 2744 terram
3499 2691 3866 2746 cadebantin

2208 2775 2446 2842 timore,
2480 2779 2800 2829 canentes:
2843 2776 3044 2842 Pueri,
3077 2776 3413 2832 benedicite
3442 2796 3455 2844 ;
3504 2779 3846 2836 sacerdotes

2208 2880 2346 2918 con(
2361 2863 3257 2937 inite;popu1us,superexaltate
3277 2884 3382 2939 per
3399 2867 3602 2924 omnia
3620 2869 3863 2926 saecula.

2279 3060 2684 3132 Regnantium
2731 3078 2794 3116 es
2817 3063 2936 3116 Rex
2963 3061 3425 3133 pulcherrimus,
3451 3069 3508 3118 et
3526 3064 3748 3136 ubique
3771 3063 3871 3120 do-

2207 3150 2570 3204 minantium
2603 3151 2910 3214 Dominus,
2945 3151 3222 3223 princeps
3267 3151 3500 3218 beatus,
3553 3159 3610 3208 et
3662 3153 3874 3210 lumen

2209 3239 2486 3295 habitans
2519 3240 2956 3307 inaccessibile,
2997 3241 3091 3296 cui
3115 3240 3392 3314 discipuli
3417 3243 3728 3314 stupefacti
3751 3245 3874 3299 cla-

426 3316 734 3405 πλαγέντες
759 3322 957 3397 ἐϐόων,
990 3327 1057 3384 Οἳ
1114 3323 1306 3389 παῖδες
1356 3323 1658 3399 εὐλογεῖτε,
1702 3325 1869 3399 ἱερεῖς
1929 3323 2095 3398 ἀνυμ-

2234 3329 2458 3384 nabant
2483 3346 2496 3384 :
2527 3329 2720 3393 Pueri,
2745 3329 3080 3386 benedicite
3107 3349 3120 3398 ;
3147 3331 3508 3400 sacerdotes,
3536 3333 3865 3402 concinite;

425 3427 600 3492 νεῖτε,
637 3419 790 3491 λαὸς,
826 3420 1165 3495 ὐπερυψοῦτε
1195 3418 1270 3479 εἷς
1301 3417 1508 3479 πάντας
1539 3415 1668 3479 τοὺς
1699 3415 1922 3480 αἰῶνας.

509 3532 601 3594 Ὠς
635 3529 868 3606 οὐρανού
900 3525 1242 3598 δεσπόζοντι,
1289 3525 1379 3580 καί
1419 3531 1522 3595 τῆς
1575 3531 1678 3599 γῆς
1731 3523 2100 3600 βασιλεύοντι,

440 3623 540 3680 καὶ
569 3619 942 3684 καταχθονίων
975 3619 1075 3687 τήν
1105 3617 1300 3693 κυρίαν
1331 3615 1542 3690 ἔχοντι,
1573 3613 1794 3691 Χριστέ,
1831 3635 1916 3670 σοι
1964 3636 2102 3692 παρ-

447 3713 694 3781 έστησαν,
725 3711 788 3768 ἐκ
821 3711 917 3786 μὶν
965 3717 1066 3780 τῆς
1121 3715 1225 3787 γῆς
1274 3705 1600 3774 ἀπόστολοι,
1647 3706 1724 3770 ὡς
1769 3707 1818 3779 ἐξ
1869 3706 2102 3782 οὐρανοῦ

441 3801 522 3871 δὲ,
559 3803 586 3858 ὁ
619 3797 882 3873 Θεσϐίτης
913 3799 1128 3870 Ἠλίας,
1163 3801 1370 3867 Μωσῆς
1403 3793 1460 3851 δὲ
1489 3797 1548 3851 ἐκ
1604 3794 1868 3866 νεκάδων,
1920 3795 2104 3870 μελῳ-

431 3892 656 3954 δοῦντες
687 3891 998 3953 ἀπαύστως·
1034 3889 1100 3948 Οἱ
1127 3887 1341 3957 παῖδες,
1376 3885 1678 3962 εὐλογεῖτε,
1711 3887 1878 3960 ἱερεῖς
1930 3887 2102 3960 ἀνυμ-

423 3989 603 4053 νεῖτε,
632 3979 788 4049 λαὸς,
823 3979 1162 4056 ὑπεροψοῦτε
1184 3977 1260 4040 εἲς
1293 3978 1498 4039 πάντας
1525 3974 1654 4038 τοὺς
1687 3975 1912 4038 αἰῶνας.

509 4162 916 4236 Ῥᾳθυμοτόκοι
962 4159 1218 4234 μέριμναι
1253 4157 1342 4213 ἐπὶ
1382 4163 1488 4232 γῆς
1551 4155 1984 4232 κατελείφθησαν
2031 4159 2100 4230 τῇ

429 4255 546 4309 τῶν
581 4250 904 4306 ἀποστόλων
938 4249 1168 4323 ἐκλογῇ,
1202 4247 1581 4326 φιλάνθρωπε,
1614 4245 1686 4306 ὡς
1717 4245 1802 4300 σοὶ
1862 4243 2102 4316 ἠκολού-

431 4343 610 4412 Θησαν
641 4341 778 4415 πρὸς
807 4341 907 4410 τὴν
962 4338 1021 4394 έκ
1077 4345 1180 4415 γῆς
1241 4337 1530 4411 μετάρσιον
1593 4335 1738 4399 θείαν
1794 4333 2098 4392 πολιτείαν.

423 4435 592 4492 Ὅθεν
645 4433 736 4488 καὶ
797 4431 1028 4504 ἐπαξίως
1083 4436 1182 4500 τῆς
1241 4431 1340 4493 σῆς
1398 4426 1710 4504 θεοφανείας
1781 4423 2098 4499 ἐμελῴόουν

425 4523 721 4598 τυχόντεςο
757 4521 825 4578 Οἱ
857 4518 1050 4583 παῖδες
1080 4517 1385 4593 εὐλογεῖτε,
1415 4516 1604 4590 ἱερεῖς,
1627 4511 2098 4589 ἀνυμνεῖτε,λαὸς,

431 4613 776 4688 ὑπεροψοῦτε
807 4609 883 4672 είς
913 4607 1118 4671 πάντας
1146 4607 1275 4670 τοὺς
1307 4605 1535 4668 αἰῶνας.

510 4722 628 4777 Ἵνα
657 4740 754 4774 σου
787 4715 962 4792 δείξῃς
1013 4715 1265 4792 ἐμφανῶς
1322 4714 1421 4782 τὴν
1477 4711 1788 4790 ἀπόρρητον
1846 4709 2098 4788 δευτέραν

431 4803 944 4881 κατάϐασιν,ὸπως
989 4807 1017 4861 ὁ
1075 4804 1304 4878 ὕψιστος
1354 4803 1486 4865 Θεὸς
1545 4801 1759 4878 ὀφθήσῃ
1820 4801 1988 4864 ἑστὼς
2045 4800 2098 4856 ἐν

438 4901 592 4976 μέσῳ
633 4902 769 4964 θεῶν
829 4901 950 4958 τοῖς
1007 4893 1344 4956 ἀποστόλοις
1399 4891 1451 4948 ἓν
1512 4887 1707 4968 Θαϐὼρ
1767 4893 1943 4965 Μωσῇ
2005 4891 2100 4946 σὺν

427 4989 600 5062 Ἠλίᾳ
625 5011 686 5045 τε
715 4987 972 5064 ἀρῥήτως
1026 4983 1302 5060 ἔλαμψας,
1336 4981 1428 5038 διὸ
1491 4982 1686 5047 πάντες
1745 5003 1824 5054 σε,
1883 4981 2100 5057 Χριστὲ,

437 5077 715 5156 μεγαλύνο
724 5099 840 5152 μεν.

509 5187 671 5242 Δεῦτέ
706 5207 822 5261 μοι,
856 5182 1124 5250 πείθεσθε,
1158 5179 1308 5246 λαοὶ,
1342 5175 1633 5240 ἀναϐάντες
1661 5179 1737 5242 εἷς
1767 5179 1828 5233 τὸ
1878 5175 2006 5254 ὅρος
2035 5179 2099 5233 τὸ

435 5279 592 5354 ἅγιον
619 5277 682 5332 τὸ
709 5277 1052 5350 ἐπουράνιον,
1084 5269 1268 5332 ἀύλως
1317 5275 1528 5342 στῶμεν
1589 5269 1642 5324 ἐν
1688 5268 1852 5324 πόλει
1898 5273 2098 5338 ζῶντος

437 5373 600 5438 Θεοῦ,
630 5367 720 5423 καὶ
779 5363 1200 5436 έποπτεύσωμεν
1250 5359 1336 5415 νοΐ
1383 5359 1614 5432 θεότητα
1659 5357 1823 5415 ἅϋλον
1887 5359 2095 5435 Πατρὸς

435 5458 530 5515 καὶ
589 5457 903 5532 Πνεύματος
963 5453 1016 5510 ἐν
1076 5454 1194 5526 Υἱῷ
1254 5456 1534 5528 μονογενεῖ
1587 5449 2094 5527 άπαστράπτουσαν.

507 5634 770 5708 Ἐθελξας
833 5633 988 5705 πόοῳ
1047 5652 1135 5704 με,
1198 5631 1417 5704 Χριστὲ,
1476 5630 1566 5684 καὶ
1635 5627 1960 5698 ἠλλοίωσας
2016 5633 2096 5700 τῷ

438 5727 572 5802 θείῳ
603 5749 698 5782 σου
754 5723 942 5800 ἔρωτι,
1000 5721 1147 5778 ἀλλὰ
1201 5719 1542 5798 κατάφλεξον
1603 5723 1732 5797 πυρὶ
1791 5719 1947 5793 ἀύΛῳ
1998 5721 2096 5782 τὰς

437 5817 710 5894 ἁμαρτίας
741 5837 870 5891 μου,
903 5813 994 5870 καὶ
1030 5812 1414 5888 ἐμπλησθῆναι
1473 5819 1574 5882 τῆς
1631 5808 1682 5864 ἓν
1745 5809 1830 5866 σοὶ
1885 5817 2093 5888 τρυφῆς

2213 3419 2494 3494 populus,
2528 3421 2965 3492 superexaltate
2997 3438 3104 3494 per
3133 3422 3336 3477 omnia
3367 3423 3605 3480 saecula.

2285 3511 2591 3581 Tanquam
2623 3509 2770 3566 ccelo
2802 3510 3159 3578 dominanti,
3194 3515 3254 3566 et
3285 3517 3458 3568 terra:
3489 3513 3786 3585 regnanti,
3814 3519 3872 3570 et

2214 3617 2744 3674 subterraneorum
2776 3617 3112 3673 dominium
3147 3619 3412 3686 habenti,
3455 3619 3708 3684 Christe,
3758 3620 3868 3674 tibi

2213 3707 2577 3775 astiterunt;
2613 3723 2642 3761 e
2677 3714 2835 3762 terra
2866 3707 3108 3778 quidem
3164 3709 3416 3779 apostoli
3448 3725 3460 3762 :
3517 3713 3800 3780 tanquam
3833 3726 3868 3765 θ.

2214 3796 2362 3851 οωΙο
2395 3801 2616 3862 autem,
2649 3796 2956 3852 Thesbites
2983 3797 3144 3852 Elias
3171 3815 3184 3864 ;
3209 3799 3438 3870 Moyses
3461 3815 3598 3854 vero
3621 3815 3690 3854 ex
3712 3815 3868 3854 mor-

2213 3886 2351 3953 tuis,
2385 3892 2668 3940 canentes
2701 3886 3110 3941 incessanter:
3145 3886 3337 3952 Pueri,
3367 3887 3702 3944 benedicite
3727 3907 3740 3955 ;
3767 3905 3862 3942 sa-

2213 3975 2506 4044 cerdotes,
2547 3975 2884 4043 concinite;
2946 3975 3224 4046 populus,
3274 3977 3710 4048 superexaltate
3760 3993 3868 4048 per

2212 4067 2412 4122 omnia
2443 4065 2680 4121 saecula.

2283 4157 2602 4228 Segnitiem
2625 4156 2926 4227 parientes
2949 4172 3105 4211 cura;
3121 4155 3182 4210 in
3199 4161 3356 4212 terra
3376 4155 3676 4214 derelictae
3692 4164 3854 4227 sunt,

2211 4246 2616 4318 apostolorum
2643 4247 2900 4314 delectu,
2935 4263 2968 4301 ο
3001 4247 3283 4314 humane,
3316 4253 3382 4302 ut
3409 4253 3463 4302 te
3495 4251 3682 4304 secuti
3720 4256 3864 4305 sunt

2211 4337 2285 4392 ad
2317 4337 2636 4391 sublimem
2671 4341 2895 4392 eterra
2948 4336 3208 4392 divinam
3259 4337 3550 4407 politiam,
3603 4339 3762 4394 unde
3807 4345 3868 4395 et

2201 4427 2340 4500 jure
2373 4425 2586 4482 divina;
2619 4431 2734 4481 tuas
2767 4427 3266 4482 manifestationis
3297 4427 3619 4498 participes
3643 4430 3862 4498 effecti,

2211 4517 2536 4573 canebant:
2571 4517 2746 4571 Pueri
2765 4516 3134 4583 benedicite;
3165 4515 3522 4586 sacerdotes,
3543 4519 3864 4590 concinite,

2208 4605 2486 4678 p0pu1us,
2521 4605 2962 4677 superexaltate
2993 4623 3100 4677 per
3119 4605 3322 4660 omnia
3354 4605 3591 4662 saacula.

2133 4696 2180 4762 Ῑ)
2283 4715 2356 4770 Ut
2385 4719 2548 4770 tuam
2573 4715 2854 4770 ostendas
2877 4719 3082 4787 aperte
3104 4731 3382 4770 arcanam
3415 4715 3740 4773 secundam
3765 4715 3865 4772 de-

2215 4803 2613 4870 scensionem,
2645 4809 2712 4858 ut
2761 4803 3030 4858 excelsus
3081 4804 3235 4858 Deus
3289 4803 3544 4858 videaris
3591 4809 3758 4860 stans
3801 4803 3864 4858 in

2211 4893 2408 4949 medio
2441 4894 2714 4960 deorum,
2747 4893 3033 4965 apostolis
3064 4893 3126 4946 in
3156 4892 3388 4948 Thabor
3415 4909 3551 4948 cum
3583 4895 3778 4964 Moyse
3805 4897 3865 4948 et

2209 4985 2338 5040 Elia
2405 4984 2792 5040 ineﬂ‘abiliter
2848 4983 3242 5054 splenduisti:
3327 4983 3458 5038 ideo
3519 4999 3726 5038 omnes
3783 4988 3860 5050 te,

2209 5075 2462 5140 Christe,
2487 5074 2960 5146 magniﬁcamus.

2281 5183 2444 5254 Agite
2477 5181 2646 5248 mihi,
2672 5187 2875 5252 parete
2908 5181 3078 5247 mihi,
3129 5181 3330 5252 populi
3383 5179 3772 5236 ascendentes
3803 5181 3865 5236 in

2208 5277 2474 5327 montem
2507 5275 2798 5338 sanctum,
2836 5271 3136 5324 cmlestem
3165 5287 3177 5323 :
3212 5269 3442 5341 abjecta
3471 5271 3722 5326 materia
3745 5277 3864 5325 ste-

2209 5379 2342 5417 mus
2385 5363 2446 5415 in
2479 5361 2711 5416 civitate
2747 5361 2989 5414 viventis
3017 5360 3140 5422 Dei,
3167 5365 3224 5413 et
3245 5360 3633 5432 inspiciamus
3665 5366 3864 5415 mente

2208 5451 2578 5507 divinitatem
2614 5450 2876 5505 materias
2911 5455 3216 5521 expertem
3266 5451 3457 5504 Patris
3500 5455 3558 5505 et
3589 5451 3867 5522 Spiritus,

2206 5542 2268 5598 in
2303 5541 2447 5596 Filio
2479 5540 2784 5614 unigenito
2819 5539 3224 5611 ell‘ulgentem.

2279 5631 2623 5686 Demulsisli
2669 5629 2966 5684 desiderio
3017 5645 3132 5696 me,
3185 5629 3438 5696 Christe,
3491 5637 3549 5686 et
3595 5631 3874 5685 alterasti

2205 5721 2400 5776 divino
2435 5725 2532 5774 tuo
2565 5735 2789 5784 amore,
2821 5719 2922 5774 sed
2957 5719 3238 5775 combure
3273 5720 3406 5794 igne
3438 5737 3472 5776 a
3493 5721 3746 5776 materia
3765 5737 3862 5776 re-

2205 5817 2365 5868 moto
2399 5817 2644 5881 peccata
2676 5825 2828 5880 mea,
2865 5815 2923 5864 et
2944 5809 3180 5880 impleri
3206 5809 3290 5864 eis
3315 5827 3446 5881 quae
3469 5811 3531 5866 in
3554 5815 3610 5866 te
3634 5809 3866 5867 deliciis
