  <div class='ocr_page' id='page_1' title='image "/cluster/home/n/w/nwhite01/storage/ocr_20150623/96:no.3/coo.31924054870005/446.png"; bbox 0 0 4160 6380; ppageno 0'>
   <div class='ocr_carea' id='block_1_1' title="bbox 369 479 3797 528">
    <p class='ocr_par' dir='ltr' id='par_1_1' title="bbox 369 479 3797 528">
     <span class='ocr_line' id='line_1_1' title="bbox 369 479 3797 528; baseline 0.001 -7"><span class='ocrx_word' id='word_1_1' title='bbox 369 479 3797 528; x_wconf 63' lang='lat' dir='ltr'><em>W</em></span> 
     </span>
    </p>
   </div>
   <div class='ocr_carea' id='block_1_2' title="bbox 1603 700 2581 864">
    <p class='ocr_par' dir='ltr' id='par_1_2' title="bbox 1603 700 2581 864">
     <span class='ocr_line' id='line_1_2' title="bbox 1603 700 2581 864; baseline 0.001 -1"><span class='ocrx_word' id='word_1_2' title='bbox 1603 700 2581 864; x_wconf 84' lang='lat' dir='ltr'><strong>ADDENDA</strong></span> 
     </span>
    </p>
   </div>
   <div class='ocr_carea' id='block_1_3' title="bbox 1830 978 2354 1018">
    <p class='ocr_par' dir='ltr' id='par_1_3' title="bbox 1830 978 2354 1018">
     <span class='ocr_line' id='line_1_3' title="bbox 1830 978 2354 1018; baseline 0.004 -2"><span class='ocrx_word' id='word_1_3' title='bbox 1830 978 2197 1018; x_wconf 70' lang='lat' dir='ltr'><strong>SUPPLEMENTI</strong></span> <span class='ocrx_word' id='word_1_4' title='bbox 2230 978 2354 1018; x_wconf 74' lang='lat' dir='ltr'><strong>VICK</strong></span> 
     </span>
    </p>
   </div>
   <div class='ocr_carea' id='block_1_4' title="bbox 1015 1104 3147 1169">
    <p class='ocr_par' dir='ltr' id='par_1_4' title="bbox 1015 1104 3147 1169">
     <span class='ocr_line' id='line_1_4' title="bbox 1015 1104 3147 1169; baseline 0.003 -8"><span class='ocrx_word' id='word_1_5' title='bbox 1015 1107 1108 1161; x_wconf 76' lang='lat' dir='ltr'><strong>AD</strong></span> <span class='ocrx_word' id='word_1_6' title='bbox 1165 1106 1402 1161; x_wconf 78' lang='lat' dir='ltr'><strong>OPERA</strong></span> <span class='ocrx_word' id='word_1_7' title='bbox 1443 1104 1690 1160; x_wconf 77' lang='lat' dir='ltr'><strong>SANCTI</strong></span> <span class='ocrx_word' id='word_1_8' title='bbox 1727 1105 2018 1160; x_wconf 71' lang='lat' dir='ltr'><strong>JOANNIS</strong></span> <span class='ocrx_word' id='word_1_9' title='bbox 2067 1105 2471 1160; x_wconf 83' lang='lat' dir='ltr'><strong>DAMASCENI</strong></span> <span class='ocrx_word' id='word_1_10' title='bbox 2528 1106 2872 1162; x_wconf 82' lang='lat' dir='ltr'><strong>SUPERlUS</strong></span> <span class='ocrx_word' id='word_1_11' title='bbox 2915 1108 3147 1169; x_wconf 84' lang='lat' dir='ltr'><strong>EDITA.</strong></span> 
     </span>
    </p>
   </div>
   <div class='ocr_carea' id='block_1_5' title="bbox 1277 1426 2903 1520">
    <p class='ocr_par' dir='ltr' id='par_1_5' title="bbox 1277 1426 2903 1520">
     <span class='ocr_line' id='line_1_5' title="bbox 1277 1426 2903 1520; baseline 0.004 -6"><span class='ocrx_word' id='word_1_12' title='bbox 1277 1426 1545 1514; x_wconf 83' lang='lat' dir='ltr'><strong>VITA</strong></span> <span class='ocrx_word' id='word_1_13' title='bbox 1619 1426 2143 1516; x_wconf 81' lang='lat' dir='ltr'><strong>BABLAAM</strong></span> <span class='ocrx_word' id='word_1_14' title='bbox 2238 1428 2376 1512; x_wconf 82' lang='lat' dir='ltr'>ET</span> <span class='ocrx_word' id='word_1_15' title='bbox 2450 1427 2903 1520; x_wconf 86' lang='lat' dir='ltr'><strong>JOSAPH.</strong></span> 
     </span>
    </p>
   </div>
   <div class='ocr_carea' id='block_1_6' title="bbox 1829 1771 2311 1837">
    <p class='ocr_par' dir='ltr' id='par_1_6' title="bbox 1829 1771 2311 1837">
     <span class='ocr_line' id='line_1_6' title="bbox 1829 1771 2311 1837; baseline 0 -11"><span class='ocrx_word' id='word_1_16' title='bbox 1829 1771 2311 1837; x_wconf 68' lang='lat' dir='ltr'><strong>PHASIDQUIUM</strong></span> 
     </span>
    </p>
   </div>
   <div class='ocr_carea' id='block_1_7' title="bbox 1364 1912 2728 1988">
    <p class='ocr_par' dir='ltr' id='par_1_7' title="bbox 1364 1912 2728 1988">
     <span class='ocr_line' id='line_1_7' title="bbox 1364 1912 2728 1988; baseline 0.004 -21"><span class='ocrx_word' id='word_1_17' title='bbox 1364 1912 1611 1968; x_wconf 81' lang='lat' dir='ltr'><strong>Editiom&#39;</strong></span> <span class='ocrx_word' id='word_1_18' title='bbox 1634 1912 1886 1984; x_wconf 80' lang='lat' dir='ltr'><strong>principi</strong></span> <span class='ocrx_word' id='word_1_19' title='bbox 1917 1914 2093 1972; x_wconf 73' lang='grc' dir='ltr'><strong>θνωοὶ</strong></span> <span class='ocrx_word' id='word_1_20' title='bbox 2123 1920 2305 1971; x_wconf 70' lang='lat' dir='ltr'><strong>textus</strong></span> <span class='ocrx_word' id='word_1_21' title='bbox 2335 1918 2654 1988; x_wconf 81' lang='lat' dir='ltr'><strong>appositum</strong></span> <span class='ocrx_word' id='word_1_22' title='bbox 2688 1917 2728 1971; x_wconf 81' lang='lat'><strong>&#39;.</strong></span> 
     </span>
    </p>
   </div>
   <div class='ocr_carea' id='block_1_8' title="bbox 2045 2089 2115 2100">
    <p class='ocr_par' dir='ltr' id='par_1_8' title="bbox 2045 2089 2115 2100">
     <span class='ocr_line' id='line_1_8' title="bbox 2045 2089 2115 2100; baseline 0.029 -2"><span class='ocrx_word' id='word_1_23' title='bbox 2045 2089 2115 2100; x_wconf 68' lang='grc'><strong>.-</strong></span> 
     </span>
    </p>
   </div>
   <div class='ocr_carea' id='block_1_9' title="bbox 440 2227 3789 2312">
    <p class='ocr_par' dir='ltr' id='par_1_9' title="bbox 440 2227 3789 2312">
     <span class='ocr_line' id='line_1_9' title="bbox 440 2227 3789 2312; baseline 0.002 -25"><span class='ocrx_word' id='word_1_24' title='bbox 440 2228 801 2312; x_wconf 86' lang='lat' dir='ltr'><strong>Describere</strong></span> <span class='ocrx_word' id='word_1_25' title='bbox 834 2227 1049 2312; x_wconf 77' lang='lat' dir='ltr'><strong>multis</strong></span> <span class='ocrx_word' id='word_1_26' title='bbox 1064 2228 1311 2312; x_wconf 77' lang='lat' dir='ltr'><strong>adhinc</strong></span> <span class='ocrx_word' id='word_1_27' title='bbox 1343 2228 1525 2289; x_wconf 88' lang='lat' dir='ltr'><strong>annis</strong></span> <span class='ocrx_word' id='word_1_28' title='bbox 1557 2248 1869 2308; x_wconf 85' lang='lat' dir='ltr'><strong>caeperam</strong></span> <span class='ocrx_word' id='word_1_29' title='bbox 1901 2232 2316 2309; x_wconf 80' lang='lat' dir='ltr'><strong>compositam</strong></span> <span class='ocrx_word' id='word_1_30' title='bbox 2363 2252 2397 2292; x_wconf 93' lang='lat' dir='ltr'><strong>a</strong></span> <span class='ocrx_word' id='word_1_31' title='bbox 2428 2233 2694 2302; x_wconf 79' lang='lat' dir='ltr'><strong>Joanne,</strong></span> <span class='ocrx_word' id='word_1_32' title='bbox 2730 2234 2838 2312; x_wconf 86' lang='lat' dir='ltr'><strong>qui</strong></span> <span class='ocrx_word' id='word_1_33' title='bbox 2869 2234 3060 2309; x_wconf 85' lang='lat' dir='ltr'><strong>vulgo</strong></span> <span class='ocrx_word' id='word_1_34' title='bbox 3085 2235 3510 2295; x_wconf 79' lang='lat' dir='ltr'><strong>Damascenus</strong></span> <span class='ocrx_word' id='word_1_35' title='bbox 3541 2234 3789 2307; x_wconf 90' lang='lat' dir='ltr'><strong>dicitur,</strong></span> 
     </span>
    </p>
   </div>
   <div class='ocr_carea' id='block_1_10' title="bbox 348 2309 3793 2392">
    <p class='ocr_par' dir='ltr' id='par_1_10' title="bbox 348 2309 3793 2392">
     <span class='ocr_line' id='line_1_10' title="bbox 348 2309 3793 2392; baseline 0 -20"><span class='ocrx_word' id='word_1_36' title='bbox 348 2309 677 2392; x_wconf 86' lang='lat' dir='ltr'><strong>Barlaami</strong></span> <span class='ocrx_word' id='word_1_37' title='bbox 710 2327 782 2369; x_wconf 89' lang='lat' dir='ltr'><strong>ac</strong></span> <span class='ocrx_word' id='word_1_38' title='bbox 824 2310 1126 2388; x_wconf 86' lang='lat' dir='ltr'><strong>Joasaphi</strong></span> <span class='ocrx_word' id='word_1_39' title='bbox 1159 2310 1387 2392; x_wconf 77' lang='lat' dir='ltr'><strong>Vitam,</strong></span> <span class='ocrx_word' id='word_1_40' title='bbox 1414 2330 1488 2371; x_wconf 86' lang='lat' dir='ltr'><strong>ea</strong></span> <span class='ocrx_word' id='word_1_41' title='bbox 1524 2319 1729 2371; x_wconf 92' lang='lat' dir='ltr'><strong>mente</strong></span> <span class='ocrx_word' id='word_1_42' title='bbox 1762 2317 1827 2370; x_wconf 90' lang='lat' dir='ltr'><strong>ut</strong></span> <span class='ocrx_word' id='word_1_43' title='bbox 1858 2330 1991 2371; x_wconf 89' lang='lat' dir='ltr'><strong>eam</strong></span> <span class='ocrx_word' id='word_1_44' title='bbox 2028 2312 2104 2371; x_wconf 87' lang='lat' dir='ltr'><strong>ad</strong></span> <span class='ocrx_word' id='word_1_45' title='bbox 2130 2314 2377 2373; x_wconf 84' lang='lat' dir='ltr'><strong>codices</strong></span> <span class='ocrx_word' id='word_1_46' title='bbox 2409 2316 2629 2391; x_wconf 80' lang='lat' dir='ltr'><strong>Regios</strong></span> <span class='ocrx_word' id='word_1_47' title='bbox 2660 2309 2898 2385; x_wconf 73' lang='lat' dir='ltr'><strong>omnes,</strong></span> <span class='ocrx_word' id='word_1_48' title='bbox 2922 2316 3026 2392; x_wconf 90' lang='lat' dir='ltr'><strong>qui</strong></span> <span class='ocrx_word' id='word_1_49' title='bbox 3049 2321 3192 2375; x_wconf 87' lang='lat' dir='ltr'><strong>sunt</strong></span> <span class='ocrx_word' id='word_1_50' title='bbox 3226 2334 3483 2375; x_wconf 87' lang='lat' dir='ltr'><strong>numero</strong></span> <span class='ocrx_word' id='word_1_51' title='bbox 3516 2323 3793 2392; x_wconf 84' lang='lat' dir='ltr'><strong>septem-</strong></span> 
     </span>
    </p>
   </div>
   <div class='ocr_carea' id='block_1_11' title="bbox 352 2391 3788 2473">
    <p class='ocr_par' dir='ltr' id='par_1_11' title="bbox 352 2391 3788 2473">
     <span class='ocr_line' id='line_1_11' title="bbox 352 2391 3788 2473; baseline 0 -20"><span class='ocrx_word' id='word_1_52' title='bbox 352 2391 591 2473; x_wconf 69' lang='lat' dir='ltr'><strong>decim,</strong></span> <span class='ocrx_word' id='word_1_53' title='bbox 623 2395 915 2473; x_wconf 81' lang='lat' dir='ltr'><strong>accurate</strong></span> <span class='ocrx_word' id='word_1_54' title='bbox 950 2391 1344 2473; x_wconf 86' lang='lat' dir='ltr'><strong>recensitam,</strong></span> <span class='ocrx_word' id='word_1_55' title='bbox 1385 2392 1600 2451; x_wconf 85' lang='lat' dir='ltr'><strong>Latina</strong></span> <span class='ocrx_word' id='word_1_56' title='bbox 1633 2392 1917 2453; x_wconf 81' lang='lat' dir='ltr'><strong>versione</strong></span> <span class='ocrx_word' id='word_1_57' title='bbox 1948 2396 2085 2453; x_wconf 87' lang='lat' dir='ltr'><strong>Jac.</strong></span> <span class='ocrx_word' id='word_1_58' title='bbox 2117 2394 2304 2466; x_wconf 88' lang='lat' dir='ltr'><strong>Billii,</strong></span> <span class='ocrx_word' id='word_1_59' title='bbox 2333 2412 2549 2471; x_wconf 86' lang='lat' dir='ltr'><strong>caque,</strong></span> <span class='ocrx_word' id='word_1_60' title='bbox 2608 2394 2656 2453; x_wconf 92' lang='lat' dir='ltr'><strong>si</strong></span> <span class='ocrx_word' id='word_1_61' title='bbox 2690 2396 2848 2454; x_wconf 88' lang='lat' dir='ltr'><strong>forte</strong></span> <span class='ocrx_word' id='word_1_62' title='bbox 2880 2396 3110 2456; x_wconf 84' lang='lat' dir='ltr'><strong>alicubi</strong></span> <span class='ocrx_word' id='word_1_63' title='bbox 3140 2396 3525 2456; x_wconf 75' lang='lat' dir='ltr'><strong>correctione</strong></span> <span class='ocrx_word' id='word_1_64' title='bbox 3558 2391 3788 2473; x_wconf 70' lang='lat' dir='ltr'><strong>egeret,</strong></span> 
     </span>
    </p>
   </div>
   <div class='ocr_carea' id='block_1_12' title="bbox 353 2470 3789 2555">
    <p class='ocr_par' dir='ltr' id='par_1_12' title="bbox 353 2470 3789 2555">
     <span class='ocr_line' id='line_1_12' title="bbox 353 2470 3789 2555; baseline 0 -21"><span class='ocrx_word' id='word_1_65' title='bbox 353 2471 813 2555; x_wconf 83' lang='lat' dir='ltr'><strong>emendatiore,</strong></span> <span class='ocrx_word' id='word_1_66' title='bbox 852 2470 1243 2555; x_wconf 72' lang='lat' dir='ltr'><strong>instructam,</strong></span> <span class='ocrx_word' id='word_1_67' title='bbox 1270 2472 1778 2555; x_wconf 86' lang='lat' dir='ltr'><strong>forma_maxima</strong></span> <span class='ocrx_word' id='word_1_68' title='bbox 1809 2475 2086 2555; x_wconf 84' lang='lat' dir='ltr'><strong>ederem,</strong></span> <span class='ocrx_word' id='word_1_69' title='bbox 2133 2475 2372 2555; x_wconf 77' lang='lat' dir='ltr'><strong>scilicet</strong></span> <span class='ocrx_word' id='word_1_70' title='bbox 2403 2470 2838 2552; x_wconf 79' lang='lat' dir='ltr'><strong>supplemento</strong></span> <span class='ocrx_word' id='word_1_71' title='bbox 2871 2476 3129 2537; x_wconf 85' lang='lat' dir='ltr'><strong>editioni</strong></span> <span class='ocrx_word' id='word_1_72' title='bbox 3161 2477 3529 2537; x_wconf 85' lang='lat' dir='ltr'><strong>Damusceni</strong></span> <span class='ocrx_word' id='word_1_73' title='bbox 3562 2470 3789 2555; x_wconf 53' lang='lat' dir='ltr'><strong>Iquui-</strong></span> 
     </span>
    </p>
   </div>
   <div class='ocr_carea' id='block_1_13' title="bbox 353 2552 3759 2636">
    <p class='ocr_par' dir='ltr' id='par_1_13' title="bbox 353 2552 3759 2636">
     <span class='ocr_line' id='line_1_13' title="bbox 353 2552 3759 2636; baseline 0 -22"><span class='ocrx_word' id='word_1_74' title='bbox 353 2555 565 2614; x_wconf 74' lang='lat' dir='ltr'><strong>Dianae</strong></span> <span class='ocrx_word' id='word_1_75' title='bbox 598 2552 1075 2636; x_wconf 29' lang='lat' dir='ltr'><strong>futuramLSed,</strong></span> <span class='ocrx_word' id='word_1_76' title='bbox 1111 2572 1251 2612; x_wconf 90' lang='lat' dir='ltr'><strong>cum</strong></span> <span class='ocrx_word' id='word_1_77' title='bbox 1275 2554 1351 2613; x_wconf 86' lang='lat' dir='ltr'><strong>de</strong></span> <span class='ocrx_word' id='word_1_78' title='bbox 1385 2553 1780 2636; x_wconf 84' lang='lat' dir='ltr'><strong>redemptore</strong></span> <span class='ocrx_word' id='word_1_79' title='bbox 1810 2554 1918 2613; x_wconf 84' lang='lat' dir='ltr'><strong>tali</strong></span> <span class='ocrx_word' id='word_1_80' title='bbox 1952 2554 2139 2636; x_wconf 86' lang='lat' dir='ltr'><strong>libro,</strong></span> <span class='ocrx_word' id='word_1_81' title='bbox 2176 2554 2283 2613; x_wconf 87' lang='lat' dir='ltr'><strong>illo</strong></span> <span class='ocrx_word' id='word_1_82' title='bbox 2311 2575 2433 2633; x_wconf 88' lang='lat' dir='ltr'><strong>quo</strong></span> <span class='ocrx_word' id='word_1_83' title='bbox 2476 2556 2743 2615; x_wconf 82' lang='lat' dir='ltr'><strong>vivimus</strong></span> <span class='ocrx_word' id='word_1_84' title='bbox 2780 2563 3080 2634; x_wconf 88' lang='lat' dir='ltr'><strong>tempore,</strong></span> <span class='ocrx_word' id='word_1_85' title='bbox 3145 2558 3512 2636; x_wconf 81' lang='lat' dir='ltr'><strong>repcricndo</strong></span> <span class='ocrx_word' id='word_1_86' title='bbox 3571 2552 3759 2634; x_wconf 70' lang='lat' dir='ltr'><strong>despc</strong></span> 
     </span>
    </p>
   </div>
   <div class='ocr_carea' id='block_1_14' title="bbox 354 2632 3782 2715">
    <p class='ocr_par' dir='ltr' id='par_1_14' title="bbox 354 2632 3782 2715">
     <span class='ocr_line' id='line_1_14' title="bbox 354 2632 3782 2715; baseline 0 -21"><span class='ocrx_word' id='word_1_87' title='bbox 354 2633 685 2715; x_wconf 82' lang='lat' dir='ltr'><strong>rarem,_id</strong></span> <span class='ocrx_word' id='word_1_88' title='bbox 720 2632 965 2715; x_wconf 83' lang='lat' dir='ltr'><strong>consilii</strong></span> <span class='ocrx_word' id='word_1_89' title='bbox 1000 2641 1516 2715; x_wconf 77' lang='lat' dir='ltr'><strong>seposueram,_ut</strong></span> <span class='ocrx_word' id='word_1_90' title='bbox 1548 2641 1607 2694; x_wconf 90' lang='lat' dir='ltr'><strong>et</strong></span> <span class='ocrx_word' id='word_1_91' title='bbox 1659 2634 1862 2711; x_wconf 90' lang='lat' dir='ltr'><strong>majus</strong></span> <span class='ocrx_word' id='word_1_92' title='bbox 1896 2634 2063 2693; x_wconf 89' lang='lat' dir='ltr'><strong>aliud</strong></span> <span class='ocrx_word' id='word_1_93' title='bbox 2118 2637 2194 2694; x_wconf 94' lang='lat' dir='ltr'><strong>de</strong></span> <span class='ocrx_word' id='word_1_94' title='bbox 2252 2632 2541 2697; x_wconf 88' lang='lat' dir='ltr'><strong>addendo</strong></span> <span class='ocrx_word' id='word_1_95' title='bbox 2592 2632 3015 2697; x_wconf 37' lang='lat' dir='ltr'><strong>Benedicti—nas</strong></span> <span class='ocrx_word' id='word_1_96' title='bbox 3073 2632 3351 2715; x_wconf 74' lang='lat' dir='ltr'><strong>Gregorii</strong></span> <span class='ocrx_word' id='word_1_97' title='bbox 3412 2632 3782 2697; x_wconf 81' lang='lat' dir='ltr'><strong>Nazianzeni</strong></span> 
     </span>
    </p>
   </div>
   <div class='ocr_carea' id='block_1_15' title="bbox 354 2712 3780 2795">
    <p class='ocr_par' dir='ltr' id='par_1_15' title="bbox 354 2712 3780 2795">
     <span class='ocr_line' id='line_1_15' title="bbox 354 2712 3780 2795; baseline 0.001 -22"><span class='ocrx_word' id='word_1_98' title='bbox 354 2712 635 2795; x_wconf 74' lang='lat' dir='ltr'><strong>editioni</strong></span> <span class='ocrx_word' id='word_1_99' title='bbox 657 2713 973 2795; x_wconf 84' lang='lat' dir='ltr'><strong>volumine</strong></span> <span class='ocrx_word' id='word_1_100' title='bbox 1006 2714 1224 2786; x_wconf 89' lang='lat' dir='ltr'><strong>altero,</strong></span> <span class='ocrx_word' id='word_1_101' title='bbox 1258 2734 1381 2793; x_wconf 91' lang='lat' dir='ltr'><strong>quo</strong></span> <span class='ocrx_word' id='word_1_102' title='bbox 1404 2713 1541 2792; x_wconf 88' lang='lat' dir='ltr'><strong>ejus</strong></span> <span class='ocrx_word' id='word_1_103' title='bbox 1567 2721 1857 2793; x_wconf 90' lang='lat' dir='ltr'><strong>poemata</strong></span> <span class='ocrx_word' id='word_1_104' title='bbox 1879 2722 1938 2776; x_wconf 91' lang='lat' dir='ltr'><strong>et</strong></span> <span class='ocrx_word' id='word_1_105' title='bbox 1968 2715 2239 2775; x_wconf 89' lang='lat' dir='ltr'><strong>iueditos</strong></span> <span class='ocrx_word' id='word_1_106' title='bbox 2269 2723 2796 2777; x_wconf 83' lang='lat' dir='ltr'><strong>commentatores</strong></span> <span class='ocrx_word' id='word_1_107' title='bbox 2814 2719 3082 2790; x_wconf 68' lang='lat' dir='ltr'><strong>Graecos,</strong></span> <span class='ocrx_word' id='word_1_108' title='bbox 3112 2712 3414 2777; x_wconf 77' lang='lat' dir='ltr'><strong>Basilium</strong></span> <span class='ocrx_word' id='word_1_109' title='bbox 3447 2718 3507 2776; x_wconf 89' lang='lat' dir='ltr'><strong>in</strong></span> <span class='ocrx_word' id='word_1_110' title='bbox 3542 2718 3780 2795; x_wconf 82' lang='lat' dir='ltr'><strong>primis,</strong></span> 
     </span>
    </p>
   </div>
   <div class='ocr_carea' id='block_1_16' title="bbox 354 2793 987 2871">
    <p class='ocr_par' dir='ltr' id='par_1_16' title="bbox 354 2793 987 2871">
     <span class='ocr_line' id='line_1_16' title="bbox 354 2793 987 2871; baseline -0.006 -13"><span class='ocrx_word' id='word_1_111' title='bbox 354 2793 987 2871; x_wconf 85' lang='lat' dir='ltr'><strong>comprehenderem.</strong></span> 
     </span>
    </p>
   </div>
   <div class='ocr_carea' id='block_1_17' title="bbox 439 2874 3781 2955">
    <p class='ocr_par' dir='ltr' id='par_1_17' title="bbox 439 2874 3781 2955">
     <span class='ocr_line' id='line_1_17' title="bbox 439 2874 3781 2955; baseline 0.001 -21"><span class='ocrx_word' id='word_1_112' title='bbox 439 2875 676 2942; x_wconf 86' lang='lat' dir='ltr'><strong>Quibus</strong></span> <span class='ocrx_word' id='word_1_113' title='bbox 708 2893 857 2936; x_wconf 90' lang='lat' dir='ltr'><strong>vero</strong></span> <span class='ocrx_word' id='word_1_114' title='bbox 888 2874 1237 2935; x_wconf 78' lang='lat' dir='ltr'><strong>rationibus</strong></span> <span class='ocrx_word' id='word_1_115' title='bbox 1267 2894 1340 2935; x_wconf 90' lang='lat' dir='ltr'><strong>eo</strong></span> <span class='ocrx_word' id='word_1_116' title='bbox 1372 2876 1593 2935; x_wconf 87' lang='lat' dir='ltr'><strong>fuerim</strong></span> <span class='ocrx_word' id='word_1_117' title='bbox 1626 2876 1958 2953; x_wconf 87' lang='lat' dir='ltr'><strong>adductus,</strong></span> <span class='ocrx_word' id='word_1_118' title='bbox 1995 2883 2061 2935; x_wconf 90' lang='lat' dir='ltr'><strong>ut</strong></span> <span class='ocrx_word' id='word_1_119' title='bbox 2088 2877 2405 2939; x_wconf 86' lang='lat' dir='ltr'><strong>Barlaami</strong></span> <span class='ocrx_word' id='word_1_120' title='bbox 2434 2879 2637 2937; x_wconf 88' lang='lat' dir='ltr'><strong>Vitam</strong></span> <span class='ocrx_word' id='word_1_121' title='bbox 2669 2884 2972 2955; x_wconf 87' lang='lat' dir='ltr'><strong>apparatu</strong></span> <span class='ocrx_word' id='word_1_122' title='bbox 3006 2877 3221 2939; x_wconf 88' lang='lat' dir='ltr'><strong>critico</strong></span> <span class='ocrx_word' id='word_1_123' title='bbox 3250 2879 3373 2938; x_wconf 89' lang='lat' dir='ltr'><strong>fere</strong></span> <span class='ocrx_word' id='word_1_124' title='bbox 3422 2877 3781 2939; x_wconf 88' lang='lat' dir='ltr'><strong>destitutam</strong></span> 
     </span>
    </p>
   </div>
   <div class='ocr_carea' id='block_1_18' title="bbox 354 2956 3789 3035">
    <p class='ocr_par' dir='ltr' id='par_1_18' title="bbox 354 2956 3789 3035">
     <span class='ocr_line' id='line_1_18' title="bbox 354 2956 3789 3035; baseline 0.001 -19"><span class='ocrx_word' id='word_1_125' title='bbox 354 2956 426 3016; x_wconf 90' lang='lat' dir='ltr'><strong>in</strong></span> <span class='ocrx_word' id='word_1_126' title='bbox 461 2956 689 3033; x_wconf 90' lang='lat' dir='ltr'><strong>vulgus</strong></span> <span class='ocrx_word' id='word_1_127' title='bbox 719 2957 1094 3029; x_wconf 89' lang='lat' dir='ltr'><strong>emitterem,</strong></span> <span class='ocrx_word' id='word_1_128' title='bbox 1128 2958 1393 3017; x_wconf 86' lang='lat' dir='ltr'><strong>lectores</strong></span> <span class='ocrx_word' id='word_1_129' title='bbox 1426 2958 1686 3017; x_wconf 88' lang='lat' dir='ltr'><strong>docebo.</strong></span> <span class='ocrx_word' id='word_1_130' title='bbox 1722 2957 2159 3017; x_wconf 86' lang='lat' dir='ltr'><strong>Voluiscilicet</strong></span> <span class='ocrx_word' id='word_1_131' title='bbox 2179 2976 2316 3018; x_wconf 91' lang='lat' dir='ltr'><strong>eam</strong></span> <span class='ocrx_word' id='word_1_132' title='bbox 2349 2976 2658 3035; x_wconf 90' lang='lat' dir='ltr'><strong>occupare</strong></span> <span class='ocrx_word' id='word_1_133' title='bbox 2692 2958 3201 3033; x_wconf 82' lang='lat' dir='ltr'><strong>provinciam,ne</strong></span> <span class='ocrx_word' id='word_1_134' title='bbox 3225 2959 3379 3017; x_wconf 87' lang='lat' dir='ltr'><strong>mihi</strong></span> <span class='ocrx_word' id='word_1_135' title='bbox 3414 2977 3584 3018; x_wconf 88' lang='lat' dir='ltr'><strong>meus</strong></span> <span class='ocrx_word' id='word_1_136' title='bbox 3608 2959 3789 3018; x_wconf 84' lang='lat' dir='ltr'><strong>labor</strong></span> 
     </span>
    </p>
   </div>
   <div class='ocr_carea' id='block_1_19' title="bbox 357 3035 3783 3117">
    <p class='ocr_par' dir='ltr' id='par_1_19' title="bbox 357 3035 3783 3117">
     <span class='ocr_line' id='line_1_19' title="bbox 357 3035 3783 3117; baseline 0.001 -20"><span class='ocrx_word' id='word_1_137' title='bbox 357 3043 536 3097; x_wconf 84' lang='lat' dir='ltr'><strong>totus</strong></span> <span class='ocrx_word' id='word_1_138' title='bbox 570 3035 818 3114; x_wconf 85' lang='lat' dir='ltr'><strong>periret,</strong></span> <span class='ocrx_word' id='word_1_139' title='bbox 853 3055 997 3097; x_wconf 87' lang='lat' dir='ltr'><strong>cum</strong></span> <span class='ocrx_word' id='word_1_140' title='bbox 1029 3039 1106 3097; x_wconf 91' lang='lat' dir='ltr'><strong>de</strong></span> <span class='ocrx_word' id='word_1_141' title='bbox 1136 3038 1408 3115; x_wconf 90' lang='lat' dir='ltr'><strong>quadam</strong></span> <span class='ocrx_word' id='word_1_142' title='bbox 1441 3038 1855 3098; x_wconf 89' lang='lat' dir='ltr'><strong>inaudiverim</strong></span> <span class='ocrx_word' id='word_1_143' title='bbox 1914 3038 2206 3115; x_wconf 87' lang='lat' dir='ltr'><strong>editione,</strong></span> <span class='ocrx_word' id='word_1_144' title='bbox 2268 3057 2429 3117; x_wconf 60' lang='lat' dir='ltr'><strong>quae,</strong></span> <span class='ocrx_word' id='word_1_145' title='bbox 2501 3039 2552 3098; x_wconf 82' lang='lat' dir='ltr'><strong>si</strong></span> <span class='ocrx_word' id='word_1_146' title='bbox 2611 3039 2782 3117; x_wconf 89' lang='lat' dir='ltr'><strong>prior</strong></span> <span class='ocrx_word' id='word_1_147' title='bbox 2839 3038 2901 3098; x_wconf 91' lang='lat' dir='ltr'><strong>in</strong></span> <span class='ocrx_word' id='word_1_148' title='bbox 2960 3059 3183 3099; x_wconf 86' lang='lat' dir='ltr'><strong>manus</strong></span> <span class='ocrx_word' id='word_1_149' title='bbox 3214 3040 3518 3099; x_wconf 84' lang='lat' dir='ltr'><strong>lectorum</strong></span> <span class='ocrx_word' id='word_1_150' title='bbox 3550 3039 3783 3111; x_wconf 62' lang='lat' dir='ltr'><strong>venint,</strong></span> 
     </span>
    </p>
   </div>
   <div class='ocr_carea' id='block_1_20' title="bbox 358 3118 3785 3198">
    <p class='ocr_par' dir='ltr' id='par_1_20' title="bbox 358 3118 3785 3198">
     <span class='ocr_line' id='line_1_20' title="bbox 358 3118 3785 3198; baseline 0 -20"><span class='ocrx_word' id='word_1_151' title='bbox 358 3135 571 3178; x_wconf 84' lang='lat' dir='ltr'><strong>meam</strong></span> <span class='ocrx_word' id='word_1_152' title='bbox 606 3135 859 3198; x_wconf 64' lang='lat' dir='ltr'><strong>prorsus</strong></span> <span class='ocrx_word' id='word_1_153' title='bbox 889 3118 1222 3196; x_wconf 91' lang='lat' dir='ltr'><strong>opprimet,</strong></span> <span class='ocrx_word' id='word_1_154' title='bbox 1257 3136 1399 3178; x_wconf 91' lang='lat' dir='ltr'><strong>cum</strong></span> <span class='ocrx_word' id='word_1_155' title='bbox 1430 3119 1517 3178; x_wconf 90' lang='lat' dir='ltr'><strong>illi</strong></span> <span class='ocrx_word' id='word_1_156' title='bbox 1552 3120 1647 3178; x_wconf 90' lang='lat' dir='ltr'><strong>vel</strong></span> <span class='ocrx_word' id='word_1_157' title='bbox 1694 3118 2021 3197; x_wconf 86' lang='lat' dir='ltr'><strong>posteriori</strong></span> <span class='ocrx_word' id='word_1_158' title='bbox 2070 3121 2241 3198; x_wconf 90' lang='lat' dir='ltr'><strong>prior</strong></span> <span class='ocrx_word' id='word_1_159' title='bbox 2274 3119 2407 3179; x_wconf 74' lang='lat' dir='ltr'><strong>haec</strong></span> <span class='ocrx_word' id='word_1_160' title='bbox 2442 3140 2575 3180; x_wconf 81' lang='lat' dir='ltr'><strong>mea</strong></span> <span class='ocrx_word' id='word_1_161' title='bbox 2607 3119 2779 3179; x_wconf 90' lang='lat' dir='ltr'><strong>nullo</strong></span> <span class='ocrx_word' id='word_1_162' title='bbox 2812 3127 3000 3197; x_wconf 87' lang='lat' dir='ltr'><strong>queat</strong></span> <span class='ocrx_word' id='word_1_163' title='bbox 3042 3121 3226 3180; x_wconf 90' lang='lat' dir='ltr'><strong>modo</strong></span> <span class='ocrx_word' id='word_1_164' title='bbox 3258 3139 3502 3180; x_wconf 88' lang='lat' dir='ltr'><strong>nocere.</strong></span> <span class='ocrx_word' id='word_1_165' title='bbox 3541 3120 3785 3179; x_wconf 84' lang='lat' dir='ltr'><strong>Etenim</strong></span> 
     </span>
    </p>
   </div>
   <div class='ocr_carea' id='block_1_21' title="bbox 355 3197 3786 3279">
    <p class='ocr_par' dir='ltr' id='par_1_21' title="bbox 355 3197 3786 3279">
     <span class='ocr_line' id='line_1_21' title="bbox 355 3197 3786 3279; baseline -0 -19"><span class='ocrx_word' id='word_1_166' title='bbox 355 3198 483 3261; x_wconf 83' lang='lat' dir='ltr'><strong>viri</strong></span> <span class='ocrx_word' id='word_1_167' title='bbox 514 3199 639 3258; x_wconf 89' lang='lat' dir='ltr'><strong>duo</strong></span> <span class='ocrx_word' id='word_1_168' title='bbox 673 3197 997 3279; x_wconf 62' lang='lat' dir='ltr'><strong>praecipui,</strong></span> <span class='ocrx_word' id='word_1_169' title='bbox 1030 3198 1433 3270; x_wconf 84' lang='lat' dir='ltr'><strong>Schmidtius,</strong></span> <span class='ocrx_word' id='word_1_170' title='bbox 1469 3200 1573 3278; x_wconf 89' lang='lat' dir='ltr'><strong>qui</strong></span> <span class='ocrx_word' id='word_1_171' title='bbox 1607 3198 1665 3258; x_wconf 90' lang='lat' dir='ltr'><strong>in</strong></span> <span class='ocrx_word' id='word_1_172' title='bbox 1698 3197 2082 3259; x_wconf 63' lang='lat' dir='ltr'><strong>Romanevsi</strong></span> <span class='ocrx_word' id='word_1_173' title='bbox 2107 3201 2459 3262; x_wconf 84' lang='lat' dir='ltr'><strong>litteratura</strong></span> <span class='ocrx_word' id='word_1_174' title='bbox 2492 3208 2736 3278; x_wconf 76' lang='lat' dir='ltr'><strong>regnat,</strong></span> <span class='ocrx_word' id='word_1_175' title='bbox 2770 3207 2829 3260; x_wconf 93' lang='lat' dir='ltr'><strong>et</strong></span> <span class='ocrx_word' id='word_1_176' title='bbox 2863 3202 3127 3279; x_wconf 83' lang='lat' dir='ltr'><strong>Kopitar</strong></span> <span class='ocrx_word' id='word_1_177' title='bbox 3160 3201 3557 3261; x_wconf 74' lang='lat' dir='ltr'><strong>bibliothecae</strong></span> <span class='ocrx_word' id='word_1_178' title='bbox 3589 3201 3786 3260; x_wconf 64' lang='lat' dir='ltr'><strong>Cassa-</strong></span> 
     </span>
    </p>
   </div>
   <div class='ocr_carea' id='block_1_22' title="bbox 355 3278 3788 3358">
    <p class='ocr_par' dir='ltr' id='par_1_22' title="bbox 355 3278 3788 3358">
     <span class='ocr_line' id='line_1_22' title="bbox 355 3278 3788 3358; baseline -0.001 -18"><span class='ocrx_word' id='word_1_179' title='bbox 355 3297 509 3355; x_wconf 59' lang='lat' dir='ltr'><strong>reaa,</strong></span> <span class='ocrx_word' id='word_1_180' title='bbox 547 3298 685 3357; x_wconf 68' lang='lat' dir='ltr'><strong>quae</strong></span> <span class='ocrx_word' id='word_1_181' title='bbox 717 3278 1102 3340; x_wconf 70' lang='lat' dir='ltr'><strong>Vindubodaa</strong></span> <span class='ocrx_word' id='word_1_182' title='bbox 1135 3288 1247 3351; x_wconf 90' lang='lat' dir='ltr'><strong>est,</strong></span> <span class='ocrx_word' id='word_1_183' title='bbox 1282 3287 1493 3340; x_wconf 81' lang='lat' dir='ltr'><strong>custos</strong></span> <span class='ocrx_word' id='word_1_184' title='bbox 1524 3280 1883 3358; x_wconf 86' lang='lat' dir='ltr'><strong>primarius,</strong></span> <span class='ocrx_word' id='word_1_185' title='bbox 1918 3283 2198 3341; x_wconf 82' lang='lat' dir='ltr'><strong>coeunda</strong></span> <span class='ocrx_word' id='word_1_186' title='bbox 2229 3282 2418 3341; x_wconf 79' lang='lat' dir='ltr'><strong>studii</strong></span> <span class='ocrx_word' id='word_1_187' title='bbox 2451 3289 2509 3343; x_wconf 89' lang='lat' dir='ltr'><strong>et</strong></span> <span class='ocrx_word' id='word_1_188' title='bbox 2540 3282 2775 3342; x_wconf 86' lang='lat' dir='ltr'><strong>laboris</strong></span> <span class='ocrx_word' id='word_1_189' title='bbox 2798 3278 3094 3342; x_wconf 84' lang='lat' dir='ltr'><strong>societate</strong></span> <span class='ocrx_word' id='word_1_190' title='bbox 3144 3282 3478 3343; x_wconf 86' lang='lat' dir='ltr'><strong>editionem</strong></span> <span class='ocrx_word' id='word_1_191' title='bbox 3515 3282 3788 3340; x_wconf 83' lang='lat' dir='ltr'><strong>moliun-</strong></span> 
     </span>
    </p>
   </div>
   <div class='ocr_carea' id='block_1_23' title="bbox 348 3360 3788 3441">
    <p class='ocr_par' dir='ltr' id='par_1_23' title="bbox 348 3360 3788 3441">
     <span class='ocr_line' id='line_1_23' title="bbox 348 3360 3788 3441; baseline 0.001 -20"><span class='ocrx_word' id='word_1_192' title='bbox 348 3367 691 3438; x_wconf 86' lang='lat' dir='ltr'><strong>tur,quam</strong></span> <span class='ocrx_word' id='word_1_193' title='bbox 724 3360 1015 3421; x_wconf 83' lang='lat' dir='ltr'><strong>omnibus</strong></span> <span class='ocrx_word' id='word_1_194' title='bbox 1039 3362 1314 3421; x_wconf 88' lang='lat' dir='ltr'><strong>numeris</strong></span> <span class='ocrx_word' id='word_1_195' title='bbox 1347 3362 1479 3421; x_wconf 91' lang='lat' dir='ltr'><strong>fore</strong></span> <span class='ocrx_word' id='word_1_196' title='bbox 1510 3361 2042 3422; x_wconf 88' lang='lat' dir='ltr'><strong>absolutissimam</strong></span> <span class='ocrx_word' id='word_1_197' title='bbox 2078 3362 2256 3421; x_wconf 85' lang='lat' dir='ltr'><strong>facile</strong></span> <span class='ocrx_word' id='word_1_198' title='bbox 2292 3382 2530 3424; x_wconf 89' lang='lat' dir='ltr'><strong>mecum</strong></span> <span class='ocrx_word' id='word_1_199' title='bbox 2566 3381 2785 3423; x_wconf 89' lang='lat' dir='ltr'><strong>omnes</strong></span> <span class='ocrx_word' id='word_1_200' title='bbox 2806 3364 3304 3441; x_wconf 82' lang='lat' dir='ltr'><strong>augurabuntur,</strong></span> <span class='ocrx_word' id='word_1_201' title='bbox 3330 3362 3435 3441; x_wconf 90' lang='lat' dir='ltr'><strong>qui</strong></span> <span class='ocrx_word' id='word_1_202' title='bbox 3471 3362 3788 3441; x_wconf 84' lang='lat' dir='ltr'><strong>utriusque</strong></span> 
     </span>
    </p>
   </div>
   <div class='ocr_carea' id='block_1_24' title="bbox 348 3441 1951 3503">
    <p class='ocr_par' dir='ltr' id='par_1_24' title="bbox 348 3441 1951 3503">
     <span class='ocr_line' id='line_1_24' title="bbox 348 3441 1951 3503; baseline 0 -2"><span class='ocrx_word' id='word_1_203' title='bbox 348 3459 666 3502; x_wconf 86' lang='lat' dir='ltr'><strong>summam</strong></span> <span class='ocrx_word' id='word_1_204' title='bbox 697 3447 1005 3500; x_wconf 90' lang='lat' dir='ltr'><strong>noverunt</strong></span> <span class='ocrx_word' id='word_1_205' title='bbox 1037 3441 1386 3503; x_wconf 91' lang='lat' dir='ltr'><strong>doctrinam</strong></span> <span class='ocrx_word' id='word_1_206' title='bbox 1420 3450 1480 3503; x_wconf 89' lang='lat' dir='ltr'><strong>et</strong></span> <span class='ocrx_word' id='word_1_207' title='bbox 1510 3442 1951 3503; x_wconf 86' lang='lat' dir='ltr'><strong>eruditionem.</strong></span> 
     </span>
    </p>
   </div>
   <div class='ocr_carea' id='block_1_25' title="bbox 441 3521 3789 3601">
    <p class='ocr_par' dir='ltr' id='par_1_25' title="bbox 441 3521 3789 3601">
     <span class='ocr_line' id='line_1_25' title="bbox 441 3521 3789 3601; baseline 0.001 -20"><span class='ocrx_word' id='word_1_208' title='bbox 441 3524 591 3593; x_wconf 69' lang='lat' dir='ltr'><strong>Quae</strong></span> <span class='ocrx_word' id='word_1_209' title='bbox 623 3539 763 3581; x_wconf 93' lang='lat' dir='ltr'><strong>cum</strong></span> <span class='ocrx_word' id='word_1_210' title='bbox 796 3522 883 3581; x_wconf 86' lang='lat' dir='ltr'><strong>ita</strong></span> <span class='ocrx_word' id='word_1_211' title='bbox 916 3522 1142 3592; x_wconf 82' lang='lat' dir='ltr'><strong>forent,</strong></span> <span class='ocrx_word' id='word_1_212' title='bbox 1181 3522 1332 3582; x_wconf 90' lang='lat' dir='ltr'><strong>mihi</strong></span> <span class='ocrx_word' id='word_1_213' title='bbox 1366 3524 1619 3601; x_wconf 91' lang='lat' dir='ltr'><strong>quidem</strong></span> <span class='ocrx_word' id='word_1_214' title='bbox 1662 3524 1813 3583; x_wconf 89' lang='lat' dir='ltr'><strong>satis</strong></span> <span class='ocrx_word' id='word_1_215' title='bbox 1844 3540 1977 3583; x_wconf 88' lang='lat' dir='ltr'><strong>esse</strong></span> <span class='ocrx_word' id='word_1_216' title='bbox 2009 3521 2212 3583; x_wconf 90' lang='lat' dir='ltr'><strong>visum</strong></span> <span class='ocrx_word' id='word_1_217' title='bbox 2246 3524 2382 3593; x_wconf 92' lang='lat' dir='ltr'><strong>fuit,</strong></span> <span class='ocrx_word' id='word_1_218' title='bbox 2420 3524 2469 3582; x_wconf 55' lang='lat' dir='ltr'><strong>si</strong></span> <span class='ocrx_word' id='word_1_219' title='bbox 2504 3540 2643 3582; x_wconf 91' lang='lat' dir='ltr'><strong>meo</strong></span> <span class='ocrx_word' id='word_1_220' title='bbox 2694 3523 3111 3601; x_wconf 85' lang='lat' dir='ltr'><strong>qualicunque</strong></span> <span class='ocrx_word' id='word_1_221' title='bbox 3144 3542 3291 3601; x_wconf 88' lang='lat' dir='ltr'><strong>usus</strong></span> <span class='ocrx_word' id='word_1_222' title='bbox 3321 3529 3653 3601; x_wconf 87' lang='lat' dir='ltr'><strong>apparatu,</strong></span> <span class='ocrx_word' id='word_1_223' title='bbox 3680 3541 3789 3583; x_wconf 87' lang='lat' dir='ltr'><strong>ve-</strong></span> 
     </span>
    </p>
   </div>
   <div class='ocr_carea' id='block_1_26' title="bbox 352 3600 3786 3681">
    <p class='ocr_par' dir='ltr' id='par_1_26' title="bbox 352 3600 3786 3681">
     <span class='ocr_line' id='line_1_26' title="bbox 352 3600 3786 3681; baseline 0 -21"><span class='ocrx_word' id='word_1_224' title='bbox 352 3600 560 3681; x_wconf 81' lang='lat' dir='ltr'><strong>lisque</strong></span> <span class='ocrx_word' id='word_1_225' title='bbox 581 3602 945 3672; x_wconf 89' lang='lat' dir='ltr'><strong>contractis,</strong></span> <span class='ocrx_word' id='word_1_226' title='bbox 977 3603 1144 3662; x_wconf 91' lang='lat' dir='ltr'><strong>viam</strong></span> <span class='ocrx_word' id='word_1_227' title='bbox 1188 3604 1313 3663; x_wconf 88' lang='lat' dir='ltr'><strong>fere</strong></span> <span class='ocrx_word' id='word_1_228' title='bbox 1368 3600 1702 3679; x_wconf 86' lang='lat' dir='ltr'><strong>aperirem,</strong></span> <span class='ocrx_word' id='word_1_229' title='bbox 1765 3604 2123 3680; x_wconf 90' lang='lat' dir='ltr'><strong>librumque</strong></span> <span class='ocrx_word' id='word_1_230' title='bbox 2182 3606 2418 3663; x_wconf 85' lang='lat' dir='ltr'><strong>dudum</strong></span> <span class='ocrx_word' id='word_1_231' title='bbox 2455 3600 2909 3679; x_wconf 85' lang='lat' dir='ltr'><strong>exspectatum,</strong></span> <span class='ocrx_word' id='word_1_232' title='bbox 2971 3600 3149 3681; x_wconf 81' lang='lat' dir='ltr'><strong>cujus</strong></span> <span class='ocrx_word' id='word_1_233' title='bbox 3180 3600 3321 3681; x_wconf 84' lang='lat' dir='ltr'><strong>pOst</strong></span> <span class='ocrx_word' id='word_1_234' title='bbox 3352 3600 3445 3663; x_wconf 84' lang='lat' dir='ltr'><strong>tot</strong></span> <span class='ocrx_word' id='word_1_235' title='bbox 3500 3605 3562 3661; x_wconf 90' lang='lat' dir='ltr'><strong>in</strong></span> <span class='ocrx_word' id='word_1_236' title='bbox 3594 3603 3786 3663; x_wconf 88' lang='lat' dir='ltr'><strong>variis</strong></span> 
     </span>
    </p>
   </div>
   <div class='ocr_carea' id='block_1_27' title="bbox 357 3680 3785 3761">
    <p class='ocr_par' dir='ltr' id='par_1_27' title="bbox 357 3680 3785 3761">
     <span class='ocr_line' id='line_1_27' title="bbox 357 3680 3785 3761; baseline 0.001 -22"><span class='ocrx_word' id='word_1_237' title='bbox 357 3680 595 3759; x_wconf 79' lang='lat' dir='ltr'><strong>linguis</strong></span> <span class='ocrx_word' id='word_1_238' title='bbox 624 3683 938 3744; x_wconf 85' lang='lat' dir='ltr'><strong>versiones</strong></span> <span class='ocrx_word' id='word_1_239' title='bbox 970 3686 1254 3744; x_wconf 54' lang='lat' dir='ltr'><strong>Graecum</strong></span> <span class='ocrx_word' id='word_1_240' title='bbox 1289 3684 1491 3759; x_wconf 91' lang='lat' dir='ltr'><strong>ipsum</strong></span> <span class='ocrx_word' id='word_1_241' title='bbox 1524 3685 1846 3761; x_wconf 86' lang='lat' dir='ltr'><strong>exemplar</strong></span> <span class='ocrx_word' id='word_1_242' title='bbox 1869 3683 2148 3743; x_wconf 81' lang='lat' dir='ltr'><strong>nOndum</strong></span> <span class='ocrx_word' id='word_1_243' title='bbox 2184 3685 2297 3743; x_wconf 85' lang='lat' dir='ltr'><strong>fuit</strong></span> <span class='ocrx_word' id='word_1_244' title='bbox 2330 3685 2491 3759; x_wconf 81' lang='lat' dir='ltr'><strong>typis</strong></span> <span class='ocrx_word' id='word_1_245' title='bbox 2524 3702 2842 3753; x_wconf 87' lang='lat' dir='ltr'><strong>cxcusum,</strong></span> <span class='ocrx_word' id='word_1_246' title='bbox 2879 3685 2939 3743; x_wconf 91' lang='lat' dir='ltr'><strong>in</strong></span> <span class='ocrx_word' id='word_1_247' title='bbox 2981 3680 3309 3745; x_wconf 81' lang='lat' dir='ltr'><strong>doctorum</strong></span> <span class='ocrx_word' id='word_1_248' title='bbox 3373 3684 3665 3743; x_wconf 78' lang='lat' dir='ltr'><strong>inferrem</strong></span> <span class='ocrx_word' id='word_1_249' title='bbox 3701 3684 3785 3743; x_wconf 91' lang='lat' dir='ltr'><strong>bi-</strong></span> 
     </span>
    </p>
   </div>
   <div class='ocr_carea' id='block_1_28' title="bbox 352 3762 3782 3843">
    <p class='ocr_par' dir='ltr' id='par_1_28' title="bbox 352 3762 3782 3843">
     <span class='ocr_line' id='line_1_28' title="bbox 352 3762 3782 3843; baseline 0 -21"><span class='ocrx_word' id='word_1_250' title='bbox 352 3762 727 3833; x_wconf 81' lang='lat' dir='ltr'><strong>bliothecas,</strong></span> <span class='ocrx_word' id='word_1_251' title='bbox 756 3764 1045 3824; x_wconf 88' lang='lat' dir='ltr'><strong>hortante</strong></span> <span class='ocrx_word' id='word_1_252' title='bbox 1076 3765 1420 3841; x_wconf 60' lang='lat' dir='ltr'><strong>prsesertim</strong></span> <span class='ocrx_word' id='word_1_253' title='bbox 1444 3763 1733 3834; x_wconf 71' lang='lat' dir='ltr'><strong>Siunero,</strong></span> <span class='ocrx_word' id='word_1_254' title='bbox 1768 3765 1876 3824; x_wconf 90' lang='lat' dir='ltr'><strong>illo</strong></span> <span class='ocrx_word' id='word_1_255' title='bbox 1908 3763 2301 3823; x_wconf 67' lang='lat' dir='ltr'><strong>Pranfationis</strong></span> <span class='ocrx_word' id='word_1_256' title='bbox 2349 3768 2427 3823; x_wconf 88' lang='lat' dir='ltr'><strong>ad</strong></span> <span class='ocrx_word' id='word_1_257' title='bbox 2489 3766 2769 3840; x_wconf 84' lang='lat' dir='ltr'><strong>Longum</strong></span> <span class='ocrx_word' id='word_1_258' title='bbox 2817 3766 2958 3825; x_wconf 92' lang='lat' dir='ltr'><strong>loco</strong></span> <span class='ocrx_word' id='word_1_259' title='bbox 3010 3785 3130 3843; x_wconf 91' lang='lat' dir='ltr'><strong>quo</strong></span> <span class='ocrx_word' id='word_1_260' title='bbox 3181 3766 3257 3825; x_wconf 92' lang='lat' dir='ltr'><strong>de</strong></span> <span class='ocrx_word' id='word_1_261' title='bbox 3289 3763 3602 3824; x_wconf 85' lang='lat' dir='ltr'><strong>Barlaami</strong></span> <span class='ocrx_word' id='word_1_262' title='bbox 3637 3763 3782 3824; x_wconf 86' lang='lat' dir='ltr'><strong>Vita</strong></span> 
     </span>
    </p>
   </div>
   <div class='ocr_carea' id='block_1_29' title="bbox 349 3843 3786 3921">
    <p class='ocr_par' dir='ltr' id='par_1_29' title="bbox 349 3843 3786 3921">
     <span class='ocr_line' id='line_1_29' title="bbox 349 3843 3786 3921; baseline 0 -19"><span class='ocrx_word' id='word_1_263' title='bbox 349 3844 572 3921; x_wconf 89' lang='lat' dir='ltr'><strong>paucis</strong></span> <span class='ocrx_word' id='word_1_264' title='bbox 602 3844 945 3921; x_wconf 85' lang='lat' dir='ltr'><strong>disputavit</strong></span> <span class='ocrx_word' id='word_1_265' title='bbox 976 3845 1202 3913; x_wconf 86' lang='lat' dir='ltr'><strong>verbis,</strong></span> <span class='ocrx_word' id='word_1_266' title='bbox 1228 3846 1333 3905; x_wconf 90' lang='lat' dir='ltr'><strong>sed</strong></span> <span class='ocrx_word' id='word_1_267' title='bbox 1367 3845 1647 3917; x_wconf 88' lang='lat' dir='ltr'><strong>eruditis,</strong></span> <span class='ocrx_word' id='word_1_268' title='bbox 1683 3863 1795 3904; x_wconf 90' lang='lat' dir='ltr'><strong>nec</strong></span> <span class='ocrx_word' id='word_1_269' title='bbox 1827 3844 2201 3904; x_wconf 87' lang='lat' dir='ltr'><strong>dehortante</strong></span> <span class='ocrx_word' id='word_1_270' title='bbox 2234 3845 2465 3911; x_wconf 84' lang='lat' dir='ltr'><strong>Geelio.</strong></span> <span class='ocrx_word' id='word_1_271' title='bbox 2530 3844 2634 3921; x_wconf 90' lang='lat' dir='ltr'><strong>qui</strong></span> <span class='ocrx_word' id='word_1_272' title='bbox 2694 3863 2834 3903; x_wconf 91' lang='lat' dir='ltr'><strong>cum</strong></span> <span class='ocrx_word' id='word_1_273' title='bbox 2897 3846 2971 3905; x_wconf 92' lang='lat' dir='ltr'><strong>de</strong></span> <span class='ocrx_word' id='word_1_274' title='bbox 3026 3864 3123 3905; x_wconf 90' lang='lat' dir='ltr'><strong>me</strong></span> <span class='ocrx_word' id='word_1_275' title='bbox 3183 3854 3307 3904; x_wconf 87' lang='lat' dir='ltr'><strong>tam</strong></span> <span class='ocrx_word' id='word_1_276' title='bbox 3337 3843 3692 3903; x_wconf 85' lang='lat' dir='ltr'><strong>humaniter</strong></span> <span class='ocrx_word' id='word_1_277' title='bbox 3724 3852 3786 3905; x_wconf 90' lang='lat' dir='ltr'><strong>et</strong></span> 
     </span>
    </p>
   </div>
   <div class='ocr_carea' id='block_1_30' title="bbox 351 3924 3784 4003">
    <p class='ocr_par' dir='ltr' id='par_1_30' title="bbox 351 3924 3784 4003">
     <span class='ocr_line' id='line_1_30' title="bbox 351 3924 3784 4003; baseline 0.001 -20"><span class='ocrx_word' id='word_1_278' title='bbox 351 3924 621 3985; x_wconf 83' lang='lat' dir='ltr'><strong>senserit</strong></span> <span class='ocrx_word' id='word_1_279' title='bbox 642 3925 1055 4003; x_wconf 89' lang='lat' dir='ltr'><strong>etscripserit,</strong></span> <span class='ocrx_word' id='word_1_280' title='bbox 1093 3925 1152 3985; x_wconf 88' lang='lat' dir='ltr'><strong>id</strong></span> <span class='ocrx_word' id='word_1_281' title='bbox 1187 3924 1349 3985; x_wconf 92' lang='lat' dir='ltr'><strong>inter</strong></span> <span class='ocrx_word' id='word_1_282' title='bbox 1380 3927 1653 3985; x_wconf 85' lang='lat' dir='ltr'><strong>maxima</strong></span> <span class='ocrx_word' id='word_1_283' title='bbox 1685 3924 1885 3985; x_wconf 89' lang='lat' dir='ltr'><strong>habeo</strong></span> <span class='ocrx_word' id='word_1_284' title='bbox 1919 3942 2198 3984; x_wconf 91' lang='lat' dir='ltr'><strong>meorum</strong></span> <span class='ocrx_word' id='word_1_285' title='bbox 2225 3932 2561 3983; x_wconf 82' lang='lat' dir='ltr'><strong>conatuum</strong></span> <span class='ocrx_word' id='word_1_286' title='bbox 2593 3925 2874 4002; x_wconf 69' lang='lat' dir='ltr'><strong>praamia.</strong></span> <span class='ocrx_word' id='word_1_287' title='bbox 2909 3926 3070 3996; x_wconf 88' lang='lat' dir='ltr'><strong>Quid</strong></span> <span class='ocrx_word' id='word_1_288' title='bbox 3126 3925 3291 3985; x_wconf 86' lang='lat' dir='ltr'><strong>enim</strong></span> <span class='ocrx_word' id='word_1_289' title='bbox 3326 3925 3479 3985; x_wconf 87' lang='lat' dir='ltr'><strong>mihi</strong></span> <span class='ocrx_word' id='word_1_290' title='bbox 3507 3925 3784 4002; x_wconf 85' lang='lat' dir='ltr'><strong>Optatius</strong></span> 
     </span>
    </p>
   </div>
   <div class='ocr_carea' id='block_1_31' title="bbox 346 4004 3778 4086">
    <p class='ocr_par' dir='ltr' id='par_1_31' title="bbox 346 4004 3778 4086">
     <span class='ocr_line' id='line_1_31' title="bbox 346 4004 3778 4086; baseline 0 -22"><span class='ocrx_word' id='word_1_291' title='bbox 346 4006 578 4066; x_wconf 88' lang='lat' dir='ltr'><strong>cadere</strong></span> <span class='ocrx_word' id='word_1_292' title='bbox 607 4011 831 4084; x_wconf 90' lang='lat' dir='ltr'><strong>potest,</strong></span> <span class='ocrx_word' id='word_1_293' title='bbox 866 4024 1057 4084; x_wconf 92' lang='lat' dir='ltr'><strong>quam</strong></span> <span class='ocrx_word' id='word_1_294' title='bbox 1085 4012 1153 4067; x_wconf 89' lang='lat' dir='ltr'><strong>ut</strong></span> <span class='ocrx_word' id='word_1_295' title='bbox 1185 4006 1273 4066; x_wconf 90' lang='lat' dir='ltr'><strong>illi</strong></span> <span class='ocrx_word' id='word_1_296' title='bbox 1308 4006 1466 4080; x_wconf 86' lang='lat' dir='ltr'><strong>viro,</strong></span> <span class='ocrx_word' id='word_1_297' title='bbox 1498 4006 1602 4086; x_wconf 92' lang='lat' dir='ltr'><strong>qui</strong></span> <span class='ocrx_word' id='word_1_298' title='bbox 1629 4013 1721 4067; x_wconf 84' lang='lat' dir='ltr'><strong>est</strong></span> <span class='ocrx_word' id='word_1_299' title='bbox 1740 4004 2093 4066; x_wconf 88' lang='lat' dir='ltr'><strong>studiorum</strong></span> <span class='ocrx_word' id='word_1_300' title='bbox 2124 4006 2516 4066; x_wconf 89' lang='lat' dir='ltr'><strong>eruditorum</strong></span> <span class='ocrx_word' id='word_1_301' title='bbox 2568 4004 2765 4083; x_wconf 86' lang='lat' dir='ltr'><strong>judex</strong></span> <span class='ocrx_word' id='word_1_302' title='bbox 2797 4005 2858 4065; x_wconf 90' lang='lat' dir='ltr'><strong>in</strong></span> <span class='ocrx_word' id='word_1_303' title='bbox 2912 4006 3125 4085; x_wconf 83' lang='lat' dir='ltr'><strong>paucis</strong></span> <span class='ocrx_word' id='word_1_304' title='bbox 3157 4005 3433 4067; x_wconf 85' lang='lat' dir='ltr'><strong>maxime</strong></span> <span class='ocrx_word' id='word_1_305' title='bbox 3490 4006 3778 4083; x_wconf 84' lang='lat' dir='ltr'><strong>idoneus,</strong></span> 
     </span>
    </p>
   </div>
   <div class='ocr_carea' id='block_1_32' title="bbox 350 4086 1081 4165">
    <p class='ocr_par' dir='ltr' id='par_1_32' title="bbox 350 4086 1081 4165">
     <span class='ocr_line' id='line_1_32' title="bbox 350 4086 1081 4165; baseline 0.004 -20"><span class='ocrx_word' id='word_1_306' title='bbox 350 4086 565 4145; x_wconf 87' lang='lat' dir='ltr'><strong>studia</strong></span> <span class='ocrx_word' id='word_1_307' title='bbox 595 4105 731 4149; x_wconf 90' lang='lat' dir='ltr'><strong>mea</strong></span> <span class='ocrx_word' id='word_1_308' title='bbox 762 4089 1020 4165; x_wconf 90' lang='lat' dir='ltr'><strong>probem</strong></span> <span class='ocrx_word' id='word_1_309' title='bbox 1050 4087 1081 4148; x_wconf 72' lang='grc' dir='ltr'><em>Ἰ</em></span> 
     </span>
    </p>
   </div>
   <div class='ocr_carea' id='block_1_33' title="bbox 437 4165 3776 4247">
    <p class='ocr_par' dir='ltr' id='par_1_33' title="bbox 437 4165 3776 4247">
     <span class='ocr_line' id='line_1_33' title="bbox 437 4165 3776 4247; baseline -0.001 -21"><span class='ocrx_word' id='word_1_310' title='bbox 437 4167 653 4246; x_wconf 88' lang='lat' dir='ltr'><strong>Igitur,</strong></span> <span class='ocrx_word' id='word_1_311' title='bbox 713 4171 970 4241; x_wconf 88' lang='lat' dir='ltr'><strong>omissa,</strong></span> <span class='ocrx_word' id='word_1_312' title='bbox 1033 4186 1173 4247; x_wconf 63' lang='lat' dir='ltr'><strong>qua;</strong></span> <span class='ocrx_word' id='word_1_313' title='bbox 1232 4167 1447 4228; x_wconf 86' lang='lat' dir='ltr'><strong>fuisset</strong></span> <span class='ocrx_word' id='word_1_314' title='bbox 1496 4166 1762 4239; x_wconf 85' lang='lat' dir='ltr'><strong>infinita,</strong></span> <span class='ocrx_word' id='word_1_315' title='bbox 1822 4165 2108 4227; x_wconf 89' lang='lat' dir='ltr'><strong>codicum</strong></span> <span class='ocrx_word' id='word_1_316' title='bbox 2154 4166 2595 4245; x_wconf 87' lang='lat' dir='ltr'><strong>septemdecim</strong></span> <span class='ocrx_word' id='word_1_317' title='bbox 2655 4165 3015 4237; x_wconf 86' lang='lat' dir='ltr'><strong>collatione,</strong></span> <span class='ocrx_word' id='word_1_318' title='bbox 3069 4168 3152 4226; x_wconf 91' lang='lat' dir='ltr'><strong>ad</strong></span> <span class='ocrx_word' id='word_1_319' title='bbox 3211 4167 3368 4226; x_wconf 85' lang='lat' dir='ltr'><strong>duos</strong></span> <span class='ocrx_word' id='word_1_320' title='bbox 3428 4165 3776 4247; x_wconf 62' lang='lat' dir='ltr'><strong>praesertim</strong></span> 
     </span>
    </p>
   </div>
   <div class='ocr_carea' id='block_1_34' title="bbox 344 4245 3773 4327">
    <p class='ocr_par' dir='ltr' id='par_1_34' title="bbox 344 4245 3773 4327">
     <span class='ocr_line' id='line_1_34' title="bbox 344 4245 3773 4327; baseline -0.001 -20"><span class='ocrx_word' id='word_1_321' title='bbox 344 4245 784 4310; x_wconf 87' lang='lat' dir='ltr'><strong>recensionem</strong></span> <span class='ocrx_word' id='word_1_322' title='bbox 837 4245 1097 4320; x_wconf 88' lang='lat' dir='ltr'><strong>institui,</strong></span> <span class='ocrx_word' id='word_1_323' title='bbox 1150 4249 1403 4327; x_wconf 67' lang='lat' dir='ltr'><strong>optimae</strong></span> <span class='ocrx_word' id='word_1_324' title='bbox 1450 4247 1590 4310; x_wconf 91' lang='lat' dir='ltr'><strong>illos</strong></span> <span class='ocrx_word' id='word_1_325' title='bbox 1646 4255 1812 4308; x_wconf 67' lang='lat' dir='ltr'><strong>notae</strong></span> <span class='ocrx_word' id='word_1_326' title='bbox 1877 4254 1937 4307; x_wconf 90' lang='lat' dir='ltr'><strong>et</strong></span> <span class='ocrx_word' id='word_1_327' title='bbox 1999 4248 2222 4319; x_wconf 61' lang='lat' dir='ltr'><strong>astatis,</strong></span> <span class='ocrx_word' id='word_1_328' title='bbox 2284 4249 2584 4308; x_wconf 89' lang='lat' dir='ltr'><strong>adhibitis</strong></span> <span class='ocrx_word' id='word_1_329' title='bbox 2633 4248 2821 4307; x_wconf 88' lang='lat' dir='ltr'><strong>etiam</strong></span> <span class='ocrx_word' id='word_1_330' title='bbox 2883 4265 2997 4325; x_wconf 92' lang='lat' dir='ltr'><strong>pro</strong></span> <span class='ocrx_word' id='word_1_331' title='bbox 3051 4266 3115 4308; x_wconf 89' lang='lat' dir='ltr'><strong>re</strong></span> <span class='ocrx_word' id='word_1_332' title='bbox 3175 4254 3323 4307; x_wconf 90' lang='lat' dir='ltr'><strong>nata</strong></span> <span class='ocrx_word' id='word_1_333' title='bbox 3355 4249 3418 4306; x_wconf 91' lang='lat' dir='ltr'><strong>in</strong></span> <span class='ocrx_word' id='word_1_334' title='bbox 3470 4245 3773 4307; x_wconf 85' lang='lat' dir='ltr'><strong>auxilium</strong></span> 
     </span>
    </p>
   </div>
   <div class='ocr_carea' id='block_1_35' title="bbox 352 4327 3781 4408">
    <p class='ocr_par' dir='ltr' id='par_1_35' title="bbox 352 4327 3781 4408">
     <span class='ocr_line' id='line_1_35' title="bbox 352 4327 3781 4408; baseline -0.001 -21"><span class='ocrx_word' id='word_1_335' title='bbox 352 4328 498 4388; x_wconf 87' lang='lat' dir='ltr'><strong>aliis</strong></span> <span class='ocrx_word' id='word_1_336' title='bbox 547 4329 950 4407; x_wconf 87' lang='lat' dir='ltr'><strong>quibusdam,</strong></span> <span class='ocrx_word' id='word_1_337' title='bbox 994 4329 1045 4389; x_wconf 90' lang='lat' dir='ltr'><strong>si</strong></span> <span class='ocrx_word' id='word_1_338' title='bbox 1097 4332 1237 4408; x_wconf 92' lang='lat' dir='ltr'><strong>quis</strong></span> <span class='ocrx_word' id='word_1_339' title='bbox 1287 4330 1347 4390; x_wconf 91' lang='lat' dir='ltr'><strong>in</strong></span> <span class='ocrx_word' id='word_1_340' title='bbox 1386 4330 1631 4391; x_wconf 88' lang='lat' dir='ltr'><strong>duobus</strong></span> <span class='ocrx_word' id='word_1_341' title='bbox 1680 4328 1804 4387; x_wconf 90' lang='lat' dir='ltr'><strong>illis</strong></span> <span class='ocrx_word' id='word_1_342' title='bbox 1836 4334 1997 4389; x_wconf 89' lang='lat' dir='ltr'><strong>esset</strong></span> <span class='ocrx_word' id='word_1_343' title='bbox 2054 4329 2228 4387; x_wconf 91' lang='lat' dir='ltr'><strong>locus</strong></span> <span class='ocrx_word' id='word_1_344' title='bbox 2272 4329 2371 4391; x_wconf 90' lang='lat' dir='ltr'><strong>vel</strong></span> <span class='ocrx_word' id='word_1_345' title='bbox 2430 4346 2689 4389; x_wconf 87' lang='lat' dir='ltr'><strong>mancus</strong></span> <span class='ocrx_word' id='word_1_346' title='bbox 2746 4328 2843 4389; x_wconf 90' lang='lat' dir='ltr'><strong>vel</strong></span> <span class='ocrx_word' id='word_1_347' title='bbox 2900 4328 3240 4388; x_wconf 85' lang='lat' dir='ltr'><strong>difﬁcilior.</strong></span> <span class='ocrx_word' id='word_1_348' title='bbox 3276 4328 3424 4401; x_wconf 87' lang='lat' dir='ltr'><strong>Sed,</strong></span> <span class='ocrx_word' id='word_1_349' title='bbox 3486 4327 3781 4387; x_wconf 85' lang='lat' dir='ltr'><strong>brevitati</strong></span> 
     </span>
    </p>
   </div>
   <div class='ocr_carea' id='block_1_36' title="bbox 348 4408 3783 4489">
    <p class='ocr_par' dir='ltr' id='par_1_36' title="bbox 348 4408 3783 4489">
     <span class='ocr_line' id='line_1_36' title="bbox 348 4408 3783 4489; baseline -0.001 -19"><span class='ocrx_word' id='word_1_350' title='bbox 348 4411 635 4483; x_wconf 83' lang='lat' dir='ltr'><strong>studens,</strong></span> <span class='ocrx_word' id='word_1_351' title='bbox 686 4409 1022 4472; x_wconf 88' lang='lat' dir='ltr'><strong>varietates</strong></span> <span class='ocrx_word' id='word_1_352' title='bbox 1078 4410 1403 4489; x_wconf 69' lang='lat' dir='ltr'><strong>scripturae</strong></span> <span class='ocrx_word' id='word_1_353' title='bbox 1463 4414 1744 4470; x_wconf 91' lang='lat' dir='ltr'><strong>rarenter</strong></span> <span class='ocrx_word' id='word_1_354' title='bbox 1794 4410 2159 4487; x_wconf 89' lang='lat' dir='ltr'><strong>memoravi,</strong></span> <span class='ocrx_word' id='word_1_355' title='bbox 2220 4410 2341 4469; x_wconf 87' lang='lat' dir='ltr'><strong>nisi</strong></span> <span class='ocrx_word' id='word_1_356' title='bbox 2401 4410 2762 4471; x_wconf 89' lang='lat' dir='ltr'><strong>viderentur</strong></span> <span class='ocrx_word' id='word_1_357' title='bbox 2810 4409 3076 4481; x_wconf 67' lang='lat' dir='ltr'><strong>eximias,</strong></span> <span class='ocrx_word' id='word_1_358' title='bbox 3114 4408 3208 4469; x_wconf 89' lang='lat' dir='ltr'><strong>vel</strong></span> <span class='ocrx_word' id='word_1_359' title='bbox 3269 4409 3368 4470; x_wconf 89' lang='lat' dir='ltr'><strong>via</strong></span> <span class='ocrx_word' id='word_1_360' title='bbox 3427 4426 3783 4469; x_wconf 64' lang='lat' dir='ltr'><strong>memorem</strong></span> 
     </span>
    </p>
   </div>
   <div class='ocr_carea' id='block_1_37' title="bbox 349 4489 3784 4568">
    <p class='ocr_par' dir='ltr' id='par_1_37' title="bbox 349 4489 3784 4568">
     <span class='ocr_line' id='line_1_37' title="bbox 349 4489 3784 4568; baseline -0 -19"><span class='ocrx_word' id='word_1_361' title='bbox 349 4489 453 4549; x_wconf 79' lang='lat' dir='ltr'><strong>dis</strong></span> <span class='ocrx_word' id='word_1_362' title='bbox 504 4496 889 4551; x_wconf 91' lang='lat' dir='ltr'><strong>sterneretur</strong></span> <span class='ocrx_word' id='word_1_363' title='bbox 944 4491 1021 4549; x_wconf 88' lang='lat' dir='ltr'><strong>ad</strong></span> <span class='ocrx_word' id='word_1_364' title='bbox 1054 4498 1384 4551; x_wconf 89' lang='lat' dir='ltr'><strong>auctorum</strong></span> <span class='ocrx_word' id='word_1_365' title='bbox 1417 4490 1913 4557; x_wconf 88' lang='lat' dir='ltr'><strong>emendationes,</strong></span> <span class='ocrx_word' id='word_1_366' title='bbox 1945 4496 2056 4550; x_wconf 89' lang='lat' dir='ltr'><strong>aut</strong></span> <span class='ocrx_word' id='word_1_367' title='bbox 2112 4508 2297 4552; x_wconf 83' lang='lat' dir='ltr'><strong>versu</strong></span> <span class='ocrx_word' id='word_1_368' title='bbox 2347 4491 2503 4551; x_wconf 82' lang='lat' dir='ltr'><strong>foret</strong></span> <span class='ocrx_word' id='word_1_369' title='bbox 2560 4508 2718 4568; x_wconf 90' lang='lat' dir='ltr'><strong>opus</strong></span> <span class='ocrx_word' id='word_1_370' title='bbox 2778 4509 2902 4551; x_wconf 92' lang='lat' dir='ltr'><strong>uno</strong></span> <span class='ocrx_word' id='word_1_371' title='bbox 2946 4497 3007 4550; x_wconf 89' lang='lat' dir='ltr'><strong>et</strong></span> <span class='ocrx_word' id='word_1_372' title='bbox 3062 4491 3284 4567; x_wconf 90' lang='lat' dir='ltr'><strong>altero,</strong></span> <span class='ocrx_word' id='word_1_373' title='bbox 3344 4490 3448 4567; x_wconf 89' lang='lat' dir='ltr'><strong>qui</strong></span> <span class='ocrx_word' id='word_1_374' title='bbox 3486 4490 3784 4549; x_wconf 88' lang='lat' dir='ltr'><strong>columna</strong></span> 
     </span>
    </p>
   </div>
   <div class='ocr_carea' id='block_1_38' title="bbox 351 4569 3783 4649">
    <p class='ocr_par' dir='ltr' id='par_1_38' title="bbox 351 4569 3783 4649">
     <span class='ocr_line' id='line_1_38' title="bbox 351 4569 3783 4649; baseline -0.001 -18"><span class='ocrx_word' id='word_1_375' title='bbox 351 4569 419 4631; x_wconf 90' lang='lat' dir='ltr'><strong>in</strong></span> <span class='ocrx_word' id='word_1_376' title='bbox 460 4572 867 4632; x_wconf 90' lang='lat' dir='ltr'><strong>annotatione</strong></span> <span class='ocrx_word' id='word_1_377' title='bbox 907 4571 1160 4633; x_wconf 90' lang='lat' dir='ltr'><strong>brevior</strong></span> <span class='ocrx_word' id='word_1_378' title='bbox 1206 4571 1424 4632; x_wconf 64' lang='lat' dir='ltr'><strong>vicina:</strong></span> <span class='ocrx_word' id='word_1_379' title='bbox 1482 4574 1925 4648; x_wconf 62' lang='lat' dir='ltr'><strong>adaquaretur</strong></span> <span class='ocrx_word' id='word_1_380' title='bbox 1973 4588 2088 4630; x_wconf 91' lang='lat' dir='ltr'><strong>nec</strong></span> <span class='ocrx_word' id='word_1_381' title='bbox 2145 4571 2552 4633; x_wconf 89' lang='lat' dir='ltr'><strong>claudicaret.</strong></span> <span class='ocrx_word' id='word_1_382' title='bbox 2616 4571 2681 4631; x_wconf 90' lang='lat' dir='ltr'><strong>Si</strong></span> <span class='ocrx_word' id='word_1_383' title='bbox 2747 4572 2852 4649; x_wconf 93' lang='lat' dir='ltr'><strong>qui</strong></span> <span class='ocrx_word' id='word_1_384' title='bbox 2914 4571 3071 4631; x_wconf 89' lang='lat' dir='ltr'><strong>forte</strong></span> <span class='ocrx_word' id='word_1_385' title='bbox 3128 4571 3395 4631; x_wconf 91' lang='lat' dir='ltr'><strong>lectores</strong></span> <span class='ocrx_word' id='word_1_386' title='bbox 3454 4570 3783 4649; x_wconf 88' lang='lat' dir='ltr'><strong>hypercri-</strong></span> 
     </span>
    </p>
   </div>
   <div class='ocr_carea' id='block_1_39' title="bbox 350 4650 3787 4731">
    <p class='ocr_par' dir='ltr' id='par_1_39' title="bbox 350 4650 3787 4731">
     <span class='ocr_line' id='line_1_39' title="bbox 350 4650 3787 4731; baseline 0 -20"><span class='ocrx_word' id='word_1_387' title='bbox 350 4650 464 4711; x_wconf 83' lang='lat' dir='ltr'><strong>tici</strong></span> <span class='ocrx_word' id='word_1_388' title='bbox 524 4670 622 4713; x_wconf 91' lang='lat' dir='ltr'><strong>me</strong></span> <span class='ocrx_word' id='word_1_389' title='bbox 663 4650 1064 4731; x_wconf 71' lang='lat' dir='ltr'><strong>negligentiae</strong></span> <span class='ocrx_word' id='word_1_390' title='bbox 1111 4651 1587 4731; x_wconf 90' lang='lat' dir='ltr'><strong>insimulabunt,</strong></span> <span class='ocrx_word' id='word_1_391' title='bbox 1612 4650 1961 4711; x_wconf 89' lang='lat' dir='ltr'><strong>insimulari</strong></span> <span class='ocrx_word' id='word_1_392' title='bbox 2024 4669 2123 4711; x_wconf 93' lang='lat' dir='ltr'><strong>me</strong></span> <span class='ocrx_word' id='word_1_393' title='bbox 2165 4652 2362 4712; x_wconf 86' lang='lat' dir='ltr'><strong>feram</strong></span> <span class='ocrx_word' id='word_1_394' title='bbox 2420 4652 2751 4729; x_wconf 89' lang='lat' dir='ltr'><strong>patienter,</strong></span> <span class='ocrx_word' id='word_1_395' title='bbox 2808 4650 3017 4729; x_wconf 89' lang='lat' dir='ltr'><strong>eisque</strong></span> <span class='ocrx_word' id='word_1_396' title='bbox 3067 4657 3287 4712; x_wconf 90' lang='lat' dir='ltr'><strong>auctor</strong></span> <span class='ocrx_word' id='word_1_397' title='bbox 3347 4669 3453 4713; x_wconf 92' lang='lat' dir='ltr'><strong>ero</strong></span> <span class='ocrx_word' id='word_1_398' title='bbox 3487 4658 3554 4711; x_wconf 92' lang='lat' dir='ltr'><strong>ut</strong></span> <span class='ocrx_word' id='word_1_399' title='bbox 3583 4669 3647 4712; x_wconf 93' lang='lat' dir='ltr'><strong>se</strong></span> <span class='ocrx_word' id='word_1_400' title='bbox 3679 4668 3787 4728; x_wconf 88' lang='lat' dir='ltr'><strong>spe</strong></span> 
     </span>
    </p>
   </div>
   <div class='ocr_carea' id='block_1_40' title="bbox 350 4731 3784 4875">
    <p class='ocr_par' dir='ltr' id='par_1_40' title="bbox 350 4731 3784 4875">
     <span class='ocr_line' id='line_1_40' title="bbox 350 4731 3784 4875; baseline -0 -83"><span class='ocrx_word' id='word_1_401' title='bbox 350 4732 643 4875; x_wconf 52' lang='lat' dir='ltr'><strong>solteqtui;</strong></span> <span class='ocrx_word' id='word_1_402' title='bbox 684 4732 1029 4813; x_wconf 69' lang='lat' dir='ltr'><strong>Kopitarim</strong></span> <span class='ocrx_word' id='word_1_403' title='bbox 1086 4732 1403 4811; x_wconf 87' lang='lat' dir='ltr'><strong>editionis,</strong></span> <span class='ocrx_word' id='word_1_404' title='bbox 1438 4751 1561 4813; x_wconf 90' lang='lat' dir='ltr'><strong>qua</strong></span> <span class='ocrx_word' id='word_1_405' title='bbox 1619 4732 1726 4812; x_wconf 91' lang='lat' dir='ltr'><strong>qui</strong></span> <span class='ocrx_word' id='word_1_406' title='bbox 1784 4738 1928 4792; x_wconf 89' lang='lat' dir='ltr'><strong>sunt</strong></span> <span class='ocrx_word' id='word_1_407' title='bbox 2010 4750 2166 4793; x_wconf 68' lang='lat' dir='ltr'><strong>mese</strong></span> <span class='ocrx_word' id='word_1_408' title='bbox 2233 4733 2512 4793; x_wconf 84' lang='lat' dir='ltr'><strong>defectus</strong></span> <span class='ocrx_word' id='word_1_409' title='bbox 2588 4732 3081 4793; x_wconf 84' lang='lat' dir='ltr'><strong>cumulatissime</strong></span> <span class='ocrx_word' id='word_1_410' title='bbox 3137 4738 3496 4811; x_wconf 88' lang='lat' dir='ltr'><strong>reparatum</strong></span> <span class='ocrx_word' id='word_1_411' title='bbox 3574 4731 3649 4791; x_wconf 91' lang='lat' dir='ltr'><strong>iri</strong></span> <span class='ocrx_word' id='word_1_412' title='bbox 3708 4748 3784 4791; x_wconf 92' lang='lat' dir='ltr'><strong>ne</strong></span> 
     </span>
     <span class='ocr_line' id='line_1_41' title="bbox 402 4832 665 4875; baseline 0.004 -2"><span class='ocrx_word' id='word_1_413' title='bbox 402 4832 436 4873; x_wconf 92' lang='lat' dir='ltr'><strong>u</strong></span> <span class='ocrx_word' id='word_1_414' title='bbox 487 4832 613 4875; x_wconf 73' lang='lat' dir='ltr'><strong>ten</strong></span> <span class='ocrx_word' id='word_1_415' title='bbox 650 4858 665 4874; x_wconf 94' lang='lat'><strong>.</strong></span> 
     </span>
    </p>
   </div>
   <div class='ocr_carea' id='block_1_41' title="bbox 402 4811 665 4875">
    <p class='ocr_par' dir='ltr' id='par_1_41' title="bbox 402 4811 665 4875">
     <span class='ocr_line' id='line_1_42' title="bbox 402 4811 665 4875; baseline 0 -2"><span class='ocrx_word' id='word_1_416' title='bbox 402 4811 665 4875; x_wconf 91' lang='lat' dir='ltr'><strong>ubitent.</strong></span> 
     </span>
    </p>
   </div>
   <div class='ocr_carea' id='block_1_42' title="bbox 437 4891 3772 4971">
    <p class='ocr_par' dir='ltr' id='par_1_42' title="bbox 437 4891 3772 4971">
     <span class='ocr_line' id='line_1_43' title="bbox 437 4891 3772 4971; baseline -0.001 -16"><span class='ocrx_word' id='word_1_417' title='bbox 437 4892 885 4955; x_wconf 86' lang='lat' dir='ltr'><strong>Difficillimam</strong></span> <span class='ocrx_word' id='word_1_418' title='bbox 919 4891 1110 4955; x_wconf 90' lang='lat' dir='ltr'><strong>etiam</strong></span> <span class='ocrx_word' id='word_1_419' title='bbox 1143 4892 1493 4955; x_wconf 91' lang='lat' dir='ltr'><strong>Schmidtio</strong></span> <span class='ocrx_word' id='word_1_420' title='bbox 1521 4911 1594 4955; x_wconf 90' lang='lat' dir='ltr'><strong>ac</strong></span> <span class='ocrx_word' id='word_1_421' title='bbox 1634 4893 1804 4954; x_wconf 90' lang='lat' dir='ltr'><strong>socio</strong></span> <span class='ocrx_word' id='word_1_422' title='bbox 1861 4891 2223 4954; x_wconf 90' lang='lat' dir='ltr'><strong>doctissimo</strong></span> <span class='ocrx_word' id='word_1_423' title='bbox 2263 4893 2341 4953; x_wconf 93' lang='lat' dir='ltr'><strong>de</strong></span> <span class='ocrx_word' id='word_1_424' title='bbox 2396 4892 2539 4954; x_wconf 88' lang='lat' dir='ltr'><strong>libri</strong></span> <span class='ocrx_word' id='word_1_425' title='bbox 2593 4897 2846 4953; x_wconf 88' lang='lat' dir='ltr'><strong>auctore</strong></span> <span class='ocrx_word' id='word_1_426' title='bbox 2904 4891 3390 4971; x_wconf 90' lang='lat' dir='ltr'><strong>disputationem</strong></span> <span class='ocrx_word' id='word_1_427' title='bbox 3435 4892 3721 4970; x_wconf 88' lang='lat' dir='ltr'><strong>relinquo</strong></span> <span class='ocrx_word' id='word_1_428' title='bbox 3758 4912 3772 4968; x_wconf 92' lang='lat'>;</span> 
     </span>
    </p>
   </div>
   <div class='ocr_carea' id='block_1_43' title="bbox 349 4973 3779 5052">
    <p class='ocr_par' dir='ltr' id='par_1_43' title="bbox 349 4973 3779 5052">
     <span class='ocr_line' id='line_1_44' title="bbox 349 4973 3779 5052; baseline -0 -17"><span class='ocrx_word' id='word_1_429' title='bbox 349 4979 567 5035; x_wconf 85' lang='lat' dir='ltr'><strong>utrum</strong></span> <span class='ocrx_word' id='word_1_430' title='bbox 616 4976 894 5037; x_wconf 86' lang='lat' dir='ltr'><strong>Joannes</strong></span> <span class='ocrx_word' id='word_1_431' title='bbox 938 4973 1018 5035; x_wconf 88' lang='lat' dir='ltr'><strong>sit</strong></span> <span class='ocrx_word' id='word_1_432' title='bbox 1050 4977 1493 5046; x_wconf 88' lang='lat' dir='ltr'><strong>Damascenus,</strong></span> <span class='ocrx_word' id='word_1_433' title='bbox 1522 4994 1599 5034; x_wconf 91' lang='lat' dir='ltr'><strong>an</strong></span> <span class='ocrx_word' id='word_1_434' title='bbox 1634 4976 1905 5035; x_wconf 89' lang='lat' dir='ltr'><strong>Joannes</strong></span> <span class='ocrx_word' id='word_1_435' title='bbox 1935 4973 2189 5052; x_wconf 91' lang='lat' dir='ltr'><strong>quidam</strong></span> <span class='ocrx_word' id='word_1_436' title='bbox 2220 4973 2380 5034; x_wconf 89' lang='lat' dir='ltr'><strong>alius</strong></span> <span class='ocrx_word' id='word_1_437' title='bbox 2412 4973 2760 5035; x_wconf 89' lang='lat' dir='ltr'><strong>monachus</strong></span> <span class='ocrx_word' id='word_1_438' title='bbox 2798 4973 3039 5034; x_wconf 90' lang='lat' dir='ltr'><strong>Sinaita</strong></span> <span class='ocrx_word' id='word_1_439' title='bbox 3074 4974 3170 5033; x_wconf 84' lang='lat' dir='ltr'><strong>vel</strong></span> <span class='ocrx_word' id='word_1_440' title='bbox 3199 4974 3480 5035; x_wconf 89' lang='lat' dir='ltr'><strong>Sabaita.</strong></span> <span class='ocrx_word' id='word_1_441' title='bbox 3514 4974 3779 5035; x_wconf 89' lang='lat' dir='ltr'><strong>Siunero</strong></span> 
     </span>
    </p>
   </div>
   <div class='ocr_carea' id='block_1_44' title="bbox 397 5054 3776 5133">
    <p class='ocr_par' dir='ltr' id='par_1_44' title="bbox 397 5054 3776 5133">
     <span class='ocr_line' id='line_1_45' title="bbox 397 5054 3776 5133; baseline -0.001 -17"><span class='ocrx_word' id='word_1_442' title='bbox 397 5055 606 5117; x_wconf 91' lang='lat' dir='ltr'><strong>uidem</strong></span> <span class='ocrx_word' id='word_1_443' title='bbox 631 5057 707 5117; x_wconf 90' lang='lat' dir='ltr'><strong>de</strong></span> <span class='ocrx_word' id='word_1_444' title='bbox 742 5056 1112 5117; x_wconf 84' lang='lat' dir='ltr'><strong>Damasceui</strong></span> <span class='ocrx_word' id='word_1_445' title='bbox 1143 5057 1398 5117; x_wconf 89' lang='lat' dir='ltr'><strong>nomine</strong></span> <span class='ocrx_word' id='word_1_446' title='bbox 1429 5056 1533 5118; x_wconf 85' lang='lat' dir='ltr'><strong>vix</strong></span> <span class='ocrx_word' id='word_1_447' title='bbox 1592 5054 2006 5116; x_wconf 63' lang='lat' dir='ltr'><strong>hesitationis</strong></span> <span class='ocrx_word' id='word_1_448' title='bbox 2030 5054 2201 5115; x_wconf 90' lang='lat' dir='ltr'><strong>locus</strong></span> <span class='ocrx_word' id='word_1_449' title='bbox 2232 5062 2370 5133; x_wconf 78' lang='lat' dir='ltr'><strong>post</strong></span> <span class='ocrx_word' id='word_1_450' title='bbox 2402 5054 2617 5117; x_wconf 82' lang='lat' dir='ltr'><strong>Allatii</strong></span> <span class='ocrx_word' id='word_1_451' title='bbox 2648 5061 3022 5132; x_wconf 84' lang='lat' dir='ltr'><strong>argumenta</strong></span> <span class='ocrx_word' id='word_1_452' title='bbox 3058 5054 3313 5115; x_wconf 89' lang='lat' dir='ltr'><strong>relictus</strong></span> <span class='ocrx_word' id='word_1_453' title='bbox 3343 5072 3473 5114; x_wconf 90' lang='lat' dir='ltr'><strong>esse</strong></span> <span class='ocrx_word' id='word_1_454' title='bbox 3498 5054 3776 5124; x_wconf 87' lang='lat' dir='ltr'><strong>videtur;</strong></span> 
     </span>
    </p>
   </div>
   <div class='ocr_carea' id='block_1_45' title="bbox 378 5133 3782 5213">
    <p class='ocr_par' dir='ltr' id='par_1_45' title="bbox 378 5133 3782 5213">
     <span class='ocr_line' id='line_1_46' title="bbox 378 5133 3782 5213; baseline -0.001 -17"><span class='ocrx_word' id='word_1_455' title='bbox 378 5133 556 5197; x_wconf 53' lang='lat' dir='ltr'><strong>‘ateor</strong></span> <span class='ocrx_word' id='word_1_456' title='bbox 577 5142 785 5197; x_wconf 91' lang='lat' dir='ltr'><strong>tamen</strong></span> <span class='ocrx_word' id='word_1_457' title='bbox 817 5154 918 5198; x_wconf 90' lang='lat' dir='ltr'><strong>me</strong></span> <span class='ocrx_word' id='word_1_458' title='bbox 951 5137 1157 5197; x_wconf 87' lang='lat' dir='ltr'><strong>adhuc</strong></span> <span class='ocrx_word' id='word_1_459' title='bbox 1186 5138 1490 5197; x_wconf 85' lang='lat' dir='ltr'><strong>incertum</strong></span> <span class='ocrx_word' id='word_1_460' title='bbox 1524 5137 1784 5205; x_wconf 66' lang='lat' dir='ltr'><strong>haerere.</strong></span> <span class='ocrx_word' id='word_1_461' title='bbox 1820 5154 1892 5196; x_wconf 92' lang='lat' dir='ltr'><strong>ac</strong></span> <span class='ocrx_word' id='word_1_462' title='bbox 1922 5154 2061 5196; x_wconf 90' lang='lat' dir='ltr'><strong>cum</strong></span> <span class='ocrx_word' id='word_1_463' title='bbox 2094 5137 2307 5195; x_wconf 88' lang='lat' dir='ltr'><strong>Geelio</strong></span> <span class='ocrx_word' id='word_1_464' title='bbox 2342 5135 2532 5213; x_wconf 72' lang='lat' dir='ltr'><strong>(Bibl.</strong></span> <span class='ocrx_word' id='word_1_465' title='bbox 2589 5141 2726 5195; x_wconf 78' lang='lat' dir='ltr'><strong>crit.</strong></span> <span class='ocrx_word' id='word_1_466' title='bbox 2794 5133 2873 5195; x_wconf 92' lang='grc' dir='ltr'><strong>Ν.</strong></span> <span class='ocrx_word' id='word_1_467' title='bbox 2928 5142 2973 5196; x_wconf 91' lang='lat' dir='ltr'><strong>t.</strong></span> <span class='ocrx_word' id='word_1_468' title='bbox 3008 5136 3078 5207; x_wconf 89' lang='lat' dir='ltr'><strong>V,</strong></span> <span class='ocrx_word' id='word_1_469' title='bbox 3115 5154 3175 5213; x_wconf 92' lang='lat' dir='ltr'><strong>p.</strong></span> <span class='ocrx_word' id='word_1_470' title='bbox 3230 5135 3373 5213; x_wconf 77' lang='grc'><strong>241)</strong></span> <span class='ocrx_word' id='word_1_471' title='bbox 3418 5138 3782 5212; x_wconf 83' lang='lat' dir='ltr'><strong>exspectare</strong></span> 
     </span>
    </p>
   </div>
   <div class='ocr_carea' id='block_1_46' title="bbox 348 5216 3784 5295">
    <p class='ocr_par' dir='ltr' id='par_1_46' title="bbox 348 5216 3784 5295">
     <span class='ocr_line' id='line_1_47' title="bbox 348 5216 3784 5295; baseline -0.001 -17"><span class='ocrx_word' id='word_1_472' title='bbox 348 5218 583 5287; x_wconf 83' lang='lat' dir='ltr'><strong>adhuc,</strong></span> <span class='ocrx_word' id='word_1_473' title='bbox 618 5218 837 5282; x_wconf 91' lang='lat' dir='ltr'><strong>donec.</strong></span> <span class='ocrx_word' id='word_1_474' title='bbox 874 5218 1147 5278; x_wconf 89' lang='lat' dir='ltr'><strong>enotatis</strong></span> <span class='ocrx_word' id='word_1_475' title='bbox 1176 5218 1510 5295; x_wconf 80' lang='lat' dir='ltr'><strong>diligenter</strong></span> <span class='ocrx_word' id='word_1_476' title='bbox 1539 5218 1824 5279; x_wconf 90' lang='lat' dir='ltr'><strong>codicum</strong></span> <span class='ocrx_word' id='word_1_477' title='bbox 1859 5216 2140 5275; x_wconf 92' lang='lat' dir='ltr'><strong>omnium</strong></span> <span class='ocrx_word' id='word_1_478' title='bbox 2173 5216 2684 5292; x_wconf 78' lang='lat' dir='ltr'><strong>inscriptionibus</strong></span> <span class='ocrx_word' id='word_1_479' title='bbox 2716 5224 2775 5274; x_wconf 91' lang='lat' dir='ltr'><strong>et</strong></span> <span class='ocrx_word' id='word_1_480' title='bbox 2797 5216 3102 5292; x_wconf 80' lang='lat' dir='ltr'><strong>cujusque</strong></span> <span class='ocrx_word' id='word_1_481' title='bbox 3176 5222 3359 5275; x_wconf 58' lang='lat' dir='ltr'><strong>astate</strong></span> <span class='ocrx_word' id='word_1_482' title='bbox 3390 5218 3608 5275; x_wconf 91' lang='lat' dir='ltr'><strong>sedulo</strong></span> <span class='ocrx_word' id='word_1_483' title='bbox 3644 5233 3784 5274; x_wconf 88' lang='lat' dir='ltr'><strong>exa-</strong></span> 
     </span>
    </p>
   </div>
   <div class='ocr_carea' id='block_1_47' title="bbox 350 5296 3780 5378">
    <p class='ocr_par' dir='ltr' id='par_1_47' title="bbox 350 5296 3780 5378">
     <span class='ocr_line' id='line_1_48' title="bbox 350 5296 3780 5378; baseline -0.001 -19"><span class='ocrx_word' id='word_1_484' title='bbox 350 5300 519 5359; x_wconf 88' lang='lat' dir='ltr'><strong>mine</strong></span> <span class='ocrx_word' id='word_1_485' title='bbox 551 5298 900 5376; x_wconf 85' lang='lat' dir='ltr'><strong>explorata,</strong></span> <span class='ocrx_word' id='word_1_486' title='bbox 937 5304 1428 5378; x_wconf 89' lang='lat' dir='ltr'><strong>comparatoque</strong></span> <span class='ocrx_word' id='word_1_487' title='bbox 1467 5299 1658 5359; x_wconf 93' lang='lat' dir='ltr'><strong>dubio</strong></span> <span class='ocrx_word' id='word_1_488' title='bbox 1689 5316 1763 5358; x_wconf 89' lang='lat' dir='ltr'><strong>eo</strong></span> <span class='ocrx_word' id='word_1_489' title='bbox 1797 5298 1954 5357; x_wconf 89' lang='lat' dir='ltr'><strong>libro</strong></span> <span class='ocrx_word' id='word_1_490' title='bbox 2000 5315 2139 5357; x_wconf 93' lang='lat' dir='ltr'><strong>cum</strong></span> <span class='ocrx_word' id='word_1_491' title='bbox 2166 5298 2453 5373; x_wconf 86' lang='lat' dir='ltr'><strong>genuinis</strong></span> <span class='ocrx_word' id='word_1_492' title='bbox 2485 5298 2854 5378; x_wconf 82' lang='lat' dir='ltr'><strong>Damasceui</strong></span> <span class='ocrx_word' id='word_1_493' title='bbox 2915 5296 3111 5365; x_wconf 80' lang='lat' dir='ltr'><strong>libris,</strong></span> <span class='ocrx_word' id='word_1_494' title='bbox 3174 5296 3417 5375; x_wconf 90' lang='lat' dir='ltr'><strong>plenior</strong></span> <span class='ocrx_word' id='word_1_495' title='bbox 3473 5303 3533 5356; x_wconf 91' lang='lat' dir='ltr'><strong>et</strong></span> <span class='ocrx_word' id='word_1_496' title='bbox 3590 5296 3780 5378; x_wconf 85' lang='lat' dir='ltr'><strong>altior</strong></span> 
     </span>
    </p>
   </div>
   <div class='ocr_carea' id='block_1_48' title="bbox 346 5377 3773 5459">
    <p class='ocr_par' dir='ltr' id='par_1_48' title="bbox 346 5377 3773 5459">
     <span class='ocr_line' id='line_1_49' title="bbox 346 5377 3773 5459; baseline -0.001 -19"><span class='ocrx_word' id='word_1_497' title='bbox 346 5378 715 5441; x_wconf 90' lang='lat' dir='ltr'><strong>instituatur</strong></span> <span class='ocrx_word' id='word_1_498' title='bbox 740 5377 1115 5459; x_wconf 86' lang='lat' dir='ltr'><strong>disquisitio.</strong></span> <span class='ocrx_word' id='word_1_499' title='bbox 1144 5380 1422 5451; x_wconf 90' lang='lat' dir='ltr'><strong>Interim,</strong></span> <span class='ocrx_word' id='word_1_500' title='bbox 1459 5396 1643 5458; x_wconf 91' lang='lat' dir='ltr'><strong>quem</strong></span> <span class='ocrx_word' id='word_1_501' title='bbox 1676 5378 1752 5438; x_wconf 92' lang='lat' dir='ltr'><strong>ad</strong></span> <span class='ocrx_word' id='word_1_502' title='bbox 1781 5378 2221 5439; x_wconf 65' lang='lat' dir='ltr'><strong>Aristaenetum</strong></span> <span class='ocrx_word' id='word_1_503' title='bbox 2252 5382 2563 5438; x_wconf 89' lang='lat' dir='ltr'><strong>Joannem</strong></span> <span class='ocrx_word' id='word_1_504' title='bbox 2600 5377 2981 5437; x_wconf 87' lang='lat' dir='ltr'><strong>monachum</strong></span> <span class='ocrx_word' id='word_1_505' title='bbox 3025 5380 3353 5450; x_wconf 86' lang='lat' dir='ltr'><strong>vocabam,</strong></span> <span class='ocrx_word' id='word_1_506' title='bbox 3389 5395 3551 5439; x_wconf 90' lang='lat' dir='ltr'><strong>nunc</strong></span> <span class='ocrx_word' id='word_1_507' title='bbox 3586 5377 3773 5437; x_wconf 86' lang='lat' dir='ltr'><strong>etiam</strong></span> 
     </span>
    </p>
   </div>
   <div class='ocr_carea' id='block_1_49' title="bbox 348 5460 1291 5523">
    <p class='ocr_par' dir='ltr' id='par_1_49' title="bbox 348 5460 1291 5523">
     <span class='ocr_line' id='line_1_50' title="bbox 348 5460 1291 5523; baseline -0.002 0"><span class='ocrx_word' id='word_1_508' title='bbox 348 5460 661 5523; x_wconf 84' lang='lat' dir='ltr'><strong>Joannem</strong></span> <span class='ocrx_word' id='word_1_509' title='bbox 690 5478 853 5521; x_wconf 88' lang='lat' dir='ltr'><strong>voco</strong></span> <span class='ocrx_word' id='word_1_510' title='bbox 886 5460 1291 5523; x_wconf 90' lang='lat' dir='ltr'><strong>monachum.</strong></span> 
     </span>
    </p>
   </div>
   <div class='ocr_carea' id='block_1_50' title="bbox 430 5537 3780 5622">
    <p class='ocr_par' dir='ltr' id='par_1_50' title="bbox 430 5537 3780 5622">
     <span class='ocr_line' id='line_1_51' title="bbox 430 5537 3780 5622; baseline -0.001 -19"><span class='ocrx_word' id='word_1_511' title='bbox 430 5544 503 5604; x_wconf 91' lang='lat' dir='ltr'><strong>In</strong></span> <span class='ocrx_word' id='word_1_512' title='bbox 524 5542 689 5603; x_wconf 89' lang='lat' dir='ltr'><strong>notis</strong></span> <span class='ocrx_word' id='word_1_513' title='bbox 720 5560 1165 5622; x_wconf 88' lang='lat' dir='ltr'><strong>nonnusquam</strong></span> <span class='ocrx_word' id='word_1_514' title='bbox 1200 5540 1484 5602; x_wconf 87' lang='lat' dir='ltr'><strong>Latinam</strong></span> <span class='ocrx_word' id='word_1_515' title='bbox 1516 5537 1780 5601; x_wconf 90' lang='lat' dir='ltr'><strong>adhibui</strong></span> <span class='ocrx_word' id='word_1_516' title='bbox 1822 5537 2077 5619; x_wconf 88' lang='lat' dir='ltr'><strong>Georgii</strong></span> <span class='ocrx_word' id='word_1_517' title='bbox 2098 5539 2495 5619; x_wconf 87' lang='lat' dir='ltr'><strong>Trapezuutii</strong></span> <span class='ocrx_word' id='word_1_518' title='bbox 2529 5558 2668 5619; x_wconf 67' lang='lat' dir='ltr'><strong>quas</strong></span> <span class='ocrx_word' id='word_1_519' title='bbox 2704 5539 2900 5600; x_wconf 86' lang='lat' dir='ltr'><strong>fertur</strong></span> <span class='ocrx_word' id='word_1_520' title='bbox 2930 5537 3302 5602; x_wconf 86' lang='lat' dir='ltr'><strong>versionem.</strong></span> <span class='ocrx_word' id='word_1_521' title='bbox 3340 5538 3466 5599; x_wconf 89' lang='lat' dir='ltr'><strong>Etsi</strong></span> <span class='ocrx_word' id='word_1_522' title='bbox 3509 5557 3632 5601; x_wconf 91' lang='lat' dir='ltr'><strong>non</strong></span> <span class='ocrx_word' id='word_1_523' title='bbox 3667 5558 3780 5601; x_wconf 89' lang='lat' dir='ltr'><strong>ne-</strong></span> 
     </span>
    </p>
   </div>
   <div class='ocr_carea' id='block_1_51' title="bbox 414 5700 3775 5785">
    <p class='ocr_par' dir='ltr' id='par_1_51' title="bbox 414 5700 3775 5785">
     <span class='ocr_line' id='line_1_52' title="bbox 414 5700 3775 5785; baseline 0 -27"><span class='ocrx_word' id='word_1_524' title='bbox 414 5701 439 5727; x_wconf 82' lang='lat'><strong>&#39;</strong></span> <span class='ocrx_word' id='word_1_525' title='bbox 466 5701 773 5785; x_wconf 44' lang='lat' dir='ltr'><strong>Anecdota</strong></span> <span class='ocrx_word' id='word_1_526' title='bbox 804 5702 1119 5785; x_wconf 70' lang='lat' dir='ltr'><strong>Grmca._E.</strong></span> <span class='ocrx_word' id='word_1_527' title='bbox 1154 5700 2504 5785; x_wconf 46' lang='lat' dir='ltr'><strong>codicibus_Regiis.descripsit,&quot;annotatione</strong></span> <span class='ocrx_word' id='word_1_528' title='bbox 2560 5701 2880 5785; x_wconf 66' lang='lat' dir='ltr'><strong>illustravit</strong></span> <span class='ocrx_word' id='word_1_529' title='bbox 2907 5701 3082 5785; x_wconf 40' lang='lat' dir='ltr'><strong>J._\Fr.</strong></span> <span class='ocrx_word' id='word_1_530' title='bbox 3118 5700 3775 5785; x_wconf 44' lang='lat' dir='ltr'><strong>BQIS§0iap§;):9L&quot;I-Y.</strong></span> 
     </span>
    </p>
   </div>
   <div class='ocr_carea' id='block_1_52' title="bbox 340 5773 3771 5847">
    <p class='ocr_par' dir='ltr' id='par_1_52' title="bbox 340 5773 3771 5847">
     <span class='ocr_line' id='line_1_53' title="bbox 340 5773 3771 5847; baseline -0.001 -12"><span class='ocrx_word' id='word_1_531' title='bbox 340 5775 905 5843; x_wconf 78' lang='lat' dir='ltr'><strong>Parisiis,excusum</strong></span> <span class='ocrx_word' id='word_1_532' title='bbox 935 5774 998 5830; x_wconf 91' lang='lat' dir='ltr'><strong>in</strong></span> <span class='ocrx_word' id='word_1_533' title='bbox 1031 5776 1429 5847; x_wconf 81' lang='lat' dir='ltr'><strong>typographeo</strong></span> <span class='ocrx_word' id='word_1_534' title='bbox 1458 5773 1635 5847; x_wconf 82' lang='lat' dir='ltr'><strong>Regio</strong></span> <span class='ocrx_word' id='word_1_535' title='bbox 1660 5773 2121 5844; x_wconf 76' lang='lat' dir='ltr'><strong>MDCCCXXXII,</strong></span> <span class='ocrx_word' id='word_1_536' title='bbox 2138 5774 2293 5847; x_wconf 86' lang='lat' dir='ltr'><strong>regis</strong></span> <span class='ocrx_word' id='word_1_537' title='bbox 2314 5773 2776 5847; x_wconf 87' lang='lat' dir='ltr'><strong>permissu,dato</strong></span> <span class='ocrx_word' id='word_1_538' title='bbox 2800 5774 2941 5829; x_wconf 88' lang='lat' dir='ltr'><strong>diev</strong></span> <span class='ocrx_word' id='word_1_539' title='bbox 2961 5773 3299 5830; x_wconf 88' lang='lat' dir='ltr'><strong>Decembris</strong></span> <span class='ocrx_word' id='word_1_540' title='bbox 3314 5774 3771 5833; x_wconf 77' lang='lat' dir='ltr'><strong>MDCCCXXVII.</strong></span> 
     </span>
    </p>
   </div>
  </div>
