4160 6376
291 372 420 452 eos

307 521 571 580 τοιούτου
647 515 833 582 λυθεὶς
910 512 1135 588 δεσμοῦ,

312 619 546 690 πρᾶγμα
573 614 693 671 τοῖς
750 604 989 667 πολλοῖς
1050 602 1448 658 εὐκταιότατον.
1509 603 1774 662 Τοιοῦτος
1824 599 1916 672 μὶν
1952 599 1979 652 ὁ

321 701 605 783 βασιλεὺς,
637 699 726 756 καὶ
761 697 937 760 οὕτως
968 692 1116 771 ἔχων
1145 699 1245 764 τῆς
1276 693 1525 768 γνώμης.

392 974 466 1031 Τὸ
496 970 556 1028 δὲ
603 968 990 1027 εὐκλεέστατον
1052 962 1211 1041 γένος
1265 967 1374 1019 τῶν
1431 963 1764 1038 χριστιανῶν
1797 959 1984 1015 καὶτὰ

315 1070 434 1121 τῶν
474 1064 730 1138 μοναχῶν
765 1057 958 1128 πλήθη
1019 1056 1146 1131 παρ’
1206 1051 1366 1108 οὐδέν
1419 1054 1636 1125 θέμενοι
1667 1052 1728 1106 τὸ
1756 1054 1853 1105 τοῦ
1887 1051 1984 1125 βα-

323 1137 530 1216 σιλέως
589 1145 769 1228 σέϐας,
825 1148 917 1202 καὶ
972 1147 1072 1214 τήν
1130 1144 1301 1198 αὐτοῦ
1357 1142 1433 1216 μὴ
1489 1139 1797 1202 δεδοικότες
1839 1137 1986 1201 ὅλως

320 1244 589 1312 ἀπειλήν,
646 1236 986 1314 προέκόπτον
1045 1237 1114 1306 τῇ
1200 1237 1295 1287 τοῦ
1353 1235 1586 1306 Χριστοῦ
1639 1231 1851 1305 χάριτι,
1911 1228 1985 1290 εἰς

320 1335 497 1411 λόγου
527 1331 816 1408 κρείττονα
863 1324 1078 1396 πληθὸν
1126 1319 1484 1390 ἐπιδιδόντες,
1515 1321 1605 1375 καὶ
1643 1317 1854 1394 βραχὺν
1890 1319 1983 1392 μὶν

315 1406 653 1496 ποιούμενοι
710 1415 807 1473 τού
871 1412 1144 1492 βασιλέως
1207 1411 1375 1487 λόγον
1436 1414 1574 1485 (25),
1625 1413 1734 1464 τῶν
1768 1406 1823 1496 δὲ
1852 1408 1987 1483 πρὸς

319 1495 615 1580 θεραπείαν
650 1513 688 1565 7
727 1506 1001 1586 φερόντων
1068 1507 1203 1558 Θεοῦ
1264 1498 1634 1575 διαφερόντως
1701 1495 1983 1572 ἐχόμενοι.

323 1602 437 1661 Καὶ
463 1599 553 1656 διὰ
578 1602 741 1654 τοῖ’)το
800 1592 1007 1650 πολλοὶ
1060 1597 1166 1647 τῶν
1226 1590 1326 1660 τὴν
1380 1587 1679 1663 μοναδικην
1713 1586 1989 1661 ἐπανῃρη-

337 1694 522 1766 μένων
548 1690 716 1762 τάξιν,
769 1685 938 1740 πάντα
999 1683 1093 1755 μὲν
1151 1679 1343 1749 ἐπίσης
1397 1681 1464 1734 τὰ
1522 1678 1746 1733 ἐνταῦθα
1785 1677 1988 1752 τερπνᾶ

340 1782 614 1848 διέπτυον,
671 1777 808 1851 πρὸς
861 1772 915 1830 ἓν
976 1772 1034 1828 δὲ
1092 1773 1257 1846 μόνον
1307 1775 1470 1826 τοῦτο
1503 1771 1652 1844 εἶχον
1687 1768 1988 1842 ἐρωτικῶς,

333 1874 437 1942 τὴν
471 1867 766 1937 εὐσέϐειαν,
824 1866 913 1920 καὶ
972 1864 1066 1918 τὸν
1122 1863 1254 1936 ὑπὲρ
1311 1863 1548 1937 Χριστοῦ
1606 1860 1830 1914 θάνατον
1881 1855 1984 1913 ἐδί-
2021 1902 2065 1966 Β

346 1965 352 1966 ,
579 1959 589 1966 .
665 1963 689 1966 μ
784 1955 797 1966 .
869 1956 920 1966 μ-
1048 1952 1062 1966 .
1121 1953 1130 1966 .
1577 1950 1588 1966 .
1815 1950 1872 1966 ,η
1934 1948 1946 1966 ρ

326 1965 474 2036 ψων,
505 1959 725 2026 καὶτῆς
781 1955 981 2011 ἐκεῖθεν
1031 1952 1304 2026 ὠρέγοντο
1357 1950 1781 2025 μακαριότητος.
1815 1948 1988 2017 Ἑκη-

324 2034 528 2126 ρυττον
561 2047 675 2117 οὖν,
735 2045 803 2100 ού
862 2037 1017 2122 φόϐῳ
1071 2045 1179 2097 τινὶ
1236 2039 1326 2095 καὶ
1387 2037 1691 2112 ὑποστολῇ,
1724 2034 1989 2092 ἀλλὰκαὶ

322 2143 459 2199 λίαν
491 2136 976 2216 εύπαρῥησιάστως
1021 2135 1085 2189 τὸ
1140 2137 1238 2188 τοῦ
1295 2135 1433 2187 Θεοῦ
1493 2131 1762 2204 σωτήριον
1793 2128 1990 2200 ὃνομα,

322 2232 424 2287 καὶ
459 2227 614 2286 ούδὶν
671 2229 701 2283 δ
751 2248 803 2282 τι
841 2227 916 2300 μὴ
979 2223 1212 2299 Χριστὸς
1265 2222 1449 2282 αὐτοῖς
1481 2217 1569 2275 διὰ
1601 2220 1871 2292 στόματος
1900 2219 1992 2287 ἦν,

317 2324 432 2390 τὴν
491 2340 552 2374 τε
607 2317 832 2395 ῥευστὴν
888 2315 979 2370 καὶ
1039 2312 1368 2388 εύμάραντον
1428 2309 1585 2386 φύσιν
1641 2313 1752 2363 τῶν
1783 2308 1991 2383 παρόν-

316 2433 440 2468 των
500 2408 589 2464 καὶ
641 2406 705 2463 τὰ
762 2408 957 2481 πάγιον
1034 2401 1126 2457 καὶ
1198 2400 1468 2478 ἄφθαρτον
1525 2405 1625 2468 τῆς
1681 2395 1994 2471 μελλούσης

327 2505 488 2570 ζωῆς
538 2499 784 2575 φανερῶς
843 2497 1004 2548 πᾶσιν
1062 2487 1433 2558 ὑπεδείκνυον,
1484 2487 1577 2542 καὶ
1625 2485 1793 2541 οἱονεὶ
1824 2485 1996 2564 ἀφορ-

337 2589 451 2665 μᾶς
480 2592 747 2661 παρεῖχον
779 2583 869 2639 καὶ
922 2580 1208 2658 σπέρματα
1263 2579 1400 2650 πρὸς
1454 2576 1518 2632 τὸ
1577 2576 1810 2637 οἶκείους
1843 2575 1994 2651 γενέ-

333 2682 464 2735 σθαι
497 2683 613 2750 Θεῷ
659 2674 749 2730 καὶ
806 2676 905 2741 τῆς
960 2672 1012 2726 ἐν
1074 2672 1294 2746 Χριστῷ
1337 2667 1725 2742 κρυπτομένης
1759 2665 1995 2736 ἀξιωθῆ-

329 2790 427 2823 ναι
479 2773 628 2836 ζωῆς
677 2766 811 2838 (26).
864 2763 1136 2825 Ἐντεῦθεν
1190 2757 1415 2825 πολλοὶ,
1465 2763 1564 2826 τῆς
1597 2752 1825 2825 ἡδίστης
1858 2751 1999 2808 ἐκεί·-

340 2881 449 2930 νης
537 2854 888 2918 διδασκαλίας
970 2857 1079 2925 (27)
1162 2848 1550 2914 ἀπολαύοντες,
1604 2850 1700 2900 τοῦ
1752 2845 1845 2919 μὲν
1905 2865 2000 2898 πι-

331 2955 478 3025 κροῦ
522 2954 625 3017 τῆς
685 2943 895 3015 ἀπάτης
957 2943 1250 3016 ἀφὶσταντο
1299 2937 1548 3006 σκότους,
1579 2941 1657 3008 τῷ
1705 2933 1762 2990 δὲ
1808 2933 2000 3009 γλυκεῖ

333 3049 443 3111 τῆς
495 3037 754 3109 ἀληθείας
812 3032 953 3110 φωτὶ
1008 3030 1408 3106 προσετίθεντο⁸
1472 3028 1547 3090 ὡς
1595 3028 1686 3082 καὶ
1715 3047 1864 3088 τινας
1889 3028 1998 3080 τῶν

336 3127 575 3200 ἐνδόξων
634 3126 726 3181 καὶ
783 3131 885 3193 τῆς
943 3119 1256 3196 συγκλήτου
1318 3117 1526 3194 βουλῆς
1579 3115 1754 3171 πάντα
1810 3112 2004 3169 ἀποτί-

337 3220 528 3285 θεσθαι
574 3217 643 3271 τά
687 3219 786 3271 τοῦ
838 3212 962 3289 βίου
1023 3209 1163 3288 βάρη
1204 3209 1292 3264 καὶ
1328 3206 1522 3264 λοιπὸν
1554 3205 1796 3283 γίνεσθαι
1832 3225 2000 3279 μονα-

339 3308 512 3386 χούς.

412 3491 476 3548 Ὀ
510 3485 568 3544 δὲ
605 3482 888 3562 βασιλεὺς,
923 3484 998 3548 ὡς
1031 3483 1236 3553 ἢκουσε
1284 3485 1470 3550 ταῦτα,
1523 3479 1691 3554 ὀργῆς
1735 3478 1819 3532 ὅτι
1847 3474 2006 3531 πλείο

344 3601 485 3650 στης
540 3575 860 3652 πληρωθεὶς
913 3573 1004 3629 καὶ
1062 3577 1142 3644 τῷ
1218 3575 1377 3642 θυμῷ
1440 3569 1753 3643 ὑπερζέσας,
1832 3564 2010 3639 δόγμα

349 3667 550 3725 αὐτίκα
602 3666 829 3738 ἐξέθετο,
907 3664 1080 3717 πάντα
1164 3658 1488 3735 Χριστιανὸν
1580 3657 1855 3731 βιᾶζεσθαι
1912 3656 2010 3707 τοῦ

348 3753 672 3829 ἐξόμνυσθαι
744 3755 844 3823 τήν
927 3746 1219 3807 εὐσέϐειαν.
1292 3749 1448 3805 Ὅθεν
1524 3746 1682 3801 καινὰ
1741 3745 1835 3816 μὲν
1893 3740 2012 3796 κατ’

348 3848 536 3905 αὐτῶν
568 3845 688 3917 εἷ’δη
739 3843 985 3921 βασάνων
1037 3840 1244 3897 ἐπενόει
1297 3838 1387 3893 καὶ
1442 3833 1754 3906 ἐπετήδευε,
1785 3830 2009 3893 καινοὺς

349 3937 413 3994 δὲ
470 3939 711 4011 τρόπους
766 3935 1004 3989 θανάτων
1061 3930 1304 4001 ἠπείλει.
1374 3927 1479 3984 Καὶ
1531 3928 1827 4002 γράμματα
1876 3922 2013 3977 κατὰ

349 4035 532 4084 πᾶσαν
589 4028 691 4095 τὴν
740 4021 983 4092 ὑποτελῆ
1043 4021 1192 4092 αύτῷ
1251 4020 1439 4095 χώραν
1473 4016 1745 4089 ἐπέμπετο
1778 4015 2014 4088 ἄρχουσι

347 4119 446 4174 καὶ
480 4119 742 4190 ἡγεμόσι,
774 4116 821 4171 8
850 4111 1122 4186 τ·μωρίας
1171 4109 1306 4164 κατά
1352 4111 1460 4162 τῶν
1494 4100 1726 4161 εὐσεϐῶν
1759 4103 1846 4157 καὶ
1881 4122 2014 4180 σφα·

347 4209 453 4283 γᾶς
505 4203 725 4267 ἀδίκους
773 4200 1206 4279 ἀποφαινόμενα.
1265 4196 1593 4272 Ἐξαιρέτως
1645 4192 1702 4248 δὲ
1742 4191 1879 4247 κατὰ
1906 4197 2013 4283 τῶν

348 4278 456 4352 τοῦ
506 4291 804 4368 μοναδικοῦ
860 4278 1149 4366 σχήματος
1207 4283 1459 4362 λογάδων
1521 4285 1890 4356 θυμομαχῶν,
1923 4278 2020 4334 ἄση·

351 4381 560 4441 πονδον
593 4381 786 4458 ἤγειρε
813 4381 905 4436 τόν
938 4379 1077 4455 πρὸς
1121 4375 1316 4438 αὐτους
1369 4373 1459 4429 καὶ
1508 4373 1812 4444 ἀκήρυκτον
1847 4369 2016 4424 πόλε-

360 4495 492 4548 μον.
519 4471 694 4545 Ταύτῃ
735 4491 821 4527 τοι
853 4469 943 4524 καὶ
977 4465 1185 4523 πολλοὶ
1239 4466 1336 4538 μὶν
1387 4467 1495 4517 τῶν
1528 4464 1735 4516 πιστῶν
1767 4461 1868 4528 τήν
1903 4456 2018 4512 διά-

352 4583 507 4619 νοιαν
562 4557 976 4624 ἆνεσαλεύοντο,
1037 4555 1202 4610 ἄλλοι
1285 4551 1363 4621 δὲ,
1449 4550 1544 4612 τὰς
1613 4549 1908 4624 βασάνους,
1942 4548 2019 4620 μὴ

1496 385 1669 438 νιΤΑ
1704 385 2060 440 BABLAAM
2099 385 2194 440 ET
2227 387 2568 443 JOASAPH.

1213 512 1416 567 τέκνων
1474 507 1708 581 κληθείη
1769 511 1971 584 πατὴρ,

2109 529 2228 568 :ura
2249 513 2571 569 sollicitum
2593 512 3139 584 habebat,quonam
3161 518 3332 584 pacto
3363 513 3456 567 his
3482 513 3736 568 vinculis

3631 383 3739 438 866

2089 603 2508 669 solveretur,ac
2531 603 2822 675 susceptis
2843 603 3045 658 liberis
3064 603 3248 674 patris
3273 619 3492 658 nomen
3515 602 3744 657 obtine-

2087 697 2198 759 ret,
2224 708 2340 762 quo
2361 691 2638 746 videlicet
2657 690 2814 763 apud
2838 691 3154 763 plerosque
3176 692 3326 746 nihil
3352 696 3440 746 est
3459 689 3737 761 optatius.

2090 782 2283 852 Atque
2336 779 2682 852 hujusmodi
2729 798 2833 836 rex
2881 781 2977 836 hic
3026 787 3172 851 erat,
3225 797 3414 852 eaque
3443 785 3643 836 mente
3676 795 3744 834 ac

2092 871 2410 926 sententia.

2162 962 2236 1014 At
2255 959 2665 1016 illustrissima
2677 960 3148 1015 Christianorum
3161 959 3744 1028 natio,etmonacho-

2091 1067 2222 1104 rum
2246 1054 2516 1114 catervas,
2541 1050 2694 1120 regis
2726 1050 2949 1103 cultum
2974 1066 3041 1104 ac
3062 1050 3499 1105 venerationem
3523 1066 3628 1121 pro
3653 1047 3741 1102 ni-

2093 1137 2214 1191 hilo
2240 1136 2546 1203 ducentes,
2568 1155 2678 1192 nec
2701 1138 2888 1209 ipsius
2910 1138 3103 1193 minas
3122 1144 3484 1205 metuentes;
3511 1154 3616 1209 per
3637 1135 3742 1191 Dei

2093 1227 2342 1299 gratiam
2365 1227 2770 1298 amplissimos
2793 1243 3138 1298 progressus
3156 1227 3539 1289 faciebant,at
3559 1227 3659 1297 qui
3684 1226 3744 1280 in

2095 1317 2540 1372 multitudinem
2557 1318 2720 1372 omni
2736 1333 3012 1372 sermone
3038 1317 3324 1387 majorem
3339 1318 3750 1370 excrescerent

2094 1423 2161 1462 ac
2194 1423 2429 1478 parvam
2453 1408 2698 1462 omnino
2721 1408 2876 1480 regis
2901 1406 3191 1462 rationem
3214 1406 3522 1472 haberent,
3555 1405 3628 1458 iis
3651 1421 3748 1460 au-

2097 1501 2212 1551 tem
2239 1495 2416 1551 rebus
2440 1514 2570 1566 quze
2598 1496 2672 1551 ad
2695 1496 2796 1551 Dei
2823 1495 3050 1551 cultum
3077 1495 3456 1566 pertinebant
3486 1493 3752 1566 singula-

2095 1602 2221 1640 rem
2246 1586 2304 1639 in
2328 1585 2569 1639 modum
2589 1585 2771 1640 dediti
2793 1591 3010 1640 essent.
3031 1588 3111 1639 Ac
3133 1590 3448 1655 propterea
3469 1581 3750 1654 permulti

2096 1691 2166 1728 ex
2189 1674 2260 1728 iis
2281 1675 2380 1744 qui
2397 1674 2470 1728 ad
2496 1675 2888 1729 monasticum
2911 1673 3181 1727 ordinem
3205 1689 3334 1728 sese
3351 1673 3750 1740 contulerant,

2095 1764 2296 1819 omnia
2319 1764 2560 1834 quidem
2580 1780 2647 1818 ea
2665 1781 2795 1833 quae
2817 1763 2877 1817 in
2896 1763 3010 1816 vita
3025 1761 3297 1833 jucunda
3319 1766 3457 1815 sunt
3472 1773 3752 1831 peraeque

2095 1853 2894 1922 contemnebant,soliusque
2911 1852 3145 1923 pietatis
3157 1867 3357 1905 amore
3373 1850 3752 1915 tenebantur,

2099 1961 2164 1998 ac
2183 1944 2391 1997 mortis
2415 1959 2519 2014 pro
2537 1943 2768 1996 Christo
2797 1941 3120 1996 subeundae
3142 1940 3260 2007 siti,
3277 1940 3594 2009 futuraque
3613 1938 3754 1992 bea-

2097 2032 2368 2088 titudinis
2391 2031 2710 2102 cupiditate
2736 2031 3082 2102 flagrabant.
3109 2032 3307 2100 quue
3339 2028 3604 2093 nomine,
3630 2044 3751 2082 non

2100 2122 2308 2177 timido
2330 2139 2396 2176 ac
2433 2121 2740 2175 dubitante
2763 2121 3198 2181 animo,verum
3223 2134 3509 2188 perquam
3542 2115 3751 2172 ﬁdenti

2099 2229 2166 2267 ac
2199 2211 2387 2265 libero
2420 2210 2792 2264 salutiferum
2825 2209 3039 2264 Christi
3075 2223 3292 2262 nomen
3325 2206 3752 2277 prmdicabant,

2101 2302 2519 2371 Christumque
2539 2316 2722 2354 unum
2742 2299 2804 2353 in
2819 2315 2920 2352 ore
2935 2297 3205 2352 habeban
3218 2301 3439 2366 t,atque
3459 2295 3678 2350 ﬂuxam
3700 2298 3759 2348 et

2101 2392 2385 2446 caducam
2435 2389 2819 2460 praesentium
2851 2403 3052 2441 rerum
3095 2392 3390 2444 naturam,
3424 2384 3758 2454 futuraeque

2102 2481 2232 2534 vita:
2262 2480 2605 2534 firmitatem
2629 2483 2688 2533 et
2710 2477 3219 2532 immortalitatem
3252 2473 3529 2528 omnibus
3561 2472 3758 2544 palam

2103 2575 2358 2640 apteque
2382 2566 2895 2630 demonstrabant,
2912 2581 2978 2619 ac
3000 2562 3438 2618 velutsubsidia
3463 2561 3758 2632 quaedam,

2105 2665 2162 2713 et
2193 2658 2422 2713 semina
2454 2657 2599 2728 ipsis
2628 2655 3027 2728 porrigebant,
3053 2670 3305 2724 quorum
3334 2669 3442 2723 ope
3473 2652 3547 2706 ad
3579 2653 3761 2705 Deum

2105 2763 2236 2801 sese
2262 2747 2622 2811 conferrent,
2652 2745 2950 2814 vitamque
2980 2744 3042 2797 in
3075 2743 3306 2796 Christo
3348 2741 3760 2795 absconditam

2105 2840 2616 2906 consequerentur
2645 2834 2863 2904 (Coloss.
2894 2834 2997 2902 ιιι).
3023 2834 3104 2885 Ex
3128 2848 3243 2902 quo
3279 2832 3555 2884 effectum
3588 2834 3678 2882 est
3699 2831 3765 2882 ut

2109 2927 2303 2990 multi,
2330 2925 2679 2980 suavissima
2696 2923 2800 2977 illa
2823 2922 3096 2976 doctrina
3118 2925 3414 2991 percepta,
3438 2919 3510 2973 ab
3532 2917 3764 2973 acerbis

2112 3016 2330 3071 erroris
2354 3014 2616 3069 tenebris
2637 3013 3044 3075 abscederent,
3065 3015 3242 3080 atque
3260 3010 3334 3064 ad
3357 3009 3590 3063 dulcem
3615 3007 3766 3062 veri-

2115 3107 2250 3161 tatis
2282 3105 2472 3159 lucem
2509 3120 2639 3158 sese
2669 3103 2762 3173 adj
2776 3106 3086 3173 ungerent,
3115 3115 3303 3170 usque
3337 3098 3504 3162 adeo,
3529 3103 3594 3151 ut
3613 3112 3768 3150 non-

2113 3195 2264 3250 nulli
2285 3195 2463 3249 etiam
2483 3192 2747 3246 illustres
2765 3191 2868 3244 viri
2889 3207 2955 3244 ac
2974 3194 3302 3254 senatores,
3322 3186 3571 3258 abjectis
3590 3185 3769 3256 hujus

2034 3268 2076 3336 C
2112 3286 2246 3340 vitae
2277 3283 2547 3349 sarcinis,
2583 3283 2643 3336 in
2694 3280 3124 3336 monachorum
3175 3276 3378 3332 album
3423 3292 3551 3331 sese
3585 3274 3804 3350 ascri-a

2114 3375 2347 3430 herent.

2189 3467 2308 3519 Rex
2340 3468 2538 3518 autem
2570 3461 2669 3516 ubi
2720 3461 2846 3516 haec
2896 3457 3212 3522 intellexit,
3261 3456 3486 3528 ingenti
3527 3453 3773 3508 iracun-

2115 3553 2215 3608 dia
2244 3558 2598 3617 commotus,
2655 3556 2831 3619 atque
2882 3547 3289 3620 indignatione
3332 3544 3582 3611 fervens,
3641 3550 3770 3598 sta-

2117 3642 2223 3695 tim
2249 3641 2440 3695 edicto
2464 3639 2658 3694 sanxit
2676 3643 2740 3690 ut
2762 3635 3082 3690 Christiani
3108 3648 3316 3687 omnes
3340 3632 3622 3702 pietatem
3641 3632 3775 3698 eju-

2115 3747 2250 3785 rare
2267 3729 2730 3801 cogerentur.Ac
2747 3725 3029 3795 deinceps
3047 3741 3198 3778 nova
3219 3720 3647 3792 suppliciorum
3671 3735 3774 3789 ge-

2117 3836 2262 3874 nera
2274 3816 2859 3877 comminiscebatur,
2874 3820 3051 3883 atque
3066 3812 3348 3866 inusitata
3361 3809 3570 3864 mortis
3582 3824 3770 3880 gene-

2119 3907 2564 3972 raminabatur;
2589 3905 2938 3973 litterasque
2964 3902 3036 3956 ad
3058 3916 3266 3954 omnes
3288 3898 3545 3969 regionis
3560 3896 3773 3950 ditioni

2123 4015 2242 4053 suae
2258 3996 2384 4066 subj
2396 4002 2538 4050 ecta)
2558 3999 2752 4065 partes
2772 3991 3060 4048 mittebat.
3089 3988 3306 4060 quibus
3325 3993 3382 4041 et
3403 3985 3697 4058 praefectis
3717 3990 3775 4038 et

2123 4087 2372 4143 ducibus
2394 4083 2708 4155 inperabat
2727 4087 2793 4135 ut
2816 4077 3127 4134 tormentis
3151 4083 3326 4146 atque
3353 4073 3574 4144 iniquis
3596 4073 3774 4127 caedi-

2123 4178 2235 4233 bus
2259 4177 2318 4230 in
2340 4175 2613 4229 homines
2631 4171 2848 4242 pietate
2875 4167 3156 4240 praeditos
3174 4170 3602 4239 grassarentur.
3619 4164 3774 4215 Prm-

2126 4267 2328 4323 sertim
2345 4271 2543 4320 autem
2559 4263 2621 4317 in
2636 4259 3159 4333 praestantissimos
3174 4271 3440 4327 quosque
3464 4249 3777 4308 monastici

2125 4356 2354 4412 ordinis
2368 4350 2852 4416 excandescebat,
2867 4355 3044 4418 atque
3070 4344 3446 4417 implacabile
3465 4342 3777 4398 adversum

2127 4463 2229 4501 eos
2252 4445 2474 4500 bellum
2506 4440 2818 4497 excitabat.
2845 4437 2927 4493 Ob
2970 4452 3219 4507 eamque
3243 4449 3486 4490 causam
3515 4432 3781 4503 priorum

2127 4536 2396 4608 plerique
2415 4533 2614 4587 animo
2631 4526 3116 4584 vacillabantzalli
3133 4523 3501 4594 autem,quia
3516 4521 3788 4577 cruciati-

359 4651 684 4722 δυνηθέντες
758 4649 1088 4721 ὑπενεγκεῖν,
1165 4647 1242 4715 τῷ
1315 4639 1556 4714 ἀθεμίτῳ
1629 4638 1794 4694 αὐτοῦ
1876 4637 1998 4692 εἶκοε

2129 4627 2238 4680 bus
2260 4622 2522 4678 ferendis
2542 4620 2800 4691 impares
2835 4622 3028 4683 erant,
3055 4614 3282 4669 nefario
3316 4613 3502 4685 ipsius
3535 4611 3784 4682 imperio

2275 4713 2289 4722 .
2400 4713 2509 4722 _..
2907 4705 2942 4722 ,.
3300 4702 3749 4722 ,ηηηιμηηη

903 4702 962 4789 δέ
1009 4702 1106 4788 τοίὶ
1160 4702 1472 4805 μόναχικόῦ
1501 4702 1777 4803 τάγματος
1810 4726 1998 4800 ἡγεμό

2129 4713 2664 4786 parebant.Atvero
2689 4705 3034 4763 monasticae
3058 4703 3268 4759 classis
3289 4702 3472 4757 duces
3489 4707 3664 4772 atque
3679 4715 3788 4754 an—

353 4850 446 4892 νες
477 4829 567 4884 καὶ
589 4795 868 4904 ’ἀρχηγοῂ
920 4825 974 4879 οἱ
1026 4823 1146 4896 μὲν,
1198 4819 1523 4896 ἐλέγχοντες
1571 4816 1736 4872 αότοῦ
1763 4817 1863 4885 τήν
1896 4815 1991 4870 ἀνο

2134 4800 2597 4872 tistites,partim
2614 4798 2802 4869 ipsius
2818 4795 3197 4865 iniquitatem
3213 4797 3600 4863 coarguentes
3615 4805 3680 4843 ac
3697 4805 3791 4842 re-

2137 4895 2157 4904 ,-
2204 4900 2212 4904 .
2308 4897 2316 4904 .
2573 4895 2581 4904 .
2667 4889 2677 4898 -
2780 4887 2909 4904 -.,,-_
2941 4884 3222 4904 n,Af,L-_.A
3258 4888 3430 4904 -ι..---
3467 4881 3534 4904 -.1
3572 4879 3755 4904 ..Α-ν..δῖ

365 4879 444 4892 ⁷⁷*
479 4879 565 4884 ""'
601 4879 868 4904 "rh-1|"!
1026 4879 1037 4896 ι
1133 4879 1145 4890 ι
1305 4879 1371 4896 ιη.
1821 4879 1831 4885 .

359 4921 517 4994 μίαν,
573 4919 638 4973 τὸ
697 4915 788 4971 διὰ
848 4911 1148 4989 μαρτυρίου
1208 4910 1512 4984 ὑπήνεγκαν
1573 4904 1733 4967 τέλος
1788 4902 1877 4958 καὶ
1921 4910 1998 4974 τῆη

2131 4895 2416 4955 futantes,
2437 4889 2719 4957 martyrio
2743 4887 2919 4940 vitam
2941 4884 3433 4952 finiebant,atque
3465 4881 3540 4936 ad
3571 4879 3792 4948 sempi-

2139 4990 2146 4994 .
2381 4981 2394 4994 1
2627 4977 2663 4994 ι·
2729 4993 2737 4994 ,
2793 4993 2838 4994 ,,
2877 4966 3758 4994 -κμ,-..ε,ι-,..ι--..-.ιε..-εηηηιζι..

356 4966 635 5081 ἓλζίκτού-
1001 4966 1426 5077 μακαριότητος·
1484 4998 1535 5052 οἱ
1587 4994 1644 5051 δὲ
1683 4966 1734 5051 ἐν
1766 4966 1992 5072 ἐρημίαι

2135 4990 2364 5039 ternam
2381 4977 2811 5035 beatitudinem
2826 4969 3493 5046 perveniebant;partim
3509 4970 3568 5023 in
3584 4966 3792 5022 solitu-

2152 5073 2188 5081 ..
2245 5070 2278 5081 οι
2438 5073 2447 5081 .
2629 5063 2688 5081 ιιι
2817 5078 2927 5081 νμγΑ
2965 5059 3330 5081 _-___II_L-_I.
3374 5073 3489 5081 κη...
3528 5063 3756 5081 ιΛ-..-.-Α.ς

358 5059 606 5081 “"'l""'
673 5059 877 5080 ’ν’-ηιμ
1001 5059 1012 5077 ι
1153 5059 1159 5069 -
1297 5059 1308 5070 -
1395 5059 1402 5061 τ
1796 5059 1805 5072 .
1852 5059 1885 5068 -.

356 5101 452 5159 καὶ
485 5097 664 5176 ὄρεσιν
719 5095 1148 5171 ἀπεκρύπτοντο,
1200 5093 1264 5146 ού
1316 5088 1422 5146 δέει
1470 5094 1578 5145 τῶν
1629 5085 1998 5161 ἠπειλημένω·

2135 5070 2377 5128 dinibus
2400 5073 2456 5122 et
2480 5063 2782 5120 montibus
2805 5078 2934 5117 sese
2955 5059 3354 5122 occultabant,
3374 5073 3495 5112 non
3528 5063 3794 5111 tormen-

2138 5168 2148 5176 .
2453 5175 2462 5176 κ
2481 5174 2516 5176 κ-
2577 5156 2625 5176 3..
2644 5155 2716 5176 -2-
2781 5151 3286 5176 ,1-Α--..ιὲ.ιιε,ι.ιι.ιη
3342 5153 3498 5176 νει-Λιοι
3586 5162 3723 5176 «νην-ιτ
3738 5161 3787 5176 nn

676 5151 1122 5261 dii’voizovopiq
1137 5151 1178 5240 ,τ
1189 5182 1257 5238 ινὶ
1291 5179 1557 5256 θειοτέρᾳ.
1653 5151 1664 5160 ⁹
1827 5151 1837 5158 1
1849 5151 1860 5161 1

2135 5168 2332 5216 torum
2390 5174 2520 5229 qum
2577 5155 2720 5226 ipsis
2775 5151 3286 5207 denuntiabantur
3342 5153 3524 5215 metu,
3586 5161 3792 5202 verum

2147 5249 2421 5271 j:__:_.:-_-
2462 5244 2710 5271 -..,..!..m
2749 5241 2996 5271 nnnn:l:r\
3031 5257 3094 5271 nn
3128 5236 3491 5271 nnnuirinntin

2135 5249 2424 5307 diviniore
2457 5244 2715 5317 quodam
2747 5241 2998 5298 consilio
3029 5257 3096 5296 ac
3128 5236 3518 5311 providentia.

443 5641 557 5706 (25)
591 5639 654 5706 Β,
691 5633 874 5710 βραχῖ)
904 5655 963 5710 μ.
987 5653 1051 5710 π.
1084 5635 1190 5686 τῶν
1222 5632 1319 5710 1033
1354 5624 1641 5710 [ξι-λόγον.⁹
1661 5625 1876 5710 Anton.
1906 5614 1998 5674 Lit

2109 5613 2192 5705 ili?
2226 5629 2275 5669 ο,
2296 5611 2413 5710 βο
2425 5594 3040 5710 Αηῼδξτὶἶένημὶέελόγον
3068 5598 3308 5654 ἐποιεῖτο
3343 5591 3572 5674 βραχύν.

443 5673 557 5706 μιν]
593 5673 654 5706 υ,
691 5673 874 5710 Wa”.
904 5673 963 5707 ν..
1094 5673 1188 5686 .w.
1233 5673 1318 5686 .-ν
1355 5673 1406 5705 τ..
1439 5673 1625 5700 ..-,-.-
1661 5673 1854 5708 -_;_-__
1911 5673 1920 5674 η

351 5716 360 5724 ’
439 5712 556 5782 (26)
580 5710 764 5782 Epist.
798 5709 873 5765 ad
904 5706 1128 5782 Colossi.
1158 5721 1243 5782 ιιι,
1277 5703 1309 5760 3
1335 5696 1589 5782 εξΗέωὴ
1623 5694 1776 5782 iing
1803 5692 1998 5777 κέκρυετ

2109 5685 2226 5782 Γσὺν
2259 5687 2338 5772 τῖε
2370 5673 2591 5782 Χρξστῷ
2622 5673 2786 5782 {viiii
2808 5673 3059 5782 9.6513(1-

439 5739 556 5782 μου)
582 5739 764 5782 byw».
798 5739 873 5765 au
904 5739 1128 5763 umuaa.
1161 5739 1243 5772 ιιι,
1277 5739 1309 5760 υ
1335 5745 1349 5758 .
1396 5739 1440 5756 μ
1477 5739 1589 5767 ψη,
1623 5739 1769 5766 -rw.
1806 5739 1990 5764 αντη

436 5783 559 5857 (2‘1)
590 5783 614 5836 Ι
645 5783 830 5855 Epist.
864 5780 939 5837 ad
964 5778 1218 5834 Timoth.
1252 5792 1326 5843 ιν,
1358 5778 1421 5830 6:
1453 5766 1877 5844 Ἐντρεφόμενος
1908 5766 1995 5817 τοῖ

2109 5760 2242 5833 Βγοις
2272 5739 2373 5825 τῆς
2405 5739 2640 5809 πίστεώς
2660 5739 3092 5815 ικαῖτῆςκαλῆς
3122 5739 3500 5803 διδασκαλίας.
