4160 6376
583 367 688 422 867

2141 355 2510 412 ΔΒΒΕΝΒΔ.
3876 366 3962 424 868

653 493 785 548 CAP.
803 491 871 548 II.
889 522 953 533 —
977 491 1122 546 Cum
1146 487 1346 560 itaque
1371 483 1721 558 hujusmodi
1747 483 1935 557 caligo
1957 482 2205 539 Indorur

2317 547 2325 558 ⁵
2427 479 2591 536 ΚΕΦ.
2627 479 2703 537 B'.
2733 481 2843 550 Τῆς
2893 480 3156 552 τοιαύτης
3211 478 3303 538 οὖν
3363 483 3716 556 σκοτομήνης
3759 487 3849 558 τήν
3875 497 3962 548 τῶν

576 583 883 656 regionem
916 580 1250 645 invasisset,
1286 594 1353 633 ac
1398 576 1480 648 pii
1524 580 1584 630 et
1614 574 1804 630 sancti
1837 573 1943 628 viri
1975 573 2239 644 undique

575 668 1283 740 vexarentur,impietatis
1306 671 1504 722 autem
1531 667 2007 738 prOpugnatores
2025 663 2240 734 opibus

577 779 644 818 ac
666 761 931 833 potentia
950 760 1440 828 ﬂorerent,atque
1459 755 1771 811 cruoribus
1787 760 1844 810 et
1861 753 2238 809 victimarum

577 851 784 906 nidore
808 851 932 921 ipse
953 864 1188 918 quoque
1213 864 1315 902 aer
1337 846 1866 910 iniiceretur,unus
1890 861 1919 898 e
1938 843 2235 915 regiorum

575 947 943 1012 satraparum
960 932 2236 1010 principibus,anim1fortitudine,corporis-

573 1047 685 1101 que
711 1027 1118 1100 magnitudine
1140 1043 1208 1081 ac
1232 1024 1701 1098 pulchritudine,
1725 1024 2074 1094 caeterisque
2097 1021 2232 1077 aliis

567 1117 998 1190 rebus,quibus
1011 1116 1278 1188 corporis
1291 1115 1586 1187 elegantia
1600 1113 1845 1170 etanimi
1862 1112 2231 1185 generositas

559 1213 844 1279 tanquam
858 1207 1036 1262 certis
1052 1203 1405 1277 quibusdam
1421 1204 1577 1260 notis
1592 1203 1842 1276 exprimi
1859 1201 2230 1270 solent,alios

559 1313 770 1353 omnes
801 1293 1620 1359 antecellebat.Quamobrem
1640 1310 1775 1349 cum
1800 1293 2052 1364 impium
2076 1289 2227 1346 illud

559 1386 821 1443 edictum
853 1386 1142 1450 audisset,
1172 1384 1337 1440 inani
1364 1385 1474 1439 hac
1528 1389 1705 1455 atque
1737 1382 1904 1438 humi
1947 1386 2226 1454 serpente

559 1476 748 1550 gloria
771 1482 828 1532 et
853 1475 1084 1532 deliciis
1106 1475 1302 1530 valere
1317 1474 1526 1546 jussis,
1546 1474 1620 1529 ad
1648 1473 2081 1529 monachorum
2106 1489 2226 1528 caa-

560 1573 686 1623 tum
719 1584 848 1622 sese
880 1566 1232 1639 aggragavit,
1257 1570 1435 1636 atque
1459 1565 1520 1619 in
1552 1564 1701 1620 locis
1729 1563 2013 1620 solitariis
2045 1579 2220 1618 exsu-

561 1656 968 1728 lans,jejuniis
1000 1661 1060 1710 et
1086 1655 1320 1726 vigiliis,
1344 1670 1411 1709 ac
1433 1653 1703 1724 diligenti
1729 1653 2108 1708 oraculorum
2132 1650 2221 1706 di-

557 1749 831 1803 vinorum
849 1746 1236 1802 meditatione
1255 1762 1466 1801 sensus
1487 1761 1624 1799 suos
1647 1745 1918 1816 apprime
1943 1760 2218 1815 repurga-

554 1836 674 1904 bat,
698 1851 1085 1906 ammumque
1107 1835 1181 1890 ab
1204 1835 1366 1889 omni
1390 1833 1598 1889 vitiosa
1616 1833 1929 1889 affectione
1954 1833 2214 1888 solutum

554 1932 611 1982 et
638 1926 982 1991 adductum,
1018 1941 1087 1980 ea
1116 1925 1248 1980 luce
1282 1941 1462 1996 quam
1497 1924 1901 1995 tranquillitas
1923 1940 1957 1978 a
1986 1923 2212 1977 vitiosis

550 2015 963 2072 affectionibus
983 2015 1138 2086 parit
1161 2014 1517 2069 illustrabat.
1542 2015 1662 2069 Rex
1685 2018 2048 2079 autem,cum
2071 2028 2210 2067 eum

550 2106 842 2178 majorem
877 2105 937 2159 in
970 2103 1214 2159 modum
1262 2104 1558 2176 diligeret,
1591 2108 1771 2173 atque
1796 2102 1856 2157 in
1886 2103 2112 2158 honore
2143 2119 2211 2158 ac

552 2195 742 2266 pretio
774 2193 1040 2259 haberet,
1063 2198 1128 2248 ut
1152 2193 1263 2247 hoc
1285 2192 1529 2258 audivit,
1553 2190 1624 2246 de
1655 2191 1832 2247 amici
1847 2193 2086 2264 jactura
2106 2189 2209 2246 do-

548 2283 740 2338 lorem
758 2283 957 2338 animo
977 2281 1691 2353 cepit,vehementiusque
1707 2281 1992 2336 adversus
2008 2297 2213 2336 mona-

550 2373 694 2429 chos
725 2372 963 2428 exarsit.
995 2374 1186 2442 Atque
1217 2387 1350 2426 cum
1384 2370 1659 2426 homines
1691 2371 1764 2426 ad
1793 2388 1929 2426 eum
1960 2371 2209 2442 conqui-

545 2461 801 2518 rendum
821 2477 1299 2532 quaquaversum
1320 2459 2208 2532 misisset,et,quemadmodum

546 2550 720 2623 vulgo
752 2549 991 2617 dicitur,
1025 2549 1260 2604 nullum
1307 2566 1425 2604 non
1485 2549 1743 2620 lapidem
1778 2549 2059 2604 movisset
2089 2567 2206 2620 quo

546 2656 681 2695 eum
699 2639 1344 2710 inveniret,aliquando
1364 2645 1497 2710 post
1515 2638 1603 2692 illi
1619 2639 1717 2709 qui
1733 2639 1807 2694 ad
1822 2656 1956 2694 eum
1972 2639 2208 2694 investi-

543 2729 804 2802 gandum
829 2729 995 2784 missi
1017 2729 1348 2796 fuerant,ut
1366 2727 1576 2783 eumin
1603 2728 1926 2783 solitudine
1947 2746 2206 2785 commo-

539 2819 659 2873 rari
688 2818 1118 2884 senserunt,ita
1137 2818 1492 2888 perscrutati
1522 2821 1682 2885 sunt,
1709 2824 1775 2873 ut
1796 2819 2034 2874 tandem
2067 2836 2203 2873 eum

539 2908 1079 2979 arriperent,atque
1102 2907 1177 2962 ad
1195 2907 1350 2979 regis
1373 2907 1633 2962 tribunal
1656 2907 2083 2963 sisterentﬂex
2105 2925 2205 2964 au-

538 3003 822 3063 tem,cum
839 3014 974 3052 eum
993 2997 1094 3067 qui
1112 2997 1413 3068 quondam
1434 2996 1765 3069 splendidis
1787 2997 2050 3053 vestibus
2073 3003 2202 3053 ute-

535 3086 918 3157 batur,atque
942 3087 1002 3140 in
1026 3085 1258 3157 magnis
1295 3085 1527 3141 deliciis
1550 3087 1730 3142 vitam
1756 3086 2048 3159 exigebat,
2084 3093 2201 3142 tam

534 3174 733 3229 viliter
758 3179 817 3229 et
836 3174 1068 3245 abjecte
1092 3175 1396 3242 amictum,
1412 3191 1479 3230 ac
1505 3174 1799 3248 religiosae
1823 3176 2194 3232 exercitatio-

533 3265 631 3319 nis
656 3241 976 3336 asperitate
999 3263 1308 3326 afﬂictum,
1328 3241 1580 3336 vitaeque
1603 3241 1881 3320 solitaria)
1905 3266 2190 3322 exercita-
2226 3241 2268 3309 (ἶ

531 3355 714 3409 tionis
746 3354 1062 3425 asperitate
1096 3353 1405 3422 afﬂictum,
1432 3355 1681 3426 vitaeque
1714 3355 1995 3410 solitariae
2029 3356 2196 3428 signa

531 3443 691 3500 haud
704 3444 953 3499 obscure
966 3449 1296 3517 gestantem
1311 3444 1999 3515 conspexisset,mmrore
2018 3445 2125 3501 sim
2137 3444 2195 3500 ul

529 3539 707 3605 atque
721 3534 1030 3590 iracundia
1043 3534 1608 3606 implebatur,atque
1626 3551 1696 3590 ex
1710 3540 1962 3606 utroque
1976 3537 2191 3591 affectu

529 3628 866 3695 temperato
897 3641 1198 3692 sermone,
1233 3624 1316 3680 ita
1346 3641 1482 3678 eum
1512 3623 1812 3679 allocutus
1845 3630 1974 3679 est:

595 3733 638 3788 Ο
669 3749 873 3788 vecors
901 3737 960 3786 et
981 3732 1248 3796 demens,
1273 3731 1413 3802 quid
1443 3738 1496 3786 te
1527 3731 1774 3786 adduxit
1799 3737 1866 3786 ut
1897 3732 2189 3788 honorem

523 3840 660 3878 cum
673 3822 1088 3894 ignominia,et
1104 3822 1399 3876 illustrem
1417 3821 1666 3893 gloriam
1681 3838 1816 3876 cum
1833 3822 1989 3893 turpi
2004 3839 2071 3877 ac
2085 3822 2185 3877 de-

524 3912 756 3967 decoris
779 3912 956 3983 pleno
991 3911 1198 3966 habitu
1230 3916 1631 3966 commutares
1653 3912 1681 3966 ?
1711 3911 1940 3966 Siccine
1975 3917 2058 3980 tu,
2085 3913 2186 3982 qui

523 4019 706 4074 regno
741 4019 872 4056 meo
899 4006 1363 4073 praaeras,atque
1381 4001 1440 4054 in
1465 4001 1667 4072 copias
1685 4017 1848 4056 meas
1866 4002 2184 4073 imperium

521 4091 782 4146 militare
796 4090 1397 4161 obtinebas.teipsum
1417 4107 1736 4161 puerorum
1759 4091 2083 4146 ludibrium
2101 4091 2183 4145 ef-

517 4181 809 4247 fecisti,ac
823 4197 942 4235 non
958 4179 1133 4234 modo
1150 4195 1298 4234 meae
1311 4180 1589 4235 amicitiae
1603 4181 1954 4235 memoriam
1971 4198 2040 4236 ex
2054 4181 2184 4236 ani-

517 4287 614 4325 mo
637 4269 846 4341 procul
869 4269 1336 4340 ejecisti,verum
1360 4269 1537 4324 etiam
1564 4269 1845 4325 adversus
1864 4270 2054 4341 ipsam
2083 4287 2184 4325 na-

516 4364 712 4414 turam
726 4359 1015 4429 impetum
1027 4357 1317 4422 fecisti,ac
1331 4375 1405 4412 ne
1422 4365 1655 4414 tuorum
1671 4359 1913 4430 quidem
1929 4360 2184 4416 ﬁliorum

523 4448 908 4504 miseratione
939 4449 1209 4516 affectus,
1246 4453 1370 4502 tum
1421 4465 1585 4520 opes,
1620 4455 1745 4503 tum
1778 4465 2016 4504 omnem
2047 4450 2178 4505 vita:

521 4537 905 4608 splendorem
929 4554 1033 4608 pro
1059 4537 1248 4592 nihilo
1271 4539 1517 4609 putasti,
1542 4544 1890 4609 tantamque
1921 4539 2180 4612 ignomi-

2351 567 2535 623 Ἰνδῶν
2567 565 3014 642 καταλαϐούσης,
3070 570 3161 626 καὶ
3217 576 3325 627 τῶν
3387 572 3487 645 μὲν
3518 576 3720 629 πιστῶν
3745 578 3964 638 πάντοθεν

2349 656 2755 731 ἐλαυνομένων,
2803 664 2912 715 τῶν
2958 657 3018 716 δὲ
3064 663 3163 730 τῆς
3212 657 3456 728 ἀσεϐείας
3489 663 3962 746 ὖπασπιστωνκρα-

2346 747 2684 820 τυνομένων,
2744 748 2938 821 αἳμασί
2995 770 3055 804 τε
3106 750 3197 805 καὶ
3256 751 3460 814 κνίσαις
3519 756 3629 807 τῶν
3677 759 3862 818 θυσιῶν
3897 761 3961 815 καὶ

2346 835 2512 890 αὐτοῦ
2545 833 2612 906 δή
2660 841 2762 892 τοῦ
2809 837 2966 912 ἀέρος
3019 840 3420 913 μολυνομένου,
3468 843 3549 903 εἴς
3577 846 3684 897 τῶν
3714 847 3807 898 τοῦ
3839 847 3962 919 βασι-

2346 923 2507 997 λέως,
2571 926 2994 1004 ἀρχισατράπης
3062 929 3162 998 τὴν
3238 929 3411 1003 ἀξίαν,
3473 933 3662 1006 ψυχῆς
3715 939 3961 1008 παραστή-

2347 1036 2499 1087 ματι,
2533 1016 2752 1092 μεγέθει
2806 1038 2864 1073 τε
2923 1018 3012 1073 καὶ
3071 1018 3290 1090 κάλλει,
3343 1022 3436 1075 καὶ
3481 1026 3645 1075 πᾶσιν
3697 1019 3878 1086 ἄλλοις
3901 1030 3961 1092 οἷς

2345 1103 2461 1179 ὥρα
2493 1106 2751 1178 σώματος
2796 1105 2887 1161 καὶ
2935 1108 3258 1178 γενναιότης
3306 1111 3496 1185 ψυχῆς
3543 1106 3792 1187 ἀνδρείας
3818 1132 3957 1190 χαραο

2337 1194 2685 1280 κτηρίζεσθαι
2738 1196 2963 1275 πέφυκε,
3022 1202 3130 1254 τῶν
3182 1196 3370 1255 ἄλλων
3408 1199 3676 1276 ἐτύγχανε
3707 1197 3958 1280 διάφέρων,

2336 1284 2405 1338 Τὸ
2463 1279 2654 1348 ἀσεϐὲς
2709 1283 2800 1340 οὖν
2882 1285 3056 1342 ἐκεῖνο
3132 1286 3462 1365 πρόσταγμα
3521 1289 3756 1354 ἀκούσας
3807 1279 3958 1364 οὗτος,

2335 1371 2548 1448 χαίρειν
2584 1373 2750 1430 εἰπὼν
2781 1379 2850 1450 τῇ
2905 1375 3108 1450 ματαίᾳ
3160 1377 3330 1453 ταύτῃ
3379 1378 3470 1434 καὶ
3526 1381 3676 1435 κάτω
3721 1382 3956 1459 συρομένῃ

2335 1459 2462 1537 δόξῃ
2489 1484 2548 1518 τε
2575 1463 2665 1518 καὶ
2696 1469 2899 1544 τρυφῇ,
2956 1472 3076 1530 ταῖς
3132 1472 3242 1523 τῶν
3305 1473 3574 1544 μοναχῶν
3623 1468 3839 1546 λογάσιν
3864 1471 3955 1527 ἐαυ-

2331 1551 2420 1606 τὸν
2479 1551 2841 1628 ἐγκατέμιξεν,
2934 1556 3224 1633 ὑπερόριος
3281 1558 3582 1634 γενόμενος
3658 1557 3709 1614 ἐν
3765 1559 3955 1636 ἐρήμοις

2328 1643 2545 1716 τόποις,
2578 1645 2852 1716 νηστείαις
2881 1667 2940 1702 τε
2976 1647 3067 1702 καὶ
3118 1648 3442 1724 ἀγρυπνίαις
3471 1649 3564 1705 καὶ
3595 1653 3666 1725 τῇ
3695 1655 3800 1706 τῶν
3828 1652 3952 1708 θείων

2331 1728 2542 1808 λογίων
2601 1733 2857 1808 ἐπιμελεῖ
2919 1735 3120 1813 μελέτῃ
3173 1739 3268 1801 τάς
3326 1738 3610 1811 αίσθήσεις
3669 1737 3850 1817 ἄριστα
3887 1741 3954 1798 ἐκ·

2327 1823 2587 1898 καθάρας,
2618 1823 2709 1879 καὶ
2739 1826 2838 1894 τήν
2867 1828 3077 1902 ψυχὴν,
3127 1829 3305 1900 πάσης
3356 1827 3682 1902 ἀπαλλάξας
3711 1829 3950 1902 ἐμπαθοῦς

2321 1913 2582 1987 σχέσεως,
2639 1918 2720 1986 τῷ
2804 1917 2905 1985 τῆς
2991 1917 3252 1981 ἀπαθείας
3309 1918 3449 1998 φωτὶ
3509 1919 3944 1994 κατελάμπρυνεν.

2319 2005 2366 2059 9
2398 2003 2459 2060 Ὀ
2492 2000 2549 2058 δὲ
2583 2002 2862 2079 βασιλεὺς,
2914 2004 3054 2061 πάνυ
3104 2011 3297 2064 τοῦτον
3348 2007 3531 2086 φιλῶν
3571 2011 3662 2065 καὶ
3695 2007 3782 2066 διὰ
3805 2018 3944 2084 τιμῆς

2317 2087 2482 2167 ἄγων,
2529 2093 2605 2158 ὡς
2652 2091 2852 2164 ἤκουσε
2897 2100 3085 2168 ταῦτα,
3135 2095 3347 2174 ἤλγησε
3402 2099 3499 2173 μὶν
3536 2101 3638 2170 τήν
3668 2101 3841 2176 ψυχὴν
3869 2099 3936 2155 ἐπὶ

2315 2183 2385 2253 τῇ
2438 2185 2540 2236 τοῦ
2597 2181 2763 2261 φίλου
2816 2185 3087 2260 στερήσει,
3147 2185 3402 2259 ἐξεκαύθη
3450 2185 3511 2244 δὲ
3539 2186 3710 2245 πλέον
3739 2194 3804 2265 τῇ
3830 2189 3938 2244 κατᾶ

2315 2273 2424 2326 τῶν
2479 2271 2823 2344 μοναζόντων
2877 2274 3036 2351 ὀργῇ,
3085 2276 3192 2332 Καὶ
3239 2274 3306 2348 δὴ
3349 2279 3488 2334 κατά
3535 2279 3758 2350 ζήτησιν
3800 2278 3935 2334 αὐτοῦ

2315 2365 2599 2438 πανταχοῦ
2629 2361 2978 2434 ἀποστείλας,
3037 2364 3128 2421 καὶ
3187 2376 3363 2423 πάντα
3420 2367 3582 2433 λίθον
3635 2370 3864 2441 κινήσας,
3888 2367 3936 2422 τὸ

2313 2455 2411 2506 τοῦ
2472 2448 2641 2526 λόγου
2697 2455 2833 2527 (28),
2895 2453 3035 2510 ὥστε
3089 2460 3282 2512 τοῦτον
3362 2455 3635 2536 ἐφευρεῖν,
3695 2459 3822 2532 μετά
3865 2455 3934 2513 οὖν

2318 2541 2518 2616 χρόνον
2552 2542 2735 2598 ἱκανὸν
2796 2544 2848 2599 οἱ
2902 2544 2980 2608 εἷς
3030 2545 3350 2619 ἐπιζήτησιν
3401 2547 3573 2604 αὐτοῦ
3617 2550 3930 2627 πεμφθέντες,

2315 2631 2390 2695 ὡς
2418 2629 2652 2706 ᾔσθοντο
2701 2631 2754 2688 ἐν
2810 2632 3043 2710 ἐρήμοις
3093 2637 3257 2692 αὐτὸν
3311 2637 3410 2704 τὰς
3458 2637 3707 2710 οἶκήσεις
3747 2634 3929 2714 ἔχοντα,

2312 2717 2750 2798 διερευνήσαντες
2796 2725 2886 2780 καὶ
2937 2721 3366 2802 συλλαϐόμενοι,
3419 2733 3498 2801 τῷ
3545 2733 3644 2784 τοῦ
3695 2727 3927 2806 βασιλέως

2310 2812 2651 2888 παρέστησαν
2711 2814 2942 2889 βήματι.
3001 2812 3158 2871 Ἰδὼν
3207 2814 3264 2872 δὲ
3319 2818 3484 2874 αὐτὸν
3541 2818 3594 2874 ἐν
3641 2817 3778 2874 οὕτω
3805 2839 3924 2874 πενισ

2312 2906 2424 2977 χρᾷ
2473 2902 2564 2956 καὶ
2611 2901 2928 2979 τραχυτάτῃ
2976 2903 3160 2975 ἐσθῆτι
3207 2908 3301 2963 τὸν
3354 2904 3641 2985 λαμπροῖς
3671 2929 3796 2964 ποτε
3819 2908 3924 2982 ἱμα-

2305 2991 2447 3055 τίοις
2506 2995 2908 3072 ἠμφιεσμένον,
2969 2997 3057 3052 καὶ
3115 2997 3206 3053 τὸν
3266 2996 3458 3074 πολλῇ
3511 3005 3756 3071 συζῶντα
3781 3002 3923 3075 τρυφῇ

2303 3085 2757 3158 τεταριχευμένον
2837 3089 2906 3159 τῇ
2970 3084 3188 3158 σκληρᾷ
3238 3095 3337 3159 τῆς
3395 3088 3680 3161 ἀσκήσεως
3746 3091 3926 3165 ἀγωγῇ,

2304 3172 2394 3226 καὶ
2451 3176 2546 3226 τοῦ
2605 3172 2876 3248 ἐρημικοῦ
2939 3175 3062 3252 βίου
3150 3175 3396 3252 ἐναργῶς
3473 3179 3836 3254 περικείμενον
3879 3175 3925 3246 τὰ

2304 3259 2681 3337 γνωρίσματα,
2739 3259 2924 3334 λύπης
2980 3266 3123 3338 ὁμοῦ
3192 3265 3283 3321 καὶ
3345 3265 3516 3344 ὀργῆς
3574 3265 3922 3342 ἐπεπλήρωτο,

2304 3351 2418 3423 καὶ,
2473 3349 2524 3422 ἐξ
2585 3351 2788 3431 ἀμφοῖν
2844 3354 2937 3410 τὸν
2997 3352 3160 3430 λὸγον
3219 3357 3475 3434 κεράσας,
3531 3353 3633 3437 ἔφη
3687 3359 3815 3434 πρὸς
3849 3355 3922 3411 αὖ·

2303 3439 2395 3495 τόν

2371 3735 2435 3786 Ὦ
2467 3731 2666 3802 ἀνόητε
2721 3732 2811 3788 καὶ
2871 3729 3259 3812 φρενοϐλαϐὲς,
3321 3736 3477 3803 τίνος
3535 3741 3700 3816 χάριν
3747 3735 3920 3808 ἀντηλ-

2300 3819 2450 3893 λάξω
2491 3821 2592 3889 τῆς
2641 3829 2812 3896 τιμῆς
2856 3822 3144 3899 αἰσχύνην,
3203 3827 3291 3882 καὶ
3352 3832 3454 3894 τῆς
3500 3828 3756 3906 λααπρᾶς
3785 3825 3918 3897 δόξης

2297 3911 2397 3979 τήν
2431 3911 2730 3987 ἀσχήμονα
2757 3913 2959 3984 ταύτην
3015 3912 3160 3971 ἰδέαν
3189 3936 3203 3986 ;
3263 3918 3326 3974 Ὁ
3380 3917 3651 3996 πρόεδρος
3680 3927 3777 3989 τῆς
3803 3917 3918 3990 ἐμῆς

2303 4002 2580 4078 βασιλείας
2629 4004 2718 4059 καὶ
2775 4004 3217 4082 ἀρχιστράτηγος
3273 4015 3374 4079 τῆς
3428 4008 3569 4084 ἐμῆς
3617 4008 3915 4076 δυναστείας,

2297 4091 2544 4169 παίγνιον
2604 4093 2899 4168 μειρακίων
2959 4097 3181 4152 σεαυτὸν
3238 4102 3601 4171 καταστήσας,
3662 4101 3723 4156 ού
3781 4096 3917 4173 μόνον

2295 4187 2394 4248 τῆς
2425 4180 2696 4256 ἡμετέρας
2755 4181 2942 4260 φιλίας
3001 4186 3092 4240 καὶ
3148 4184 3457 4264 παῤῥησίας
3518 4188 3722 4266 μακρὰν
3769 4186 3915 4257 λήθην

2297 4270 2640 4346 πεποιηκὼς,
2699 4272 2847 4328 ἀλλά
2903 4274 2990 4329 καὶ
3046 4273 3216 4340 αὐτοῖς
3269 4277 3660 4350 κατεξαναστάς
3716 4283 3808 4347 τῆς
3837 4271 3920 4351 φύ·

2295 4381 2451 4432 σεως,
2510 4361 2602 4417 καὶ
2665 4360 2806 4436 μηδὲ
2860 4367 2967 4419 τῶν
3030 4362 3184 4423 ἰδίων
3241 4367 3448 4425 τέκνων
3503 4369 3680 4425 οἶκτον
3737 4359 3913 4429 λαϐὼν,

2293 4449 2535 4507 πλοῦτόν
2588 4473 2648 4508 τε
2697 4452 2787 4507 καὶ
2841 4459 3015 4509 πᾶσαν
3062 4456 3163 4524 τήν
3215 4459 3314 4512 τοῦ
3347 4457 3468 4533 βίου
3497 4455 3830 4536 περιφάνειαν
3853 4449 3916 4510 εἰς

2294 4543 2410 4616 Ιθ,
2455 4538 2608 4597 οὐδὲν
2669 4542 3054 4619 λογισάμενος,
3111 4546 3214 4614 τήν
3267 4551 3538 4620 τοσαύτην
3595 4545 3796 4620 ἀδοξίαν
3831 4546 3914 4609 τῆς

523 4625 685 4681 niam
711 4632 830 4681 tam
855 4626 1158 4682 luculenta
1178 4627 1366 4699 gloria
1383 4627 1677 4698 potiorem
1702 4633 1762 4682 et
1791 4628 2188 4700 praestabilio-

2317 4625 2673 4705 τεριϐλέπτου
2704 4617 3028 4709 προέκρινας
3080 4631 3263 4706 δόξης,
3308 4633 3404 4693 ἵνα
3446 4617 3502 4694 τί
3551 4657 3640 4692 σοι
3682 4617 3912 4711 γένηται;

525 4732 651 4771 rem
677 4715 977 4772 habuisti?
997 4717 1289 4782 Quidnam
1305 4722 1360 4771 te
1379 4717 1453 4771 ad
1472 4717 1583 4772 hoc
1606 4717 2187 4790 impulit,cujusnam

523 4805 675 4862 lucri
709 4824 867 4878 spes,
899 4812 965 4861 ut
998 4823 1133 4862 eum
1166 4807 1269 4878 qui
1298 4808 1466 4861 Jesus
1517 4806 1862 4862 nominatur
1910 4808 2187 4864 omnibus

521 4896 636 4951 diis
668 4903 846 4968 atque
877 4896 1225 4952 hominibus
1256 4900 1676 4966 anteponeres,
1700 4913 1767 4951 ac
1798 4896 2007 4953 duram
2032 4898 2186 4955 hanc

517 4987 1068 5059 etsuperstitiosam
1088 4986 1220 5040 vitae
1239 4986 1533 5040 rationem
1550 4987 1914 5044 suavissima:
1933 4989 2184 5062 hujusce

514 5077 648 5132 vitaa
682 5076 1139 5133 oblectamentis
1171 5076 1499 5131 anteferres
1519 5076 1547 5132 ?

590 5167 708 5224 Hac
739 5167 1008 5222 oratione
1040 5165 1266 5233 audita,
1292 5166 1380 5220 vir
1402 5166 1504 5221 ille
1533 5165 1654 5235 Dei,
1679 5166 1878 5240 lepida
1909 5167 2090 5226 simul
2111 5187 2180 5227 ac

2299 4720 2399 4775 Καὶ
2441 4721 2494 4776 τί
2539 4719 2781 4777 ἐντεῦθεν
2836 4721 3146 4799 κερδήσας,
3202 4724 3286 4781 ὅτι
3343 4728 3558 4784 πάντων
3608 4731 3738 4792 θεῶν
3764 4717 3910 4779 τεκαὶ

2296 4807 2595 4883 ἀνθρώπων
2648 4812 2744 4868 τὸν
2802 4810 3101 4889 λεγόμενον
3154 4815 3562 4891 προτετίμηκας
3592 4818 3812 4887 Ἰησοῦν,
3840 4803 3912 4864 καὶ

2293 4899 2394 4968 τήν
2454 4900 2697 4977 σκληρὰν
2771 4902 2972 4974 ταύτην
3050 4904 3141 4960 καὶ
3217 4903 3507 4982 δυσείμονα
3562 4905 3772 4982 ἀγωγην
3821 4901 3909 4954 τῶν

2293 4987 2469 5061 ἡδέων
2500 4991 2590 5047 καὶ
2620 4991 3040 5049 ἀπολαυστικῶν
3068 4999 3164 5050 τοῦ
3193 4995 3534 5072 γλυκυτάτου
3567 4996 3722 5073 βίους

2362 5172 2584 5230 Τούτων
2642 5171 2877 5237 ἀκούσας
2926 5175 2954 5230 ὁ
3011 5177 3108 5230 τοῦ
3162 5179 3299 5232 Θεοῦ
3355 5174 3637 5254 ἅνθρωπος
3666 5176 3767 5248 (30)
3791 5167 3906 5225 ἐκεῖ·

733 5301 864 5390 Yita
900 5301 970 5389 ἓ.
1003 5299 1404 5390 Nilijun‘ioris
1452 5319 1509 5372 p.
1546 5303 1634 5390 8:“
1671 5304 1775 5390 T35
1834 5298 1914 5390 δὲ
1950 5308 2205 5390 πᾶσανΑμ

2317 5307 2442 5376 ινήν
2495 5307 2585 5390 καὶ
2637 5305 3016 5390 πάντα,λίθον
3072 5315 3356 5377 κινοῦντος
3411 5311 3558 5375 ὅπως
3586 5310 3644 5390 τὸ
3687 5305 3899 5390 toto?!“

517 5371 715 5501 ἀγαθὸν
747 5371 1034 5444 ἐμποδίσῃ.
1070 5371 1193 5428 Nic.
1229 5374 1395 5455 (ἔζεε.
1428 5371 1548 5455 Vit-ll,
1604 5375 1655 5440 3,
1702 5377 1735 5428 2
1768 5391 1780 5428 :
1838 5373 2018 5456 I_Iciv1:a
2069 5371 2205 5431 Λίθοε

514 5465 555 5500 π
583 5465 734 5501 τοον.
770 5444 1000 5500 Heracl.
1034 5445 1160 5501 997.
1195 5445 1293 5498 ubi
1329 5445 1588 5501 plurima
1621 5461 1892 5501 apposui.

2317 5371 2460 5450 ινῶν,
2512 5379 2575 5436 τὸ
2629 5385 2727 5435 τοῦ
2778 5379 2968 5456 λόγου.
3016 5371 3506 5458 Euripides-dixit
3531 5371 3690 5440 πάντα
3715 5382 3899 5444 κινῆσ(ιι

653 5466 734 5500 ον.
770 5444 1000 5500 Heracl.
1034 5445 1160 5507 997,
1195 5445 1293 5498 ubi
1329 5444 1588 5516 plurima
1621 5447 1892 5516 apposui.

645 5521 700 5590 9)
733 5511 1413 5593 Lemma_§netricum'iii
1446 5519 1493 5570 A
1515 5533 1528 5570 :
1553 5511 1778 5593 :owoéic
1821 5511 2053 5593 ᾍϐενήρ

2114 5515 2339 5606 ἀσεϐοῦς
2391 5519 2664 5606 βασιλέως
2721 5523 2867 5599 Πρὸς
2926 5524 3209 5604 σατράπην
3258 5530 3534 5606 μέγιστον,
3570 5525 3768 5603 μονήρη
3800 5514 3894 5594 βίον

513 5585 637 5671 Τῆς
650 5585 929 5671 κοσμικῆς
958 5585 1523 5671 ἀξίας-ἐκλεξάμενον..
1552 5589 1700 5671 Puto
1733 5585 2205 5671 scribendum,

2317 5585 2644 5671 Mﬁypévov,

587 5661 698 5731 (30)
722 5661 961 5745 bocutio
994 5665 1090 5745 est
1108 5659 1347 5745 biblica,
1370 5659 1603 5745 “smpigs
1623 5659 1697 5718 ab
1722 5667 1964 5719 auctore
1995 5659 2397 5724 adhibitafAd
2417 5659 2748 5727 orationem
2780 5676 3032 5745 satrapae
3063 5672 3286 5732 lemma
3307 5681 3398 5733 est
3419 5673 3718 5734 metricum
3743 5666 3798 5722 in
3819 5661 3890 5716 A:

515 5725 852 5807 Σοφωτάτου
881 5734 974 5787 νῦν
1003 5727 1241 5804 διδαχὴν
1265 5725 1496 5807 φαιδρὰν
1529 5728 1652 5804 ὅρα,
