4160 6372
325 334 447 391 869

1514 338 1690 392 VITA
1725 336 2081 394 BABLAAM
2116 339 2211 393 ET
2244 340 2568 397 JOASAPB

3650 343 3761 401 870

320 481 443 529 νος,
478 456 783 534 χαριέντως
815 458 929 532 ἅμα
957 457 1049 513 καὶ
1100 456 1326 532 ὁμαλῶς
1383 460 1737 535 ἀπεκρίνατο·
1774 460 1835 517 Εί
1897 457 1997 516 λό-

2116 462 2431 534 placida,et
2453 464 2733 536 mquabili
2758 482 2898 522 voce
2914 465 2986 522 ad
3000 466 3157 523 hunc
3172 467 3415 524 modum
3436 472 3764 543 respondit:

317 572 420 626 γον
452 547 593 624 πρός
631 569 699 621 με
725 553 949 623 συνᾶραι
981 547 1183 615 θέλεις,
1211 550 1256 603 ῶ
1313 547 1573 625 βασιλεῦ,
1603 549 1731 612 τοὺς
1764 548 1997 626 ἐχθρούς

322 663 425 697 σου
483 639 545 696 ἐκ
604 643 772 713 μέσου
829 642 927 694 τοῦ
989 636 1349 716 δικαστηρίου
1405 639 1663 711 ποίησον,
1714 641 1805 696 καὶ
1844 664 1999 713 τηνι-

320 735 497 786 καῦτα
527 728 935 804 ἀποκρινοῦμαί
966 750 1055 783 σοι
1100 729 1226 804 περὶ
1286 731 1359 785 ὧν
1418 728 1479 785 ἄν
1515 733 1754 806 ζητήσῃς
1784 734 1996 805 μαθεῖν·

326 821 551 877 ἐκείνων
579 818 680 896 γὰρ
729 819 1125 894 συμπαρόντων
1191 841 1299 889 σοι,
1355 819 1533 883 οὐδεὶς
1592 820 1716 895 ἐμοὶ
1775 822 1912 896 πρὸς
1942 823 1999 877 σὲ

329 908 522 986 λόγος.
580 909 771 971 Ἐκτὸς
831 905 888 962 δὲ
954 906 1123 986 λόγου
1178 911 1450 984 τιμώρει,
1513 912 1730 988 σφάττε,
1792 911 2001 967 ποίειὸ

331 999 536 1065 θέλεινο
598 996 723 1072 ἐμοὶ
778 997 880 1074 γάρ
930 999 958 1052 6
1016 998 1226 1072 κόσμος
1304 999 1661 1074 ἐσταύρωται,
1721 1000 1872 1077 κάγὼ
1921 1004 2000 1073 τῷ

328 1090 555 1163 κόσμῳ,
589 1086 750 1166 φησὶν
778 1088 806 1141 6
840 1092 984 1151 θεῖος
1015 1089 1106 1143 καὶ
1165 1086 1297 1161 ἐμὸς
1358 1086 1685 1151 διδάσκαλος
1720 1092 1852 1164 (31).
1886 1093 1999 1147 Τοῦ

332 1177 395 1235 δὲ
430 1176 702 1256 βασιλέως
729 1176 1005 1245 εἷπόντος,
1036 1178 1136 1232 Καὶ
1163 1177 1301 1241 τίνες
1334 1180 1391 1233 οἱ
1448 1179 1641 1254 ἐχθροὶ
1696 1181 1869 1249 οὗτοι,
1904 1178 1998 1242 οὕς

331 1268 395 1325 ἐκ
427 1269 599 1342 μέσου
646 1267 874 1336 ποιῆσαί
931 1288 999 1341 με
1054 1267 1412 1345 προστάσσεις
1472 1288 1485 1339 ;
1546 1270 1708 1347 φησὶν
1768 1271 1795 1324 ὁ
1854 1274 2000 1334 θεῖος

324 1358 491 1434 ἀνήρ·
552 1358 617 1415 Ὁ
674 1357 846 1431 θυμὸς
918 1357 1010 1413 καὶ
1071 1359 1106 1428 ἡ
1167 1358 1450 1432 ἐπιθυμία’
1537 1364 1705 1414 ταῦτα
1785 1359 1887 1436 γάρ
1946 1358 1998 1431 ἐξ

328 1448 517 1523 ἀρχῆς
551 1448 648 1520 μὲν
681 1446 927 1522 συνεργοὶ
984 1454 1086 1518 τῆς
1138 1449 1349 1525 φύσεως
1386 1449 1491 1504 ὑπὸ
1520 1453 1619 1503 τοῦ
1653 1447 1997 1526 δημιουργοῦ

329 1539 731 1613 παρήγνθησαν,
760 1536 852 1591 καὶ
904 1541 996 1591 νῦν
1056 1538 1317 1600 ὡσαύτως
1366 1538 1556 1614 έχουσι
1597 1544 1718 1602 τοῖς
1757 1541 1832 1612 μὴ
1866 1541 2001 1594 κατά

335 1632 510 1703 σάρκα
548 1625 1029 1700 πολιτευομένοις,
1088 1626 1235 1683 ἀλλὰ
1287 1629 1423 1683 κατὰ
1481 1632 1695 1702 πνεῦμα
1751 1632 1881 1701 (32)·
1942 1628 1993 1683 ἐν

342 1717 476 1790 ὑμῖν
508 1714 584 1785 δὶ,
614 1714 811 1779 οἵτινες
865 1717 928 1771 τὸ
985 1716 1117 1771 ’ὀλον
1168 1716 1285 1772 ἐστὶ
1344 1719 1554 1791 σάρκες,
1618 1715 1787 1791 μηδὲν
1834 1713 1993 1773 ἕχον-

342 1826 436 1868 τες
462 1810 555 1861 τοῦ
584 1805 917 1879 πνεύματος,
950 1804 1217 1862 ἀντίδικοι
1279 1804 1560 1883 γεγόνασι,
1619 1807 1708 1861 καὶ
1766 1808 1833 1862 τά
1888 1811 1995 1862 τῶν
2033 1844 2075 1909 Β

341 1894 556 1971 ἐχθρῶν
616 1896 704 1951 καὶ
766 1893 1053 1964 πολεμίων
1115 1894 1559 1966 διαπράττονται.
1592 1898 1655 1953 ἸΙ
1718 1896 1823 1972 γάρ
1878 1896 2000 1951 ἐπι-

337 1984 510 2057 θυμία
540 1984 593 2039 ἐν
625 1984 775 2058 ὑμῖν,
808 1984 1171 2060 ἐνεργουμένη
1210 1985 1329 2059 μὶν,
1388 1983 1593 2055 ἡδονὴν
1638 1989 1749 2059 (33)
1782 1985 1999 2062 ἐγείρει,

336 2077 438 2131 ΙΙ
493 2073 912 2149 καταργουμένη
976 2072 1057 2142 δὶ,
1118 2074 1309 2148 θυμόν.
1363 2077 1607 2132 Ἀπέστω
1664 2075 1755 2131 οὖν
1834 2080 2001 2131 ταῦτα

338 2166 587 2239 σήμερον
621 2164 725 2219 ἀπὸ
756 2165 874 2231 σοῦ,
932 2166 1446 2241 προκαθεζέσθωσαν
1506 2163 1563 2220 δὲ
1614 2164 1690 2228 εἷς
1744 2166 1999 2241 ἀκρόασιν

331 2257 451 2309 τῶν
482 2251 795 2328 λεγομένων
823 2254 912 2309 καὶ
946 2252 1119 2329 κρίσιν
1161 2256 1197 2324 ἡ
1253 2255 1518 2331 φρόνησις
1575 2255 1668 2311 καὶ
1722 2257 1758 2325 ἡ
1794 2253 2004 2311 δικαιο-

336 2342 501 2413 σῦνη.
527 2343 591 2399 El
622 2342 725 2419 γάρ
745 2344 837 2398 τὸν
864 2344 1038 2417 θυμὸν
1095 2345 1183 2399 καὶ
1244 2345 1344 2413 τὴν
1396 2344 1687 2418 ἐπιθυμίαν
1745 2346 1804 2400 ἐκ
1838 2344 2002 2419 μέσου

335 2436 619 2507 ποιήσεις,
652 2434 981 2507 ἀντεισάξεις
1021 2433 1077 2490 δὲ
1134 2436 1235 2505 τὴν
1293 2434 1558 2514 φρόνησιν
1616 2436 1706 2492 καὶ
1756 2438 1856 2505 τὴν
1918 2434 2003 2491 δι-

333 2524 659 2594 καιοσύνην,
690 2524 1017 2602 φιλαλήθως
1048 2526 1222 2581 πάντα
1256 2523 1395 2596 λέξω
1435 2546 1541 2582 σοι.
1575 2528 1718 2601 Πρὸς
1775 2530 1944 2580 ταῦτα
1976 2526 2003 2580 ὁ

342 2612 607 2692 βασιλεὺς
638 2610 763 2692 ἔφη·
800 2611 965 2684 Ἰδοὺ,
1009 2612 1151 2687 εἴξας
1210 2636 1306 2669 σου
1362 2618 1431 2689 τῇ
1485 2614 1727 2686 ἀξιώσει,
1785 2611 2004 2671 ἐκϐαλῶ

340 2707 445 2758 τοῦ
504 2701 785 2780 συνεδρίου
837 2705 939 2775 τήν
995 2724 1054 2759 τε
1106 2703 1398 2779 ἐπιθυμίαν
1457 2704 1549 2760 καὶ
1632 2705 1724 2761 τὸν
1811 2706 2002 2778 θυμὸν,

345 2794 601 2868 μεσάζειν
672 2790 729 2848 δὲ
815 2794 913 2863 τὴν
986 2794 1248 2871 φρόνησιν
1326 2794 1417 2849 καὶ

340 2885 591 2954 ποιήσω.
624 2884 763 2958 Λέγε
796 2904 889 2957 μοι
914 2882 1111 2940 λοιπὸν
1171 2882 1341 2947 ἀδεῶς
1390 2886 1554 2949 πόθεν
1585 2906 1670 2939 σοι
1698 2886 1732 2955 ἡ
1765 2884 2001 2954 τοσαύτη

341 2972 563 3049 ἐγένετο
612 2970 821 3044 πλάνη,
881 2974 971 3029 καὶ
1027 2974 1089 3029 τὸ
1147 2979 1419 3049 προτιμᾷν
1458 2974 1525 3029 τά
1581 2974 1633 3030 ἐν
1682 2981 1860 3038 κεναῖς
1894 2978 2004 3049 (34)

340 3062 533 3118 ἐλπίσι
563 3067 671 3118 τῶν
704 3061 755 3118 ἐν
796 3064 954 3139 χερσὶ
1019 3064 1399 3140 βλεπομένων.
1459 3065 1806 3141 Ἀποκριθεὶς
1864 3063 1921 3121 δὲ
1977 3066 2005 3120 6

337 3152 619 3229 ἐρημίτης
650 3154 815 3210 εἶπεψ

1499 2795 1599 2864 τὴν
1653 2792 2001 2865 δικαιοσύνην

417 3424 482 3482 Εἴ
506 3425 605 3495 τήν
637 3423 818 3500 ἀρχὴν
870 3429 1071 3496 ζητεῖς,
1127 3426 1172 3480 ὧ
1235 3422 1481 3500 βασιλεῦ,
1541 3427 1706 3491 πόθεν
1767 3426 1859 3499 μοι
1920 3422 2014 3500 γέ-

338 3536 475 3592 γονε
502 3518 610 3570 τῶν
644 3514 993 3589 προσκαίρων
1040 3516 1132 3588 μὲν
1188 3513 1489 3590 ὑπεριδεῖν,
1551 3516 1680 3572 ὅλον
1732 3513 1789 3570 δὶ
1844 3514 2013 3588 ἐμαυ-

342 3606 445 3661 τὸν
502 3610 617 3667 ταῖς
675 3604 923 3668 αἷωνίοις
973 3602 1254 3660 ἐπιδοῦναι
1318 3603 1559 3677 ἐλπίσιν,
1614 3603 1861 3663 ἄνουσον.
1924 3606 2011 3660 Ἐν

350 3692 591 3767 ἡμέραις
619 3695 901 3771 ἀρχαίαις,
931 3692 1010 3751 ἔτι
1040 3692 1248 3768 κομιδῆ
1278 3696 1402 3757 νέος
1462 3695 1752 3770 ὑπάρχων,
1801 3692 2014 3763 ἤκουσά

346 3804 405 3839 τι
440 3782 591 3859 ῥῆμα
619 3782 815 3859 ἀγαθὸν
848 3783 938 3839 καὶ
973 3786 1269 3861 σωτήριον,
1318 3782 1408 3839 καί
1472 3804 1538 3858 με
1585 3784 1702 3839 κατ’
1754 3784 1918 3859 ἄκρας
1975 3785 2010 3853 ἡ

344 3872 552 3928 τούτου
584 3869 809 3947 δύναμις
841 3873 972 3942 εἷλε,
1032 3874 1147 3944 καὶ,
1209 3874 1390 3949 ὥσπερ
1440 3895 1523 3936 τις
1584 3874 1726 3935 θεῖος
1786 3871 2011 3945 σπόρος,

344 3965 384 4033 ἡ
418 3961 618 4018 τούτου
654 3965 872 4037 μνήμη,
923 3968 993 4038 τῇ
1045 3962 1152 4038 ἐμῇ
1211 3966 1530 4042 φυτευθεῖσα
1588 3960 1806 4037 καρδίᾳ,
1860 3962 2015 4039 ἀχώ-

342 4073 537 4127 ριστος
572 4052 646 4114 είς
676 4054 757 4108 ἀεὶ
791 4051 1088 4126 διετηρήθη
1129 4054 1203 4115 ὡς
1244 4054 1334 4108 καὶ
1400 4058 1723 4129 ριζωθῆναι,
1778 4051 1868 4106 καὶ
1928 4051 2012 4106 ἐκ·

340 4138 680 4214 ϐλαστῆσαι,
706 4145 796 4199 καὶ
833 4144 890 4198 ὅν
924 4146 1055 4217 ὁρᾷς
1100 4144 1311 4220 καρπὸν
1369 4143 1609 4220 ἐνεγκεῖν
1669 4142 1722 4197 ἐν
1756 4141 1904 4216 ἐμοί.
1950 4144 2015 4199 Ἠ

341 4230 406 4288 δὲ
451 4237 550 4287 τοῦ
637 4232 883 4310 ῥήματος
940 4231 1173 4306 δύναμις
1231 4232 1459 4303 τοιαύτη
1510 4254 1594 4295 τις
1652 4235 1739 4301 ἦν·
1802 4229 2013 4304 Ἔδοξε,

340 4321 507 4398 φησὶ,
538 4327 659 4386 τοῖς
684 4322 939 4393 ἀνοήτοις
978 4327 1090 4377 τῶν
1142 4318 1314 4378 ὄντων
1378 4323 1474 4396 μὲν
1531 4326 1889 4399 καταφρονεῖς
1941 4322 2015 4382 ὡς

346 4412 431 4487 μή
464 4406 661 4485 ὄντων,
701 4417 810 4467 τῶν
847 4413 924 4487 μὴ
959 4407 1132 4468 ὄντων
1167 4410 1225 4467 δὲ
1275 4412 1350 4473 ὡς
1404 4407 1575 4467 ὄντων
1604 4411 1925 4486 ἀντέχεσθαί
1958 4431 2017 4466 τε

340 4500 439 4557 καὶ
470 4508 841 4577 περιέχεσθαι·
881 4503 910 4557 6
946 4504 1022 4576 μή
1075 4501 1408 4579 γευσάμενος
1458 4502 1548 4556 οὗν
1608 4508 1708 4571 τῆς
1758 4506 1865 4557 τῶν
1923 4496 2014 4555 ὅν-

2110 554 2167 608 Si
2201 571 2507 610 sermones
2523 573 2755 612 mecum
2771 574 3086 614 conserere
3104 558 3165 613 in
3183 560 3449 614 animum
3473 561 3768 630 inducis,o

2110 644 2331 711 rex,fac
2348 646 2548 701 hostes
2569 652 2698 702 tuos
2720 665 2751 703 e
2780 648 2975 703 medio
3003 648 3289 704 tribunali
3323 650 3772 715 submoveas,ac

2112 738 2236 788 tum
2257 734 2327 789 de
2361 736 2452 789 his
2485 736 2661 792 rebus
2677 754 2821 808 quas
2848 738 3181 812 intelligere
3202 739 3368 810 cupis
3398 740 3501 793 tibi
3526 757 3772 811 respon-

2110 823 2413 879 debo.lllis
2432 832 2631 880 autem
2646 829 3041 897 praesentibus
3064 829 3268 883 nullus
3302 830 3447 884 mihi
3478 830 3550 885 ad
3572 836 3627 884 te
3650 846 3771 884 ser-

2110 931 2207 968 mo
2240 915 2537 970 erit.Citra
2559 933 2897 973 sermonem
2926 925 3123 974 autem
3146 920 3440 987 excrucia,
3459 920 3772 988 obtrunca,

2108 1002 2198 1057 fac
2230 1003 2489 1075 denique
2514 1005 2807 1077 quidquid
2826 1007 3155 1063 lubet.Mihi
3176 1010 3334 1063 enim
3357 1010 3617 1065 mundus
3638 1026 3773 1065 cru-

2110 1092 2510 1160 ciﬁxusest,et
2533 1111 2637 1166 ego
2662 1096 2981 1162 mundo,ut
3014 1098 3097 1152 ait
3130 1116 3295 1154 meus
3320 1100 3602 1171 magister
3624 1099 3773 1167 (Gal.

2108 1183 2203 1253 v1).
2232 1184 2497 1254 Cumque
2536 1201 2639 1239 rex
2687 1184 2970 1241 dixisset:
2997 1187 3249 1251 Quinam
3274 1189 3514 1244 tandem
3539 1195 3679 1244 sunt
3709 1188 3769 1242 bi

2108 1272 2309 1327 hostes
2329 1274 2624 1345 mei,quos
2643 1292 2739 1330 me
2762 1275 2899 1331 hinc
2916 1275 3189 1348 ablegare
3208 1277 3386 1348 jubes
3402 1278 3773 1346 ?Iracundia,

2107 1361 2306 1433 inquit
2330 1363 2521 1430 ille,et
2550 1364 3021 1435 cupiditas.Nam
3054 1382 3136 1421 ea:
3157 1370 3417 1437 primum
3441 1368 3683 1437 quidem
3699 1367 3771 1422 ab

2109 1453 2367 1507 omnium
2402 1469 2601 1508 rerum
2624 1460 2870 1526 parente
2893 1460 3070 1527 atque
3096 1456 3420 1511 architecto
3444 1457 3529 1510 ita
3558 1457 3775 1528 produ-

2109 1546 2215 1596 ctm
2244 1548 2404 1608 sunt,
2436 1550 2503 1597 ut
2532 1549 2760 1598 natura:
2794 1544 3254 1615 Opitularentur,
3304 1562 3370 1600 ac
3404 1562 3564 1600 nunc
3597 1547 3777 1600 etiam

2109 1632 2381 1686 eamdem
2414 1633 2483 1687 iis
2506 1650 2751 1705 Operam
2776 1634 3173 1706 praabent,qui
3208 1652 3329 1689 non
3362 1641 3427 1690 ut
3453 1636 3639 1701 carni,
3672 1634 3775 1689 sed

2108 1726 2173 1775 ut
2197 1721 2432 1792 spiritui
2466 1730 2939 1778 consentaneum
2976 1730 3085 1789 est,
3130 1726 3348 1781 vivunt.
3386 1727 3449 1779 In
3475 1725 3641 1780 vobis
3672 1742 3777 1780 au-

2108 1811 2358 1881 tem,qui
2392 1829 2636 1882 prorsus
2670 1813 2942 1868 carnales
2975 1814 3141 1879 estis,
3167 1831 3275 1868 nec
3308 1814 3492 1869 ullam
3529 1815 3776 1886 spiritus

2111 1906 2340 1972 partem
2370 1901 2985 1965 habetis,adversariae
3014 1903 3391 1970 exstiterunt,
3416 1920 3606 1974 eaque
3638 1920 3772 1974 quas

2110 1985 2372 2045 inimicis
2403 1997 2461 2045 et
2480 1992 2753 2046 hostibus
2773 1993 3778 2065 conveniunt.exsequuntur.Cupi-

2112 2079 2265 2135 ditas
2288 2081 2675 2146 etenim,cum
2700 2081 2803 2135 eia
2820 2081 2983 2136 vobis
2997 2098 3179 2153 opera
3207 2082 3775 2154 datur,voluptatem

2113 2169 2329 2224 excitat
2362 2186 2373 2223 :
2405 2186 2538 2225 cum
2570 2174 2769 2224 autem
2792 2169 3481 2233 aboletur.iracundiam.
3519 2172 3774 2226 Proinde

2110 2259 2409 2314 lacessant
2440 2259 2582 2330 ipsas
2615 2259 2904 2314 hodierno
2937 2260 3031 2314 die
3054 2260 3159 2315 abs
3184 2266 3276 2327 te;
3311 2261 3556 2332 praesint
3577 2266 3775 2316 autem

2115 2349 2189 2403 ad
2223 2365 2427 2403 eorum
2442 2365 2732 2419 qumame
2751 2349 3024 2403 dicentur
3055 2349 3773 2421 auditioneacjudicium,

2115 2439 2435 2511 prudentia
2452 2439 2923 2510 etjustitia.Nam
2941 2439 2989 2492 si
3014 2439 3387 2494 iracundiam
3411 2445 3470 2495 et
3491 2439 3776 2511 cupidita-

2116 2534 2233 2583 tem
2259 2528 2329 2583 de
2363 2527 2560 2583 medio
2593 2527 2930 2595 sustuleris,
2967 2535 3145 2600 atque
3203 2546 3406 2585 earum
3457 2529 3587 2584 loco
3632 2546 3773 2601 pru-

2116 2618 2381 2673 dentiam
2415 2618 2781 2690 etjustitiam
2806 2618 3289 2685 induxeris,vere
3324 2619 3525 2674 omnia
3546 2618 3652 2672 tibi
3684 2618 3776 2673 di-

2115 2726 2266 2764 cam.
2300 2712 2493 2780 Atque
2523 2727 2626 2764 rex
2658 2710 2750 2764 his
2792 2709 2986 2764 verbis
3037 2714 3127 2763 est
3156 2726 3299 2763 usus
3336 2726 3349 2764 :
3381 2711 3464 2763 En
3498 2708 3772 2780 petitioni

2114 2804 2229 2853 tua:
2258 2800 2431 2865 cessi,
2465 2804 2642 2870 atque
2677 2797 3063 2869 cupiditatem
3088 2803 3146 2852 et
3172 2797 3541 2853 iracundiam
3579 2813 3608 2852 e
3630 2814 3775 2853 con-

2115 2888 2253 2943 cilio
2285 2889 2521 2960 ejiciam
2549 2907 2561 2955 ;
2597 2888 2867 2959 daboque
2900 2904 3142 2959 operam
3174 2887 3576 2958 utprudentia
3600 2893 3657 2941 et
3679 2888 3773 2958 ju-

2117 2978 2277 3032 stitia
2308 2978 2785 3049 interponantur.
2820 2978 2945 3031 Jam
2978 2977 3157 3049 igitur
3182 2976 3406 3047 absque
3452 2976 3573 3030 ullo
3610 2981 3773 3031 metu

2116 3068 2261 3122 mihi
2297 3083 2523 3138 expone
2553 3066 2711 3121 unde
2746 3066 2847 3121 tibi
2878 3066 2973 3120 hic
3002 3083 3167 3119 error
3197 3066 3440 3120 obortus
3486 3066 3584 3130 sit,
3609 3071 3675 3120 ut
3706 3081 3776 3121 ea

2121 3174 2252 3228 qua:
2284 3156 2345 3211 in
2376 3173 2524 3211 vana
2555 3172 2656 3227 spe
2690 3156 2881 3226 posita
2918 3160 3080 3221 sunt,
3114 3155 3185 3209 iis
3219 3154 3396 3209 rebus
3426 3171 3556 3225 qua:
3579 3155 3771 3210 mani-

2038 3218 2082 3287 θ
2119 3247 2232 3302 bus
2264 3252 2564 3311 tenentur,
2597 3250 2774 3316 atque
2808 3244 2997 3299 oculis
3027 3250 3373 3313 cernuntur,
3418 3249 3773 3317 anteponas.

2119 3336 2507 3407 Respondens
2540 3339 2737 3391 autem
2771 3335 3019 3390 eremita
3051 3333 3237 3389 dixit:

2192 3426 2247 3479 Si
2282 3425 2617 3497 intelligere
2641 3426 2829 3496 cupis,
2849 3442 2881 3479 ο
2904 3442 3028 3492 rex,
3044 3424 3201 3478 unde
3216 3425 3327 3480 hoc
3343 3426 3604 3497 primum
3626 3425 3773 3481 mihi

2118 3516 2318 3572 animo
2342 3518 2628 3590 injectum
2644 3515 3180 3580 fuerit,utcaducas
3196 3533 3289 3571 res
3304 3522 3772 3586 contemnerem,

2119 3622 2185 3661 ac
2208 3623 2302 3661 me
2326 3611 2518 3662 totum
2547 3606 3047 3677 sempiternarum
3071 3622 3270 3659 rerum
3296 3606 3422 3677 spei
3456 3606 3773 3674 traderem,

2120 3696 2605 3763 audi.Olim,cum
2631 3694 3089 3766 adhucjuvenili
3124 3700 3293 3750 astate
3319 3695 3775 3762 essem,bonum

2118 3802 2185 3841 ac
2217 3786 2477 3841 salutare
2490 3786 2734 3840 verbum
2754 3785 2949 3840 audivi
2981 3786 3151 3855 cujus
3168 3786 3253 3838 vis
3276 3785 3637 3856 majoremin
3654 3802 3777 3839 mo-

2119 3876 2260 3930 dum
2284 3893 2377 3929 me
2402 3874 3443 3946 rapuit,ipsiusquememoria,divini
3463 3873 3775 3945 cujusdam

2119 3965 2365 4020 seminis
2398 3965 2839 4035 instar,pcctori
2873 3981 3004 4019 meo
3030 3964 3209 4018 insita
3240 3964 3320 4018 ita
3359 3964 3780 4035 permansit,ut

2120 4073 2425 4127 nunquam
2460 4072 2493 4110 a
2524 4072 2617 4109 me
2642 4054 2840 4108 divelli
2866 4054 3128 4126 potuerit
3156 4072 3168 4118 ;
3204 4054 3351 4108 adeo
3376 4059 3442 4108 ut
3470 4060 3526 4107 et
3547 4054 3777 4109 radices

2121 4147 2322 4219 egerit,
2355 4152 2412 4200 et
2434 4162 2675 4218 germen
2708 4144 2985 4209 ediderit,
3017 4160 3084 4198 ac
3116 4154 3347 4198 maturo
3374 4150 3638 4216 tempore
3662 4143 3779 4201 fru-

2121 4242 2281 4291 ctum
2308 4236 2365 4290 in
2392 4253 2483 4291 me
2512 4235 2851 4307 tulerit.lluj
2865 4252 2932 4289 us
2948 4239 3146 4289 autem
3180 4233 3337 4288 verbi
3368 4234 3494 4289 haec
3523 4234 3606 4288 vis
3621 4238 3778 4290 erat:

2121 4325 2753 4396 Excordes,inquiebat
2776 4324 2898 4392 ille,
2931 4340 2998 4379 ac
3030 4322 3229 4378 stolidi
3254 4323 3546 4388 homines,
3581 4324 3780 4379 animo

2122 4415 2205 4469 ita
2236 4416 2559 4487 comparati
2576 4419 2890 4484 sunt,utea
2921 4430 3052 4483 quae
3085 4412 3499 4483 sunt,perinde
3518 4429 3583 4468 ac
3599 4414 3781 4468 sinon

2124 4506 2667 4575 sint,aspernentur
2690 4522 2704 4569 ;
2729 4520 2799 4558 ea
2830 4510 3027 4557 autem
3051 4520 3183 4573 qua:
3214 4519 3333 4557 non
3367 4502 3781 4574 sunt.perinde

340 4612 457 4646 των
486 4589 850 4667 γλυκύτητος,
911 4592 972 4646 οὐ
1033 4589 1313 4663 δυνήσεται
1368 4594 1469 4649 12
1528 4595 1636 4645 τῶν
1701 4592 1777 4665 μή
1838 4587 2005 4645 ὄντων

2123 4611 2189 4649 ac
2223 4594 2269 4647 si
2303 4593 2985 4665 sint.amplectantur,ac
3012 4592 3315 4647 mordicus
3346 4593 3785 4659 retineant.Qui

340 4683 681 4754 καταμαθεῖν
751 4684 851 4751 τήν
912 4681 1090 4757 φύσιν·
1184 4683 1260 4756 μὴ
1348 4681 1675 4755 καταμαθὼν
1757 4678 1838 4755 δὲ,
1894 4686 2013 4747 πῶς

341 4773 526 4827 αὐτῶν
565 4772 893 4847 ὑπερόψεται
930 4794 944 4843 ;
988 4774 1156 4828 Ὄντα
1193 4774 1287 4846 μὲν
1322 4770 1414 4827 οὖν
1477 4770 1731 4827 ἐκάλεσεν
1766 4773 1794 4827 6
1848 4772 2011 4849 λόγος

338 4862 414 4917 τὰ
440 4862 641 4917 αἰώνια
672 4862 760 4917 καί
797 4864 873 4937 μή
905 4863 1268 4937 σαλευόμενα,
1333 4864 1410 4936 μή
1474 4858 1605 4917 ὄντα
1663 4859 1720 4916 δὶ
1772 4863 1869 4918 τὸν
1925 4862 2013 4916 ἐν-

336 4956 516 5016 ταῦθα
540 4952 660 5028 βίον
688 4954 775 5008 καὶ
808 4953 908 5023 τὴν
950 4954 1161 5032 τρυφὴν
1220 4953 1309 5008 καὶ
1371 4953 1471 5022 τήν
1532 4949 1878 5027 ψευδομένην
1916 4952 2012 5007 εὖ·-

342 5041 607 5117 ημερίανο
645 5044 825 5110 οἷς,ὦ
888 5043 1135 5117 βασιλεῦ,
1187 5047 1369 5105 κακῶς
1424 5044 1569 5121 φεῦί
1624 5044 1659 5113 ἦ
1718 5043 1785 5111 σὴ
1842 5062 2008 5117 προσ·

341 5129 569 5203 ήλωται
598 5129 813 5207 καρδία.
856 5134 1022 5210 Κάγὼ
1052 5130 1110 5188 δέ
1167 5154 1300 5188 ποτε
1354 5130 1563 5187 τούτων
1642 5130 2008 5207 ἀντειχόμην·

424 5277 538 5419 (3i)
568 5278 753 5350 Epist.
779 5278 855 5335 ad
889 5279 1012 5335 Gal.
1044 5296 1118 5345 vr,
1154 5282 1238 5334 14.

426 5351 515 5417 (32
570 5351 790 5407 Paulus
822 5352 1004 5419 Epist.
1040 5352 1115 5406 ad
1147 5354 1238 5407 Ro:

426 5351 536 5419 (32)
570 5351 790 5407 Paulus
822 5352 1004 5421 Epist.
1040 5352 1115 5406 ad
1147 5354 1447 5407 Romanos
1478 5366 1597 5417 vm,
1623 5352 1678 5406 4.

2121 4689 2322 4739 autem
2338 4700 2541 4739 eorum
2559 4700 2689 4755 qua:
2703 4688 2843 4738 sunt
2859 4681 3238 4737 dulcedinem
3256 4682 3502 4737 minime
3517 4682 3785 4755 degusta-

2123 4773 2287 4836 vis,is
2318 4790 2525 4829 eorum
2547 4790 2677 4843 quas
2709 4790 2831 4827 non
2860 4776 2998 4827 sunt
3021 4777 3297 4827 naturam
3321 4772 3641 4842 perfectam
3677 4773 3783 4827 ha-

2123 4864 2264 4919 bere
2283 4880 2401 4918 non
2427 4863 2828 4935 poterit.Hanc
2848 4878 3022 4933 porro
3044 4860 3160 4915 nisi
3185 4861 3547 4931 exploratam
3568 4861 3786 4916 habue-

2124 4955 2492 5025 rit,quonam
2510 4951 2685 5007 modo
2704 4968 2765 5006 ea
2784 4956 3130 5006 contemnet
3145 4966 3211 5004 ac
3228 4967 3332 5021 pro
3353 4950 3542 5005 nihilo
3556 4951 3789 5020 putabit

2124 5046 2307 5098 Porro
2327 5060 2432 5114 per
2456 5059 2525 5097 ea
2547 5059 2679 5113 quas
2703 5046 2861 5105 sunt,
2885 5040 3010 5094 haec
3036 5038 3225 5094 oratio
3245 5040 3643 5109 sempiternas
3666 5056 3782 5109 res,

2125 5139 2303 5205 atque
2326 5132 2696 5206 ajactatione
2719 5131 2946 5186 alienas
2964 5128 3358 5201 intelligebat:
3379 5145 3486 5200 per
3502 5146 3572 5185 ea
3588 5134 3787 5184 autem

426 5416 540 5494 (33')
574 5423 637 5490 Β,
671 5416 980 5494 ἐπιθυμίαν.
1018 5424 1208 5479 Locus
1230 5440 1352 5478 non
1384 5416 1629 5478 nitidus.
1663 5421 2128 5494 Trapezuntius:
2164 5444 2192 5472 ‹‹
2228 5424 2374 5477 Nam
2404 5419 2888 5494 concupiscentia
2918 5418 2979 5494 in
3007 5416 3197 5494 _vobis
3237 5422 3518 5494 operatur
3546 5417 3789 5494 quidem

342 5492 722 5562 voluptatem
755 5501 814 5551 et
835 5489 1052 5553 incitat
1073 5513 1091 5551 .'
1115 5496 1202 5551 ira
1232 5511 1368 5550 vero
1399 5494 1673 5552 destruit.
1708 5516 1738 5544 ››
1771 5489 1909 5561 Quae
1945 5495 2151 5550 Latina
2180 5500 2408 5550 vertere
2438 5489 2648 5549 Billius
2680 5494 2823 5549 satis
2841 5490 3069 5546 habuit.
3110 5491 3210 5543 Est
3266 5489 3327 5544 in
3384 5492 3431 5545 A
3462 5490 3789 5562 ascriptum

343 5565 679 5641 schoﬁlium,
713 5568 839 5635 sed,
872 5567 1031 5641 quod
1063 5567 1259 5641 doleo,
1293 5566 1593 5621 mutilum.

370 5666 373 5669 <
421 5639 540 5708 (34)
566 5640 624 5706 Β,
655 5631 908 5713 imula:
926 5646 985 5695 et
1016 5641 1099 5695 sic
1121 5631 1287 5713 alibi,
1320 5637 1990 5713 permutationesolita.

2116 5640 2294 5713 Longi
2325 5640 2590 5713 Past._1v,
2624 5636 2809 5709 8,ubi
2865 5634 2931 5704 ἦν
2981 5631 3075 5707 μὶν
3130 5632 3283 5688 κενὸν
3334 5632 3533 5698 πένθος
3586 5632 3787 5708 ἀνθῶν,

327 5711 487 5788 jure
510 5712 781 5783 praetulit
801 5714 1065 5786 Corayus
1087 5712 1173 5770 vir
1199 5709 1643 5769 eruditissimus
1672 5711 2002 5768 variantem
2028 5709 2350 5769 lectionem
2368 5709 2576 5766 καινόν.
