4160 6376
365 406 478 462 873

1578 407 1750 465 VITA
1790 411 2143 467 BABLAAM
2182 413 2274 468 ET
2311 415 2655 471 JOASAPH.

3679 421 3785 477 874

358 531 453 588 καὶ
483 531 647 594 αὐτὸς
701 532 889 607 δτιπερ
942 530 1071 588 οὖδὶ
1119 530 1384 610 ῥᾳθυμίαν
1428 532 1550 589 τινὰ
1600 532 1725 589 οὐδὲ
1768 533 2015 608 ἀμέλειάν

2142 542 2762 610 prmtermittebamus.
2800 546 2880 599 Ac
2922 548 2983 599 tu
3033 560 3271 616 quoque
3319 546 3579 617 optimus
3621 550 3790 605 testis

358 643 496 679 ποτε
528 621 794 693 ἐνεκλήθη
807 644 925 697 μιν.

433 803 584 859 Ἐπεὶ
620 799 676 857 δὲ
706 801 797 857 καὶ
847 800 976 857 αὐτὸ
1032 807 1143 858 τῶν
1202 800 1387 858 καλῶν
1444 803 1506 859 τὸ
1562 802 1856 879 κεφάλαιον
1918 805 2019 882 ἀφ-

361 892 584 949 ελέσθαι
645 890 1061 970 ἐφιλονείκησας
1114 895 1312 966 ἡμᾶς,
1372 895 1471 962 τὴν
1556 889 1874 965 εὐσέϐειαν,
1934 897 2020 949 καὶ

353 984 453 1038 τὸν
514 984 640 1037 Θεὸν
706 987 981 1055 ζημιῶσαι
1040 984 1140 1051 τὴν
1202 982 1438 1058 ἐσχάτην
1506 984 1708 1054 ταύτην
1772 984 1969 1056 ζημίαν
2004 1028 2020 1055 ,

350 1077 539 1145 τιμῶν
579 1093 635 1127 τε
693 1069 781 1126 διὰ
832 1076 993 1127 τοῦτο
1044 1073 1133 1126 καὶ
1189 1072 1508 1149 φιλοτιμίας
1566 1075 2019 1147 ἀναμιμνήσκεις,

355 1169 482 1228 πῶς
512 1164 609 1218 οὐκ
660 1164 883 1235 ἀμαθῶς
934 1158 1080 1237 ἔγειν
1112 1185 1169 1219 σε
1224 1168 1320 1219 τοῦ
1372 1164 1544 1219 κοιλοῦ
1595 1162 1819 1229 δικαίως
1850 1164 1908 1219 ἃν
1943 1164 2022 1220 εἷ’-

351 1275 549 1325 ποιμι,
582 1253 662 1307 ὅτι
692 1252 779 1306 καὶ
812 1248 1191 1328 παραϐάλλεις
1223 1254 1369 1315 ὅλως
1415 1255 1548 1309 αύτά
1593 1255 1729 1327 πρὸς
1772 1252 2017 1324 ἄλληλα,

349 1339 637 1399 εὐσέϐειάν
670 1365 816 1417 φημι
856 1343 994 1419 πρὸς
1043 1346 1134 1399 τὸν
1192 1344 1320 1399 Θεὸν
1352 1345 1441 1399 καὶ
1501 1343 1689 1421 φιλίαν
1752 1344 2021 1419 ἀνθρωπί-

562 1433 576 1449 \
616 1431 638 1450 ’δ
852 1434 865 1451 \
946 1430 972 1454 κ
1242 1433 1253 1449 ο
1544 1432 1604 1451 ουκ
1847 1439 1872 1449 η.

344 1454 455 1503 νην
486 1455 577 1487 και
612 1433 763 1506 οόξαν
805 1455 902 1501 την
950 1455 1033 1488 ισα
1081 1435 1489 1510 παραρρέουσαν
1542 1452 1744 1503 υοατι;
1798 1456 1915 1497 πως
1962 1434 2020 1490 δὲ

347 1544 441 1577 σοι
473 1524 565 1577 καὶ
598 1523 851 1578 κοινωνοὶ
884 1522 1119 1595 ἐσόμεθα
1164 1523 1249 1577 ἐπὶ
1302 1523 1504 1597 τούτῳ,
1555 1525 1643 1578 καὶ
1691 1524 1843 1600 ούχῖ,
1893 1524 2019 1579 τού-

348 1613 591 1683 ναντίον,
623 1614 710 1667 καὶ
748 1612 959 1690 φιλίαν,
995 1613 1085 1668 καὶ
1127 1614 1320 1687 τιμὴν,
1375 1616 1465 1668 καὶ
1521 1617 1757 1689 στοργήν
1816 1616 2019 1669 τὲκνων

355 1702 456 1756 καὶ
488 1702 535 1757 εἴ
558 1724 606 1756 τι
640 1700 783 1757 ἄλ)ο
833 1707 1017 1775 μεῖζον
1076 1704 1167 1774 ἦν,
1228 1703 1610 1778 ἀρνησόμεθα;
1672 1705 1901 1777 ὁρῶντές
1962 1724 2017 1759 σε

366 1791 601 1865 μᾶλλον,
634 1793 711 1853 ὦς
746 1790 994 1867 βασιλεῦ,
1050 1794 1479 1867 ἀγνωμονοῦντα
1527 1794 1668 1868 πρὸς
1715 1794 1806 1848 τὸν
1862 1792 2015 1861 Θεὸν,

352 1882 449 1935 τὸν
482 1881 571 1935 καὶ
602 1881 731 1935 αὐτό
764 1902 848 1935 σοι
878 1882 941 1936 τὸ
973 1882 1105 1936 εἶναι
1152 1882 1241 1936 καὶ
1288 1881 1351 1937 τὸ
1398 1882 1647 1937 ἀναπνεῖν
1699 1884 2018 1958 παρεχόμε-

342 1991 469 2039 νον,
524 1972 582 2033 ὅς
632 1970 743 2026 ἐστι
796 1972 1029 2047 Χριστὸς
1076 1973 1310 2043 Ἰησοῦς,
1366 1972 1394 2026 ὁ
1444 1974 1641 2047 Κύριος
1685 1977 1794 2027 τῶν
1845 1974 2017 2027 ἀπάν-

343 2078 483 2129 των,
518 2060 576 2121 ’ὸς
610 2061 947 2135 συναναρχος
1000 2058 1074 2115 ὢν
1118 2062 1208 2115 καὶ
1259 2059 1535 2123 συναίδιος
1588 2066 1666 2131 τῷ
1712 2062 1879 2135 Πατρὶ
1924 2060 2013 2116 καὶ

344 2148 486 2211 τοὺς
518 2149 779 2221 οὐρανοὺς
809 2154 888 2221 τῷ
920 2148 1075 2224 λόγῳ
1123 2152 1211 2206 καὶ
1258 2153 1357 2219 τήν
1402 2158 1504 2228 γῆν
1545 2152 1875 2221 ὑποστήσας,
1923 2152 2015 2206 τὸν

348 2239 641 2313 ἄνθρωπόν
672 2261 731 2294 τε
774 2240 960 2315 χερσὶν
1014 2240 1242 2302 οἰκείαις
1293 2238 1703 2317 ἐδημιούργησε
1747 2241 1837 2295 καὶ
1881 2240 2013 2304 ἀθα-

344 2328 518 2401 νασίᾳ
572 2334 767 2384 τοῦτον
828 2328 1052 2402 ἐτίμησε
1085 2374 1099 2399 ,
1168 2329 1258 2385 καὶ
1322 2328 1551 2404 βασιλέα
1604 2335 1710 2385 τῶν
1763 2330 1849 2385 ἐπὶ
1909 2335 2013 2406 γῆς

344 2420 749 2489 κατεστήσατο,
803 2418 1045 2494 καθάπερ
1105 2420 1225 2473 τινὰ
1288 2418 1539 2495 βασίλεια
1595 2420 1659 2474 τὸ
1717 2420 2012 2475 κάλλιστον

348 2508 607 2563 ἁπάντων
670 2508 937 2580 ἀποτάξας
1010 2511 1121 2581 (48)
1174 2509 1343 2580 αὐτῷ,
1402 2509 1496 2564 τὸν
1559 2508 1900 2584 παράδεισον.
1954 2512 2014 2568 Ὁ

348 2596 438 2664 δὲ,
471 2600 773 2676 φθόνῳιῦ
818 2596 1051 2661 κλαπεὶς
1096 2597 1184 2652 καὶ
1218 2596 1389 2671 ἡδονῇ
1442 2600 1562 2676 (oe?)
1614 2620 1708 2671 μοι
1736 2601 1773 2671 ί)
1822 2597 2007 2655 δελεα-

344 2690 502 2751 σθεῖς
562 2692 697 2761 (49),
757 2686 963 2750 ἀθλίως
1014 2687 1221 2742 τούτων
1277 2686 1487 2757 ἐξέπεσε
1537 2689 1777 2743 πάντων·
1836 2690 1927 2744 καὶ
1984 2690 2011 2744 ὁ

345 2780 483 2855 πρὶν
519 2779 765 2853 ξηλωτὸς
813 2778 1046 2841 ἐλεεινὸς
1098 2781 1278 2855 ὡρᾶτο
1334 2779 1424 2833 καὶ
1479 2776 1725 2850 δακρύων
1777 2777 1868 2835 διὰ
1910 2783 2009 2851 τήν

347 2870 641 2947 συμφορὰν
696 2870 880 2941 ἄξιος.
937 2871 995 2924 Ὀ
1052 2869 1265 2931 πλάσας
1324 2869 1503 2924 τοίνυν
1561 2872 1710 2942 ἡμᾶς
1762 2870 1852 2926 καὶ
1914 2868 2011 2940 δη-

350 2961 699 3034 μιουργήσας
732 2958 1145 3037 φιλανθρώποις
1190 2956 1357 3013 πάλιν
1415 2959 1547 3013 ὶδὼν
1607 2960 1919 3037 ὀφθαλμοῖς
1949 2960 2012 3015 τὸ

341 3054 461 3104 τῶν
496 3049 711 3103 οἶκείων
752 3054 958 3124 χειρῶν
1018 3042 1200 3125 ἔργον,
1232 3050 1295 3103 τὸ
1349 3050 1478 3109 Θεὸς
1526 3053 1661 3104 εἶναι
1719 3050 1794 3122 μή
1850 3071 2013 3123 μετα-

346 3134 564 3205 ϐαλὼν,
600 3135 730 3213 ὅπερ
762 3139 831 3208 ἦν
865 3138 956 3193 ἀπ’
986 3138 1190 3213 ἀρχῆς,
1224 3137 1437 3212 ἐγένετο
1470 3136 1539 3193 δι’
1570 3142 1720 3211 ἡμᾶς
1769 3141 2010 3214 ἀναμαρο

342 3230 536 3298 τήτως
582 3232 693 3301 (50)
753 3229 884 3301 ὅπερ
934 3230 1139 3301 ἡμεῖς,
1195 3228 1282 3282 καὶ
1337 3228 1569 3301 σταυρὸν
1612 3228 1869 3291 ἑκουσίως
1919 3230 2006 3283 καὶ

346 3318 583 3382 θάνατον
644 3316 963 3388 ὑπομείνας,
1022 3316 1114 3370 τὸν
1173 3313 1375 3371 ἄνωθεν
1430 3321 1512 3388 τῷ
1560 3316 1816 3389 ἡμετέρῳ
1868 3318 2006 3392 γὲνει
2043 3302 2085 3368 C

350 3405 718 3483 βασκαίνοντα
757 3400 1025 3461 κατέϐαλε
1074 3403 1369 3477 πολέμιον,
1402 3406 1514 3473 καὶ,
1560 3408 1710 3479 ἡμᾶς
1763 3413 1864 3476 τῆς
1922 3428 2015 3460 πι-

342 3501 485 3572 κρᾶς
528 3494 740 3565 ἐκείνης
790 3492 1183 3570 αἰχμαλωσίας
1236 3494 1674 3568 ἀνασωσάμενος,
1721 3497 1821 3564 τήν
1876 3516 2015 3569 προ-

346 3585 511 3660 τὲραν
546 3582 790 3639 ἀπέδωκε
830 3582 1152 3661 φιλαγάθως
1198 3583 1529 3656 ἐλευθερίαν,
1582 3585 1695 3652 καὶ,
1746 3584 1865 3639 ὅθεν
1926 3584 2015 3640 διὰ

349 3676 457 3743 τήν
491 3676 770 3747 παρακοὴ-ιι
814 3672 1264 3745 ἔνπεπτώκαμεν,
1299 3672 1412 3727 ἐκεῖ
1463 3671 1633 3728 πάλιν
1682 3671 1771 3728 διὰ
1818 3673 2012 3749 φιλανο

349 3764 594 3839 θρωπίαν
654 3767 802 3836 ἡμᾶς
860 3762 1189 3839 ἐπανήγαγε,
1254 3762 1505 3836 μείζονος
1562 3764 1711 3836 ἡμᾶς
1751 3764 1785 3833 ἢ
1819 3765 2013 3839 πρότε-

344 3874 445 3930 ρον
478 3857 647 3927 τιμῆς
677 3853 929 3924 ἀξιώσας·

2141 631 2277 699 eris,
2312 648 2419 686 nos
2459 649 2567 687 nec
2609 634 3004 706 negligentiae,
3055 650 3164 689 nec
3213 636 3499 691 socordia;
3548 639 3791 694 nomine

2138 736 2401 791 unquam
2428 739 2556 775 esse
2589 730 2821 778 notatus
2855 740 2920 778 ac
2948 725 3369 795 reprehensos.

2212 812 2603 881 Posteaquam
2628 819 2825 867 autem
2850 814 2906 867 id
2929 830 3187 884 quoque,
3212 814 3369 884 quod
3392 816 3662 871 omnium
3685 817 3793 872 bo-

2136 916 2350 954 norum
2370 908 2547 972 caput
2564 904 2789 961 est,hoc
2803 908 2891 957 est
2906 904 3388 974 pietatem,nobis
3409 911 3788 977 extorquere,

2137 990 2361 1059 Deique
2388 991 2745 1046 detrimento
2778 994 2955 1062 (quod
2981 994 3477 1049 detrimentorum
3515 997 3790 1051 omnium

2137 1085 2464 1133 extremum
2486 1097 2551 1134 ac
2570 1082 2983 1152 gravissimum
3001 1089 3106 1136 esti
3124 1099 3233 1137 nos
3251 1084 3489 1139 afﬁcere
3510 1085 3789 1140 studuisti

2135 1170 2678 1240 nobisqueinterim
2698 1172 2954 1226 honores
2973 1172 3043 1225 ob
3060 1188 3188 1226 eam
3210 1190 3449 1228 causam
3467 1174 3528 1229 in
3542 1192 3653 1230 nos
3672 1176 3790 1231 col-

2132 1259 2284 1313 latos
2297 1266 2472 1330 atque
2488 1261 2860 1332 amplissima
2877 1262 3167 1315 beneﬁcia
3184 1263 3244 1316 in
3260 1265 3608 1319 memoriam
3623 1282 3788 1320 revo-

2132 1366 2252 1415 cas,
2280 1352 2379 1419 qui
2406 1351 2533 1404 fieri
2570 1358 2764 1423 potest
2787 1358 2851 1406 ut
2876 1368 2996 1406 non
3020 1353 3243 1423 optimo
3267 1353 3405 1422 jure
3426 1360 3482 1408 te
3504 1356 3623 1409 veri
3646 1355 3786 1410 boni

2132 1438 2365 1494 inscitia
2390 1440 2657 1496 laborare
2681 1442 2897 1507 dicam,
2923 1447 2987 1495 ut
3009 1442 3109 1512 qui
3130 1442 3373 1497 omnino
3396 1442 3521 1497 hmc
3544 1444 3700 1497 inter
3722 1461 3785 1501 se

2130 1530 2765 1601 componas,pietatem
2783 1531 3013 1585 scilicet
3027 1546 3163 1603 erga
3178 1532 3363 1585 Deum
3378 1547 3513 1586 cum
3529 1532 3793 1589 humana

2130 1620 2387 1673 amicitia
2415 1627 2472 1673 et
2502 1621 2689 1691 gloria
2712 1622 2902 1675 instar
2932 1626 3110 1691 atque
3134 1620 3479 1677 deﬂuente?
3516 1622 3787 1687 Quonam

2129 1707 2269 1761 item
2302 1708 2476 1762 modo
2502 1710 2560 1762 in
2586 1710 2695 1763 hac
2722 1726 2785 1763 re
2808 1710 2950 1763 socii
2974 1708 3079 1763 tibi
3100 1710 3284 1764 futuri
3308 1727 3535 1777 sumus,
3563 1728 3631 1766 ac
3664 1728 3785 1768 non

2128 1804 2333 1852 contra
2347 1804 2471 1851 tum
2486 1799 2965 1865 amicitiam,tum
2990 1799 3434 1863 honorem,tum
3456 1799 3785 1857 liberorum

2126 1888 2536 1956 amorem,etsi
2554 1888 2695 1958 quid
2711 1888 2872 1942 aliud
2887 1888 3081 1958 majus
3102 1893 3278 1955 esset,
3305 1890 3783 1959 aspernabimur,

2126 1995 2258 2033 cum
2294 1985 2370 2045 te,
2400 1995 2432 2032 ο
2463 1996 2584 2041 rex,
2620 1980 2678 2032 in
2704 1980 2887 2033 Deum
2913 1977 3197 2033 scelerate
3215 1994 3419 2050 gerere
3450 1980 3787 2051 conspicia-

2126 2085 2279 2133 mus,
2302 2068 2402 2138 qui
2420 2068 2523 2122 tibi
2545 2069 2738 2139 ipsum
2758 2084 2887 2122 esse
2910 2073 2967 2123 et
2988 2068 3265 2139 spiritum
3289 2068 3505 2124 ducere
3528 2070 3785 2141 prmbuit

2128 2159 2226 2229 qui
2253 2164 2342 2211 est
2363 2157 2630 2211 Christus
2652 2158 2820 2211 Jesus
2844 2158 3111 2211 omnium
3148 2157 3473 2212 Dominus:
3498 2160 3599 2227 qui
3640 2176 3777 2214 cum

2124 2247 2420 2319 principio
2437 2252 2654 2311 careat,
2675 2246 3063 2316 ejusdemque
3086 2263 3221 2301 cum
3246 2248 3416 2301 Patre
3430 2249 3780 2304 teternitatis

2127 2338 2223 2400 sit,
2257 2336 2556 2406 castosque
2578 2353 2646 2391 ac
2670 2342 2884 2391 terram
2910 2352 3185 2390 sermone
3208 2337 3555 2407 procrearit,
3580 2338 3774 2393 homi-

2126 2444 2262 2482 nem
2297 2432 2495 2480 tamen
2528 2426 2779 2480 suismet
2809 2426 3087 2481 manibus
3106 2426 3356 2489 efﬂuxit.
3381 2442 3640 2498 eumque
3662 2426 3780 2481 im-

2125 2516 2487 2571 mortalitate
2539 2516 2860 2582 coornavit,
2903 2532 3223 2587 regemque
3262 2515 3532 2570 omnium
3576 2532 3778 2571 rerum

2126 2623 2259 2676 qum
2282 2606 2339 2659 in
2360 2612 2514 2659 terra
2533 2611 2671 2660 sunt
2692 2606 3023 2671 constituit,
3045 2605 3219 2675 eique
3234 2604 3392 2675 quod
3409 2607 3674 2661 omnium
3692 2623 3783 2661 re-

2122 2712 2255 2749 rum
2281 2695 2839 2765 praestantissimum
2861 2694 3133 2758 erathoc,
3158 2699 3245 2747 est
3266 2694 3630 2764 paradisum,
3651 2700 3782 2750 tan-

2124 2801 2301 2855 quam
2326 2784 2549 2855 regiam
2572 2782 2891 2853 quamdam
2916 2782 3113 2836 aulam
3144 2783 3435 2837 attribuit.
3462 2785 3534 2837 At
3562 2783 3663 2837 ille
3686 2784 3781 2838 in-

2121 2874 2278 2928 vidia
2299 2873 2602 2944 deceptus,
2618 2878 2675 2927 et
2692 2872 2752 2926 in
2774 2872 3045 2926 fraudem
3070 2871 3371 2939 inductus,
3392 2876 3451 2926 et
3466 2872 3783 2944 voluptatis

2123 2963 2717 3018 illecebrisdelinitus
2739 2963 2892 3031 (Gen.
2919 2963 3173 3031 m;Sap.
3220 2963 3330 3029 ιιι),
3369 2962 3461 3015 his
3502 2962 3782 3017 omnibus

2123 3055 2341 3108 misere
2366 3052 2631 3122 dejectus
2650 3056 2770 3115 est;
2798 3057 2854 3105 et
2886 3051 2985 3121 qui
3009 3052 3175 3121 prius
3198 3050 3407 3105 beatus
3427 3051 3785 3106 censebatur

2125 3143 2411 3197 miserum
2426 3140 2831 3212 spectaculum
2852 3139 3582 3211 prmbebat,lacrymisque
3601 3140 3675 3195 ob
3693 3157 3784 3196 ac-

2127 3238 2355 3303 ceptam
2372 3231 2771 3285 calamitatem
2785 3229 2998 3301 dignus
3011 3235 3157 3286 erat.
3176 3232 3391 3284 Verum
3415 3230 3716 3285 enimvero
3730 3231 3780 3285 is

2125 3323 2225 3393 qui
2252 3338 2359 3375 nos
2383 3321 2441 3375 ef
2445 3322 2773 3375 ﬁnxeratac
2794 3324 3229 3390 procreaverat.
3252 3320 3524 3392 benignis
3541 3336 3780 3375 rursum

2125 3412 2315 3466 oculis
2339 3426 2625 3465 manuum
2656 3426 2895 3463 suarum
2919 3425 3069 3479 opus
3112 3410 3513 3479 conspicatus,
3548 3409 3779 3465 nullam

2126 3500 2452 3556 divinitatis
2472 3516 2593 3554 sua:
2610 3499 3000 3553 mutationem
3015 3498 3367 3569 suscipiens.
3386 3503 3605 3554 nostraa
3629 3499 3786 3555 salu-

2125 3592 2203 3645 tis
2221 3588 2487 3645 causa.id
2502 3588 2660 3659 quod
2688 3604 2795 3642 nos
2820 3603 3027 3642 sumus
3058 3588 3206 3641 citra
3237 3593 3567 3657 peccatum,
3592 3587 3782 3642 factus

2126 3686 2236 3741 est,
2269 3687 2446 3749 atque
2470 3694 2706 3732 crucem
2734 3682 2792 3732 et
2813 3683 3064 3731 mortem
3095 3682 3306 3748 sponte
3350 3676 3615 3742 subiens,
3641 3676 3783 3731 bos-

2126 3774 2245 3822 tem
2280 3785 2414 3821 eum
2440 3768 2683 3839 quijam
2708 3766 2846 3821 inde
2870 3765 2941 3819 ab
2965 3765 3139 3821 initio
3160 3765 3363 3837 generi
3389 3770 3591 3820 nostro
3632 3764 3785 3819 invi-

2127 3856 2302 3911 debat
2325 3856 2658 3927 prostravit,
2680 3870 2906 3925 nosque
2924 3854 3137 3909 acerba
3158 3854 3263 3909 illa
3280 3854 3614 3925 captivitate
3637 3853 3787 3909 libe-

342 3952 513 4002 ratos
540 3946 600 4000 in
634 3946 895 4017 priorem
926 3944 1289 4011 libertatem,
1324 3962 1427 4016 pro
1453 3961 1559 3999 sua
1589 3962 1725 4016 erga
1754 3963 1863 3999 nos
1896 3946 2183 4011 bonitate,
2209 3946 2491 4012 restituit,
2523 3960 2712 4015 eoque
2743 3959 2982 3998 rursum
3014 3943 3171 3999 unde
3218 3959 3327 3998 nos
3378 3941 3788 3997 iuobedientia

348 4036 791 4103 exturbaverat,
818 4035 892 4090 ob
925 4051 1093 4090 suam
1126 4052 1263 4107 erga
1288 4051 1397 4089 nos
1429 4036 1884 4100 humanitatem,
1917 4035 2172 4103 reduxit,
2213 4036 2559 4106 majoreque
2590 4050 2767 4105 quam
2802 4040 2977 4089 antea
3015 4033 3244 4088 honore
3294 4039 3643 4105 prosecutus
3674 4037 3782 4086 est.

422 4133 527 4190 Τόν
568 4131 635 4203 δὴ
690 4136 918 4188 τοιαῦτα
977 4130 1049 4187 δι’
1105 4133 1257 4202 ἡμᾶς
1311 4131 1554 4187 παθόντα
1604 4132 1693 4187 καὶ
1748 4134 2012 4188 τοιούτων

347 4227 505 4297 ἡμᾶς
562 4223 730 4278 πάλιν
787 4222 1195 4293 καταξιώσαντα
1246 4225 1383 4294 (51),
1441 4226 1634 4277 τοῦτον
1690 4223 1850 4287 αὐτὸς
1894 4224 2019 4287 ἀθε-

350 4318 468 4375 τεῖς
502 4311 588 4367 καὶ
621 4311 698 4374 εἷς
740 4312 832 4367 τὸν
874 4312 1082 4367 ἐκείνου
1132 4314 1360 4383 σταυρὸν
1408 4312 1786 4373 ἀποσκώπτεις
1820 4330 1834 4381 ;
1886 4312 2017 4374 ὅλος

354 4400 417 4459 δὲ
446 4406 514 4476 τῇ
545 4406 723 4482 τρυφῇ
753 4406 850 4457 τοῦ
882 4403 1138 4474 σώματος
1191 4402 1279 4455 καὶ
1340 4406 1459 4464 τοῖς
1514 4400 1787 4474 ὀλεθρίοις
1843 4422 2014 4475 προσ-

347 4490 649 4565 ηλωμένος
680 4494 894 4560 πάθεσι,
929 4492 1085 4556 θεοὺς
1114 4490 1461 4567 ἀναγορεύεις
1509 4492 1576 4545 τὰ
1632 4497 1733 4560 τῆς
1799 4492 2018 4564 ἀτιμίας

350 4585 447 4636 καί
482 4580 750 4657 αἰσχύνης
794 4578 1047 4648 εἴδωλας
1110 4580 1187 4637 Ού
1245 4579 1409 4654 μόνον
1473 4582 1693 4636 σεαυτὸν
1753 4588 1852 4650 τῆς
1909 4586 2019 4637 τῶν

2203 4137 2367 4190 Hunc
2388 4134 2680 4207 igiturqui
2705 4138 2908 4187 nostra
2926 4148 3103 4187 causa
3121 4137 3207 4186 tot
3226 4132 3521 4187 cruciatus
3543 4131 3788 4201 pertulit

2130 4226 2430 4295 tantisque
2466 4239 2700 4277 rursum
2735 4239 2843 4277 nos
2876 4222 3183 4277 beneficiis
3233 4220 3450 4288 affecit,
3486 4220 3646 4275 hunc
3690 4220 3784 4274 in-

2130 4332 2333 4385 quam,
2361 4315 2485 4385 ipse
2506 4313 2729 4384 rejicis,
2752 4318 2928 4383 atque
2944 4313 3073 4383 ejus
3091 4326 3327 4366 crucem
3345 4310 3612 4365 dicteriis
3634 4308 3788 4363 inse-

2132 4405 2617 4473 ctaris,totusque
2644 4402 2910 4473 corporis
2929 4401 3179 4467 deliciis,
3201 4416 3267 4454 ac
3292 4399 3641 4471 perniciosis
3654 4399 3792 4452 aﬂ‘e-

2133 4494 2326 4550 ctibus
2350 4493 2583 4559 afﬁxus,
2600 4492 3000 4565 ignominiosa
3020 4506 3086 4546 ac
3108 4488 3495 4561 turpitudinis
3520 4488 3698 4560 plena
3714 4488 3790 4542 si-

2136 4584 2403 4639 mulacra
2424 4583 2565 4637 deos
2584 4582 2871 4653 appellas.
2900 4583 3014 4635 Nec
3040 4581 3297 4651 teipsum
3320 4579 3608 4635 duntaxat
3630 4593 3794 4633 acua-

353 4670 632 4743 οὐρανίων
691 4672 909 4745 ἀγαθῶν
970 4669 1255 4747 συναφείας
1340 4667 1637 4745 ἀλλότριον
1696 4672 2015 4726 κατεσκεύα-

2132 4673 2372 4728 lestium
2407 4672 2699 4727 bonorum
2728 4671 3152 4743 conjunctione
3182 4669 3523 4725 abstraxisti
3549 4686 3562 4733 ;
3592 4683 3793 4722 verum

356 4781 482 4833 σας,
515 4758 661 4815 ἀλλά
707 4760 799 4815 καὶ
859 4760 1065 4821 πάντας
1118 4759 1247 4823 τοὺς
1302 4760 1666 4833 πειθομένους
1714 4766 1852 4831 τοῖς,
1899 4766 2016 4823 σοῖς

2133 4764 2309 4819 etiam
2342 4779 2570 4829 omnes,
2603 4762 2703 4833 qui
2731 4762 2849 4817 tuis
2883 4760 3152 4833 imperiis
3171 4760 3608 4834 obtemperant,
3629 4757 3703 4814 ab
3724 4772 3794 4811 ea

438 4928 555 4996 (48)
589 4928 649 4994 Β,
686 4924 980 4996 ὑποτάξας.
1015 4925 1197 4981 Obvia
1227 4931 1319 4981 est
1340 4926 1697 4995 permutatio
1749 4927 2015 4997 prmposii

2132 4944 2237 4981 um
2271 4924 2376 4979 ἀπὸ
2409 4932 2467 4982 et
2515 4923 2640 4979 ὑπό.
2667 4925 3032 4997 Nicephorus
3064 4924 3379 4997 Basilacas,
3413 4938 3590 4997 quem
3623 4919 3794 4997 Nico-

364 4990 548 5071 laum
569 4990 899 5071 sophistarn
933 5004 1105 5071 voca_t_
1129 4997 1255 5071 cod.
1295 4990 1456 5071 2720,
1489 4990 1836 5071 lﬁarratio-ne
1870 4990 2015 5071 prim

2132 5006 2391 5071 xtrema:
2423 4997 2555 5071 Τότε
2585 4990 3102 5071 πρῷτονἻἘλ-ληνες
3261 4990 3566 5071 Ὀδυσσέως
3599 4990 3795 5067 σοφίας

367 5064 687 5145 ἀπώναντό,
722 5068 1028 5145 οὐχ-ἦττον
1064 5064 1122 5123 δὲ
1148 5068 1183 5137 ἢ
1210 5067 1298 5145 ὅτε
1327 5066 1389 5121 τὸ
1422 5064 1731 5145 παλλάδιον
1764 5067 1821 5145 ἐκ
1854 5064 2015 5139 μέσης

2132 5069 2275 5141 ροίας
2315 5068 2587 5143 ἀφείλετο,
2622 5064 2787 5145 Idem
2833 5064 3021 5145 codex
3070 5066 3319 5145 ὑφείλετο
3375 5066 3627 5145 melius;
3682 5064 3795 5145 nec

369 5144 555 5215 habet
584 5136 859 5214 8t,'quo'd
893 5142 1110 5197 absens
1141 5141 1383 5214 quidem
1416 5157 1537 5196 non
1568 5140 1735 5196 valde
1789 5136 2246 5211 desiderabitur,
2289 5136 2553 5215 praesens
2603 5158 2723 5197 non
2756 5136 3360 5212 deleverim,'quippe
3401 5136 3560 5210 quod
3590 5152 3711 5192 non
3742 5136 3795 5189 vi

368 5214 637 5288 quadam
668 5218 887 5270 careat.

448 5290 559 5374 (£9)
592 5288 672 5374 pe
707 5285 1065 5374 tro‘pp‘ver‘bi
1099 5280 1339 5371 83).“ij
1370 5284 1523 5373 vide“
1548 5290 1751 5339 notam
1785 5285 1856 5374 ad
1892 5286 2015 5340 Aris

2132 5304 2168 5343 ι.
2206 5292 2367 5374 ικςζ,
2400 5288 2684 5374 pag-1H.
2713 5284 3018 5373 Choricius
3049 5284 3109 5339 in
3141 5277 3799 5374 Ριυοοορᾏξθὲζιῗᾶ-μξν

420 5349 710 5429 ιαζομένη,
743 5349 819 5410 rei
842 5353 898 5409 δὲ
928 5349 1326 5430 κολακεύουσα,
1381 5356 1447 5430 τά
1478 5352 1534 5408 δὲ
1581 5354 1896 5430 πειρωμένη
1932 5355 2145 5430 χρυσίῳ
2175 5349 2364 5412 πολλά
2400 5349 2704 5425 Βελεάζειν,
2738 5356 2877 5417 οἳαις
2911 5349 3366 5430 ,ἆεγὶῗμηχαναῖςί
3387 5349 3619 5430 ἐραστὴς
3665 5349 3803 5424 πρός

368 5421 839 5505 ἀγραναὲχρηται
878 5425 1168 5505 παιδικῶν.
1204 5421 1549 5505 Βθδνοῐῷἂηι
1578 5421 1777 5505 πολλῷ
1809 5446 1839 5483 e
1867 5421 2015 5505 δᾳδὶ(

2132 5432 2361 5505 ιβὺίηἱδ
2391 5421 2867 5505 τοςίἰεξβγιηὶιιιιε
2884 5421 3472 5505 -διιὶάασίἷι-Σπᾴᾷωνί
3505 5421 3803 5505 Σώφρονας

376 5496 583 5574 ἄνδρας
612 5496 953 5575 καταμικρὸν
980 5497 1352 5575 δελεάσαντες,
1387 5499 1463 5561 εἷς
1500 5498 1561 5552 τὸ
1592 5498 1841 5575 Σοδᾴμον
1875 5500 2015 5575 aiam

2132 5502 2396 5575 βάραθρον
2430 5496 2844 5569 κατηκόντισαν.
2871 5501 3151 5575 Georgius
3183 5499 3429 5570 Lapitba
3459 5496 3722 5554 incditus
3753 5512 3803 5548 v.

377 5569 527 5632 249':
563 5574 620 5649 ’ρ
650 5569 903 5649 τεᾼχνικὸς
934 5569 1278 5649 δημιουργὸς
1304 5571 1521 5649 ἐνέθηκε
1549 5574 1617 5643 τῇ
1652 5569 1806 5649 φύσει
1835 5573 1942 5640 Τήν
1967 5569 2171 5641 ᾗδονῆν
2201 5569 2281 5633 ’ὡς
2305 5569 2506 5647 δέλεαρ
2540 5576 2679 5649 σοφῇ
2717 5569 3123 5645 μηχανουργίᾳ.

454 5650 567 5716 (50)
594 5647 655 5710 Β,
692 5643 959 5717 ἁμαρτίας
991 5643 1438 5717 χωρίςίῐηοιὶυε
1464 5643 1686 5717 forsan)
1723 5646 1805 5701 Cf.
1840 5663 1896 5717 p.
1932 5649 1983 5711 3,
2010 5654 2131 5701 not.
2172 5651 2253 5701 11.

604 5720 664 5781 Β,
698 5712 883 5787 κᾱτάξ.
920 5712 1154 5789 ἀγαῖθῷν.
1190 5716 1515 5789 Videbatur
1541 5714 1753 5789 ἀγαθῷν
1789 5712 1919 5773 esse
1952 5719 2012 5774 in

2132 5735 2185 5783 e,
2219 5719 2337 5774 imo
2374 5735 2609 5775 nocere.
2652 5718 2798 5773 Cum
2850 5718 3078 5770 τοιαῦτα
3124 5720 3325 5771 careat
3380 5712 3648 5781 nomine,
3679 5726 3807 5766 me-

376 5788 502 5850 lius
534 5796 593 5846 et
616 5790 859 5846 nomine
883 5788 1111 5845 carebit
1136 5790 1408 5845 τοιοῦτον.
1441 5788 1533 5846 AC
1562 5806 1685 5847 non
1716 5788 1947 5849 habent
1976 5790 2211 5867 ἀγαθῶν.

658 5910 929 5974 Parnm.
978 5908 1090 5972 Gn.
1135 5906 1345 5971 XCVI.

3446 5906 3525 5969 28
