4160 6410
467 424 578 481 875

2030 415 2398 470 ADDENDA.

3761 429 3857 487 876

463 553 944 621 removes,atque
965 546 1028 603 in
1049 543 1264 603 animae
1295 540 1628 616 periculum
1654 538 1928 612 conjicis.
1962 539 2114 605 Quo-

2231 542 2334 596 IO
2386 541 2765 620 προστάγμασι
2819 545 3021 616 ταύτης
3078 541 3191 616 ἤδη
3252 542 3585 621 ἀπὲῤῥηξας,
3637 553 3721 606 καὶ
3768 556 3860 628 ψυ-

465 641 628 698 circa
655 640 834 696 velim
856 654 1068 694 noscas
1087 653 1182 690 me
1211 633 1456 688 minime
1479 631 1941 687 commissurum
1957 635 2022 684 ut
2039 629 2121 683 ibi

465 748 731 804 paream,
764 730 826 784 in
849 727 1175 796 eademque
1198 730 1392 778 tecum
1425 738 1563 794 erga
1592 723 1778 776 Deum
1809 720 2123 792 ingratitu-

466 822 608 878 dine
639 836 856 884 verser,
890 823 1068 887 atque
1101 831 1237 868 eum
1268 813 1370 883 qui
1405 811 1687 882 praeclare
1720 811 1792 865 de
1816 827 1911 865 me
1946 810 2124 864 meri-

463 918 560 967 tus
591 915 702 977 est,
735 907 1000 976 mihique
1032 903 1284 958 salutem
1312 901 1532 968 attulit,
1560 901 1854 971 abjurem,
1890 899 2124 955 etiamsi

460 1001 606 1058 feris
631 1016 726 1056 me
757 995 1143 1053 lacerandum
1169 1000 1228 1050 et
1248 993 1690 1049 absumendum
1721 991 1990 1063 objicias,
2023 996 2126 1046 aut

461 1091 680 1166 gladio,
712 1095 816 1146 aut
835 1088 955 1162 igni
979 1104 1074 1143 me
1101 1085 1365 1151 addicas,
1392 1100 1525 1155 qum
1551 1082 1794 1155 quidem
1821 1083 1881 1137 in
1906 1088 2006 1136 tua
2027 1098 2126 1154 po-

460 1186 672 1238 testate
703 1180 817 1236 sita
843 1183 1000 1234 sunt.
1035 1179 1236 1247 Neque
1259 1175 1421 1230 enim
1459 1179 1713 1228 mortem
1747 1172 2122 1237 exstimesco,

457 1290 571 1330 nec
593 1270 915 1344 prmsentia
937 1266 1399 1340 expeto,quippe
1430 1281 1561 1336 quae
1599 1279 1892 1335 perquam
1933 1260 2123 1315 imbe-

459 1363 601 1418 cilla
622 1367 845 1418 etvana
862 1375 993 1414 esse
1013 1361 1384 1427 compertum
1409 1354 1679 1409 habeam.
1703 1351 1854 1417 Quid
1877 1351 2037 1406 enim
2064 1350 2124 1404 in

459 1453 606 1525 ipsis
619 1450 894 1506 utilitatis
907 1446 1180 1519 est?quid
1194 1445 1348 1516 quod
1363 1443 1573 1500 stabile
1587 1443 1665 1497 sit
1680 1459 1747 1498 ac
1761 1440 2126 1497 diuturnum?

453 1545 656 1614 Neque
680 1540 740 1596 id
763 1539 982 1607 solum,
1007 1553 1213 1592 verum
1237 1535 1438 1601 etiam,
1469 1540 1592 1588 tum
1612 1548 1848 1604 quoque
1873 1549 2006 1587 cum
2029 1530 2127 1586 ad-

459 1637 621 1701 sunt,
635 1632 846 1705 ingens
861 1629 1008 1701 ipsis
1029 1642 1297 1683 aerumna
1309 1625 1632 1696 conjuncta
1645 1623 1970 1695 est,ingens
1988 1640 2127 1679 mm-

455 1721 794 1793 ror,ingens
817 1725 876 1774 et
891 1722 1179 1790 perpetua
1199 1714 1561 1783 sollicitudo,
1588 1713 1886 1784 siquidem
1917 1729 2123 1768 eorum

459 1809 749 1882 voluptati
767 1824 834 1864 ac
847 1805 1215 1880 perceptioni
1234 1804 1386 1860 nihil
1407 1821 1525 1859 non
1550 1803 1846 1858 maestitia)
1865 1819 1932 1857 ac
1953 1802 2120 1858 dolo-

459 1899 544 1956 ris
565 1899 862 1954 adnexum
883 1901 1001 1952 est:
1022 1896 1289 1968 ipsorum
1311 1893 1553 1958 divitiaa,
1586 1899 1906 1965 paupertas
1939 1899 2080 1948 sunt
2103 1911 2117 1960 ;
2148 1927 2196 1992 Β

456 1990 725 2063 ipsorum
747 1987 1108 2055 sublimitas,
1131 1991 1398 2042 extrema
1413 1983 1689 2056 dejectio.
1705 1983 1991 2049 Quisnam
2017 2000 2117 2039 au-

456 2087 578 2138 tem
595 2096 805 2136 eorum
825 2078 985 2134 mala
1002 2075 1409 2134 enumerando
1427 2073 1710 2144 consequi
1734 2074 1964 2145 possit?
1976 2075 2116 2139 Qua)

458 2170 700 2243 quidem
731 2168 938 2240 paucis
981 2165 1176 2222 verbis
1224 2165 1539 2236 theologus
1583 2179 1755 2218 meus
1805 2163 1954 2218 mihi
2003 2162 2116 2218 de-

456 2258 829 2319 monstravit,
855 2256 948 2312 his
970 2255 1164 2311 verbis
1187 2260 1391 2309 utens:
1418 2256 1595 2309 Totus
1618 2253 1877 2308 mundus
1901 2253 1961 2307 in
1995 2269 2122 2308 ma-

459 2349 624 2420 ligno
645 2347 877 2420 positus
895 2351 986 2402 est
1014 2347 1066 2416 (I
1090 2347 1255 2400 Joan.
1280 2362 1310 2397 v
1332 2351 1382 2399 et
1403 2345 1484 2415 ιι).
1518 2347 1598 2399 Ac
1622 2361 1861 2398 rursum
1890 2359 1902 2396 :
1928 2342 2117 2398 Nolite

458 2438 714 2509 diligere
744 2435 1056 2499 mundum,
1090 2451 1286 2505 neque
1324 2450 1393 2489 ea
1423 2450 1555 2504 quas
1588 2433 1650 2488 in
1698 2432 1922 2487 mundo
1954 2439 2115 2488 sunt.

465 2526 758 2593 Quoniam
778 2542 956 2581 omne
975 2524 1133 2596 quod
1149 2525 1212 2578 in
1236 2523 1460 2579 mundo
1487 2527 1706 2587 est,aut
1727 2527 1817 2576 est
1832 2522 2118 2593 concupi-

467 2617 698 2673 scentia
711 2616 1039 2683 carnis,aut
1053 2613 1537 2684 concupiscentia
1558 2611 1803 2668 oculoru
1813 2617 1998 2678 m,aut
2019 2628 2119 2666 su-

459 2707 668 2779 perbia
696 2705 849 2760 vitai.
883 2707 952 2759 Et
981 2704 1240 2759 mundus
1271 2703 1503 2768 transit,
1546 2707 1604 2758 et
1633 2701 2119 2772 concupiscentia

458 2794 610 2866 ejus.
627 2794 734 2860 Qui
749 2799 947 2849 autem
963 2791 1103 2848 facit
1118 2791 1484 2847 voluntatem
1501 2791 1624 2859 Dei,
1650 2797 1852 2845 manet
1868 2791 1927 2844 in
1950 2797 2116 2845 mter-

453 2900 620 2940 num.
656 2884 820 2940 Hanc
843 2883 1022 2955 igitur
1043 2899 1149 2955 ego
1181 2881 1398 2937 bonam
1427 2882 1526 2936 Dei
1553 2880 1918 2936 voluntatem
1943 2898 2113 2951 quaa-

453 2975 829 3041 rens,omnia
841 2989 946 3046 pro
965 2972 1251 3028 derelicto
1273 2971 1476 3036 habui,
1496 2988 1631 3027 cum
1649 2971 1842 3043 iisque
1855 2987 1949 3026 me
1973 2987 2115 3026 cun-

447 3063 625 3136 junxi
642 3064 743 3134 qui
758 3062 969 3119 eadem
982 3062 1305 3134 cupiditate
1329 3067 1812 3133 tenentur,atque
1836 3061 2114 3117 eumdem

457 3154 646 3210 Deum
669 3154 1143 3226 expetuntJnter
1160 3169 1308 3223 quos
1331 3169 1451 3208 non
1477 3151 1750 3207 simultas
1774 3157 1881 3217 est,
1907 3167 2028 3206 non
2049 3151 2117 3205 li-

453 3259 579 3309 vor,
600 3259 720 3298 non
735 3259 1018 3298 maerores
1037 3246 1095 3296 et
1116 3259 1301 3309 curae;
1323 3241 1426 3297 sed
1445 3258 1654 3298 omnes
1672 3241 1828 3296 idem
1847 3241 2111 3296 curricu-

458 3332 586 3388 lum
617 3331 858 3398 obeunt,
883 3337 947 3387 ut
969 3331 1043 3386 ad
1066 3332 1460 3403 sempiternas
1485 3348 1583 3387 eas
1616 3331 1960 3386 mansiones
1981 3348 2114 3404 per-
2143 3302 2186 3369 Ο

456 3426 721 3495 veniant,
755 3441 902 3497 quas
933 3425 1228 3481 luminum
1263 3427 1436 3481 Pater
1468 3425 1540 3481 iis
1572 3442 1605 3480 a
1631 3425 1848 3496 quibus
1880 3433 2117 3484 amatur

453 3516 810 3589 prceparavit
832 3517 970 3583 (Jac.
997 3533 1048 3584 ις
1081 3518 1112 3572 Ι
1139 3517 1262 3572 Cor.
1298 3518 1382 3584 ιι).
1417 3515 1536 3571 Hos
1579 3532 1682 3589 ego
1715 3533 1820 3587 pro
1852 3517 2114 3587 parenti-

453 3605 706 3673 bus,hos
717 3623 824 3678 pro
845 3605 1268 3674 fratribus,hos
1289 3622 1396 3678 pro
1410 3605 1618 3660 amicis
1641 3611 1699 3660 et
1717 3605 2114 3662 familiaribus

451 3694 666 3752 habeo.
702 3694 790 3751 Ab
836 3694 910 3750 iis
941 3700 1142 3751 autem
1183 3695 1283 3766 qui
1328 3695 1630 3766 quondam
1678 3695 1855 3751 amici
1887 3696 2006 3752 mei
2045 3713 2114 3752 ac

448 3785 666 3841 fratres
693 3790 868 3841 erant
896 3784 1163 3857 elongavi
1191 3784 1444 3858 fugiens,
1473 3791 1530 3840 et
1567 3785 1761 3841 mansi
1804 3786 1865 3840 in
1898 3786 2114 3842 solitu-

449 3863 592 3921 dine
622 3865 775 3938 (Psal
817 3866 972 3936 un),
1005 3865 1191 3921 Deum
1225 3871 1601 3936 exspectans,
1625 3867 1726 3937 qui
1753 3867 1981 3922 salvum
2013 3884 2112 3923 me

447 3954 594 4012 fecit
613 3971 649 4011 a
669 3954 1165 4028 pusillanimitate
1198 3955 1465 4028 spiritus,
1499 3963 1559 4012 et
1580 3961 1953 4028 tempestate.

519 4046 653 4101 Haec
680 4061 818 4101 cum
843 4045 927 4101 ita
942 4045 1256 4102 commode
1281 4061 1349 4101 ac
1371 4046 1640 4118 jucunde
1669 4063 1704 4102 a
1734 4047 1837 4102 Dei
1868 4047 2110 4104 homine

447 4133 610 4192 dicta
640 4141 861 4204 essent,
888 4151 993 4192 rex
1022 4135 1336 4192 iracundia
1360 4136 1605 4208 quidem
1664 4137 2108 4209 impellebatur,

447 4241 518 4282 ac
538 4230 812 4282 sanctum
828 4225 1020 4280 virum
1041 4225 1273 4282 acerbis
1300 4226 1614 4299 suppliciis
1647 4227 1985 4283 excruciare
2010 4243 2108 4282 cu-

448 4315 688 4386 piebat;
725 4331 966 4372 rursum
1016 4320 1217 4372 autem
1275 4333 1337 4372 se
1388 4317 1773 4389 reprimebat,
1822 4322 2000 4388 atque
2049 4316 2110 4372 id

443 4405 682 4478 aggredi
709 4405 1126 4472 cunctabatur,
1161 4405 1564 4464 venerandam
1610 4407 1799 4480 ipsius
1849 4407 2108 4480 dignita-

447 4497 569 4547 tem
599 4507 668 4548 ac
699 4493 1080 4564 splendorem
1099 4494 1342 4551 veritus.
1368 4495 1718 4550 Sermonem
1768 4510 1904 4551 vero
1950 4494 2107 4551 exci-

444 4580 640 4652 piens,
675 4581 770 4638 his
800 4599 939 4639 eum
965 4583 1162 4638 verbis
1194 4589 1284 4640 est
1311 4584 1608 4640 allocutus
1643 4601 1657 4641 :

2235 634 2382 704 χικῷ
2413 629 2650 707 κινδύνῳ
2682 632 3025 709 παρέδωκας.
3057 635 3194 699 Ἰσθι
3243 634 3425 690 τοίνυν
3475 635 3548 699 ὡς
3592 635 3758 715 ἔγωγε
3803 645 3857 700 οὐ

2231 723 2607 798 πεισφήσομαί
2640 745 2748 793 σοι,
2782 724 2905 779 οὕτε
2939 725 3046 798 μὴν
3077 725 3402 794 κοινωνήσω
3434 745 3516 779 σοι
3551 733 3649 795 τῆς
3693 731 3860 785 τοιαύ-

2230 829 2332 880 της
2365 810 2441 876 εἷς
2469 813 2561 866 τὸν
2585 814 2714 869 Θεὸν
2745 813 3090 889 ἀχαριστίας,
3125 811 3252 869 οὐδὲ
3280 815 3371 869 τὸν
3421 811 3549 888 ἐμὸν
3599 815 3859 893 εὐεργέτην

2232 901 2319 955 καὶ
2357 908 2592 976 Σωτῆρα
2623 904 2954 980 ἀρνήσομαι,
2981 903 3024 958 εἰ
3073 903 3163 959 καὶ
3209 903 3425 978 θηρίοις
3473 903 3783 978 ἀναλώσεις,
3822 912 3861 966 εί

2234 989 2372 1064 ξίφει
2431 992 2522 1046 xui
2580 993 2711 1069 πυρὶ
2764 991 3105 1070 παραδώσεις
3168 1013 3256 1066 με.
3289 991 3447 1063 ἆτῆς
3503 1001 3600 1064 σῆς
3647 995 3863 1068 ἐξουσίας

2235 1079 2416 1138 ἐστίν.
2474 1079 2613 1139 Οὔτε
2667 1083 2769 1159 γὰρ
2831 1085 3059 1148 θάνατον
3118 1080 3336 1138 δέδοικα
3367 1127 3382 1154 ,
3445 1081 3567 1138 οὔτε
3619 1087 3766 1141 ποθῶ
3809 1091 3866 1144 τὰ

2233 1171 2476 1244 παρόντα
2508 1215 2526 1245 ,
2585 1171 2804 1242 πολλὴν
2875 1173 3049 1228 αὐτῶν
3118 1172 3418 1248 καταγνοὺς
3469 1175 3568 1244 τήν
3621 1173 3867 1232 ἀσθένειαν

2234 1260 2326 1315 xui
2360 1261 2722 1334 ματαιότητα.
2755 1262 2821 1320 Τί
2851 1263 2956 1338 γάρ
3009 1262 3186 1318 αὐτῶν
3232 1264 3533 1338 χρήσιμον,
3565 1262 3600 1333 ἢ
3632 1265 3867 1339 μόνιμον,

2233 1350 2269 1420 ἢ
2300 1347 2560 1426 διαρκὲςς
2602 1353 2689 1406 καὶ
2745 1351 2807 1406 οὐ
2857 1356 3020 1408 τοῦτο
3081 1352 3271 1426 μόνον,
3303 1350 3448 1408 ἀλλά
3503 1352 3593 1408 καὶ
3645 1353 3696 1408 ἐν
3741 1356 3868 1429 αύτῷ

2231 1445 2314 1512 τῷ
2345 1443 2482 1496 εἶναι
2540 1439 2729 1512 πολλή
2793 1444 3135 1518 συνυπάρχιι
3192 1443 3381 1506 αὐτοῖς
3431 1443 3466 1512 ἡ
3519 1442 3868 1520 ταλαιπωρία,

2233 1527 2420 1599 πολλὴ
2456 1528 2900 1602 ἡλύπη,πολλὴ
2956 1531 3047 1587 καὶ
3109 1529 3472 1594 ἀδιάσπαστος
3531 1533 3567 1602 ἡ
3631 1534 3866 1610 μέριμνα.

2233 1623 2313 1693 Τῇ
2343 1619 2445 1696 γάρ
2479 1619 2780 1698 εὐφροσύνῃ
2822 1621 2999 1676 αὐτῶν
3059 1621 3148 1676 καὶ
3209 1620 3507 1677 ἀπολαύσει
3565 1628 3706 1677 πᾶσα
3761 1645 3866 1680 συν-

2233 1708 2469 1780 ἐξευκται
2546 1712 2814 1788 κατήφεια
2872 1709 2963 1766 καὶ
3024 1707 3190 1782 ὀδύνη
3228 1729 3241 1742 ’
3303 1712 3332 1766 6
3391 1709 3632 1775 πλοῦτος
3711 1712 3867 1769 αὐτῶν

2231 1799 2482 1875 πτωχεία
2539 1799 2674 1872 ἐστὶ,
2733 1801 2824 1855 καὶ
2879 1801 2942 1856 τὸ
3001 1800 3134 1874 ὕψος
3190 1800 3366 1856 αὐτῶν
3423 1801 3750 1868 ταπείνωσις
3799 1802 3870 1860 ἐσ-

2235 1888 2402 1965 χάτη.
2440 1895 2538 1944 Καὶ
2594 1889 2677 1953 τίς
2733 1888 3084 1964 ἐξαριθμήσει
3138 1890 3207 1946 τά
3253 1889 3464 1946 τούτων
3515 1891 3702 1964 κακάς
3750 1891 3867 1970 ἅπερ

2227 1975 2298 2034 δι’
2321 1978 2525 2053 ὀλίγων
2553 1979 2816 2054 ῥημάτων
2843 1977 3086 2050 ὑπέδειξὲ
3113 2001 3208 2052 μοι
3243 1981 3271 2036 6
3297 1979 3430 2054 ἰμδς
3463 1980 3719 2058 θεολόγος
3749 1985 3868 2057 (52).

2227 2067 2372 2136 Φησὶ
2404 2067 2526 2144 γάρ’
2560 2068 2621 2125 Ὁ
2653 2069 2859 2142 κόσμος
2893 2067 3024 2133 ὅλος
3052 2067 3106 2124 ἐν
3135 2074 3214 2142 τῷ
3272 2075 3504 2146 πονηρῷ
3551 2077 3740 2127 κεῖται·
3766 2075 3865 2146 καὶ,

2227 2156 2322 2224 Μὴ
2377 2155 2621 2230 ἀγαπᾶσε
2676 2157 2768 2211 τὸν
2826 2157 3073 2230 κόσμον,
3136 2157 3277 2232 μηδὲ
3333 2160 3400 2214 τὰ
3454 2159 3507 2214 ἐν
3567 2165 3646 2233 τῷ
3695 2161 3866 2234 κόσμῳ

2229 2247 2309 2300 δνι
2337 2250 2439 2300 πᾶν
2469 2248 2531 2302 τὸ
2580 2245 2631 2301 ἐν
2690 2252 2770 2320 τῷ
2799 2249 2994 2322 κόσμῳ
3020 2251 3054 2318 ἡ
3088 2248 3355 2322 ἐπιθυμία
3410 2257 3516 2320 τῆς
3575 2251 3764 2324 σαρκὸς
3788 2251 3862 2305 καὶ

2227 2337 2262 2405 ἡ
2314 2334 2574 2409 ἐπιθυμία
2629 2341 2738 2391 τῶν
2797 2337 3097 2414 ὀφθαλμῶν
3134 2385 3148 2412 ,
3222 2340 3312 2395 καὶ
3370 2342 3404 2410 ἠ
3465 2338 3724 2411 ἀλαζονία
3781 2344 3862 2396 106

2233 2425 2375 2500 βίου·
2409 2432 2522 2496 καί,
2555 2428 2616 2484 Ὀ
2645 2429 2851 2501 κόσμος
2882 2431 3181 2504 παράγεται
3211 2429 3302 2486 καὶ
3333 2433 3368 2501 ἡ
3400 2429 3666 2504 ἐπιθυμία
3695 2431 3857 2487 αὐτοῦ·

2227 2517 2257 2570 6
2289 2513 2345 2570 δὲ
2375 2521 2548 2571 ποιῶν
2575 2517 2638 2572 τὸ
2670 2519 2888 2591 θέλημα
2917 2523 3013 2574 106
3046 2524 3180 2575 Θεοῦ
3224 2519 3370 2593 μένιι
3419 2521 3503 2583 εἷς
3556 2521 3648 2576 τὸν
3694 2520 3864 2578 αἰῶνα.

2227 2609 2399 2662 T0610
2423 2604 2534 2680 ἐγὼ
2578 2610 2754 2676 ζητῶν
2808 2607 2870 2662 τὸ
2928 2605 3148 2682 Θέλημα
3202 2613 3299 2665 106
3359 2607 3500 2666 Θεοῦ
3557 2611 3620 2666 τὸ
3676 2609 3871 2686 ἀγαθὸν,

2226 2695 2410 2773 ἀφῆκα
2465 2698 2672 2768 πάντα,
2736 2697 2826 2752 καὶ
2883 2697 3199 2770 ἐκολλήθην
3257 2706 3377 2764 τοῖς
3436 2702 3532 2756 τὸν
3594 2701 3748 2757 αὐτὸν
3797 2721 3868 2756 κε-

2224 2787 2524 2859 κτημένοις
2555 2786 2724 2850 πόθον
2753 2787 2844 2842 καὶ
2874 2788 2966 2843 τὸν
2995 2789 3156 2844 αὐτὸν
3216 2790 3512 2862 ἕκζητοῦσι
3571 2791 3699 2847 Θεόν

2225 2877 2278 2934 ἐν
2307 2878 2388 2941 οἷς
2417 2878 2515 2934 οὐκ
2546 2873 2686 2935 ἔστιν
2721 2878 2834 2948 ἔρις
2866 2879 2900 2950 ἢ
2933 2879 3128 2959 φθόνος
3163 2886 3295 2956 (54),
3327 2881 3502 2938 λύπαι
3559 2887 3652 2940 ιτ
3707 2903 3762 2938 τε
3797 2880 3870 2935 καὶ

2229 2967 2510 3043 μέριμναι,
2540 2967 2689 3025 ἀλλά
2719 2968 2910 3033 πάντες
2940 2970 3032 3025 τὸν
3063 2969 3181 3026 ἴσον
3230 2971 3500 3048 τρέχουσι
3551 2971 3772 3049 δρόμον,
3795 2972 3870 3026 ἳνα

2225 3053 2576 3114 καταλάϐωσι
2631 3059 2727 3123 τάς
2809 3058 3027 3122 αἷ“ωνίας
3116 3060 3287 3134 μονάς
3323 3105 3337 3132 ,
3395 3059 3465 3125 ἃς
3524 3060 3868 3134 ἡτοίμασενὸ

2226 3149 2414 3222 Πατὴρ
2444 3153 2552 3203 τῶν
2585 3149 2782 3226 φώτων
2830 3154 2948 3211 τοῖς
2979 3149 3262 3225 ἀγαπῶσιν
3322 3149 3490 3207 αὐτόν
3554 3154 3705 3225 (54⁸).
3752 3148 3866 3205 Τού-

2222 3259 2350 3300 τους
2408 3237 2513 3312 ἐγὼ
2571 3241 2904 3314 γεννήτορας
2940 3282 2956 3308 ,
3007 3238 3236 3304 τούτους
3299 3239 3574 3320 ἀδελφοὺς
3605 3284 3619 3311 ,
3667 3239 3868 3301 τούτους

2225 3328 2420 3406 φίλους
2451 3329 2541 3383 καὶ
2573 3330 2845 3404 γνωστοὺς
2901 3329 3237 3404 ἐκτησάμην·
3296 3335 3404 3386 τῶν
3476 3329 3535 3387 δέ
3593 3332 3725 3387 ποτὲ
3779 3350 3866 3404 μου

2225 3415 2402 3496 φίλων
2453 3416 2544 3472 καὶ
2603 3416 2854 3493 ἀδελφῶν
2917 3418 3194 3495 ἐμάκρυνα
3253 3417 3600 3498 φύγαδεύων,
3641 3420 3731 3476 καὶ
3782 3419 3864 3491 ηὑ-

2225 3505 2420 3578 λίσθην
2453 3507 2504 3563 ὲν
2548 3511 2616 3581 τῇ
2677 3506 2872 3582 ἐρήμῳ
2928 3506 3376 3585 προσδεχόμενος
3437 3512 3534 3566 τὸν
3587 3512 3741 3582 θεὸν,
3790 3509 3867 3564 τὸν

2223 3598 2469 3667 σώζοντά
2547 3619 2613 3671 με
2697 3598 2804 3654 ἀπὸ
2873 3599 3244 3676 ὁλιγοψυχίας
3324 3602 3417 3657 καὶ
3481 3603 3590 3658 ἀπὸ
3648 3597 3868 3677 καταιγί-

2225 3685 2317 3751 δος
2344 3691 2480 3762 (55).

2291 4050 2508 4108 Τούτων
2539 4049 2802 4125 εὐκαίρως
2835 4046 2978 4106 οὕτω
3025 4052 3117 4108 καὶ
3167 4051 3346 4124 ήδέως
3368 4060 3452 4129 τῷ
3483 4059 3584 4112 106
3614 4057 3745 4112 Θεοῦ
3789 4053 3868 4107 ἀν-

2220 4139 2426 4214 θρώπῳ
2485 4141 2966 4216 ὐπαγορευθὲντων
3003 4184 3019 4210 ,
3077 4143 3105 4198 6
3179 4143 3435 4220 βασιλεὺς
3495 4146 3725 4200 ἐκινεῖτο
3783 4141 3865 4215 μὶν

2223 4231 2326 4285 ὐπὸ
2355 4234 2452 4286 τοῦ
2485 4235 2680 4304 θυμοῦ,
2715 4231 2804 4286 καὶ
2847 4237 3056 4308 πικρῶς
3101 4233 3327 4303 αἰκίζειν
3378 4236 3474 4291 τὸν
3526 4237 3678 4312 ἅγιον
3710 4228 3870 4304 ἠϐού-

2219 4317 2368 4388 λετο,
2405 4316 2563 4374 ὤκνει
2597 4317 2654 4374 δὲ
2685 4319 2850 4376 πάλιν
2907 4320 2999 4376 καὶ
3056 4317 3417 4392 ἀνεϐάλλετο,
3479 4325 3546 4380 τὸ
3605 4321 3866 4394 αἰδέσιμον

2218 4410 2387 4464 αὐτοῦ
2444 4409 2535 4465 xui
2596 4410 2891 4488 περιφανὲς
2950 4407 3380 4486 εὐλαϐούμενος.
3445 4408 3772 4470 Ὑπολαϐὼν
3823 4406 3871 4464 δὶ

2214 4493 2318 4577 ἔφη
2358 4499 2496 4576 πρὸς
2529 4496 2710 4558 αὐτόν.

519 4670 816 4743 Undique,
849 4688 882 4726 ο
913 4672 1117 4739 miser,
1143 4673 1322 4729 exitio
1345 4679 1466 4743 tuo,
1493 4674 1792 4744 studuisti,
1818 4681 1883 4730 ut
1905 4677 2006 4748 qui
2030 4677 2104 4732 ad

2286 4680 2657 4756 Πανταχόθεν,
2693 4679 2870 4752 ἄθλιε,
2901 4683 2998 4752 τήν
3057 4687 3282 4738 σεαυτοῦ
3343 4682 3720 4758 ἐκμελετήσας
3776 4681 3868 4736 ἀπ·

433 4758 654 4832 ipsum,
674 4759 934 4829 fortuna,
956 4767 1021 4817 ut
1041 4761 1294 4830 videtur,
1311 4768 1367 4819 te
1387 4763 1756 4836 impellente,
1778 4770 1904 4821 tum
1932 4783 2104 4823 men-

436 4855 558 4906 tem
575 4855 700 4906 tum
715 4850 981 4923 linguam
994 4851 1228 4908 acueris
1245 4870 1311 4908 ac
1324 4853 1573 4924 proinde
1587 4853 1894 4910 obscuram
1910 4873 2104 4928 quam-

434 4939 574 4996 dam
586 4945 767 5012 atque
783 4940 1027 4998 inanem
1048 4942 1384 5011 verborum,
1401 4945 1666 5002 naaniam
1691 4944 1994 5002 eﬂ'uderis.
2018 4951 2100 5004 Ac

433 5029 554 5086 nisi
568 5032 864 5088 sermonis
877 5033 1174 5107 principio
1193 5051 1287 5090 me
1302 5034 1408 5090 tibi
1425 5035 1722 5093 facturum
1736 5038 2098 5110 recepissem

435 5123 504 5178 ut
522 5135 553 5175 e
577 5120 774 5180 medio
800 5122 1054 5181 concilio
1099 5123 1470 5182 iracundiam
1513 5124 1905 5201 depellerem,
1936 5142 2099 5184 nunc

525 5373 615 5445 52)
643 5374 812 5430 Joan.
845 5374 870 5428 Ι
899 5373 1085 5446 Epist.
1118 5390 1174 5430 v.
1212 5377 1276 5430 19
1304 5391 1317 5443 ;
1356 5392 1419 5444 ιι,
1447 5379 1530 5443 15,
1567 5376 1653 5446 16,
1685 5381 1774 5433 17.

641 5446 801 5523 Ρεαι.
830 5444 1035 5514 Lib—2;
1067 5444 1308 5516 ἐκζητῶν
1337 5447 1430 5502 τὸν
1463 5446 1616 5505 Θεόν.
1641 5444 1648 5446 ἡ
1670 5450 1853 5523 Epist.
1905 5450 1980 5507 ad
2037 5454 2115 5509 Ro

2260 5469 2343 5522 ιιι,
2379 5457 2438 5511 11
2473 5471 2486 5510 :

432 5515 526 5570 τὸν
555 5515 707 5570 Θεόν.

2214 4767 2438 4841 ώλειαν,
2473 4771 2610 4844 πρὸς
2637 4771 2864 4842 ταύτην,
2899 4772 2973 4834 ὡς
3003 4771 3201 4846 ἔοικεν,
3235 4774 3339 4829 ὑπὸ
3370 4782 3473 4844 τῆς
3531 4777 3715 4852 τύχης
3761 4794 3867 4828 συν-

2212 4858 2600 4933 ελαυνόμενος,
2632 4862 2911 4932 ήκόνησας
2939 4863 3031 4918 τὸν
3060 4867 3184 4918 νοῦν
3225 4866 3339 4938 ἅμα
3396 4864 3492 4920 καὶ
3549 4867 3652 4934 τήν
3700 4861 3866 4940 γλῶτο

2207 4966 2326 5004 ταν*
2361 4951 2479 5015 ὅθεν
2513 4952 2689 5029 ἀσαφῆ
2751 4973 2872 5006 τινα
2923 4954 3014 5008 καὶ
3075 4953 3307 5026 ματαίαν
3364 4954 3730 5030 βαττολογίαν
3789 4950 3863 5007 δι-

2209 5039 2454 5108 εξῆλθες.
2492 5041 2587 5097 Καὶ
2619 5040 2664 5095 εἰ
2695 5043 2796 5114 μὴ,
2829 5041 2946 5098 κατ’
2989 5041 3166 5118 ἀρχάς
3220 5047 3319 5098 τοῦ
3373 5041 3574 5120 λόγου,
3607 5043 3862 5119 ἐπηγγει-

2209 5125 2397 5202 λάμην
2433 5150 2519 5185 σοι
2548 5128 2606 5185 ἐκ
2638 5129 2804 5204 μέσου
2857 5134 2953 5186 106
3012 5129 3298 5210 συνεδρίου
3341 5134 3431 5190 τὸν
3469 5133 3644 5209 θυμὸν
3704 5131 3862 5203 ποιή-

2544 5453 2661 5512 Οὐκ
2714 5450 2857 5510 ἔστιν
2883 5454 2912 5510 6
2944 5455 3164 5527 συνιὼν,
3225 5457 3330 5514 οὐκ
3385 5452 3534 5516 ἔστιν
3567 5460 3596 5515 6
3629 5457 3855 5528 ἕκζητῶν

640 5591 784 5677 Qum
808 5589 1064 5677 ,nor’nina
1086 5589 1289 5677 jungit
1321 5591 1641 5677 :Apostolus
1664 5593 1742 5677 ad
1775 5595 2112 5677 Philippm,
2150 5600 2235 5677 l3.

501 5660 744 5727 (54313;
771 5657 1023 5721 αἰωνίους
1056 5657 1280 5730 σκηνάς,
1320 5657 1486 5719 Luczn
1520 5681 1628 5731 xw,
1660 5669 1712 5721 9.
1747 5697 1812 5707 —
1844 5669 1866 5721 Ι
1898 5657 2109 5738 Ε’ρῖδι.’

430 5729 501 5782 Et
525 5730 711 5784 Deum
739 5732 968 5786 vocavit
991 5730 1084 5785 τὸν
1116 5730 1321 5786 πατὲοα
1347 5733 1460 5786 τῶν
1492 5735 1690 5786 φώτων
1723 5745 1856 5786 nnst
1883 5740 2115 5786 Jnnnhm

2227 5671 2342 5786 3(4)?
2375 5687 2434 5741 ιι,
2469 5675 2500 5726 9
2536 5689 2548 5727 :
2583 5671 2616 5726 εἰ
2641 5670 2936 5747 ἡτοίμασεν
2968 5673 2996 5727 6
3030 5675 3160 5736 Θεὸς
3193 5680 3312 5739 τοῖς
3362 5675 3650 5752 ἀγαπῶσιν
3679 5670 3848 5730 αὐτόν.

544 5740 711 5812 λςιιξιι
739 5740 1321 5812 vocavit_16v__1tu1épu
1347 5740 1460 5789 τῶν
1492 5740 1690 5808 φώτων
1722 5745 1856 5812 post
1883 5740 2167 5812 Iacobum
2191 5759 2229 5808 ι,
2266 5746 2350 5796 17.

501 5798 614 5870 (55)
646 5799 802 5857 Psal.
834 5817 944 5872 LIV,
975 5806 1005 5856 '7
1031 5819 1046 5859 :
1075 5798 1386 5879 Ἐμάκρυνα
1415 5798 1588 5884 φυγ...
1624 5798 2071 5885 προσδεχόμενος
2095 5832 2115 5866 σι

2227 5812 2534 5884 σώζοντα...
2565 5846 2634 5860 --
2665 5819 2706 5874 C
2739 5818 2868 5876 sine
2897 5818 2992 5875 16v
3021 5819 3176 5877 Θεόν.
