4160 6390
373 425 488 481 877

1575 413 1750 467 νιΤΔ
1785 409 2141 467 BARLAAM
2177 410 2272 465 ΕΤ
2305 412 2646 468 JOASAPH.

3696 414 3807 473 878

370 558 619 618 σασθαι,
678 548 771 601 νῦν
833 543 893 598 ἃν
951 539 1084 617 πυρί
1142 561 1237 596 σου
1294 537 1392 601 τὰς
1439 556 1641 612 σαρκας
1699 531 2036 610 παρέδωκα.

2167 553 2362 592 :arnes
2385 543 2514 594 tuas
2536 539 2598 594 in
2627 539 2826 613 ignem
2847 541 2979 613 conj
2990 540 3262 599 ecissem.
3291 541 3580 606 Quoniam
3602 546 3805 600 autem

372 637 532 696 Ἐπεὶ
567 633 625 691 δὲ
648 628 951 710 προλαϐὼν
1014 630 1290 692 τοιούτοις
1353 648 1420 700 με
1475 622 1871 701 κατησφαλίσω
1922 627 2038 684 τοῖς

378 721 959 805 ργςμασιν,ἀνέχομαί
990 742 1085 776 σου
1141 724 1242 775 τοῦ
1302 719 1557 793 Θράσους,
1615 722 1716 785 τῆς
1779 715 2045 790 προτέρας

375 803 488 892 μου
542 811 716 872 ἕνεκεν
777 814 916 890 πρὸς
971 811 1029 866 σὶ
1087 809 1292 888 φιλίας.
1355 807 1616 868 Ἀναστὰς
1669 805 1786 869 οὖν,
1846 803 2042 860 λοιπὸν

372 913 540 988 φεῦγε
571 906 622 976 ἐξ
655 901 960 982 ὀφθαλμῶν
1015 921 1140 976 μου,
1205 897 1401 973 μηκέτι
1459 918 1516 952 σε
1547 895 1756 971 ὄψομαι
1805 893 1897 949 καὶ
1944 914 2044 949 κα-

370 1006 490 1061 κῶς
525 994 804 1053 ἀπολέσω.

451 1088 558 1146 Καὶ
590 1083 814 1160 ἐξελθὼν
850 1083 878 1138 6
907 1086 1006 1138 τιιῦ
1037 1085 1171 1137 Θεοῦ
1219 1078 1505 1154 ἄνθρωπος
1553 1076 1917 1150 ἀνεχώμησεν
1969 1073 2046 1135 εἱς

376 1183 485 1250 τῆδ
540 1176 766 1253 ἔρημον,
829 1174 1170 1247 Λυπούμενος
1233 1171 1328 1244 μὶν
1380 1168 1462 1224 ὅτι
1519 1168 1580 1222 οὐ
1640 1165 2044 1241 μεμαρτύρηκε,

375 1273 482 1328 18
540 1269 826 1344 μαρτυρῶν
891 1261 949 1318 δὲ
999 1263 1120 1318 καθ’
1167 1261 1378 1334 ἡμέραν
1411 1261 1479 1332 τῇ
1542 1253 2045 1328 συνειδήσει

368 1357 467 1415 καί
500 1352 874 1412 αντιπαλαίων
909 1352 1046 1428 πρός
1097 1350 1193 1411 τὶς
1255 1349 1432 1424 ἀρχὰς
1488 1346 1577 1402 καί
1611 1345 1876 1415 ἐξουσίας,
1908 1344 2044 1418 πρὸς

369 1449 505 1512 τοὺς
535 1444 995 1521 κοσμοκράτορας
1027 1447 1125 1497 τοῦ
1163 1440 1390 1500 σκότους
1433 1443 1529 1493 τοῦ
1580 1436 1778 1498 αἰῶνος
1827 1435 2045 1504 τούτου,

370 1540 515 1617 πρὸς
545 1539 614 1593 τά
644 1533 985 1608 πνευματίκα
1033 1539 1134 1601 τῆς
1193 1528 1484 1604 πονηρίας,
1545 1529 1619 1589 ὡς
1681 1546 1843 1604 φησιν
1879 1525 1906 1578 6
1942 1545 2043 1597 μα-

371 1613 567 1704 κάριος
598 1623 816 1687 Παῦλος
870 1620 1271 1696 (56).Ἐκείνου
1330 1618 1423 1693 μὲν
1486 1618 1576 1672 οὖν
1638 1613 2044 1686 ἀποδημήσαν-

378 1702 501 1787 τος,
531 1716 696 1773 πλέον
730 1715 758 1770 6
795 1711 1051 1788 βασιλεὺς
1091 1709 1366 1785 ὀργισθεὶς
1400 1705 1646 1783 διωγμὸν
1680 1702 2042 1784 σφοδρότερον

385 1809 524 1865 κατᾶ
566 1811 661 1862 τοῦ
725 1805 1034 1879 μοναχικοῦ
1089 1799 1356 1873 ἐκμελετᾷ
1405 1799 1708 1873 τάγματος,
1770 1793 2042 1855 πλείωνος

381 1898 440 1956 δὲ
469 1903 641 1970 τῖμῆς
671 1893 798 1957 τοὺς
826 1897 935 1949 τῶν
968 1888 1219 1946 εἰδώλων
1274 1889 1420 1960 ἀξιοῖ
1478 1887 1808 1960 θεραπευτάς
1839 1904 1897 1940 τε
1952 1882 2042 1938 καὶ

371 1987 706 2063 νεωκόρους.

450 2059 797 2149 Ἐντοιαύτῃ
849 2069 907 2127 δὲ
955 2065 1108 2132 ὄντος
1160 2072 1259 2123 τοῖ’)
1324 2063 1595 2142 βασιλέως
1651 2065 1835 2138 πλάνῃ
1895 2059 2044 2136 δεινῃ

367 2168 470 2225 καὶ
513 2167 710 2239 ἀπάτῃ,
770 2168 1021 2238 γεννᾶται
1081 2159 1228 2230 αὐτῷ
1285 2155 1504 2212 παιδίον
1538 2158 1692 2228 (56⁸),
1749 2156 1888 2209 πάνυ
1946 2151 2043 2207 εὐ-

378 2257 730 2336 μορφότατον
769 2298 782 2324 ,
841 2252 930 2308 καὶ
1006 2251 1056 2321 ἐξ
1128 2248 1297 2318 αὐτῆς
1352 2254 1454 2317 τῆς
1502 2244 1843 2336 ἐπανθούσης
1897 2243 2045 2336 αὐτῷ

372 2332 729 2425 ὧραίότητος
787 2343 852 2398 τὸ
923 2339 1132 2411 μέλλον
1194 2342 1602 2413 προσημαῖνον.
1658 2333 1914 2409 Ἐλέγετο
1943 2332 2044 2409 γὰρ

375 2437 655 2516 μηδαμοῦ
696 2435 749 2491 έν
788 2439 856 2510 τῇ
886 2437 958 2510 γῇ
989 2431 1163 2506 ἐκείνῃ
1215 2428 1463 2485 τοιοῦτόν
1498 2448 1636 2482 ποτε
1666 2428 1897 2502 φανῆναι
1947 2443 2048 2498 χα-

375 2511 664 2608 ριέστατον
695 2527 784 2581 καὶ
838 2521 1169 2599 περικαλλὲς
1227 2519 1470 2608 παιδίον.
1527 2519 1719 2608 ΧαρόἰςΔ
1767 2513 1824 2608 δὲ
1885 2511 2046 2608 μεγί-

370 2602 516 2692 στης
542 2617 730 2684 ἐπὶτή
773 2616 1020 2690 γεννήσει
1076 2617 1175 2668 τοῦ
1232 2607 1425 2672 παιδὸς
1486 2610 1515 2663 6
1577 2604 1835 2684 βασιλεὺς
1895 2602 2046 2672 πλη-

374 2711 774 2779 σθεὶς,τοῦτον
812 2707 906 2778 μέν
955 2702 1191 2779 ’Ῑωάσαφ
1251 2700 1526 2768 ἐκάλεσεν,
1588 2697 1750 2758 αὐτὸς
1802 2693 1859 2750 δέ
1910 2694 2045 2769 πρὸς

373 2801 516 2862 τοὺς
547 2796 875 2860 εἷδωλικοὺς
921 2793 1082 2858 ναοὺς
1141 2793 1389 2862 ἀνοήτως
1447 2789 1610 2858 ἀπήει
1662 2791 1780 2848 τοῖς
1812 2785 2047 2854 ἀνοητο-

376 2893 570 2966 τέροις
599 2888 773 2944 αὐτῶν
810 2890 952 2950 θεοῖς
983 2887 1161 2948 θύσων
1192 2880 1282 2936 καὶ
1338 2875 1795 2953 εὐχαριστηρίους
1846 2872 2048 2944 ὕμνοῦς

379 2961 720 3048 ἀποδώσων,
777 2977 988 3050 ἀγνοῶν
1042 2973 1181 3034 τίςὸ
1212 2975 1320 3026 τῶν
1378 2966 1563 3024 καλῶν
1624 2964 1872 3020 ἁπάντων
1905 2961 2042 3032 ἀλη-

380 3075 502 3135 θῶς
532 3068 726 3137 αἴτιος,
759 3066 894 3142 πρὸς
937 3064 995 3118 ’ὀν
1031 3057 1138 3117 ἔδει
1196 3062 1297 3130 τήν
1348 3057 1722 3132 πνευματικὴν
1767 3051 2048 3131 ἀναφέρειν

382 3159 598 3225 θυσίαν,
626 3159 866 3217 Ἐκεῖνος
915 3154 1028 3222 οὖν,
1082 3157 1202 3214 τοῖς
1259 3149 1497 3226 ἀψύχοις
1543 3147 1634 3203 καὶ
1688 3149 1897 3224 κωφοῖς
1948 3142 2049 3210 τήν

384 3250 566 3307 αἰτίαν
595 3254 698 3318 τῆς
751 3249 848 3301 τοῦ
904 3241 1100 3305 παιδὸς
1157 3242 1462 3317 γενγησεως
1521 3237 2050 3308 άνατιθεὶς,παντα-

2155 627 2282 700 ipse
2308 634 2703 697 antevertens,
2725 630 2949 701 tibique
2980 647 3214 697 cavens,
3247 629 3591 702 hujusmodi
3614 632 3806 687 verbis

2154 735 2248 773 me
2281 718 2617 786 obvinxisti,
2646 720 2954 776 audaciam
2979 725 3142 775 tuam
3165 719 3238 775 ob
3261 720 3577 791 pristinam
3609 737 3805 776 meam

2157 824 2294 880 erga
2325 813 2378 862 te
2402 809 2721 864 amicitiam
2745 811 2890 865 fero.
2911 810 3308 875 Quamobrem
3333 826 3601 882 exsurge,
3629 815 3808 882 atque

2155 899 2228 953 ab
2260 897 2450 953 oculis
2479 899 2628 954 meis
2671 899 2936 973 profuge,
2967 917 3087 956 non
3139 900 3270 973 jam
3330 905 3386 956 te
3443 899 3674 969 videbo,
3708 899 3814 957 sed

2156 988 2313 1044 male
2336 989 2625 1044 mactabo.

2225 1081 2313 1134 Ita
2329 1095 2601 1151 egressus
2617 1079 2716 1134 Dei
2731 1079 2908 1134 homo
2928 1079 2987 1133 in
3009 1079 3390 1135 solitudinem
3406 1080 3778 1137 secessitmm
3790 1110 3812 1123 -

2156 1187 2289 1225 rore
2313 1169 2554 1240 quidem
2575 1186 2642 1224 eo
2667 1171 2908 1224 nomine
2949 1171 3216 1238 affectus,
3254 1169 3411 1240 quod
3448 1171 3806 1243 martyrium

2156 1259 2404 1314 minime
2448 1259 3002 1326 obiisset,caeterum
3047 1258 3212 1313 nullo
3245 1275 3366 1313 non
3389 1259 3807 1331 die,quantum

2155 1350 2228 1404 ad
2249 1349 2672 1405 conscientiam
2693 1350 2926 1419 attinet,
2954 1349 3235 1420 martyrio
3249 1349 3499 1420 fungens
3512 1356 3691 1421 atque
3705 1349 3810 1406 ad-

2153 1456 2359 1494 versus
2383 1440 2752 1510 principatus
2765 1445 2826 1494 et
2841 1438 3470 1510 potestates,adversus
3487 1439 3692 1494 mundi
3713 1456 3806 1495 re-

2156 1536 2348 1585 ctores
2372 1529 2752 1584 tenebrarum
2769 1529 2947 1599 hujus
2962 1529 3164 1583 saeculi
3178 1527 3458 1584 adversus
3475 1528 3811 1600 spiritualia

2155 1619 2533 1688 nequitim,ut
2553 1618 2634 1671 ait
2656 1618 2866 1673 beatus
2883 1618 3125 1685 Paulus,
3148 1616 3442 1673 dimicans
3463 1619 3681 1688 (Ephes.
3707 1618 3807 1689 γι).

2155 1709 2297 1762 Cum
2321 1707 2498 1778 igitur
2517 1707 2618 1761 ille
2640 1707 2906 1772 abiisset,
2934 1723 3036 1762 rex
3056 1707 3320 1780 graviore
3343 1707 3655 1763 iracundia
3675 1724 3812 1763 con-

2155 1797 2388 1864 citatus,
2405 1797 2694 1852 acriorem
2718 1797 3194 1868 persecutionem
3217 1796 3498 1853 adversus
3518 1797 3808 1853 monasti-

2154 1905 2284 1943 cum
2325 1903 2537 1960 agmen
2567 1903 2864 1956 exercere,
2906 1887 3255 1959 majoreque
3294 1887 3521 1943 honore
3555 1887 3808 1943 simula-

2150 1993 2385 2033 crorum
2417 1977 2677 2032 cultores
2708 1993 2774 2032 ac
2802 1976 3140 2032 sacerdotes
3172 1976 3411 2032 afficere
3443 1977 3641 2048 cmpit.

2221 2068 2352 2122 CAP.
2373 2068 2468 2121 III.
2488 2097 2556 2107 —
2573 2067 2718 2121 Cum
2741 2071 2940 2122 autem
2960 2083 3064 2121 rex
3086 2066 3148 2120 in
3170 2071 3289 2121 tam
3311 2067 3470 2138 gravi
3492 2082 3695 2122 errore
3713 2069 3805 2122 at-

2151 2174 2265 2228 que
2285 2157 2614 2227 impostura
2634 2161 2988 2222 versaretur,
3007 2156 3273 2210 nascitur
3289 2157 3342 2210 ei
3361 2156 3809 2229 elegantissima

2150 2246 2343 2301 forma
2360 2246 2722 2316 filius,atque
2737 2262 2806 2300 ex
2820 2261 2887 2300 ea
2903 2245 3346 2316 pulchritudine
3359 2262 3492 2316 qua)
3515 2245 3629 2317 ipsi
3656 2246 3810 2300 affu—

2154 2353 2218 2392 sa
2249 2341 2376 2391 erat
2393 2335 2452 2389 id
2471 2335 2628 2406 quod
2650 2335 2918 2388 futurum
2950 2339 3076 2388 erat
3095 2335 3487 2405 praesignans.
3524 2335 3616 2389 Sic
3638 2333 3802 2389 enim

2155 2444 2428 2483 sermone
2443 2425 2743 2481 ferebatur
2759 2427 2818 2480 in
2833 2425 2936 2481 illa
2951 2431 3106 2480 terra
3126 2441 3380 2497 puerum
3403 2425 3529 2497 pari
3547 2425 3808 2497 pulchri-

2154 2518 2360 2573 tudine
2384 2533 2451 2571 ac
2471 2521 2781 2571 venustate
2809 2532 3106 2586 nusquam
3127 2515 3445 2571 exstitisse.
3472 2518 3592 2571 Rex
3611 2520 3812 2570 autem

2154 2608 2226 2663 ob
2250 2607 2418 2679 pueri
2442 2607 2809 2661 nativitatem
2831 2605 3090 2660 maximo
3112 2605 3326 2676 gaudio
3347 2604 3648 2676 perfusus,
3673 2620 3809 2659 eum

2152 2695 2777 2767 Josaphatnominavit
2795 2713 2808 2762 ;
2828 2701 3005 2764 atque
3018 2693 3092 2748 ad
3124 2694 3422 2749 idolorum
3447 2693 3671 2765 templa
3699 2693 3814 2749 de-

2153 2804 2324 2843 mens
2355 2804 2417 2841 se
2439 2785 2712 2852 contulit,
2737 2789 2803 2840 ut
2824 2783 3295 2839 clementioribus
3310 2784 3602 2839 sacriﬁcia
3623 2785 3813 2838 offer.-

2154 2883 2264 2944 ret,
2289 2876 2615 2946 laudesque
2637 2875 2711 2930 ad
2743 2874 3034 2930 edendam
3056 2873 3204 2946 grati
3222 2873 3409 2928 animi
3425 2872 3816 2945 signiﬁcatio—

2155 2983 2294 3022 nem
2318 2966 2712 3038 persolveret:
2736 2965 3016 3036 ignorans
3038 2963 3322 3017 nimirum
3338 2962 3617 3033 quisnam
3631 2961 3815 3016 bono-

2155 3065 2288 3103 rum
2311 3047 2582 3102 omuium
2604 3062 2737 3100 vere
2758 3050 2964 3100 auctor
2983 3049 3162 3110 esset,
3186 3043 3262 3098 ad
3292 3060 3471 3114 quem
3496 3041 3810 3113 spirituale

2158 3138 2517 3194 sacrificium
2541 3135 2810 3191 adhiberi
2833 3134 3094 3190 deberet.
3119 3133 3226 3188 Ille
3267 3133 3447 3205 igitur
3483 3131 3662 3187 rebus
3687 3132 3814 3186 ina-

2158 3229 2340 3285 nimis
2361 3234 2419 3282 et
2438 3226 2634 3282 surdis
2654 3226 2761 3280 filii
2785 3231 2980 3279 ortum
3003 3228 3313 3294 acceptum
3336 3222 3556 3289 ferens,
3577 3237 3819 3293 quaqua

382 3343 499 3417 χοῦ
547 3336 815 3410 διέπεμπε
873 3338 1196 3408 συναγαγεῖν
1252 3331 1319 3384 τὰ
1347 3328 1537 3399 πλήθη
1600 3327 1677 3389 εἰς
1735 3327 1802 3380 τά
1857 3323 2052 3417 τούτου

2168 3335 2402 3373 versum
2435 3315 2634 3371 missis
2665 3313 2893 3369 nuntiis
2915 3312 3149 3384 plebem
3177 3312 3250 3366 ad
3274 3312 3405 3383 ejus
3427 3311 3701 3367 natalitia
3722 3327 3820 3366 ce-

382 3406 664 3506 γενέθλια.
698 3406 800 3482 Καὶ
825 3423 895 3493 ἦν
929 3406 1062 3478 ἰδεῖν
1099 3406 1326 3483 πάντας
1383 3417 1707 3506 συρρέοντας
1747 3412 1835 3506 ,τῷ
1893 3406 2050 3506 φόβῳ

382 3503 488 3574 τοῦ
551 3513 844 3592 βασιλέως,
892 3510 1266 3586 ἐπαγομένους
1317 3529 1377 3563 τε
1413 3508 1481 3562 τὰ
1510 3505 1645 3580 πρὸς
1700 3504 1798 3572 τὴν
1861 3503 2050 3566 θυσίαν

391 3591 813 3680 εὐτρεπισμένα,
844 3602 918 3664 ὡς
965 3601 1174 3673 ἑκάστῳ
1203 3602 1238 3668 ἡ
1271 3597 1395 3673 χεὶρ
1456 3595 1673 3669 εὐπόρει
1729 3593 1818 3648 καὶ
1849 3595 1883 3662 ἡ
1915 3591 2053 3666 πρὸς

394 3698 487 3752 τὸν
525 3694 751 3772 βασιλέα
783 3689 966 3748 εὔνοια
997 3691 1134 3766 εἶχε.
1186 3686 1442 3746 Μάλιστα
1487 3682 1544 3740 δὲ
1591 3682 1788 3743 αὐτοὺς
1836 3682 2058 3755 ἠρέθιζε

394 3787 534 3862 πρὸς
567 3786 666 3842 19
727 3781 1047 3854 φιλοτιμίαν
1107 3777 1290 3846 αὐτὸς,
1349 3774 1582 3850 ταύρους
1638 3775 1930 3834 καταθῦσαι
1965 3767 2056 3846 φέ-

396 3857 509 3954 ρων
569 3877 681 3949 (57)
742 3873 827 3928 δτι
883 3869 1178 3932 πλείστους
1233 3866 1325 3922 καὶ
1379 3863 1709 3954 εὐμεγέθεις,
1767 3859 1858 3914 καὶ
1915 3857 2057 3954 οἱύτιω

393 3945 690 4037 πάνδημον
719 3961 912 4041 ἑορτὴν
957 3957 1204 4029 τελέσας,
1263 3958 1466 4017 πάντας
1517 3950 1891 4041 ἐφιλοτιμεῖτο
1951 3945 2061 4041 8d):-

403 4076 525 4134 ροις
556 4054 673 4109 ὅσοι
703 4037 906 4122 τεήτῆς
965 4049 1174 4126 βουλῆς
1235 4048 1372 4117 ἦσαν
1429 4045 1519 4101 καὶ
1549 4048 1656 4098 τῶν
1689 4041 1739 4098 ἐν
1771 4037 1941 4109 τέλει,
1970 4037 2061 4092 καὶ

403 4127 526 4205 δσοι
557 4145 682 4222 περὶ
713 4144 773 4200 τὸ
806 4141 1216 4218 στρατιωτικὸν,
1259 4139 1377 4194 ὅσοι
1433 4158 1492 4192 τε
1520 4139 1628 4190 τῶν
1686 4129 1918 4188 εὐτελῶν
1972 4127 2063 4184 καὶ

405 4240 512 4310 ἆσή
526 4260 664 4312 μων.

478 4420 746 4476 ΚΕΦᾹΛ.
779 4415 854 4471 Γ’.
903 4414 993 4470 Ἐν
1043 4411 1180 4486 αὐτῇ
1240 4408 1298 4465 δὲ
1327 4411 1395 4482 τῇ
1450 4411 1557 4463 τῶν
1617 4403 1908 4482 γενεθλίων
1968 4405 2066 4456 τοῦ

401 4505 602 4571 παιδὸς
632 4507 799 4579 έορτῇ
833 4501 1106 4574 συνήλθον
1139 4501 1276 4575 πρὸς
1304 4501 1394 4554 τὸν
1428 4495 1656 4573 βασιλέα
1696 4495 1748 4565 ἐξ
1800 4491 2069 4567 έπιλογῆς

404 4595 601 4670 ἄνδρες
632 4594 761 4650 ὡσεὶ
791 4591 1314 4663 πεντηκονταπέντε,
1359 4586 1483 4662 περὶ
1525 4587 1626 4655 τήν
1660 4583 2070 4659 ἆστροθεάμονα

2162 3407 2450 3466 lcbranda
2471 3405 2796 3479 cogendam
2813 3403 3076 3459 curabat.
3103 3405 3183 3457 Ac
3207 3418 3450 3458 cernere
3476 3407 3820 3457 eratomnes

2163 3501 2318 3573 regis
2340 3503 2503 3552 metu
2518 3495 2892 3552 confluentes
2905 3509 3229 3562 secumque
3249 3508 3318 3547 ea
3339 3509 3472 3563 quas
3491 3491 3563 3547 ad
3587 3491 3816 3547 sacrifi-

2165 3591 2322 3646 cium
2345 3583 2792 3642 accommodata
2821 3587 2991 3638 erant
3020 3582 3359 3647 afferentes,
3392 3597 3498 3651 pro
3529 3580 3824 3651 cujusque

2166 3679 2396 3734 scilicet
2425 3675 2774 3732 facultatum
2801 3671 3065 3734 modulo,
3091 3676 3271 3741 atque
3303 3685 3440 3742 erga
3466 3685 3603 3724 eum
3637 3668 3824 3724 bene-

2167 3767 2444 3822 volentia.
2469 3764 2810 3820 Praesertim
2827 3767 3028 3817 autem
3050 3761 3178 3832 ipse
3201 3759 3478 3815 stimulos
3501 3759 3585 3814 eis
3601 3758 3677 3814 ad
3698 3774 3826 3812 mu-

2168 3850 2540 3909 niﬁcentiam
2590 3845 2960 3912 admovebat,
3014 3850 3081 3899 ut
3126 3844 3226 3914 qui
3264 3843 3741 3914 quamplurimas
3774 3845 3832 3896 et

2171 3942 2463 3998 maximos
2492 3939 2670 3994 boves
2701 3935 3050 3993 mactandos
3073 3935 3334 3989 offerret.
3356 3935 3549 4004 Atque
3581 3933 3655 3989 ad
3673 3933 3834 3988 hunc

2172 4032 2414 4089 modum
2448 4026 2927 4084 luculentissimo
2960 4023 3109 4079 festo
3141 4027 3404 4094 peracto,
3438 4039 3668 4086 omnes,
3710 4026 3831 4078 tam

2175 4123 2274 4195 qui
2307 4118 2592 4176 senatorii
2640 4116 2867 4171 ordinis
2902 4120 3073 4170 erant
3101 4114 3570 4187 magistratuque
3615 4112 3828 4184 funge-

2174 4215 2412 4274 bantur,
2434 4225 2613 4280 quam
2629 4206 2889 4260 militum
2904 4221 3150 4260 manum
3163 4208 3340 4275 atque
3363 4202 3544 4258 etiam
3567 4201 3836 4273 plebeios

2178 4311 2236 4361 et
2259 4301 2549 4375 ignobiles
2579 4295 2970 4368 amplissimis
3001 4294 3173 4350 donis
3196 4293 3689 4366 prosequebatur.

2249 4396 2316 4448 In
2335 4393 2462 4463 ipso
2476 4394 2675 4446 autem
2688 4386 3098 4442 natalitiorum
3126 4384 3234 4440 filii
3256 4383 3513 4439 solemni
3533 4382 3626 4438 die
3651 4381 3840 4437 delec-

2179 4486 2222 4540 ti
2239 4483 2349 4537 viri
2368 4479 2605 4536 circiter
2626 4475 3078 4548 quinquaginta,
3119 4474 3220 4545 qui
3245 4474 3305 4528 in
3330 4489 3399 4530 ea
3442 4471 3838 4529 Chaldeorum

2181 4572 2494 4645 sapientia,
2514 4585 2644 4640 qum
2664 4567 2724 4622 in
2743 4564 3184 4637 conspiciendis
3214 4564 3615 4636 notandisque
3638 4562 3843 4619 sideri-

408 4650 458 4654 -ν
488 4650 520 4670 η
554 4650 600 4658 κ,
949 4650 959 4663 ,
1303 4650 1312 4657 ,
1431 4650 1439 4662 _
1586 4650 1595 4655 _
1765 4650 1773 4659 I
1935 4650 1942 4654 _

402 4694 517 4747 τῶν
549 4683 852 4746 Χαλδαίων
885 4681 1250 4759 έσχολακότες
1283 4678 1495 4757 σοφίαν.
1529 4676 1634 4734 Καὶ
1661 4674 1888 4730 τούτους
1918 4671 2046 4746 έγγυ

2185 4665 2293 4720 bus
2306 4665 2592 4726 versatur,
2613 4656 2877 4713 studium
2894 4661 3071 4725 atque
3089 4669 3332 4727 operam
3356 4653 3740 4719 collocarent,
3765 4650 3840 4708 ad

403 4779 554 4837 τάτω
595 4772 1084 4852 παραστησάμενος
1141 4771 1169 4826 6
1226 4766 1484 4846 βασιλεὺς
1540 4766 1796 4842 ἀνηρώτα
1853 4763 2078 4852 ἐξέιπεςίν

411 4869 638 4928 ἕκαστον
669 4865 724 4922 τί
758 4865 951 4939 μέλλει
985 4857 1192 4926 ἔσεσθαι
1223 4861 1286 4915 τὸ
1315 4857 1568 4933 γεννηθὲν
1628 4855 1775 4927 αὐτῷ
1830 4849 2072 4909 παιδίον.

407 4962 481 5019 Οἱ
515 4957 593 5028 δέ,
627 4955 816 5013 πολλᾶ
847 4951 1292 5028 διασκεψάμενοι,
1320 4946 1510 5022 ἔλεγον
1549 4949 1710 5024 μέγαν
1761 4943 1920 5000 αὐτὸν
1963 4936 2076 4997 ἔσε-

408 5053 534 5108 σθαι
559 5046 612 5105 ἕν
659 5069 718 5103 τε
765 5043 996 5118 πλούτῳ
1050 5042 1141 5099 καὶ
1199 5039 1502 5110 δυναστείᾳ,
1561 5039 1652 5092 καὶ
1711 5029 2075 5108 ὑπερϐάλλειν

404 5142 617 5202 πάντας
647 5136 776 5200 τοὺς
827 5136 934 5212 πρὸ
989 5129 1153 5190 αἶ)τοῦ
1202 5126 1677 5209 βεϐασιλευκότας.
1732 5127 1824 5188 Εἷς
1859 5123 1917 5179 δὶ
1966 5126 2075 5178 τῶν

488 5325 627 5397 (55⁶)
659 5324 868 5397 ΙῙΟΟΓ.
904 5321 1093 5397 ;,_ll_:
1128 5315 1440 5397 Μαρτύριον
1471 5319 1569 5383 τῆς
1600 5306 1984 5382 συνειδήσεως.

489 5391 816 5470 (ὅὸγῐεζρίει.
851 5393 923 5450 ad
956 5393 1174 5470 Ephes.
1204 5407 1280 5456 v1,

491 5437 1037 5540 lgeifﬁi’ﬁiﬁesi’
1053 5464 1195 5540 inuA
1226 5437 1582 5540 metricum}
1618 5455 1852 5540 Ἰωάσαφ
1883 5452 2046 5540 γέννη

2167 5443 2404 5540 ἐνταῦθαδ
2431 5437 2620 5540 βλέπε.

2167 5537 2176 5540 _
2196 5538 2214 5540 _
2235 5536 2261 5540 ._
2348 5522 2360 5540 Ι
2419 5522 2431 5540 ι
2527 5514 2620 5540 *ει-ι

496 5511 724 5612 limine
755 5537 937 5636 φέρειν
966 5554 1072 5608 pro
1105 5531 1256 5636 ἇγὲἓθ
1289 5533 1419 5588 vide
1451 5528 1756 5636 nota‘mEad
1787 5511 2052 5614 S:yn'tipai

496 5633 551 5636 .__
609 5613 732 5636 νει..
766 5612 828 5636 νε
864 5611 875 5636 :
944 5625 1018 5636 η...
1082 5627 1116 5636 “
1271 5605 1469 5636 .,..ι,.,-...
1507 5621 1567 5636 ..ε
1682 5610 1846 5636 κομι-Α..
1875 5617 1967 5636 mm.
2020 5614 2048 5636 ιι

2167 5536 2279 5610 )ag.
2344 5511 2460 5572 181'.
2500 5512 2739 5582 Niceph.
2801 5511 3108 5591 Gregoras,
3167 5524 3242 5571 v1,
3270 5511 3428 5596 βψς
3490 5511 3668 5578 φέρων
3703 5511 3849 5575 ὁμή-

2186 5591 2369 5636 αυτοῦΔ
2431 5590 2634 5636 Potest
2692 5582 2945 5636 conferri
3003 5579 3180 5636 Sooh.
3215 5583 3306 5636 Αι.
3341 5581 3458 5632 (>3:
3514 5575 3762 5636 Ποίμνας
3788 5593 3849 5630 τε

418 5590 737 5690 ρούςίικῆὶξι
911 5590 1060 5665 .-
1082 5590 1244 5680 ρ.’98
1271 5605 1469 5734 ξῗέρων
1505 5602 1622 5672 μεθ’
1654 5590 1980 5686 ἑαυτοῧπὸκξ
2020 5614 2048 5648 υ

418 5684 598 5736 πάσας
633 5681 684 5736 ἐς
716 5679 922 5736 δόμους
942 5677 1253 5736 κομίζεται.
1317 5677 1452 5733 dem
1484 5678 1633 5729 Ante
1666 5676 1768 5728 575
1796 5688 1809 5727 :
1843 5667 1991 5724 αλλα
2019 5689 2044 5721 ν

2186 5590 2370 5644 αὐτοῦ.
2431 5590 2634 5643 Potest
2692 5590 2945 5638 conferri
3003 5590 3180 5652 Soph.
3215 5590 3306 5652 Α).
3341 5590 3408 5632 63
3445 5593 3458 5632 :
3515 5590 3667 5648 Ποιμ

2167 5659 2422 5736 Κυμίζετ’
2473 5655 2655 5736 εἶ’σιυ,.
2687 5652 2891 5736 δμῶες.
2955 5652 3040 5706 Ib.
3070 5654 3205 5736 .432
3240 5668 3253 5706 :
3416 5647 3556 5736 ,μὶνὶ
3578 5668 3667 5722 κοι

482 5684 493 5702 Ι

416 5677 598 5744 στάσας
633 5681 684 5754 ἐς
716 5679 922 5754 δόμους
942 5677 1253 5754 κομίζεται.

2186 4770 2384 4827 regem
2412 4747 3002 4812 convenerunt.Quos
3041 4761 3175 4800 cum
3211 4761 3317 4800 rex
3356 4744 3633 4816 proprius
3665 4741 3740 4797 ad
3779 4758 3840 4796 se

2187 4841 2783 4913 accederejussisset,
2803 4837 2876 4892 de
2897 4835 3146 4908 singulis
3164 4834 3666 4906 percunctabatur
3677 4830 3845 4902 quid-

2189 4952 2328 4992 nam
2351 4931 2576 5005 puerin
2599 4930 2795 4985 lucem
2819 4926 3013 4982 editus
3035 4926 3269 4980 futurus
3315 4921 3591 4979 esset.llli
3640 4925 3840 4976 autem

2188 5029 2366 5094 longa
2394 5018 2872 5078 consideratione
2912 5015 3136 5083 habita,
3173 5014 3440 5071 futurum
3481 5010 3760 5069 dicebant
3779 5015 3846 5066 ut

2189 5118 2400 5190 opibus
2418 5130 2484 5170 ac
2500 5110 2767 5187 potentia
2782 5109 3229 5178 ﬂoreret,atque
3249 5121 3459 5161 omnes
3473 5102 3578 5177 qui
3595 5117 3844 5174 regnum

3167 5524 3242 5571 γι,
3274 5509 3328 5570 9,
3355 5508 3428 5561 42
3490 5503 3668 5578 θέρων
3703 5501 3849 5575 ὁμή-

3427 5647 3522 5720 μὶν
3543 5721 3554 5722 7
3578 5647 3802 5722 κομίζοι
3829 5669 3847 5716 ς

418 5721 1645 5829 ἓῗσῖυὲἑῗῇἒλέἆῖΪΧίἶίίξζνὲιῖιῖέηὶζὺἒ
1667 5721 1724 5803 ῑξ
1740 5721 1889 5804 ὶὲιιζ
1904 5721 1986 5814 ᾖ,
2008 5758 2046 5816 p

2185 5721 2260 5794 ;‹‹’
2286 5721 2530 5795 Lemnia
2558 5729 2693 5804 quis
2726 5721 2790 5785 tu
2838 5743 2902 5784 es
2931 5723 3204 5783 mortalis
3262 5723 3364 5798 qui
3413 5722 3476 5780 in
3525 5721 3762 5781 deserta
3791 5723 3852 5777 et

418 5835 592 5890 tesca
619 5832 678 5887 te
708 5822 988 5904 apportes
1016 5824 1150 5882 loca
1167 5822 1196 5882 ?
