4160 6424
443 453 552 512 879

1979 443 2349 499 ΔΒΟΕΝΒΑ.

3733 448 3824 507 880

443 583 581 638 ante
600 561 798 653 ipsum
815 577 1218 635 obtinuissent
1231 575 1558 647 superaret.
1580 571 1744 626 Unus
1765 584 1902 624 vero
1922 572 2083 622 astro

2221 560 2594 656 ἀστρολόγων,
2628 563 2657 618 6
2683 567 2794 619 τῶν
2828 561 2922 618 σὺν
2954 560 3111 656 αύτῷ
3161 559 3381 618 ’πάντων
3436 558 3824 643 διαφορώτατος,

440 670 612 741 logus
635 671 738 742 qui
763 669 954 726 socios
975 683 1182 723 omnes
1205 681 1343 720 suos
1362 661 1694 718 eruditione
1716 657 2102 725 anteibat,his

442 761 639 817 verbis
670 777 812 816 usus
831 764 920 814 est
946 775 958 812 :
985 759 1280 822 Quantum
1304 771 1373 808 ex
1397 751 1660 807 Siderum
1680 766 1856 805 cursu
1898 747 2100 803 addis-

448 867 581 906 cere
633 864 898 922 possum,
930 865 964 902 ο
995 863 1119 912 rex,
1151 844 1259 899 ﬁlii
1293 843 1395 913 qui
1427 858 1587 896 nunc
1627 857 1697 894 ex
1729 844 1783 892 te
1815 844 1980 892 ortus
2016 841 2106 890 est

447 939 776 1012 amplitudo
795 944 970 1007 atque
993 934 1290 1007 profectus
1313 949 1432 987 non
1452 931 1512 984 in
1537 937 1634 985 tuo
1657 945 1840 1001 regno
1858 925 2102 997 erit,sed

447 1030 510 1085 in
532 1029 717 1084 altero
744 1026 1176 1100 praestantiore,
1209 1028 1386 1094 atque
1416 1018 1967 1091 incomparabiliter
2003 1034 2104 1072 ex-

447 1118 813 1175 cellentiore.
837 1118 1030 1188 Atque
1051 1116 1248 1186 ipsum
1267 1112 1742 1168 Christianorum
1761 1123 1997 1178 quoque
2017 1123 2105 1161 re-

445 1209 681 1280 gionem
698 1223 877 1278 quam
899 1211 959 1260 tu
980 1204 1293 1260 insectaris
1308 1207 1684 1273 arrepturum
1705 1197 1977 1253 existimo
1992 1213 2103 1252 nec

448 1315 584 1355 eum
617 1297 689 1353 ab
721 1298 833 1352 hoc
866 1312 1042 1368 scopo
1075 1312 1142 1350 ac
1174 1311 1277 1366 spe
1309 1293 1722 1348 aberraturum
1772 1292 1934 1358 puto.
1967 1287 2100 1368 Hinc

443 1377 674 1434 scilicet
695 1377 844 1431 dixit
865 1367 1221 1448 astrologus,
1241 1379 1306 1428 ut
1326 1371 1470 1426 olim
1496 1369 1734 1425 Balaam
1751 1367 2100 1437 (Num.xxm)

438 1484 564 1524 non
581 1465 742 1538 quod
771 1465 1094 1537 astrologia
1115 1463 1357 1518 veritate
1373 1461 1620 1526 nitatur,
1639 1457 1742 1511 sed
1765 1454 1921 1527 quod
1946 1455 2100 1508 Deus

439 1563 509 1613 ut
539 1557 740 1612 omnis
774 1555 974 1628 impiis
1007 1553 1306 1609 excusatio
1328 1552 1759 1621 amputaretur,
1793 1543 2100 1599 veritatem

443 1665 552 1722 per
583 1648 745 1720 ipsos
772 1645 1143 1702 adversarios
1175 1643 1536 1700 ostenderet.

513 1741 635 1794 Rex
654 1743 875 1803 autem,
900 1742 967 1792 ut
995 1737 1121 1791 haec
1152 1733 1468 1795 intellexit,
1498 1727 1790 1802 ejusmodi
1823 1723 2100 1781 nuntium

438 1828 693 1902 graviter
723 1843 792 1882 ac
821 1825 1074 1882 molesto
1105 1824 1306 1880 animo
1334 1821 1587 1892 excepit.
1620 1818 2101 1889 voluptatemque

439 1933 608 1974 suam
623 1916 814 1972 mmsti
823 1915 902 1970 tia
914 1913 1268 1984 interrumpi
1282 1912 1485 1967 sensit.
1496 1907 1895 1964 Nihilominus
1910 1911 2097 1959 tamen

441 2005 504 2061 in
527 2006 754 2078 privata
774 2005 1029 2076 quadam
1048 2003 1302 2068 civitate,
1322 1999 1725 2073 pulcherrimo
1749 1995 1970 2068 palatio
2003 2009 2103 2047 ex-

442 2101 688 2163 structo,
717 2093 1151 2167 splendidaque
1183 2091 1358 2146 domo
1392 2089 1714 2154 elaborata,
1748 2085 1871 2140 illic
1904 2084 2096 2138 filium

441 2185 776 2251 collocavit,
794 2185 1096 2256 jussitque
1123 2188 1188 2238 ut
1211 2181 1432 2238 exactis
1460 2179 1670 2252 primis
1695 2175 1885 2232 aetatis
1899 2173 2092 2240 annis,

442 2275 631 2330 nullis
661 2274 735 2330 ad
766 2290 903 2329 eum
935 2289 1210 2328 accessus
1241 2277 1489 2344 pateret.
1527 2272 1717 2339 Atque
1748 2265 2097 2338 paedagogos

435 2363 555 2436 ipsi
588 2369 646 2420 et
677 2364 983 2419 ministros
1014 2368 1188 2418 astate
1219 2362 1502 2416 florentes
1535 2357 1870 2426 eximiaque
1905 2354 2097 2409 forma

440 2453 723 2526 praaditos
753 2453 1145 2521 constituens,
1179 2452 1292 2506 hoc
1313 2450 1458 2522 ipsis
1491 2447 1812 2513 mandavit,
1837 2451 1901 2499 ut
1943 2442 2095 2498 nihil

433 2557 639 2598 eorum
656 2559 789 2614 qua)
811 2542 874 2597 in
892 2543 1004 2596 hac
1017 2541 1134 2596 vita
1157 2540 1408 2595 molesta
1420 2545 1561 2593 sunt
1580 2541 1956 2609 perspectum
1981 2533 2095 2603 ipsi

430 2630 844 2697 facerent,non
867 2637 1270 2698 mortem,non
1287 2634 1803 2693 senectutem,non
1817 2622 2093 2679 morbum

432 2737 556 2777 non
591 2727 1027 2794 paupertatem,
1062 2737 1182 2775 non
1215 2719 1542 2791 quidquam
1565 2715 1728 2772 aliud
1759 2712 2050 2770 molestia:
2077 2729 2091 2777 ;

433 2810 712 2883 quodque
728 2811 845 2883 ipsi
863 2810 1322 2866 oblectationem
1342 2807 1726 2878 interpellare
1749 2807 1976 2875 posset;
1997 2817 2090 2855 ve-

433 2915 572 2956 rum
596 2900 800 2955 omnia
815 2899 1086 2972 jucunda
1103 2905 1162 2955 et
1189 2915 1326 2954 cum
1352 2897 1514 2953 suavi
1542 2896 1739 2951 fructu
1771 2893 2092 2964 conjuncta

431 2995 861 3060 proponerent.
881 2996 947 3044 ut
969 2989 1029 3043 in
1049 2989 1143 3044 his
1165 2988 1351 3060 ipsius
1375 2987 1608 3042 animus
1633 3001 1768 3040 cum
1790 2982 2088 3052 voluptate

433 3093 502 3133 ac
525 3077 758 3132 deliciis
790 3093 1050 3146 versans,
1075 3078 1227 3132 nihil
1249 3077 1492 3131 omnino
1525 3090 1726 3130 rerum
1753 3073 2088 3127 futurarum

432 3166 791 3238 cogitatione
823 3168 1138 3238 complecti
1171 3172 1391 3239 posset,
1424 3181 1491 3220 ac
1533 3181 1609 3219 ne
1639 3163 1814 3218 verbo
1845 3160 2086 3232 quidem

428 3258 605 3309 tenus
635 3254 708 3309 de
735 3255 950 3309 Christi
983 3255 1269 3328 religione
1292 3255 1599 3326 ipsiusque
1631 3251 1886 3307 decretis
1911 3247 2087 3320 quid-

2213 651 2358 708 εἶπεν
2390 653 2489 723 ὡς,
2547 653 2633 724 Ἐξ
2691 654 2766 707 ὧν
2827 673 2894 726 με
2950 649 3296 708 διδάσκουσιν
3356 651 3408 708 οἱ
3457 658 3562 708 τῶν
3618 656 3823 733 ἀστέρων

2213 738 2436 817 δρόμοι,
2469 741 2514 798 ὦ
2549 740 2797 820 βασιλεῦ,
2855 745 2890 813 ἡ
2949 743 3204 819 προκοπὴ
3257 746 3354 797 τοῦ
3410 742 3519 797 νυνῖ
3577 750 3827 820 γεννηθὲν.

2211 853 2306 895 τος
2339 854 2423 888 σοι
2456 830 2650 896 παιδὸς
2683 833 2784 889 οὐκ
2813 834 2864 889 ὲν
2896 836 2965 907 τῇ
2997 837 3067 908 σῇ
3117 832 3264 888 εσθαι
3300 831 3564 908 βασιλείᾳ,
3609 835 3740 893 ’ἀλλ’
3785 839 3827 896 ἒν

2214 921 2369 998 ἑτέρᾳ
2445 921 2712 997 κρείττονι
2807 922 2897 978 καὶ
2973 922 3314 998 ἀσυγκρίτως
3402 920 3831 1003 ὑπερϐαλλούσῃ.

2213 1017 2368 1066 Δοκῶ
2400 1009 2456 1067 δὲ
2490 1013 2580 1066 καὶ
2636 1019 2735 1082 τῆς
2764 1012 2909 1089 παρᾶ
2966 1017 3067 1066 σοῦ
3128 1010 3469 1085 διωκομένης
3524 1014 3680 1069 αὐτὸν
3729 1015 3831 1072 ἐπι-

2213 1096 2474 1166 λαϐέσθαι
2503 1107 2610 1157 τῶν
2669 1104 3005 1177 Χριστιανῶν
3040 1101 3392 1178 θηρησκείας,
3423 1102 3512 1157 καὶ
3544 1102 3641 1158 οὐκ
3687 1102 3831 1182 ἔγωγε

2212 1190 2369 1263 οἶμαι
2398 1195 2497 1245 τοῦ
2546 1195 2752 1246 σκοποῦ
2811 1190 3011 1246 ἐκεῖνον
3073 1190 3161 1246 καί
3218 1197 3320 1259 τῆς
3353 1188 3571 1253 ἐλπίδος
3625 1196 3834 1267 ψευσθῆ-

2210 1283 2432 1340 σεσθαι.
2485 1284 2666 1338 Ταῦτα
2727 1283 2822 1354 μὶν
2882 1282 3025 1337 εἶπεν
3081 1281 3110 1336 6
3163 1277 3544 1356 ἀστρολόγοις,
3603 1281 3770 1360 ὥσπερ
3812 1288 3835 1341 6

2209 1369 2381 1425 πάλαι
2425 1370 2654 1444 Βαλαὰμ
2685 1373 2817 1444 (58),
2877 1370 2940 1425 ού
2995 1373 3094 1440 τῆς
3146 1370 3505 1447 ἀστρολογίας
3562 1369 3837 1442 ἀληθευού-

2211 1480 2334 1530 σης,
2368 1458 2515 1516 ἀλλὰ
2541 1463 2643 1518 20
2696 1463 2794 1515 τοῦ
2853 1464 2988 1515 Θεοῦ
3047 1457 3139 1514 διὰ
3187 1463 3296 1514 τῶν
3350 1458 3600 1515 ἐναντίων
3650 1461 3712 1516 τὰ
3756 1465 3839 1532 τῆς

2210 1547 2473 1618 ἂληθείας
2514 1547 2994 1624 παραδεικνύντος,
3054 1549 3193 1604 ὥστε
3247 1554 3420 1605 πᾶσαν
3476 1555 3596 1614 τοῖς
3648 1546 3835 1608 ἀσεϐέσι

2209 1635 2482 1717 πρόφασιν
2515 1646 2952 1714 περιαιρεθῆναι.

2281 1730 2340 1785 ‘0
2397 1725 2456 1783 δὶ
2514 1726 2797 1805 βασιλεὺς,
2855 1729 2930 1791 ὡς
2985 1725 3190 1798 ἤκουσε
3239 1733 3454 1797 ταῦτα,
3503 1729 3590 1784 καὶ
3653 1730 3836 1807 βαρέως

2208 1819 2308 1886 τήν
2341 1817 2605 1892 ἀγγελίαν
2638 1815 2871 1889 ἐδέξατο,
2910 1817 3058 1889 λυπη
3093 1816 3150 1874 δὶ
3179 1819 3276 1888 τήν
3331 1817 3665 1894 εὐφροσύνην
3719 1818 3841 1894 αύτῷ

2212 1902 2516 1965 διὲκοπτεν.
2576 1907 2663 1964 Ἐν
2725 1907 2885 1962 πόλει
2932 1904 2990 1962 δὲ
3037 1907 3192 1981 ὅμως
3255 1904 3540 1982 ίδιαζούσῃ
3600 1907 3839 1964 παλάτιον

2210 1995 2533 2072 δειμᾶμενος
2584 1996 2914 2073 περικαλλὲς
2943 1999 3033 2053 καὶ
3095 1997 3352 2075 λαμπρὰς
3411 1997 3591 2062 οἰκίας
3647 1997 3844 2077 φιλοτε-

2205 2091 2432 2159 χνήσας,
2481 2088 2595 2145 ἐκεῖ
2647 2089 2740 2144 τὸν
2798 2086 2967 2144 παῖδα
3023 2084 3174 2154 ἔθετο
3227 2093 3528 2160 κατοικεῖν,
3580 2091 3708 2163 μετά
3756 2092 3840 2159 τήν

2208 2176 2612 2254 συμπλήρωσιν
2651 2186 2751 2248 τῆς
2807 2180 3035 2253 πρώτης
3093 2179 3244 2250 αὐτῷ
3303 2176 3554 2250 ἡλικίας,
3609 2178 3840 2256 ἀπρὸϊτόν

2204 2291 2264 2324 τε
2330 2269 2458 2324 εἶναι
2536 2269 2970 2345 παρεκελεύσατο
3007 2316 3022 2338 ,
3077 2267 3462 2346 παιδαγωγοὺς
3547 2270 3693 2343 αὑτῷ
3768 2271 3840 2325 καὶ

2207 2358 2480 2432 ὑπηρέτας
2511 2361 2872 2430 καταστήσας,
2903 2360 3061 2420 νέους
3092 2362 3160 2432 τῇ
3193 2357 3390 2430 ἡλικίᾳ
3435 2357 3526 2413 καὶ
3577 2362 3644 2432 τῇ
3690 2360 3845 2434 ὁράσει

2206 2449 2600 2524 ὡραιοτάτους,
2637 2447 2942 2521 ἐπισκήψας
2992 2447 3177 2510 αὐτοῖς
3237 2445 3408 2522 μηδὲν
3459 2452 3570 2502 τῶν
3599 2452 3693 2503 τοῦ
3749 2448 3844 2523 βίου

2206 2537 2440 2610 ἀνιαρῶν
2501 2535 2814 2606 κατάδηλον
2891 2536 3040 2610 αὐτῷ
3121 2539 3457 2608 ποιήσασθαι
3494 2581 3510 2608 ,
3575 2539 3652 2611 μὴ
3711 2538 3844 2602 θανα-

2202 2628 2424 2700 τον,μή
2455 2634 2647 2702 γῆρας,
2693 2628 2769 2700 μή
2828 2626 3010 2697 νόσον,
3071 2627 3148 2700 μὴ
3205 2627 3420 2697 πενίαν,
3485 2628 3562 2700 μὴ
3623 2624 3755 2682 ἀλλο
3802 2647 3843 2680 τι

2204 2713 2454 2790 λυπηρὸν
2488 2716 2577 2771 καὶ
2637 2713 2934 2790 δυνάμενοι
2993 2717 3091 2786 τήν
3152 2716 3496 2794 εὐφροσύνην
3558 2716 3702 2789 αὑτῷ
3749 2712 3842 2771 δια-

2203 2806 2426 2862 κόπτειν
2457 2852 2472 2879 ,
2532 2805 2680 2863 ἀλλὰ
2753 2807 2927 2862 πάντα
2981 2806 3049 2863 τὰ
3099 2809 3303 2884 τερπνᾶ
3347 2807 3443 2863 καὶ
3501 2805 3844 2863 ἀπολαυστικᾶ

2200 2898 2570 2969 προτιθέναι,
2626 2897 2716 2952 ἳνα
2771 2896 2990 2959 τούτοις
3049 2898 3078 2952 6
3129 2901 3252 2960 νοῦς
3312 2897 3486 2952 αὑτοῦ
3537 2898 3842 2970 τερπόμενος

2197 2987 2289 3040 καὶ
2320 2985 2593 3057 ἐντρυφῶν
2641 2983 2814 3060 μηδὲν
2872 2985 3020 3048 ὅλως
3080 2985 3202 3062 περὶ
3253 2990 3360 3041 τῶν
3401 2984 3718 3060 μελλόντων
3745 2982 3843 3039 δια-

2201 3073 2515 3149 λογίζεσθαι
2550 3075 2814 3150 ίσχύσειε,
2878 3077 3016 3149 μήτε
3077 3076 3245 3150 μέχρι
3286 3073 3462 3149 ψιλοῦ
3527 3075 3766 3153 ῥήματος
3792 3073 3843 3129 τὰ

2197 3164 2323 3238 περὶ
2383 3169 2480 3219 τοῦ
2526 3166 2759 3239 Χριστοῦ
2813 3166 2902 3220 καὶ
2953 3169 3062 3219 τῶν
3132 3165 3298 3220 αὑτοῦ
3357 3163 3655 3244 δογμάτων
3707 3163 3845 3220 ἀκούο

2198 3273 2359 3311 σειεν.
2392 3256 2565 3308 Τοῦτο
2603 3254 2700 3328 γὰρ
2763 3251 3002 3326 μάλιστα
3052 3255 3269 3310 πάντων
3329 3253 3657 3330 ἀποχρύψαι
3715 3255 3840 3324 αὐτῷ

431 3359 613 3415 quam
643 3343 896 3400 audiret.
919 3347 1063 3400 Nam
1098 3346 1208 3400 hoc
1223 3362 1342 3416 pra)
1359 3343 1637 3398 omnibus
1655 3341 1832 3396 rebus
1852 3340 1967 3411 ipsi
1985 3355 2078 3393 oc-

2201 3338 2455 3397 διενοεῖτο
2485 3344 2583 3412 τήν
2638 3344 2738 3396 τοῦ
2791 3343 3132 3417 ἁστρολὸγου
3187 3346 3596 3419 προαγόρευσιν
3652 3343 3841 3419 ὑφορώ-

433 3433 661 3488 cultare
687 3434 749 3489 in
779 3434 980 3490 animo
1007 3435 1280 3501 habebat,
1313 3433 1591 3505 astrologi
1625 3431 1910 3486 nimirum
1942 3428 2090 3483 vati-

429 3521 656 3577 cinium
712 3523 951 3578 veritus.
987 3523 1151 3588 Quod
1183 3523 1231 3578 si
1282 3522 1693 3577 ministrorum
1738 3519 1999 3589 aliquem
2028 3517 2088 3570 in

426 3611 704 3667 morbum
764 3613 1030 3668 incidere
1071 3613 1440 3684 contigisset,
1472 3627 1606 3667 cum
1665 3610 1864 3664 statim
1922 3607 2088 3662 illinc

427 3703 565 3775 ejici
590 3705 863 3776 jubebat,
885 3706 1261 3777 alterumque
1311 3704 1567 3760 nitidum
1612 3703 1953 3773 optimeque
1997 3717 2087 3754 va-

424 3792 650 3848 lentem
665 3795 779 3866 ipsi
803 3795 1290 3851 substituebat.ut
1308 3810 1386 3849 ne
1403 3791 1547 3864 quid
1561 3792 1806 3847 omnino
1821 3790 2086 3846 salebro-

429 3883 476 3939 si
502 3888 678 3954 atque
709 3884 906 3939 acerbi
961 3883 1022 3939 in
1055 3883 1161 3938 ﬁlii
1209 3884 1380 3939 oculo
1412 3882 1762 3937 incurreret.
1809 3881 1893 3935 Ad
1926 3881 2083 3936 hunc

430 3973 677 4028 modum
701 3989 764 4028 se
788 3990 892 4029 rex
920 3973 1180 4047 gerebat,
1193 3978 1372 4044 atque
1391 3973 1517 4028 haac
1540 3970 1838 4044 cogitabat
1869 3976 1927 4024 et
1949 3985 2081 4042 age-

426 4060 777 4119 bat.Videns
799 4064 961 4120 enim
983 4080 1108 4120 non
1127 4062 1384 4132 videbat,
1411 4067 1470 4117 et
1485 4061 1736 4118 audiens
1757 4075 1878 4115 non
1900 4059 2080 4114 intel-

421 4149 663 4222 ligebat.

489 4243 636 4298 Cum
658 4248 861 4300 autem
885 4244 1103 4300 certior
1129 4244 1321 4300 factus
1351 4243 1564 4299 fuisset
1580 4241 1908 4298 monachos
1928 4255 2078 4295 non-

425 4331 627 4388 nullos
649 4335 928 4406 (quorum
967 4350 1042 4390 ne
1087 4334 1400 4407 vestigium
1449 4331 1684 4404 quidem
1720 4331 1910 4386 ullum
1932 4329 2076 4386 reli-

420 4438 604 4492 quum
629 4439 760 4478 esse
781 4423 1046 4495 putabat)
1069 4423 1263 4480 adhuc
1282 4439 1615 4496 superesse,
1641 4420 1953 4477 iracundia
1973 4437 2077 4474 aes-

413 4511 637 4576 tuabat,
697 4517 875 4584 atque
907 4515 1198 4568 acerrimo
1231 4514 1457 4585 impetu
1502 4512 1564 4567 in
1595 4528 1696 4567 eos
1752 4509 2073 4577 ferebatur,

418 4617 487 4656 ac
519 4618 823 4672 praecones
853 4605 1074 4675 passim
1111 4609 1234 4659 tota
1263 4604 1408 4658 urbe
1456 4607 1517 4657 et
1544 4601 1786 4674 regione
1818 4617 2073 4672 procur-

2201 3427 2420 3503 συνεϐη,
2480 3437 2673 3488 τοῦτον
2732 3433 2826 3506 μὶν
2879 3435 3069 3488 Θᾶττον
3130 3428 3387 3489 ἐκϐαλεῖν
3471 3434 3672 3499 ἐκεῖθεν
3729 3451 3843 3504 παρ·

2200 3521 2479 3578 εκελεύετο
2516 3564 2530 3589 ,
2619 3518 2801 3600 ἔτερον
2856 3521 2913 3578 δὲ
2995 3524 3104 3579 ἀντ’
3175 3524 3341 3580 αὑτοῦ
3403 3530 3723 3603 σφριγῶντα
3771 3522 3843 3578 καὶ

2197 3610 2523 3666 εύεκτοῦντα
2555 3610 2755 3683 ἐδίδου,
2800 3614 2894 3668 ἳνα
2927 3611 3098 3688 μηδὲν
3132 3613 3281 3676 ὅλως
3312 3615 3614 3688 ἀνώμαλον
3675 3615 3725 3668 oi
3762 3615 3842 3666 τοῦ

2195 3700 2392 3765 παιδὸς
2448 3701 2728 3780 ὁειοαλμοὶ
2782 3703 3063 3759 θεάσαιντο
3107 3747 3120 3760 .
3169 3705 3230 3762 Ὀ
3286 3705 3384 3779 μὲν
3459 3707 3552 3760 οὖν
3614 3701 3845 3782 βασιλεύς

2196 3787 2340 3846 οὕτω
2371 3794 2539 3846 ταῦτα
2572 3789 2833 3848 διενοεῖτό
2867 3813 2927 3847 τε
2959 3793 3050 3848 καὶ
3083 3792 3276 3848 ἐποίει·
3329 3794 3561 3871 βλὲπων
3611 3795 3710 3870 γὰρ
3755 3790 3847 3864 οὐχ

2193 3881 2360 3956 ἑώρα,
2391 3882 2479 3937 καὶ
2513 3882 2726 3938 ἀκούων
2757 3883 2818 3938 οὐ
2852 3881 3018 3939 συνίει
3055 3886 3191 3958 (59).

2263 4241 2356 4297 21
2398 4240 2595 4303 Μαθὼν
2628 4236 2684 4295 δὲ
2713 4261 2863 4302 τινας
2916 4245 3023 4296 τῶν
3083 4236 3432 4314 μοναζὸντων
3492 4237 3572 4298 ἔτι
3622 4237 3844 4315 περισώ-

2191 4334 2394 4399 ζεσθαι,
2441 4330 2514 4384 ῶν
2568 4327 2708 4402 μηδὲ
2767 4327 2926 4405 ἴχνος
2988 4330 3388 4409 ὑπολελεῖφθαι
3451 4329 3656 4401 ἐδόκει,
3689 4326 3845 4402 Ουμοῦ

2189 4415 2648 4494 ὑπερεπίμπλατο
2705 4421 2797 4474 καὶ
2860 4419 3088 4490 ὀξύτατα
3163 4422 3281 4476 κατ’
3337 4420 3525 4478 αὐτῶν
3586 4419 3802 4476 ἐκινεῖτο
3834 4460 3847 4485 ,

2185 4508 2426 4581 κήρυκάς
2467 4529 2524 4564 τε
2580 4508 2681 4563 ἀνά
2737 4515 2912 4564 πᾶσαν
2970 4510 3068 4578 τήν
3129 4508 3294 4565 πόλιν
3353 4510 3450 4565 καὶ
3511 4512 3612 4579 τὴν
3674 4506 3843 4584 χώρου

2185 4595 2398 4654 ἐκέλευε
2447 4595 2697 4666 διαθέειν,
2741 4598 3050 4673 ἐκγοῶντας
3085 4595 3347 4672 μηδαμοῦ
3373 4620 3500 4654 τινα
3559 4600 3623 4655 τὸ
3680 4595 3844 4672 ’κρέ’

413 4706 545 4746 sare
577 4691 929 4763 imperabat.
962 4693 1064 4765 qui
1097 4693 1400 4749 edicerent
1455 4708 1531 4747 ne
1562 4691 1875 4746 monastici
1907 4690 2068 4744 ordi-

2201 4708 2286 4742 ταν
2325 4689 2458 4761 μετά
2487 4693 2634 4763 τρεῖς
2661 4687 2875 4760 ἡμέρας
2926 4693 3022 4742 τοῦ
3078 4692 3188 4742 τῶν
3247 4690 3603 4761 μοναζὸντων
3643 4686 3839 4761 τάγμα-

411 4779 508 4836 nis
541 4781 862 4852 quisquam
893 4800 1147 4855 usquam
1179 4783 1423 4839 omnino
1455 4786 1592 4853 post
1617 4780 1881 4835 triduum
1903 4780 2068 4834 inve-

407 4870 674 4937 niretur;
708 4872 866 4944 quod
889 4873 938 4928 si
970 4873 1360 4939 inveniretur,
1388 4871 1646 4926 ﬂammis
1669 4869 2065 4925 addiceretur.

408 4960 477 5015 Hi
511 4961 674 5016 enim
721 4968 882 5030 sunt,
914 4963 1246 5034 inquiebat,
1283 4977 1539 5033 quorum
1580 4961 1931 5015 auctoritate
1960 4976 2070 5030 po-

400 5051 580 5122 pulus
609 5051 930 5107 adducitur
958 5057 1025 5107 ut
1054 5068 1191 5107 eum
1225 5051 1326 5124 qui
1358 5050 1521 5105 cruci
1554 5049 1804 5105 suffixus
1839 5055 1930 5104 est
1958 5065 2064 5120 pro

402 5139 522 5194 Deo
544 5139 721 5196 colat.
756 5143 990 5197 Interea
1021 5146 1222 5197 autem
1267 5138 1616 5211 hujusmodi
1647 5137 1932 5208 quiddam
1966 5153 2063 5192 ac-

403 5227 568 5299 cidit,
602 5230 763 5302 quod
783 5231 1076 5304 majorem
1107 5231 1220 5303 ipsi
1251 5229 1724 5304 indignationem
1767 5227 2064 5295 excitavit,

408 5334 670 5392 eumque
701 5323 1013 5378 monachis
1043 5321 1742 5379 infensiorem-reddidit.

478 5412 608 5468 CAP.
639 5414 730 5467 IV.
754 5445 816 5456 —
843 5414 1003 5470 Inter
1024 5415 1298 5470 homines
1320 5413 1607 5487 dignitate
1633 5411 1914 5485 praeditos
1932 5409 2062 5481 qui-

410 5498 549 5556 dam
572 5507 701 5558 erat
720 5504 821 5574 qui
843 5503 1066 5576 primas
1092 5505 1152 5560 in
1176 5505 1313 5560 aula
1339 5504 1666 5568 obtinebat,
1699 5502 1785 5556 vir
1808 5500 2062 5569 eleganti

398 5586 611 5654 vita,ac
624 5591 765 5648 ﬁdei
779 5594 1250 5666 pietate,quique
1263 5594 1440 5651 saluti
1456 5610 1577 5649 sua:
1591 5607 1833 5665 operam
1853 5608 2062 5647 summo

529 5703 586 5778 8)
613 5707 789 5778 rium.
819 5725 958 5765 χχιι.

2179 4798 2272 4839 τος
2305 4776 2580 4853 εὑρεθῆνα.
2617 4777 2679 4834 Εἰ
2721 4775 2778 4832 δὲ
2807 4798 2949 4839 τινες
2981 4777 3246 4852 εὑρεθεῖεν
3300 4779 3441 4851 μετᾶ
3495 4781 3592 4840 τάς
3654 4774 3836 4851 διωρι-

2179 4868 2380 4940 σμὲνας
2431 4865 2666 4940 ἡμέρας,
2727 4871 2807 4938 τῷ
2865 4864 2954 4921 διὰ
3010 4867 3180 4942 πυρὸς
3239 4867 3327 4921 καὶ
3393 4867 3588 4946 ξίφους
3639 4865 3835 4937 ὀλέθρῳ

2176 4955 2669 5031 παραδοθήτωσανο
2703 4953 2853 5011 οὗτοι
2912 4956 3014 5033 γάρ
3074 4954 3280 5033 (φησίν)
3334 4955 3697 5021 ἀναπείθουσι
3752 4951 3832 5006 τὸν

2177 5045 2308 5103 λαὸν
2369 5048 2442 5109 ὡς
2494 5049 2610 5118 Θεῷ
2659 5044 2951 5122 προσέχειν
3009 5049 3090 5118 τῷ
3148 5045 3581 5120 ὲσταυρωμὲνῳ.
3646 5046 3730 5101 Ἐν
3784 5037 3834 5095 δὲ

2173 5141 2254 5209 τῷ
2284 5135 2479 5209 μεταξὺ
2501 5129 2700 5205 συνέϐη
2729 5134 2819 5189 καί
2866 5156 2918 5190 τι
2949 5138 3222 5204 τοιοῦτον,
3283 5133 3366 5212 ἐφ’
3427 5136 3476 5208 ᾧ
3537 5134 3626 5190 ἐπὶ
3679 5131 3833 5188 πλέον

2175 5224 2529 5302 χαλεπαίνων
2560 5225 2627 5294 ἦν
2662 5226 2690 5279 ὁ
2722 5223 2976 5300 βασιλεὺς
3007 5224 3098 5279 καὶ
3147 5226 3287 5280 κατὰ
3331 5229 3447 5280 τῶν
3500 5223 3834 5299 μοναζόντων

2175 5317 2554 5394 ὀργιζόμενος.

2247 5411 2411 5465 ΚΕΦ.
2473 5414 2541 5465 Δ’.
2598 5408 2768 5480 Ἀνὴρ
2826 5406 2927 5483 γάρ
2963 5427 3068 5478 τις,
3099 5397 3209 5462 τῶν
3241 5404 3294 5462 ἐν
3324 5405 3480 5463 τέλει
3539 5407 3610 5462 τὰ
3655 5406 3832 5478 πρῶτα

2173 5500 2388 5575 φέρων,
2432 5496 2484 5552 ἐν
2523 5503 2639 5560 τοῖς
2700 5497 3007 5573 βασιλείοις
3063 5494 3343 5573 ἐτύγχανε,
3404 5497 3502 5552 τὸν
3567 5496 3660 5570 μὲν
3720 5490 3827 5561 βίον

2173 5588 2438 5658 ἐπιεικὴς,
2495 5582 2718 5658 εὐσεϐὴς
2776 5585 2833 5643 δὶ
2887 5588 2987 5657 τήν
3045 5587 3250 5642 πίστιν
3305 5585 3424 5656 καὶ,
3485 5588 3589 5657 τήν
3649 5582 3825 5640 ἑαυτοῦ

496 5773 727 5856 59")‘Isa.
758 5793 837 5845 γι,
867 5781 899 5832 9
934 5793 948 5833 :
981 5777 1153 5850 Ἀκοῇ
1180 5777 1438 5836 ἀκούσετε
1480 5779 1572 5835 καὶ
1599 5777 1668 5834 ού
1704 5779 1782 5854 μή
1815 5785 2031 5850 συνῆτε,
2063 5780 2154 5836 καὶ
2190 5777 2486 5856 βλὲποντες
2541 5776 2771 5854 βλέψετε
2823 5777 2914 5835 καὶ
2970 5775 3033 5835 οὐ
3095 5778 3173 5854 μὴ
3206 5775 3383 5850 ἷ¹ὁητε.
3421 5779 3594 5838 Conf.
3629 5773 3817 5834 Matth.

405 5855 505 5907 ιιι,
538 5844 630 5898 13.
