4160 6398
378 391 484 448 881

1560 394 1733 446 νιΤΑ
1771 390 2126 446 BARLAAM
2159 391 2254 444 ET
2287 390 2612 446 JOASAPH

3695 386 3805 441 882

379 513 656 589 σωτηρίαν
695 556 711 583 ,
770 513 846 576 ὡς
892 514 1008 570 οἶόν
1063 534 1143 582 τε,
1203 512 1695 590 έμπορευνόμενος,
1755 513 2017 576 λανθάνωι

2149 512 2344 569 studio
2363 513 2566 569 dabat:
2591 514 2822 570 occulte
2841 519 3059 581 tamen,
3077 511 3150 568 ob
3173 513 3326 585 regis
3343 529 3564 568 meum.
3579 513 3800 580 Quam-

372 605 441 673 ἧν
473 601 562 658 διὰ
584 603 678 658 τὸν
713 598 881 680 φόϐον
911 608 1011 658 τοῦ
1046 602 1335 678 βασιλέως.
1367 605 1525 660 ’Όθεν
1576 603 1740 671 τινὲς,
1798 609 1902 672 τῆς
1958 599 2035 665 είς

371 696 466 750 τὸν
501 692 730 770 βασιλέα
775 692 1081 769 παρρησίας
1127 715 1307 767 τουτῳ
1359 696 1742 769 βασκήναντες,
1803 689 2032 746 διαϐάλ-

368 783 486 840 λειν
510 781 672 838 αὐτὸν
734 782 1032 856 ἐμελέτων,
1061 784 1151 838 καὶ
1208 788 1370 839 τοῦτο
1427 783 1613 845 αὐτοῖς
1671 780 1760 838 διὰ
1812 779 2030 859 φροντί-

367 871 460 936 δος
491 875 558 945 ᾖν
594 875 728 945 (60).
762 873 866 930 Καὶ
921 871 986 944 δή
1017 894 1149 928 ποτε
1207 875 1344 947 πρὸς
1403 875 1574 950 θήραν
1635 871 1906 946 ἐξελθόντι
1955 875 2034 942 τῷ

368 961 592 1039 βασιλεῖ
623 963 758 1036 μετᾶ
785 969 888 1032 τῆς
921 967 1186 1034 συνήθους
1214 963 1361 1035 αὐτῷ
1421 960 1771 1040 δορυφορίας,
1830 961 1904 1023 εἷς
1961 961 2028 1030 ἧν

365 1058 480 1110 τῶν
515 1058 890 1129 συνθηρευτῶν
936 1053 1026 1109 καὶ
1077 1054 1104 1108 ὁ
1137 1053 1336 1128 ἀγαθὸς
1397 1052 1600 1115 ἐκεῖνος
1651 1053 1804 1127 ἀνὴρ.
1869 1055 2032 1126 Περι-

365 1149 632 1200 πατοῦντι
666 1141 722 1198 δὲ
751 1141 900 1215 αύτῴ
958 1143 1095 1199 κατᾶ
1155 1142 1346 1216 μόνας,
1382 1143 1440 1198 ἐκ
1470 1142 1612 1205 θείας
1671 1139 1832 1197 τουτο
1892 1162 2028 1214 συμ-

359 1227 491 1303 ϐάν,
550 1234 626 1297 ὡς
676 1232 854 1304 οἶμαι,
914 1231 1284 1306 οἰκονομίας,
1343 1231 1578 1307 εὑρίσκει
1637 1228 1918 1305 ἄνθρωπον
1975 1229 2026 1285 έν

357 1321 559 1398 λόχμῃ
615 1322 722 1378 τινὶ
772 1322 909 1376 κατᾶ
966 1329 1073 1396 γῆς
1129 1321 1486 1398 ἐρῥιμμένον,
1538 1320 1628 1377 καὶ
1687 1318 1876 1383 δεινῶς
1934 1322 2025 1375 τὸν

355 1411 507 1468 πόδα
534 1411 641 1467 ὑπὸ
671 1411 864 1482 θηρίου
897 1415 996 1470 22
1039 1414 1516 1485 συντετριμμένον,
1547 1411 1628 1480 ὃς,
1679 1408 1810 1464 ἱδῶν
1866 1409 2025 1464 αὐτὸν

355 1501 654 1576 παριόντα,
710 1499 976 1556 ἐδυσώπει
1035 1503 1112 1575 μὴ
1184 1499 1583 1576 παραδραμεῖν,
1642 1497 1770 1555 ἀλλ’
1829 1498 2026 1554 οἰκτεῖ-

359 1612 454 1666 ραι
486 1590 647 1647 αὐτὸν
679 1598 781 1661 τῆς
810 1596 1116 1670 συμφορᾶς,
1147 1592 1238 1646 καὶ
1289 1591 1363 1654 εἷς
1388 1592 1480 1646 τὸν
1522 1588 1667 1645 ’ίδιον
1724 1589 2022 1664 ἀπαγαγεῖν

361 1682 540 1751 οἶκον,
573 1682 684 1755 ἅμα
717 1681 998 1737 καὶτοῦτο
1058 1680 1395 1755 προστιθεὶς,
1457 1681 1530 1742 ὡς
1591 1679 1705 1737 Οὐκ
1761 1677 2026 1748 ἀνόνητός

367 1794 459 1828 σοι
515 1773 599 1828 καὶ
653 1771 940 1835 παντελῶς
1000 1772 1350 1848 ἀνενέργητος
1383 1817 1398 1842 ,
1458 1769 1620 1849 φησῖν
1658 1816 1671 1839 ,
1749 1769 2020 1846 εὑρεθείην

357 1860 493 1935 ἐγώ.
527 1862 586 1919 Ὁ
617 1858 677 1916 δὲ
711 1861 968 1936 λαμπρὸς
993 1859 1199 1925 ἐκεῖνος
1253 1861 1387 1936 ἀνὴρ
1448 1858 1596 1936 λέγει
1647 1859 1813 1932 αὐτῷ·
1877 1860 2016 1936 Ἐγὼ
2051 1891 2096 1955 Β

355 1949 459 2022 μὲν
493 1946 562 2004 δι’
593 1949 760 2006 αὐτοῦ
788 1955 887 2006 τοῦ
915 1949 1090 2006 κοιλοῦ
1134 1952 1233 2020 τὴν
1282 1952 1438 2028 φύσιν
1499 1949 1898 2026 προσλήψομαί
1959 1971 2017 2004 σε

345 2039 446 2093 καὶ
497 2039 808 2116 θεραπείας,
870 2041 970 2110 ὅση
1035 2037 1288 2113 δύναμις,
1347 2039 1581 2110 ἀξιώσω·
1643 2037 1792 2093 ἀλλά
1836 2037 1920 2100 τίς
1977 2040 2012 2108 ἡ

345 2123 589 2199 ὅνησις,
646 2131 716 2201 ἢν
774 2129 921 2206 παρὰ
978 2133 1074 2184 σοῦ
1121 2150 1214 2202 μοι
1268 2125 1477 2193 ἔσεσθαι
1532 2127 1777 2205 iisan-eaq;
1837 2129 1898 2185 Ὁ
1959 2125 2016 2182 δὲ

343 2219 526 2288 πένης
551 2217 756 2282 ἐκεῖνος
813 2218 904 2274 καὶ
965 2219 1214 2290 ἀσθενὴς,
1273 2219 1435 2294 Ἐγὼ,
1495 2217 1682 2296 φησὶν,
1737 2215 2016 2291 ἅνθρωπός

345 2305 471 2380 εἶμι
498 2310 832 2382 θεραπευτής
881 2306 1166 2384 ῥημάτων·
1219 2307 1263 2362 εί
1320 2312 1424 2383 γάρ
1484 2328 1618 2362 ποτε
1667 2306 1718 2361 ἐν
1780 2305 2016 2383 ῥήμασιν

338 2395 380 2466 ἢ
417 2396 672 2471 ὁμιλίαις
708 2396 897 2474 πληγή
931 2419 1013 2460 τις
1045 2399 1079 2467 ἢ
1111 2402 1353 2460 κάκωσις
1403 2396 1668 2473 εὑρεθείη,
1729 2394 2013 2467 καταλλή-

343 2484 471 2548 λοις
521 2488 832 2564 φαρμάκοις
911 2492 1078 2542 ταῦτα
1145 2487 1482 2561 θεραπεύσω,
1535 2491 1632 2543 τοῦ
1689 2488 1765 2559 μὴ
1823 2505 2014 2561 περαι-

347 2574 496 2650 αέρω
523 2577 588 2631 τὸ
635 2577 802 2632 κακὸν
857 2585 1136 2654 χωρῆσαι·
1169 2579 1230 2635 Ὀ
1295 2578 1387 2651 μὶν
1449 2578 1538 2632 οὗν
1599 2571 1824 2644 εὐσεϐὴς
1875 2576 2012 2648 ἀνὴρ

342 2664 558 2729 ἐκεῖνος
587 2666 652 2722 τὸ
684 2665 878 2723 Λεχθέν
923 2667 1036 2722 ἀντ’
1083 2664 1303 2732 οὐδενὸς
1356 2669 1632 2742 ἡγήσατο,
1692 2665 1894 2721 ἐκεῖνον
1955 2662 2012 2720 δὲ

345 2752 444 2811 διὰ
500 2757 600 2825 τήν
661 2755 891 2827 ἐντολὴν
965 2757 1264 2833 ἀπαγαγεῖν
1325 2755 1510 2812 οἷ’καδε
1561 2755 2011 2832 παρεκελεύσατο,

343 2845 584 2915 καὶτῆς
635 2845 1029 2923 προσηκούσης
1085 2845 1402 2920 ἐπιμελείας
1462 2848 1564 2902 οὐκ
1628 2845 2009 2921 ἀπεστέρησεν,

345 2935 419 2992 Οἱ
471 2932 529 2990 δὲ
581 2937 1132 3012 προμνημονεθέντες
1183 2937 1434 3012 φθονεροὶ
1499 2935 1694 2992 ἐκεῖνοι
1754 2935 1844 2991 καὶ
1916 2936 2011 3011 βά-

348 3045 564 3092 σκανοι,
598 3026 667 3094 ἢν
699 3022 869 3082 πάλαι
901 3021 1094 3082 ὥδινον
1123 3026 1310 3081 κακίαν
1353 3025 1428 3089 εἷς
1489 3031 1603 3101 φῶς
1661 3025 2012 3101 προενεγκόν-

343 3135 465 3180 τες,
501 3109 861 3171 διαϐάλλουσι
891 3116 982 3172 τὸν
1029 3114 1196 3191 ἄνδρα
1247 3116 1384 3192 πρὸς
1439 3117 1530 3171 τὸν
1558 3115 1806 3190 βασιλέα,
1839 3116 1912 3177 ὡς
1947 3115 2010 3171 οὐ

347 3202 547 3277 μόνον,
579 3210 680 3274 τῆς
709 3204 875 3261 αὐτοῦ
909 3203 1096 3282 φιλίας
1155 3205 1576 3279 ἐπιλαθόμενος,
1630 3205 1882 3280 ἡλόγησε
1908 3213 2010 3275 τῆς

2144 604 2346 658 obrem
2370 605 2670 672 nonnulli,
2705 605 2778 659 ob
2813 621 2942 660 eam
2975 620 3094 675 qua
3124 603 3282 675 apud
3311 619 3508 674 regem
3542 601 3803 673 pollebat

2143 694 2558 750 auctoritatem
2592 695 2703 766 ipsi
2733 695 3243 761 invidentes,eum
3274 692 3578 748 criminari
3603 691 3804 746 stude-

2144 782 2385 850 bant,ac
2405 801 2783 855 summopere
2808 784 3256 840 laborabant.Et
3277 782 3520 854 quidem
3542 798 3678 838 eum
3701 797 3804 835 rex

2143 873 2465 944 aliquando
2499 875 2822 930 satellitum
2855 892 3032 930 manu
3065 891 3169 946 pro
3185 889 3466 928 suamore
3486 871 3801 944 septus,ad

2143 964 2515 1018 venationem
2540 964 2838 1035 profectus
2857 965 3155 1029 fuisset,in
3177 969 3521 1018 venatorum
3545 977 3798 1016 numero

2142 1051 2364 1125 probus
2379 1053 2479 1108 ille
2508 1054 2594 1107 vir
2606 1059 2750 1108 erat.
2767 1054 2912 1108 Cum
2926 1060 3122 1109 autem
3145 1053 3270 1124 ipse
3287 1052 3447 1107 solus
3461 1049 3799 1106 ambularet

2142 1143 2383 1214 (divino,
2400 1144 2711 1215 utopinor,
2731 1143 2981 1199 consilio
2997 1145 3077 1198 ila
3090 1143 3358 1213 ferente),
3379 1142 3685 1197 hominem
3701 1140 3795 1195 in-

2141 1233 2460 1288 terdensas
2478 1233 2727 1288 arbores
2745 1233 2909 1287 humi
2937 1237 3321 1304 prostratum,
3346 1249 3413 1287 ac
3444 1231 3594 1303 pede
3615 1246 3651 1286 a.
3670 1229 3798 1285 fera

2141 1323 2396 1394 quadam
2427 1323 2682 1395 graviter
2711 1324 3058 1392 contritum,
3102 1321 3369 1377 offendit.
3412 1321 3519 1386 Qui
3552 1320 3795 1392 quidem

2140 1412 2335 1484 ipsum
2351 1419 2811 1484 praetereuntem
2826 1411 3372 1484 iutuens,precibus
3386 1410 3457 1465 ab
3472 1427 3541 1465 eo
3555 1415 3796 1465 conten-

2139 1502 2399 1558 debatne
2428 1520 2488 1558 se
2502 1503 3073 1574 prwteriret,verum
3098 1500 3454 1556 calamitatis
3470 1516 3592 1554 suae
3616 1499 3794 1552 mise-

2137 1593 2366 1647 ratione
2389 1592 2750 1659 afﬁceretur,
2775 1598 2953 1662 atque
2970 1592 3028 1646 in
3047 1592 3290 1646 domum
3306 1605 3474 1644 suam
3493 1586 3799 1644 abducen-

2136 1681 2280 1736 dum
2311 1689 2563 1737 curaret.
2613 1683 2800 1738 Simul
2852 1684 3033 1738 etiam
3083 1681 3233 1736 illud
3279 1679 3572 1752 adjunxit,
3625 1693 3793 1733 suam

2135 1788 2374 1843 operam
2391 1773 2502 1843 ipsi
2518 1789 2640 1828 non
2654 1790 2898 1844 prorsus
2913 1773 3185 1827 inutilem
3199 1777 3374 1842 atque
3390 1770 3632 1825 inanem
3648 1767 3793 1824 fore.

2134 1861 2460 1916 Praeclarus
2491 1867 2686 1917 autem
2703 1862 2803 1916 ille
2821 1863 2907 1916 vir
2929 1862 2981 1917 ei
3001 1861 3151 1916 dixit
3175 1878 3187 1915 :
3215 1859 3506 1931 Equidem
3531 1858 3656 1929 ipse
3675 1857 3791 1911 vir-

2129 1952 2270 2006 tutis
2306 1952 2500 2006 studio
2521 1958 2700 2022 atque
2733 1968 2935 2007 amore
2955 1957 3010 2006 te
3038 1966 3360 2014 assumam,
3383 1949 3588 2018 tuique
3607 1962 3789 2018 quam

2124 2042 2444 2097 maximam
2459 2047 2664 2113 potero
2684 2058 2886 2097 curam
2907 2058 3129 2114 geram.
3146 2042 3361 2094 Verum
3395 2055 3526 2110 quae
3545 2035 3786 2092 tandem

2128 2139 2218 2188 est
2247 2134 2373 2188 haec
2405 2133 2632 2188 utilitas
2666 2150 2842 2204 quam
2867 2133 2972 2187 abs
2996 2137 3051 2188 te
3074 2131 3148 2187 ad
3166 2148 3260 2186 me
3291 2129 3620 2186 redituram
3653 2141 3782 2182 esse

2126 2223 2214 2279 ais
2235 2223 2262 2277 ‘2
2291 2225 2523 2294 Pauper
2552 2228 2752 2278 autem
2780 2222 2881 2277 ille
2915 2227 2975 2276 et
3004 2221 3324 2277 imbecillis
3349 2237 3361 2274 :
3395 2222 3535 2291 Ego,
3567 2217 3783 2288 inquit,

2127 2311 2503 2368 sermonibus
2531 2313 2689 2367 laesis
2721 2312 2955 2368 medeo.
2989 2313 3131 2367 Nam
3158 2310 3206 2365 si
3237 2308 3474 2381 quando
3496 2308 3560 2362 in
3588 2305 3784 2361 verbis

2127 2408 2230 2458 aut
2249 2402 2551 2473 colloquia
2566 2403 2780 2457 vulnus
2798 2401 3040 2473 aliquod
3059 2406 3161 2456 aut
3181 2399 3401 2455 afﬁctio
3428 2396 3785 2462 inveniatur,

2125 2492 2549 2546 consentaneis
2565 2489 3020 2546 medicamentis
3038 2505 3106 2544 ea
3119 2503 3356 2555 curo,ac
3368 2503 3442 2541 ne
3457 2484 3683 2540 malum
3695 2480 3787 2536 ul-

2127 2582 2312 2636 terius
2326 2580 2992 2652 serpatprohibeo.Pius
3009 2579 3208 2649 itaque
3223 2577 3324 2631 ille
3338 2575 3424 2630 vir
3438 2588 3784 2646 quanquam

2125 2669 2184 2724 id
2203 2670 2360 2740 quod
2381 2670 2613 2726 dixerat
2629 2669 2854 2724 nullius
2877 2668 3166 2723 momenti
3189 2667 3454 2732 duceret,
3473 2671 3675 2719 tamen
3697 2661 3789 2718 di-

2122 2759 2241 2813 vini
2273 2760 2539 2814 mandati
2571 2776 2751 2814 causa
2778 2774 2914 2812 eum
2946 2758 3006 2813 in
3046 2757 3290 2813 domum
3341 2770 3509 2810 suam
3541 2751 3785 2818 deferri,

2125 2850 2297 2920 eique
2329 2867 2505 2921 quam
2523 2867 2628 2921 par
2645 2853 2773 2905 erat
2789 2866 2994 2904 curam
3007 2845 3487 2919 adhiberijussit.
3509 2841 3784 2900 Atinvidi

2125 2938 2211 2993 illi
2246 2945 2306 2993 et
2332 2939 2520 2995 livore
2539 2939 2746 3011 perciti
2781 2939 3076 3005 homines,
3098 2937 3171 2992 de
3204 2935 3420 3008 quibus
3443 2940 3580 2989 ante
3597 2931 3778 2989 locuti

2124 3045 2351 3096 sumus,
2376 3029 2819 3101 improbitatem
2835 3027 3146 3099 quamjam
3162 3026 3392 3098 pridem
3405 3021 3791 3097 paturiebant

2123 3119 2185 3174 in
2200 3118 2395 3174 lucem
2420 3119 3018 3190 proferentes,ipsum
3033 3116 3189 3188 apud
3201 3132 3401 3188 regem
3416 3115 3528 3169 hoc
3543 3111 3785 3168 nomine

2125 3214 2430 3274 accusant,
2459 3208 2617 3280 quod
2651 3225 2771 3263 non
2801 3207 2996 3263 solum
3029 3205 3308 3263 amicitize
3341 3201 3786 3276 ipsiusoblitus,

340 3293 488 3366 πρὸς
519 3291 646 3355 τοὺς
705 3294 860 3359 θεοὺς
915 3295 1200 3371 θεραπείας
1249 3295 1340 3351 καὶ
1389 3295 1527 3370 πρὸς
1581 3295 2010 3368 Χριστιανισμὸν

2129 3297 2373 3354 deorum
2405 3266 2631 3354 cuitum
2664 3298 3046 3371 neglexisset,
3079 3303 3257 3369 atque
3289 3266 3784 3351 adhhristianam

342 3382 658 3452 ἀπέκλινεν,
693 3381 841 3439 ἀλλά
887 3385 977 3440 καὶ
1033 3381 1183 3439 δεινὰ
1235 3395 1372 3441 κατα
1427 3392 1530 3455 τῆς
1585 3385 1752 3440 αὐτοῦ
1814 3384 2016 3458 μελετᾷ

348 3469 662 3548 βασιλείας,
691 3473 784 3528 τὸν
819 3471 995 3549 ἀχλον
1048 3471 1382 3553 διαστρέφων
1441 3475 1532 3530 καὶ
1582 3475 1756 3547 ἑαυτῷ
1813 3476 2016 3539 πάντας

349 3561 756 3636 οἰκειούμενος.
805 3561 984 3633 Ἀλλ’,
1045 3564 1090 3619 εἰ
1153 3563 1364 3640 βούλει,
1418 3563 1572 3636 φησὶ,
1644 3560 2012 3640 βεϐαιωθῆναι

358 3649 530 3724 μηδὶν
613 3655 764 3725 ἡμᾶς
849 3637 1235 3726 πεπλασμένον
1305 3652 1484 3729 λέγειν
1517 3698 1530 3723 ,
1589 3637 1790 3716 καλέας
1851 3653 2011 3709 αὐτὸν

354 3738 510 3804 ἰδίως
544 3785 559 3811 ,
621 3741 737 3797 εἷπε
794 3743 1066 3816 πειράζων
1123 3742 1411 3818 βούλεσθαί
1474 3764 1569 3812 σε,
1645 3741 2014 3799 καταλιπόντα

345 3832 454 3900 τήν
487 3831 716 3908 πάτριον
748 3831 1036 3908 θρησκείαν
1085 3832 1175 3888 καὶ
1207 3834 1307 3902 τήν
1342 3829 1496 3905 δόξαν
1550 3839 1653 3902 τῆς
1711 3831 2012 3909 βασιλείας,

350 3922 676 3997 Χριστιανὸν
739 3923 1037 3998 γενέσθαι,
1095 3922 1185 3977 καὶ
1241 3923 1304 3977 τὸ
1365 3923 1668 3998 μοναχικὸν
1719 3918 2012 3994 περιϐαλέ-

351 4023 479 4076 σθαι
537 4018 753 4087 σχῆμα,
787 4011 1013 4068 ’ὀπάλαι
1063 4010 1308 4083 ἐδίωξας,
1369 4014 1443 4076 ὡς
1497 4013 1559 4068 ού
1617 4011 1803 4076 καλῶς
1853 4009 2009 4084 δῆθεν

343 4101 550 4157 τούτου
583 4105 684 4160 23
734 4102 1126 4178 γεγενημένου,
1186 4104 1252 4160 Οἱ
1305 4103 1408 4181 γὰρ
1433 4108 1600 4159 ταῦτα
1658 4101 1848 4165 δεινως
1878 4101 2015 4157 κατὰ

341 4195 442 4246 τοῦ
477 4188 672 4266 ἀνδρὸς
720 4191 1098 4267 σκηπτόμενοι
1146 4189 1368 4262 ἥδεισαν
1417 4200 1515 4263 τῆς
1571 4190 1735 4248 αὐτοῦ
1785 4193 2014 4268 γνώμης

341 4281 446 4351 τήν
499 4280 893 4338 εύκατάνυκτον
949 4280 1288 4358 προαίρεσιν,
1343 4282 1440 4351 ὡς,
1496 4282 1544 4337 εἷ’
1595 4286 1820 4337 τοιαῦτα
1869 4282 2016 4356 παρᾶ

338 4375 440 4427 τοῦ
503 4371 776 4447 βασιλέως
834 4371 1110 4428 ἀκούσειεν
1143 4417 1160 4443 ,
1220 4370 1408 4445 ἐκείνῳ
1470 4373 1565 4446 μὲν
1613 4371 1680 4427 τὰ
1735 4369 2014 4449 κρείττονα

344 4457 780 4537 βουλευσαμένῳ
807 4462 1034 4539 γνώμην
1095 4458 1287 4517 δώσειε
1320 4463 1396 4536 μή
1457 4456 1821 4527 ἀναϐαλέσθαι
1876 4463 2014 4538 πρὸς

339 4551 410 4606 τά
440 4549 629 4615 καλῶς
690 4547 1122 4628 βεϐουλευμένα,
1181 4551 1271 4607 καὶ
1329 4551 1388 4607 ἐκ
1443 4551 1640 4608 τούτου
1689 4550 1868 4624 ἀληθῆ
1924 4551 2016 4609 λέ-

337 4661 534 4718 γοντες
566 4640 760 4697 ἐκεῖνοι
794 4638 1079 4719 εὒρεθεῖεν.

421 4911 486 4969 Ὀ
519 4908 577 4966 δὲ
610 4907 889 4987 βασιλεὺς,
921 4912 1022 4980 τήν
1051 4914 1149 4966 τοῦ
1181 4906 1376 4987 ἀνδρὸς
1411 4910 1549 4986 πρὸς
1606 4911 1767 4968 αὐτὸν
1801 4908 2011 4968 εὔνοιαν

349 4998 532 5071 ὁπόση
570 5001 648 5074 μὴ
680 4999 910 5075 ἀγνοῶν,
967 4999 1200 5065 ἀπίθανά
1239 5021 1300 5055 τε
1353 5001 1549 5074 ἡγεῖτο
1606 4999 1696 5056 καὶ
1745 4998 1915 5075 ψευδῆ
1948 5001 2016 5057 τὰ

343 5087 650 5165 λεγόμενα,
707 5089 798 5145 καὶ
857 5088 940 5145 ὅτι
1002 5091 1078 5163 μή
1127 5085 1494 5152 ἀϐασανίστως
1556 5093 1724 5145 ταῦτα
1779 5088 2014 5165 προσδέ-

345 5180 544 5254 χεσθαι
579 5176 682 5244 δεῖ,
717 5175 1009 5254 δοκιμάσαι
1041 5178 1105 5234 τὸ
1154 5185 1381 5254 πρᾶγμα
1435 5180 1523 5234 καὶ
1578 5180 1680 5248 τήν
1741 5175 2012 5249 διαϐολὴν

343 5266 695 5327 διεσκέλατο.
736 5274 858 5337 Καὶ,
915 5266 1429 5343 προσκαλεσάμενος
1464 5267 1623 5323 αὐτὸν
1682 5270 1800 5324 κατ’
1850 5267 2010 5342 ἰδίαν,

343 5352 452 5435 ἔφη
487 5359 786 5431 πειράζῳν·
822 5355 1006 5428 Οἶδας,
1053 5358 1098 5412 ὧ
1129 5356 1275 5436 φίλε,
1337 5356 1434 5412 ὅσα
1491 5356 1836 5431 ἐνεδειξάμην
1895 5365 2012 5423 τοῖς

333 5469 400 5505 τε
433 5450 769 5526 Λεγομένοις
805 5451 1101 5521 μονάζουσι
1132 5449 1225 5504 καὶ
1283 5453 1412 5504 πᾶσι
1471 5454 1591 5511 τοῖς
1639 5455 2012 5522 Χριστιανοῖς.

333 5539 482 5599 Νυνὶ
516 5536 596 5609 δὲ,
637 5539 950 5613 μετάμελος
980 5538 1070 5594 ἐπὶ
1121 5537 1301 5611 τούτῳ
1358 5537 1648 5615 γενόμενος
1705 5541 1796 5595 καὶ
1853 5561 2013 5596 κατα-

2123 3388 2472 3460 religionem
2490 3389 2762 3444 animum
2783 3388 3133 3457 inﬂexisset,
3157 3403 3361 3442 verum
3385 3385 3564 3440 etiam
3579 3383 3788 3439 adver-

2125 3496 2225 3533 sus
2253 3479 2441 3550 ipsius
2473 3481 2848 3552 majestatem
2869 3478 3070 3552 gravia
3087 3478 3418 3543 moliretur,
3433 3475 3786 3548 popularem

2125 3569 2600 3625 scilicetturbam
2615 3575 2979 3640 pervertens,
3005 3567 3396 3638 omniumque
3422 3563 3788 3620 benevolen-

2126 3660 2289 3730 tiam,
2325 3661 2436 3716 sibi
2463 3661 2813 3716 concilians.
2838 3659 3002 3726 Quod
3022 3659 3070 3714 si
3103 3677 3208 3731 pro
3234 3662 3396 3714 certo
3417 3657 3568 3712 scire
3593 3655 3784 3726 cupis,

2124 3750 2424 3820 inquiunt,
2445 3751 2598 3804 nihil
2620 3768 2729 3806 nos
2749 3751 2972 3822 ﬁngere
2994 3755 3171 3818 atque
3185 3745 3576 3808 comminisci.
3591 3743 3786 3816 priva-

2124 3839 2228 3892 tim
2261 3839 2334 3905 ei,
2371 3839 2640 3894 tentandi
2665 3840 2856 3909 ipsius
2887 3855 3088 3902 causa,
3122 3839 3217 3894 dic
3250 3844 3306 3893 te
3337 3837 3547 3894 relicta
3593 3839 3786 3909 patria

2124 3928 2412 4000 religione
2425 3946 2491 3984 ac
2506 3929 2671 3999 regni
2687 3929 2897 4000 gloria,
2913 3928 3310 3984 Christianam
3345 3927 3522 3982 ﬁdem
3543 3927 3781 3999 ample-

2124 4017 2628 4088 cti,habitumque
2659 4017 3081 4084 monasticum,
3111 4033 3289 4088 quem
3321 4015 3463 4072 olim
3497 4022 3782 4088 tanquam

2124 4123 2333 4178 parum
2364 4106 2681 4161 honestum
2701 4113 3049 4177 persecutus
3063 4123 3144 4173 es,
3170 4105 3418 4160 induere
3440 4105 3612 4162 velle.
3636 4108 3783 4162 Nam

2127 4196 2227 4267 qui
2244 4196 2369 4251 haec
2382 4194 2666 4250 adversus
2678 4195 2870 4250 virum
2886 4195 3056 4250 illum
3071 4195 3357 4251 scelerate
3379 4194 3781 4269 conﬁgebant,

2125 4285 2312 4358 ipsius
2326 4285 2509 4341 animi
2527 4284 2865 4340 institutum
2881 4285 2954 4340 ad
2968 4285 3493 4356 compunctionem
3525 4301 3782 4357 propen-

2126 4374 2432 4430 sissimum
2482 4375 2854 4446 exploratum
2901 4373 3236 4441 habebant;
3270 4391 3380 4431 nec
3432 4373 3787 4431 dubitabant

2126 4465 2273 4536 quin
2305 4466 2352 4521 si
2376 4465 2503 4521 hazc
2526 4463 2707 4520 verba
2727 4481 2762 4521 a
2791 4481 2925 4538 rege
2957 4464 3214 4530 audiret,
3249 4463 3448 4520 statim
3480 4463 3592 4537 ipsi
3626 4465 3787 4537 quod

2125 4555 2509 4626 praestantius
2544 4560 2701 4610 esset
2727 4555 3006 4622 suadens,
3027 4560 3234 4611 auctor
3265 4554 3502 4611 futurus
3536 4559 3694 4612 esset
3721 4559 3789 4610 ut

2034 4645 2082 4711 Β
2114 4644 2191 4699 iis
2218 4662 2352 4716 quas
2385 4651 2545 4701 recte
2569 4645 2844 4700 consulta
2868 4650 3086 4712 essent,
3120 4645 3349 4701 nullam
3371 4662 3599 4702 moram
3619 4646 3791 4700 affer-

2121 4739 2414 4806 ret,atque
2439 4735 2578 4790 hinc
2600 4751 2737 4790 vera
2753 4751 2882 4790 esse
2904 4752 3034 4806 qum
3055 4735 3333 4792 dicebant
3353 4735 3784 4793 invenirentur.

2194 4915 2315 4970 Rex
2329 4920 2552 4983 autem,
2581 4933 2699 4988 qua
2724 4916 2930 4972 virille
2957 4933 3094 4990 erga
3118 4934 3178 4973 se
3201 4916 3787 4974 benevolentiaesset

2121 5003 2372 5059 minime
2403 5005 2704 5078 ignorans,
2735 5023 2802 5061 ea
2833 5023 2964 5078 quae
2988 5005 3342 5062 dicebantur
3363 5005 3781 5079 probabilitate

2121 5094 2282 5149 omni
2315 5111 2516 5150 carere
2548 5113 2616 5151 ac
2644 5095 2794 5152 falsa
2823 5113 2953 5152 esse
2985 5096 3286 5153 censebat.
3319 5099 3520 5168 Neque
3543 5096 3656 5153 sibi
3687 5096 3778 5152 fa-

2119 5183 2397 5239 ciendum
2432 5202 2561 5242 esse
2583 5185 2856 5250 ducebat,
2877 5191 2943 5241 ut
2969 5203 3038 5242 ea
3056 5193 3276 5241 temere
3309 5186 3657 5259 susciperet.
3681 5203 3778 5242 ve-

2117 5291 2250 5329 rum
2273 5291 2398 5330 rem
2424 5275 2615 5347 ipsam
2639 5283 2818 5348 atque
2842 5277 3142 5348 objectum
3165 5277 3396 5332 crimen
3418 5276 3776 5348 exploraret.

2119 5364 2492 5435 Quapropter
2523 5382 2656 5421 cum
2691 5382 2825 5420 eum
2860 5367 3108 5421 remotis
3157 5366 3396 5422 arbitris
3445 5366 3776 5435 accivisset,

2120 5453 2388 5509 tentandi
2414 5454 2604 5525 ipsius
2631 5471 2810 5511 causa
2828 5455 2909 5510 ita
2933 5473 3065 5511 eum
3092 5461 3181 5511 est
3197 5456 3520 5511 allocutus:
3543 5456 3723 5513 Nosti.
3746 5473 3780 5512 ο

2121 5543 2335 5607 amice,
2358 5546 2642 5615 quoniam
2657 5545 2833 5600 modo
2848 5545 3158 5601 adversum
3175 5562 3274 5602 eos
3288 5546 3388 5618 qui
3402 5547 3676 5602 monachi
3692 5545 3782 5603 di-

407 5647 808 5722 (760)711emma
838 5649 1154 5722 metricum
1187 5646 1248 5722 i_n
1280 5646 1559 5722 codiceLA
1586 5664 1600 5702 :
1630 5647 1736 5714 Τήν
1771 5646 2017 5722 βασκανία

2129 5641 2299 5722 σεϐῶν
2331 5645 2540 5722 ἀνδρῶν
2575 5647 2694 5721 ὅρα.

409 5720 770 5799 (‘6l‘)_CoAde_x
801 5722 862 5789 C,
896 5718 956 5774 ἐκ
985 5717 1127 5799 θείας
1161 5717 1320 5799 οἶμαι
1349 5714 1560 5799 συμϐὰν
1590 5714 2017 5799 τοῦτοόίκονομ

2150 5721 2238 5799 De
2269 5722 2399 5793 pari
2420 5714 2676 5799 formula
2706 5719 2853 5799 οὕτω
2881 5719 3091 5799 συμᾷὰν
3115 5723 3247 5799 vide
3278 5742 3458 5799 supra
3487 5731 3529 5781 ι.
3561 5726 3606 5793 Ι,
3640 5742 3774 5799 pag.

340 5793 476 5861 168,
509 5791 568 5849 Η
597 5808 613 5864 ;
647 5797 688 5848 t.
715 5793 787 5864 II,
817 5808 953 5869 pag.
996 5792 1089 5866 £7,
1141 5806 1203 5848 n.
1255 5791 1622 5867 Nicephorus
1675 5791 1986 5871 Gregoras,’
2035 5791 2380 5865 Historfxv,
2439 5795 2495 5863 6,
2555 5797 2626 5852 2:

2682 5789 2893 5872 συμϐὰν
2950 5789 3165 5852 ὀύτωσὶ
3222 5789 3469 5876 θειοτέρα
3520 5789 3774 5878 πρόὗοίᾷ.
