4100 6404
401 367 510 426 887

1928 359 2302 421 ΛΒΒΕΝΟΔ.
3693 381 3786 441 εεε

402 497 604 565 aperte
618 490 1060 565 proclamantes
1073 509 1149 549 ne
1162 490 1299 565 quis
1309 489 1487 547 vestri
1501 486 1780 546 diabolici
1793 487 2044 544 instituti

2167 506 2287 576 τινα
2313 493 2418 557 τῆς
2453 488 2609 561 ὑμῶν
2644 485 3075 564 κακοδαιμονίας
3135 485 3271 566 μετά
3321 495 3465 567 τρεῖς
3511 495 3709 576 ἡμερας
3737 504 3785 565 iv

399 578 536 654 post
559 580 821 638 triduum
842 583 905 638 in
928 582 1077 640 urbe
1099 581 1341 639 autulla
1367 580 1532 652 regni
1552 577 1671 635 mei
1693 577 1936 650 regione
1958 578 2053 633 in-

397 673 831 741 veniretur,aut
846 675 1069 746 alioqui
1092 690 1334 746 prorsus
1357 671 1477 742 igni
1501 676 1869 726 cremaretur
1886 668 1913 724 ‘2
1934 671 2058 724 Μο-

397 762 575 818 nachi
607 768 806 818 autem
832 779 846 819 :
894 765 1003 831 En,
1036 763 1338 834 inquiunt,
1366 778 1472 833 pro
1512 777 1581 816 eo
1602 777 1672 815 ac
1695 759 1954 830 jussisti,
1985 774 2058 813 ex

397 851 649 908 urbibus
673 853 789 907 tuis
805 869 872 908 ac
896 851 1237 925 regionibus
1269 850 1634 907 excedimus.
1669 850 1885 903 Verum
1916 863 2056 903 cum

395 940 636 1014 longum
663 940 837 997 nobis
867 942 982 997 iter
1010 941 1385 1014 propositum
1407 940 1503 1008 sit,
1527 946 1592 994 ut
1613 938 1687 995 ad
1707 938 1920 993 fratres
1942 953 2056 991 no-

393 1037 548 1087 stros
568 1031 1038 1104 proficiscamur,
1058 1048 1124 1087 ac
1147 1031 1281 1087 cibo
1303 1029 1749 1097 careamus,hac
1773 1028 1861 1083 via
1887 1026 2056 1082 ince-

395 1119 688 1187 dimus;ut
704 1120 877 1176 nobis
894 1121 1109 1177 viatica
1127 1125 1585 1193 suppetant,nec
1601 1118 1756 1174 fame
1774 1117 2054 1173 absuma-

391 1222 546 1267 mu‘r.
579 1212 700 1267 Rex
730 1208 929 1267 autem
960 1210 1189 1283 inquit:
1217 1210 1326 1276 Qui
1356 1210 1565 1265 mortis
1595 1208 1792 1263 minas
1814 1205 2052 1273 metuit,

391 1300 531 1355 huic
542 1300 710 1356 cibos
725 1317 1073 1373 comparare
1087 1300 1337 1356 minime
1352 1296 1808 1355 vacatJtlonachi
1826 1300 2049 1352 autem:

391 1391 568 1445 Recte
587 1389 851 1453 dixisti.o
873 1405 997 1452 rex.
1023 1390 1337 1461 inquiunt:
1358 1389 1458 1461 qui
1482 1394 1732 1443 mortem
1751 1390 2051 1455 metuunt,

391 1478 455 1534 id
488 1482 991 1551 curant,quouam
1014 1483 1185 1551 pacto
1211 1495 1341 1534 eam
1366 1475 1929 1550 effugiantQuinam
1952 1491 2054 1530 au-

398 1572 522 1623 tem
539 1564 601 1622 hi
627 1568 908 1636 sunt,nisi
921 1569 1021 1641 qui
1036 1568 1213 1624 ﬂuxis
1224 1567 1403 1623 rebus
1421 1566 2050 1636 intabescunt,easque

394 1656 472 1713 ad
494 1662 800 1729 stuporem
822 1675 1010 1729 usque
1041 1656 1379 1714 mirantur?
1406 1656 1514 1723 Qui
1546 1656 1788 1729 quidem
1819 1672 1955 1710 cum
1986 1654 2051 1709 in

395 1745 587 1803 altera
614 1747 733 1802 vita
761 1747 1089 1818 quidquam
1117 1746 1256 1802 boni
1298 1763 1428 1803 sese
1459 1750 1885 1801 consecuturos
1916 1758 2047 1799 esse

393 1834 733 1908 desperent,
755 1836 1199 1908 aprmsentibus
1225 1836 1429 1892 divelli
1452 1834 1859 1908 nequeunt,ob
1882 1849 2048 1889 eam-
2078 1853 2126 1919 Β

395 1943 510 1999 que
525 1944 765 1984 causam
780 1934 1031 1985 mortem
1046 1928 1279 1985 timent.
1303 1929 1379 1983 At
1400 1945 1529 1995 nos,
1555 1927 1654 1999 qui
1661 1928 1788 1999 jam
1807 1925 2042 1999 pridem

390 2016 684 2072 mundum
698 2023 760 2073 et
770 2033 839 2074 ea
853 2034 984 2090 qum
1003 2017 1063 2073 in
1078 2018 1303 2074 mundo
1323 2024 1463 2074 sunt
1475 2017 1609 2073 odio
1624 2016 2048 2089 prosequimur

388 2111 738 2178 aretamque
759 2112 819 2162 et
833 2113 1147 2180 angustam
1172 2108 1324 2163 viam
1345 2107 1561 2163 Christi
1584 2122 1761 2161 causa
1783 2104 2049 2177 ingredi-

388 2210 661 2264 mur,nec
680 2197 889 2251 mortis
906 2202 1092 2263 metu,
1110 2213 1221 2252 nec
1244 2196 1632 2269 praesentium
1652 2212 1855 2250 rerum
1876 2193 2046 2266 cupi-

387 2282 572 2341 ditate
596 2285 896 2341 afﬁcimur
919 2311 933 2354 ;
956 2302 1162 2342 verum
1183 2285 1516 2341 futurarum
1538 2285 1825 2340 duntaxat
1845 2299 2046 2339 rerum

386 2372 686 2430 desiderio
713 2378 1009 2431 tenemur.
1043 2374 1335 2441 Quoniam
1366 2374 1546 2447 igitur
1574 2391 1733 2429 mors
1764 2389 1836 2429 ea
1864 2388 2045 2443 quam

388 2462 566 2518 nobis
596 2462 832 2520 infertis
862 2469 938 2520 ad
980 2464 1409 2537 sempiternam
1462 2469 1521 2519 et
1566 2463 2044 2536 praestantiorem

384 2552 568 2608 vitam
599 2554 886 2610 transitus
917 2554 1196 2625 efficitur,
1229 2553 1451 2610 idcirco
1492 2552 1800 2625 cupiditati
1848 2551 2045 2625 potius

385 2642 562 2700 nobis
592 2650 686 2700 est
712 2661 893 2716 quam
926 2646 1161 2702 terrori.

458 2732 564 2788 Hic
581 2748 685 2788 rex
701 2750 809 2805 per
823 2733 1766 2804 solertiam,videlicetmonachos
1779 2731 2041 2804 arripere

384 2821 835 2894 cupiens,dixit:
850 2823 999 2889 Quid
1012 2824 1141 2880 ?An
1158 2840 1279 2879 non
1298 2823 1473 2895 paulo
1492 2829 1627 2879 ante
1643 2840 1743 2878 vos
1762 2822 2041 2878 secedere

389 2910 644 2981 dixistis,
671 2918 739 2968 ut
766 2929 900 2968 meo
931 2912 1182 2985 imperio
1204 2913 1463 2985 pareatis
1480 2912 1507 2968 Ἰ
1527 2913 1693 2978 Quod
1713 2913 1762 2969 si
1787 2919 2042 2968 mortem

386 3001 635 3058 minime
655 3003 1049 3076 timetis,quid
1066 3009 1155 3059 est
1170 3003 1559 3075 quamobrem
1574 3004 1771 3077 fugam
1789 3003 2044 3059 ineatis?

384 3091 470 3145 En
486 3090 615 3146 hinc
631 3108 871 3163 quoque
888 3092 1109 3149 frustra
1126 3099 1185 3148 et
1204 3092 1463 3149 inaniter
1475 3092 1988 3165 jactantes,menti
1998 3092 2040 3146 ti

385 3181 553 3238 estis.
577 3182 1035 3253 Responderunt
1055 3184 1363 3240 monachi:
1387 3186 1514 3240 Non
1536 3184 1757 3241 idcirco
1780 3184 2039 3257 fugimus

386 3269 548 3342 quod
569 3270 979 3329 denuntiatam
1002 3273 1173 3330 nobis
1193 3273 1297 3329 abs
1316 3280 1371 3329 te
1393 3278 1645 3329 mortem
1663 3273 2043 3346 pertimesca-

384 3375 554 3429 mus;
583 3377 786 3417 verum
812 3362 897 3418 tui
929 3364 1313 3419 miseratione
1361 3364 1666 3431 commoti,
1696 3379 1772 3418 ne
1815 3362 2047 3435 gravio-

389 3465 520 3505 rem
568 3450 1131 3509 condemnationem
1181 3453 1287 3509 tibi
1334 3469 1731 3521 accersamus,
1765 3451 2043 3507 secedere

389 3538 456 3595 in
485 3538 756 3597 animum
787 3542 1147 3600 induximus.
1181 3545 1328 3599 Nam
1366 3543 1611 3615 alioqui,
1647 3548 1935 3615 quantum
1969 3539 2044 3597 ad

386 3644 497 3684 nos
529 3631 762 3700 attinet,
794 3632 960 3688 nullo
984 3633 1162 3689 modo
1186 3634 1380 3689 minas
1411 3638 1543 3689 tuas
1574 3632 2038 3705 expavescimus.

386 3708 477 3765 Ad
500 3710 626 3767 huic
642 3727 746 3768 rex
767 3711 856 3768 ira
877 3719 1231 3777 commotus,
1254 3714 1416 3787 ipsos
1437 3714 1604 3769 exuri
1619 3713 2040 3787 jussit.Sicque

386 3799 493 3855 Dei
523 3799 735 3858 famuli
767 3808 1029 3860 extremo
1059 3804 1191 3858 vitae
1218 3803 1313 3859 die
1334 3803 1544 3872 functi,
1569 3803 1838 3875 martyrii
1869 3820 2042 3859 coro-

384 3905 528 3945 nam
576 3908 686 3964 per
730 3891 929 3965 ignem
977 3892 1175 3966 adepti
1226 3898 1383 3949 sunt.
1419 3893 1747 3965 Statimque
1780 3892 2038 3949 edictum

384 3980 830 4055 promulgatum
861 3988 970 4051 est,
1017 3988 1083 4038 ut
1135 3982 1185 4038 si
1239 3983 1373 4055 quis
1422 3984 1753 4039 monachus
1784 3982 2035 4038 inveniri

381 4074 606 4141 posset,
639 4072 767 4127 sine
798 4072 923 4128 ulla
952 4072 1342 4144 inquisitione
1392 4072 1810 4128 trucidaretur.
1844 4075 2037 4144 Atque

381 4157 468 4214 ita
496 4159 701 4217 nullus
735 4162 1081 4235 hujusmodi
1119 4162 1349 4218 ordinis
1398 4162 1460 4219 in
1515 4162 1621 4218 illa
1667 4162 1909 4236 regione
1940 4179 2039 4217 re-

380 4249 586 4324 liquus
613 4252 808 4309 factus
858 4258 968 4322 est,
1026 4253 1144 4309 nisi
1201 4253 1303 4326 qui
1362 4255 1424 4310 in
1454 4255 1778 4317 montibus,
1814 4259 1873 4310 et
1901 4268 2037 4326 spe—

378 4339 600 4411 luncis,
630 4347 691 4399 et
718 4344 987 4399 cavernis
1012 4348 1187 4399 terra
1237 4359 1366 4399 sese
1396 4343 1784 4400 occultarent.
1817 4345 2035 4399 Verum

380 4429 509 4487 hinc
533 4431 845 4489 hactenus.

452 4520 585 4576 CAP.
608 4522 676 4577 ν.
698 4553 767 4564 -
784 4523 1027 4597 Atregis
1046 4522 1306 4593 ﬁlius,de
1330 4540 1446 4596 quo
1465 4523 1635 4580 initio
1654 4523 1826 4580 nobis
1844 4524 2031 4580 oratio

2164 574 2327 631 πόλει
2357 578 2393 648 ἢ
2423 578 2585 654 χώρᾳ
2636 586 2737 649 τῆς
2792 578 2931 653 Ξμῆς
2981 578 3263 657 εὑρεθῆναι
3321 579 3578 653 ἐξουσίας,
3665 594 3790 648 πάν..

2162 668 2669 759 τως-πυρίκαυστος
2701 670 2850 726 ἔσται
2873 690 2887 741 ;
2940 672 3009 729 Οἱ
3052 668 3126 759 ,δὲ
3177 671 3431 759 μοναχοί’
3469 672 3604 732 Ἰδοὺ
3633 683 3788 759 (φασὶ)

2162 756 2301 820 καθᾶ
2358 754 2425 827 δὴ
2483 758 2572 813 καὶ
2631 759 2982 835 προσέταξας,
3043 758 3382 836 ἐξερχόμεθᾶ
3435 783 3529 818 σου
3571 754 3789 827 τῖον-κάξ.

2163 844 2304 901 λεων
2334 847 2421 902 καὶ
2453 852 2560 903 τῶν
2592 854 2819 925 χωρῶν·
2871 856 3081 925 μακρᾶς
3124 848 3181 905 δὶ
3210 851 3347 923 ἡμῖν
3382 858 3482 921 τῆς
3514 850 3639 910 ὁδοῦ
3665 880 3790 935 προ-

2160 934 2419 1008 κειμένης
2475 942 2572 991 τοῦ
2627 936 2883 1003 ἀπελθεῖν
2944 939 3083 1013 πρὸς
3138 938 3266 1002 τοὺς
3315 941 3611 1018 ἡμετέρους
3642 934 3789 1005 ἀδελ-

2161 1022 2317 1097 φοὺς,
2352 1022 2544 1089 ἐνδεῶς
2598 1022 2820 1103 ἔχοντες
2875 1035 3109 1105 τροφῆς,
3161 1026 3363 1098 ταύτην
3418 1026 3789 1107 ἑποριζόμεθα,

2158 1118 2256 1168 τοῦ
2288 1111 2435 1189 ἔχειν
2463 1113 2753 1202 τάνέφόδια
2805 1116 2895 1172 καὶ
2948 1118 3026 1191 μὴ
3087 1115 3259 1191 λιμοῦ
3318 1118 3689 1196 παρανάλωμα
3713 1147 3792 1202 γε.

2158 1202 2363 1266 νὲσθαι.
2421 1205 2483 1262 Ὀ
2545 1201 2601 1260 δὲ
2661 1203 2919 1282 βασιλεὺς
2971 1203 3097 1284 ἔφη’
3156 1206 3213 1263 Ὀ
3269 1207 3499 1263 θανάτου
3552 1201 3794 1278 δεδοικὼς

2161 1288 2392 1361 ἀπειλήν
2424 1292 2524 1348 οὐκ
2553 1293 2879 1371 ἀσχολεῖται
2927 1294 3004 1358 είς
3035 1295 3313 1370 πορισμὸν
3346 1295 3672 1371 βρωμάτων.
3702 1302 3794 1358 At.

2158 1401 2344 1457 γουσιν
2404 1382 2457 1437 οἱ
2518 1382 2797 1455 μονασταί·
2864 1381 3056 1446 Καλῶς
3113 1382 3290 1455 εἶπας,
3352 1381 3397 1438 ὦ
3457 1384 3694 1460 βασιλεῦ’
3748 1391 3796 1446 οὶ

2161 1468 2385 1533 θάνατον
2418 1468 2723 1535 δεδοικότες
2786 1469 2877 1528 διά
2930 1469 3219 1548 φροντίδος
3276 1468 3461 1528 ἔκουσι
3502 1478 3617 1537 πῶς
3647 1474 3793 1534 αὐτὸν

2160 1558 2458 1636 ἰκφύγωσι.
2516 1560 2669 1627 Τίνες
2726 1559 2784 1618 δὲ
2836 1561 2971 1619 εἰσιν
3030 1562 3205 1633 οὗτοι,
3237 1560 3366 1617 ἀλλ⁹
3396 1561 3432 1633 ἦ
3464 1563 3515 1618 οἱ
3544 1569 3656 1627 τοῖς
3686 1565 3794 1643 ῥευ-

2157 1656 2305 1712 στοῖς
2338 1653 2770 1725 προστετηκότες
2801 1652 2890 1708 καὶ
2942 1651 3162 1716 τούτοις
3210 1652 3564 1726 ἐπτοημένοι,
3594 1652 3793 1729 οἵτινες,

2159 1737 2331 1813 μηδὲν
2363 1740 2558 1816 ἀγαθὸν
2603 1739 2916 1812 ἐλπίζοντες
2970 1743 3147 1819 εὑρεῖν
3207 1740 3428 1813 ἐκεῖθεν,
3461 1739 3794 1801 δυσαποσπά-

2158 1850 2298 1891 στως
2327 1827 2516 1907 ἔχουσι
2571 1835 2679 1886 τῶν
2741 1832 3048 1906 παρόντων,
3082 1831 3171 1887 καὶ
3205 1828 3295 1889 διὰ
3346 1836 3509 1888 τοῦτο
3541 1829 3792 1892 δεδοίκασι

2157 1920 2384 1984 θάνατον
2411 1941 2425 1991 ;
2456 1921 2651 1995 Ἡμεῖς
2684 1918 2741 1977 δὲ
2786 1922 2839 1976 οἱ
2888 1923 3060 1977 παλαι
3122 1924 3451 1994 μισήσαντες
3482 1921 3683 1997 κόσμον
3710 1924 3791 1979 καὶ

2152 2011 2220 2065 τὰ
2252 2008 2301 2065 ἓν
2334 2009 2553 2084 κόσμῳ,
2610 2010 2700 2066 καὶ
2749 2011 2849 2082 τήν
2911 2012 3102 2081 στενήν
3157 2010 3247 2067 καὶ
3304 2009 3671 2086 τεθλιμμένην
3714 2010 3794 2070 διὰ

2155 2099 2391 2175 Χριστὸν
2429 2098 2739 2177 βαδίζοντες
2769 2097 2895 2156 ὁδὸν
2951 2103 3084 2174 (70),
3146 2097 3269 2157 οὕτε
3310 2102 3534 2166 θάνατον
3567 2099 3793 2157 δεδοίκα-

2158 2210 2275 2263 μεν,
2308 2186 2433 2245 οῦτε
2467 2190 2537 2245 τὰ
2584 2190 2817 2265 παρόντα
2873 2195 3174 2264 ποθοῦμεν,
3223 2187 3373 2247 ἀλλά
3426 2194 3535 2246 τῶν
3571 2190 3795 2265 μελλόν-

2151 2299 2262 2334 των
2293 2278 2549 2357 ὲφιὲμεθα
2580 2278 2765 2353 μόνον.
2821 2280 2974 2336 Ἐπεὶ
3032 2280 3123 2336 οῦν
3184 2280 3212 2336 6
3265 2282 3397 2357 παρ’
3426 2280 3579 2353 ὑμῶν
3610 2277 3793 2356 ἐπαγό·

2156 2388 2312 2440 μενος
2374 2371 2473 2426 28
2533 2369 2668 2441 ἡμῖν
2742 2370 2969 2433 θάνατος
3039 2364 3402 2446 διαδατήριον
3461 2368 3656 2446 γίνεται
3707 2375 3796 2439 τῆς

2151 2454 2333 2512 ἀϊδίου
2366 2463 2512 2527 ζωῆς
2539 2458 2631 2513 καὶ
2661 2457 2992 2533 κρείττονος,
3044 2457 3292 2530 ποθητὸς
3349 2459 3487 2532 ἡμῖν
3525 2456 3731 2533 μᾶλλον
3761 2458 3793 2530 ἢ

2154 2542 2384 2624 θοϐερός
2415 2546 2555 2603 ἐστιν
2586 2546 2764 2611 οὗτος.

2220 2727 2450 2801 Ἐφὀἷς
2483 2724 2533 2797 ἰξ
2577 2722 2869 2802 ἀγχινοίας
2921 2722 3082 2797 δῆθεν
3142 2726 3171 2781 6
3232 2724 3493 2803 βασιλεὺς
3550 2720 3789 2782 ἐπιλαϐέ-

2152 2816 2274 2870 σθαι
2298 2820 2408 2871 τῶν
2445 2820 2705 2892 μοναχῶν
2770 2812 3133 2891 βουλόμενος,
3191 2812 3318 2895 ἔφη’
3374 2817 3444 2875 Τί
3479 2813 3578 2887 δὲς
3611 2814 3670 2871 οὑ
3699 2815 3793 2891 πρὸ

2154 2910 2355 2982 μικροῦ
2386 2904 2574 2961 εἴπατε
2608 2906 2922 2982 ὑποχωρεῖν
2984 2906 3144 2980 ὑμᾶς,
3205 2906 3344 2961 καθά
3401 2903 3469 2976 δὴ
3519 2906 3608 2962 καὶ
3638 2926 3792 2982 προσ-

2150 2995 2343 3067 ἑταξα;
2374 2995 2488 3068 καὶ,
2541 2994 2587 3050 εί
2639 2994 2702 3051 οὑ
2751 2992 3030 3051 δεδοίκατε
3083 2995 3176 3051 τὸν
3236 2996 3488 3066 θάνατον,
3518 3000 3635 3059 πῶς
3664 2998 3792 3074 φυγῇ

2150 3083 2496 3161 Explicatis;
2555 3084 2698 3142 Ἰδοὺ
2778 3083 2871 3140 καὶ
2948 3088 3120 3141 ταῦτα
3177 3084 3352 3159 μάτην
3431 3086 3794 3159 κομπάζοντες

2152 3172 2523 3248 διεψεύσασθε.
2578 3173 2970 3250 ’Δπεκρίθησαν
3020 3174 3074 3229 οἱ
3124 3176 3388 3251 μοναχοί⁸
3438 3174 3517 3233 Οὐ
3544 3175 3636 3230 τὸν
3665 3172 3796 3250 παρά

2154 3270 2250 3321 σοῦ
2282 3265 2680 3341 ἀπειλούμενον
2737 3266 2962 3332 θάνατον
3018 3264 3324 3332 δεδοικότες
3357 3268 3649 3348 φεύγομεν,
3680 3266 3795 3324 ἀλλ’

2152 3356 2431 3421 ἐλεοῦντες
2491 3379 2568 3416 σε.
2652 3364 2766 3415 Ἰνα
2836 3359 2915 3433 μή
3002 3360 3389 3437 περισσοτέρας
3443 3357 3797 3436 κατακρίσεως

2152 3444 2320 3503 αἴτιοί
2380 3468 2467 3503 σοι
2535 3448 2842 3523 γενώμεθα,
2921 3451 3393 3524 προεθυμήθημεν
3473 3450 3793 3526 ὑποχωρεῖν’

2153 3534 2291 3607 ἐπεὶ,
2348 3536 2410 3592 τό
2465 3558 2526 3614 γε
2584 3537 2660 3600 εἷς
2718 3539 2868 3610 ἡμᾶς
2923 3538 3057 3609 ᾖκον
3118 3540 3252 3612 (Ἠ),
3305 3536 3558 3601 οὑδόλως
3588 3559 3681 3593 σου
3707 3536 3792 3599 τάς

2151 3625 2384 3691 ἀπειλάς
2423 3648 2556 3683 ποτε
2615 3623 2932 3702 δειλιῶμεν.
2989 3626 3134 3703 Πρὸς
3166 3631 3336 3683 ταῦτα
3367 3629 3396 3684 6
3431 3626 3683 3705 βασιλεὺς
3709 3628 3791 3702 6,9-

2147 3714 2352 3791 γισθεὶς
2410 3714 2687 3772 ἐκέλευσεν
2774 3714 2974 3779 αὐτοὺς
3058 3715 3464 3792 πυρικαύστους
3543 3714 3789 3794 γενέσθαι·

2148 3804 2238 3860 καὶ
2296 3804 2689 3877 ἐτελειώθησαν
2743 3805 2796 3861 οἱ
2850 3809 2950 3862 τοῦ
3030 3810 3275 3882 Χριστοῦ
3331 3806 3657 3885 θεράποντες
3712 3800 3792 3860 διὰ

2147 3895 2340 3968 πυρὸς,
2389 3900 2498 3950 τῶν
2557 3900 2906 3972 μαρτυρικῶν
2954 3896 3218 3972 τυχόντες
3278 3898 3580 3976 στεφάνων.
3620 3893 3790 3971 Δόγμα

2145 4006 2203 4041 τε
2235 3985 2463 4056 ἐξέθετο,
2495 3984 2550 4041 εἷ’
2572 4007 2677 4041 που
2721 4007 2804 4049 τις
2861 3985 3053 4062 εὑρεθῇ
3112 3985 3391 4061 μονάζων,
3445 3984 3788 4061 ἀνεξετάστως

2146 4074 2483 4155 φονεύεσθαι,
2535 4075 2639 4133 Καὶ
2690 4072 2868 4140 οὐδεὶς
2912 4075 3211 4151 ὑπελείφθη
3257 4076 3309 4133 ἐν
3345 4076 3522 4153 ἐκείνῃ
3549 4080 3617 4151 τῇ
3642 4074 3790 4151 χώρᾳ

2143 4169 2241 4220 τοῦ
2286 4163 2540 4221 τοιούτου
2594 4166 2895 4244 τάγματος,
2947 4164 2993 4221 εἰ
3051 4167 3127 4239 μὴ
3180 4166 3231 4222 οἱ
3272 4165 3323 4222 ἐν
3359 4163 3509 4243 ὄρεσι
3536 4164 3626 4222 καὶ
3656 4184 3790 4234 σπη-

2146 4252 2325 4317 λαίοις
2370 4255 2459 4311 καὶ
2513 4260 2635 4319 ταῖς
2693 4254 2854 4319 ὀπαῖς
2903 4257 3005 4326 τῆς
3034 4262 3138 4331 γῆς
3173 4255 3399 4321 ἑαυτοὺς
3431 4253 3791 4334 κατακρύψαν-

2142 4366 2249 4409 τες.
2283 4348 2467 4404 Ταῦτα
2498 4347 2593 4420 μὲν
2627 4344 2718 4402 οῦν
2750 4343 2817 4417 δὴ
2851 4348 3092 4403 τοιαῦτα.

2217 4527 2385 4584 ΚΕΦ.
2421 4526 2491 4584 Ε’.
2523 4526 2580 4580 Ὀ
2621 4523 2680 4581 δὲ
2726 4529 2826 4582 τοῦ
2876 4522 3149 4602 βασιλέως
3202 4525 3343 4599 υἱὸς,
3400 4526 3526 4603 περὶ
3558 4526 3620 4581 οὗ
3649 4524 3676 4580 6
3701 4519 3788 4579 λό-

378 4608 660 4667 instituta
676 4617 783 4680 est,
800 4612 863 4668 in
885 4613 1106 4685 palatio
1130 4614 1291 4687 quod
1311 4614 1425 4686 ipsi
1454 4619 1819 4670 exstructum
1846 4614 2041 4670 fuerat

2156 4636 2245 4693 γος
2277 4616 2369 4671 ἀπ’
2427 4617 2608 4693 ἀρχῆς
2667 4615 2838 4671 εἰπεῖν
2899 4614 3179 4692 ὥρμηται,
3238 4617 3295 4673 ἓν
3349 4621 3433 4690 τῷ
3473 4631 3787 4672 κατασκευα-

375 4699 464 4756 ita
478 4706 824 4772 manens,ut
837 4719 872 4759 a
888 4703 1128 4759 nemine
1150 4702 1300 4759 adiri
1324 4709 1541 4775 posset,
1551 4703 1876 4775 juvenilem
1892 4710 2037 4760 aeta-

377 4795 499 4846 tem
522 4791 767 4848 tandem
790 4792 980 4865 attigit
998 4794 1155 4865 (cum
1173 4793 1403 4849 interea
1422 4810 1663 4849 omnem
1680 4800 1800 4850 tam
1820 4795 2037 4850 Aithio-

370 4899 514 4956 pum
528 4899 704 4956 quam
714 4885 1029 4941 Persarum
1043 4885 1372 4941 doctrinam
1385 4887 2035 4960 percepisset)prudens

370 4972 923 5047 etcordatus,atque
938 4975 1217 5031 omnibus
1230 4974 1511 5032 virtutum
1526 4977 1763 5033 dotibus
1781 4977 2035 5033 illustris

371 5062 524 5127 Quin
538 5063 845 5121 naturales
860 5066 1040 5121 etiam
1055 5066 1416 5137 quzestiones
1428 5067 1896 5140 praeceptoribus
1910 5066 2034 5123 suis

370 5154 781 5227 proponebat;
803 5153 952 5213 adeo
975 5161 1042 5213 ut
1062 5156 1174 5229 ipsi
1189 5172 1427 5230 quoque
1448 5156 1847 5213 adolescentis
1864 5157 2033 5231 inge-

434 5393 550 5534 ἕἹΟ)
581 5394 752 5450 Conf.
786 5392 1044 5452 Mattheei
1077 5393 1245 5450 locus
1276 5409 1459 5467 supra
1478 5410 1620 5518 pag.

457 5468 550 5534 ’71)
580 5466 877 5523 Formulis
906 5465 972 5521 τὸ
1006 5463 1103 5534 μὶν
1135 5464 1213 5527 εἷς
1244 5462 1447 5520 ἐκεῖνον
1503 5486 1613 5534 ,κον

2143 4705 2321 4761 σθὲντι
2351 4704 2499 4778 αὑτῷ
2557 4703 2812 4777 παλατίῴ
2871 4704 3134 4781 ἀπρόϊτος
3193 4700 3291 4776 ὤν,
3326 4709 3430 4766 29
3459 4712 3561 4776 τῆς
3589 4696 3787 4783 ἐφήϐου

2142 4794 2323 4870 ἥψατο
2378 4793 2624 4865 ἡλικίας,
2677 4800 2849 4850 πᾶσαν
2905 4796 3005 4866 τήν
3083 4792 3367 4852 Αἰθιόπων
3428 4794 3520 4851 καὶ
3576 4793 3784 4869 Περσῶν

2148 4881 2425 4958 μετελθὼν
2453 4881 2699 4939 παιδείαν
2734 4885 2872 4959 (72),
2908 4883 3009 4940 οὐκ
3056 4878 3286 4941 ἔλαττον
3316 4885 3418 4954 τήν
3451 4883 3635 4960 ψυχήν
3666 4879 3702 4951 ἢ
3727 4876 3785 4933 τὸ

2144 4978 2305 5049 σῶμα
2336 4973 2540 5047 εὐφυὴς
2571 4967 2648 5030 ὤν
2696 4973 2787 5029 καὶ
2841 4973 3069 5051 ὡραῖος,
3097 4977 3368 5052 νουνεχής
3398 4996 3460 5030 τε
3487 4972 3580 5030 καὶ
3609 4969 3784 5051 φρόνι-

2147 5086 2252 5139 μος
2304 5064 2397 5120 καὶ
2455 5068 2585 5120 πᾶσι
2654 5060 2986 5138 διαλάμπων
3045 5063 3273 5141 ἀγαθοῖς
3328 5064 3782 5135 πλεονεκτήμασι,

2147 5154 2439 5230 ζητήματά
2487 5176 2547 5211 τε
2596 5153 2796 5235 φυσικά
2853 5153 2991 5231 πρὸς
3040 5153 3170 5218 τοὺς
3230 5152 3585 5218 διδάσκοντας
3637 5148 3783 5207 αὑτὸν

457 5462 550 5535 ’71)
574 5466 877 5540 ξοτωιιίίε
906 5465 972 5521 τὸ
1006 5463 1103 5540 μὶν
1135 5464 1213 5527 εἷς
1244 5462 1447 5540 ἐκεῖνον
1478 5462 1637 5534 ἧκτῖν,
1666 5465 1829 5540 1616
1853 5463 2044 5540 εῐςῗέμῖ

2156 5485 2250 5531 ιον,
2307 5464 2371 5540 τό
2429 5484 2489 5537 γε
2532 5464 2623 5540 ,εἷς
2654 5462 2853 5540 αὐτοὺς
2878 5466 3038 5540 ἧκον,
3068 5481 3223 5540 usus
3248 5472 3357 5524 est.
3387 5467 3473 5523 Jo.
3508 5465 3780 5540 Cantaeu-

362 5547 545 5589 lenus
574 5536 723 5591 Hist.

757 5554 854 5610 pp.
885 5541 1014 5611 192,
1044 5539 1171 5600 252.
1201 5539 1330 5611 254,
1361 5540 1490 5611 431,
1522 5543 1635 5594 etc.
1659 5537 1806 5611 Vide
1838 5544 1897 5593 et
1917 5539 2299 5611 AJo.‘Veccum
2325 5538 2484 5611 Orat.
2512 5537 2584 5593 de
2610 5538 2837 5611 injusta
2859 5539 2951 5595 sui
2974 5538 3346 5611 depositione
3378 5556 3437 5611 p.
3470 5540 3554 5611 15.
3577 5537 3780 5611 Auctor

366 5604 525 5693 apud
556 5604 904 5665 Hasium‘ad
935 5611 1113 5665 Leon.
1146 5604 1397 5680 Diae.p.
1430 5610 1559 5690 2532,
1592 5613 1617 5664 1
1649 5625 1662 5663 :
1696 5607 1823 5692 ᾆσον
1877 5609 1940 5692 τὸ
1999 5604 2044 5661 εἷ

366 5690 429 5725 ου
460 5671 723 5725 φάοοιιεν-
754 5678 814 5725 τό
834 5679 885 5725 ν’
912 5679 1047 5725 ἧκον
1081 5679 1157 5725 nl:
1179 5681 1351 5725 ἡμᾶς-
1393 5680 1513 5725 Alia
1548 5681 1749 5725 attulit.
1778 5682 2007 5725 Haeme,

2156 5606 2547 5725 ἷὺτῐοὺέοέκον.
2581 5604 2825 5684 Νἱιῖερὶι.
2858 5604 3189 5683 Chumnus,
3222 5604 3396 5686 epist:
3427 5612 3496 5666 27
3528 5606 3773 5665 inedita:

365 5678 429 5726 οὐ
460 5678 725 5767 Ξάρομεν,
754 5678 814 5729 τό
834 5679 885 5750 γ’
912 5679 1047 5760 ἧκον
1081 5679 1157 5739 ei:
1179 5678 1357 5763 ημᾶςῖ
1387 5680 1519 5766 Alia
1548 5681 1749 5765 attulit
1778 5681 2017 5771 Hasius,
2045 5682 2189 5738 ibid.
2315 5682 2443 5740 208.

442 5745 555 5815 (εἳ)
589 5742 827 5803 Lemma
852 5755 1168 5805 metricum
1198 5768 1260 5806 in
1293 5755 1376 5807 ΑΞ
1409 5770 1581 5805 πασαν
1616 5748 1811 5817 διηλθε
1837 5749 2081 5807 παιδειαν
2113 5753 2371 5835 ’ίωασαιξη
