4100 6400
311 371 421 429 889

1484 377 1659 432 VITA
1695 372 2049 429 BARLAAM
2085 371 2179 423 ΒΤ
2215 371 2557 426 JOASAPH.

3632 370 3743 425 890

304 489 793 571 προϐαλλόμενος,
827 494 905 557 ὡς
956 492 1239 558 κάκείνους
1285 495 1581 570 θαυμάζειν
1625 496 1713 552 ἐπὶ
1759 498 1829 569 τῇ
1867 496 1954 549 τοῐ

2080 495 2248 549 nium
2262 495 2565 566 animique
2578 510 2830 550 acumen
2845 492 3537 565 admirarentur,rexque
3557 496 3735 551 etiam

306 582 504 646 παιδὸς
564 582 821 659 ἀγχινοίᾳ
868 582 959 638 καὶ
1019 588 1250 653 συνέσει,
1305 585 1703 657 ἐκπλήττεσθαι
1760 582 1817 639 δὲ
1879 580 1967 637 καὶ

306 676 401 729 τὸν
441 669 669 749 βασιλέα
698 672 757 726 τό
788 693 845 727 τε
876 675 1237 749 χαριὲστατον
1277 680 1373 729 τοῦ
1418 675 1716 751 προσώπου
1764 674 1853 728 καὶ
1904 673 1967 725 τὸ

309 771 410 832 τῆς
442 766 626 837 ψυχῆς
656 760 1000 835 κατάστημα.
1061 762 1315 825 Ἐντολάς
1349 785 1406 820 τε
1455 763 1636 820 ἐδίδου
1679 770 1793 825 τοῖς
1844 784 1968 816 συν-

310 860 461 909 οὖσιν
494 854 665 926 αὐτῷ,
702 850 872 925 μηδὲν
906 854 968 908 τὸ
1000 856 1253 930 παράπαν
1312 860 1417 910 τῶν
1473 861 1568 910 τοῦ
1631 854 1752 932 βίου
1811 854 1963 907 ἀνια-

312 950 421 1020 ρῶν
456 945 606 1010 αὐτῷ
651 946 929 1020 γνώριμον
981 947 1172 1010 θεῖναι,
1231 945 1361 1019 μηδ’
1410 946 1492 1001 ὅτι
1543 945 1689 1008 ὃλως
1740 946 1965 1010 θάνατος

302 1035 372 1090 τὰ
404 1034 646 1111 παρόντα
673 1035 876 1109 τερπνά
916 1031 1248 1110 διαδέχεται.
1306 1041 1489 1101 Κεναῖς
1539 1034 1596 1091 δὲ
1645 1031 1960 1110 ἐπηρείδετο

303 1124 628 1194 ἐλπίσι,καὶ
657 1128 819 1179 τοῦτο
878 1120 945 1192 δὴ
986 1124 1048 1179 τὸ
1097 1129 1192 1179 τοῦ
1243 1124 1432 1201 λόγου,
1479 1125 1553 1189 είς
1597 1125 1820 1200 οὐρανὸν
1868 1145 1960 1178 το-

300 1214 474 1287 ξεῦειν
527 1218 637 1287 (73)
688 1212 1006 1288 ἐπιχειρῶν.
1070 1218 1193 1277 Ηῶς
1248 1216 1349 1291 γὰρ
1410 1215 1469 1270 ἄν
1544 1216 1635 1270 καὶ
1714 1212 1955 1278 διέλαθεν

300 1304 622 1379 ἀνθρωπίνῃ
654 1302 808 1376 φύσει
843 1303 870 1357 ὁ
903 1300 1134 1367 θόίνατος
1162 1324 1175 1375 ;
1224 1304 1285 1359 οὐ
1321 1304 1505 1378 μέντοι
1540 1304 1665 1360 οὐδὲ
1694 1309 1775 1376 τῷ
1805 1300 1959 1359 παιδὶ

296 1389 540 1456 διέλαθε.
577 1393 729 1467 Ηάσῃ
791 1391 893 1466 γὰρ
946 1394 1150 1448 συνὲσει
1200 1396 1511 1468 κατάκομον
1560 1392 1705 1469 ἔχων
1754 1394 1957 1455 ἐκεῖνος

288 1482 385 1536 τὸν
414 1479 706 1557 λογισμὸν,
760 1480 978 1536 ἐσκόπει
1022 1485 1145 1536 καθ’
1198 1483 1383 1538 ἑαυτὸν
1429 1483 1535 1538 τίνι
1590 1484 1742 1559 λόγῳ
1796 1482 1954 1538 αὐτόν

286 1592 348 1626 τε
383 1573 649 1647 ἀπρόϊτον
712 1571 844 1625 εἶναι
878 1572 905 1626 6
936 1573 1117 1647 πατὴρ
1167 1571 1483 1628 γατεδίκασε
1534 1574 1621 1628 καὶ
1674 1573 1830 1627 παντὶ
1877 1577 1957 1645 τῷ

303 1660 639 1737 βουλομένῳ
671 1660 770 1729 τήν
806 1659 881 1724 εἵς
911 1662 1073 1717 αὐτὸν
1107 1662 1169 1717 οὗ
1192 1669 1469 1739 συγχωρεῖ
1500 1661 1731 1721 εἶ’σοδον.
1774 1669 1957 1738 Ἔγνω

306 1753 417 1827 γὰρ
445 1754 559 1817 καθ’
588 1752 776 1807 ἑαυτὸν
810 1753 885 1825 μὴ
939 1752 1062 1808 ἄνευ
1104 1761 1205 1824 τῆς
1248 1759 1344 1809 τοῦ
1389 1756 1595 1831 πατρὸς
1643 1760 1958 1831 προπαγῆς

2082 583 2208 653 ipse
2232 601 2301 638 ex
2322 584 2515 638 vultus
2538 584 2726 655 ipsius
2750 582 3395 653 venustate,animique
3411 583 3642 651 habitu,
3670 586 3734 639 in

2082 678 2383 743 stuporem
2406 674 2756 728 traheretur.
2782 673 3315 729 Mandabatautem
3343 673 3434 726 his
3468 674 3568 742 qui
3600 690 3735 727 cum

2081 779 2147 816 eo
2181 762 2569 818 versabantur
2586 770 2650 817 ut
2687 764 2897 818 darent
2934 780 3177 834 operam
3207 779 3280 816 ne
3315 761 3455 833 quid
3492 778 3739 832 prorsus

2078 870 2282 907 eorum
2308 871 2437 924 qua)
2458 855 2518 909 in
2546 855 2654 909 hac
2678 855 2791 908 vita
2807 855 3055 910 molesta
3070 861 3209 908 sunt
3232 854 3737 925 intelligeret,nec

2077 945 2321 998 omnino
2346 944 2503 1015 quod
2531 962 2688 999 mors
2712 952 3035 1015 praesentes
3059 945 3387 1015 voluptates
3407 943 3733 1014 exciperet.

2075 1034 2366 1088 Craterum
2382 1034 2545 1088 inani
2566 1052 2667 1105 spe
2682 1035 3001 1099 nitebatur,
3024 1042 3200 1106 atque
3216 1034 3621 1106 tutproverbio
3641 1034 3734 1089 di-

2074 1124 2247 1195 citur)
2275 1125 2336 1178 in
2366 1124 2577 1179 cmlum
2614 1124 2855 1195 sagittas
2896 1126 3129 1180 mittere
3177 1124 3522 1179 conabatur.
3575 1124 3736 1189 Quo-

2072 1230 2209 1268 nam
2227 1215 2386 1268 enim
2401 1214 2575 1268 modo
2591 1231 2752 1268 mors
2766 1215 3040 1269 humana:
3056 1220 3279 1268 natura)
3294 1214 3590 1286 incognita
3607 1229 3737 1268 esse

2072 1304 2309 1374 posset?
2328 1306 2529 1374 Itaque
2554 1320 2627 1357 ne
2643 1303 2808 1374 pueri
2833 1303 3072 1374 quidem
3092 1302 3493 1375 cognitionem
3507 1304 3734 1375 efl‘ugit.

2071 1394 2215 1447 Nam
2239 1409 2373 1447 cum
2397 1393 2663 1447 animum
2684 1410 2921 1447 summa
2941 1393 3258 1465 sagacitate
3282 1398 3557 1447 ornatum
3573 1399 3631 1446 et
3655 1391 3739 1447 in-

2072 1486 2359 1536 structum
2378 1482 2850 1541 haberet.secum
2873 1482 2999 1553 ipse
3016 1480 3428 1536 considerabat
3444 1480 3731 1551 quidnam

2068 1576 2298 1641 patrem
2313 1571 2660 1626 adduxisset
2679 1577 2741 1626 ut
2764 1571 2874 1642 ipsi
2890 1570 3157 1625 omnium
3173 1568 3729 1625 adituminterdiceo

2072 1666 2303 1725 ret,nec
2322 1661 2655 1731 quemlibet
2685 1660 2759 1715 ad
2781 1678 2841 1715 se
2864 1660 3151 1715 accedere
3176 1664 3499 1731 pateretur.
3530 1660 3641 1714 Per
3672 1676 3733 1714 se

2072 1753 2227 1805 enim
2241 1751 2734 1823 intelligebathoc
2748 1752 2894 1805 citra
2912 1750 3097 1821 patris
3111 1748 3429 1820 imperium
3445 1766 3564 1803 non
3582 1749 3615 1803 ﬁ
3628 1749 3733 1803 eri.

302 1847 466 1897 τοῦτο
510 1843 663 1901 εἶναι.
726 1847 919 1915 ’Όμως
975 1840 1163 1917 ᾐδεῖτο
1223 1844 1494 1919 ἐρωτῆσαι
1556 1843 1732 1899 αὐτόν’
1794 1848 1954 1899 τοῦτο

2069 1841 2504 1912 Cazterumipse
2532 1840 2900 1913 interrogare
2920 1838 3254 1906 verebatur,
3280 1844 3403 1893 tum
3433 1837 3592 1909 quod
3631 1838 3737 1893 mi-

300 1935 403 2005 μὲν
434 1933 696 1997 ἀπίθανον
742 1932 877 1987 εἶναι
928 1932 1129 2007 λέγων,
1176 1935 1250 2007 μὴ
1301 1934 1368 1989 τά
1415 1936 1758 2012 συμφέροντα
1807 1937 1957 2007 αὐτῷ

290 2023 389 2078 τὸν
441 2021 647 2098 πατέρα
706 2019 1061 2093 διανοεῖσθαι,
1120 2028 1283 2078 τοῦτο
1338 2022 1394 2079 δὲ
1452 2030 1693 2093 σκοπῶν,
1755 2024 1850 2094 ὡς,
1911 2023 1956 2079 εἰ

288 2114 434 2167 κατά
462 2113 692 2188 γνώμην
719 2115 816 2167 τοῦ
847 2112 1053 2186 πατρός
1104 2110 1214 2168 ἐστι
1262 2114 1325 2168 τὸ
1379 2120 1629 2190 πρᾶγμα,
1673 2112 1768 2169 κᾶν
1818 2114 1956 2190 ἐρω-

288 2203 459 2275 τήσῃ,
494 2200 595 2256 οὐκ
641 2199 700 2256 ἄν
748 2200 896 2273 αὐτῴ
954 2202 1020 2257 τά
1070 2205 1173 2268 τῆς
1222 2201 1484 2273 ἀληθείας
1532 2208 1764 2278 γνωριοῖ
1823 2207 1953 2276 (74).

288 2293 461 2348 ’Όθεν
491 2292 620 2366 παρ’
670 2293 771 2348 30
822 2288 1029 2361 ἄλλων,
1091 2291 1180 2346 καὶ
1245 2293 1320 2364 μὴ
1373 2293 1517 2369 παρὰ
1573 2298 1670 2347 τοῦ
1727 2293 1953 2366 πατρὸς,

284 2377 463 2428 ταῦτα
499 2377 685 2446 μαθεῖν
721 2369 938 2448 διέγνω.
970 2374 1101 2427 Ἕνα
1129 2371 1184 2427 δὲ
1209 2378 1316 2428 τῶν
1367 2371 1734 2449 παιδαγωγῶν
1786 2395 1955 2450 προσ-

288 2460 619 2538 φιλέστατον
646 2461 737 2516 καὶ
799 2460 1133 2517 οἰκειότατον
1176 2466 1283 2517 τῶν
1336 2461 1546 2518 λοιπῶν
1595 2464 1954 2536 κεκτημένος,

292 2549 391 2605 ἐπὶ
448 2548 642 2605 πλεῖον
703 2548 1126 2623 οἰκειωσάμενος
1184 2550 1275 2606 καὶ
1331 2549 1559 2628 δωρεαῖς
1636 2550 1958 2630 φιλοτίμοις

294 2638 721 2713 δεξιωσάμενος,
754 2639 1079 2704 ἐπυνθάνετο
1112 2643 1238 2716 παρ’
1270 2640 1436 2696 αὐτοῦ
1477 2640 1532 2696 τί
1582 2638 1643 2697 ἄν
1694 2641 1954 2718 βούλοιτο

289 2737 380 2805 τῷ
414 2729 634 2808 βασιλεῖ
679 2732 715 2800 ἡ
764 2730 816 2786 ἐν
875 2735 955 2803 τῷ
1009 2731 1451 2807 περιτειχίσματι
1512 2732 1699 2805 ἐκείνῳ
1753 2732 1953 2787 τούτου

291 2822 593 2896 κάθειρξις,
624 2820 711 2875 καὶ
748 2820 823 2883 ὡς
855 2819 912 2874 Εἰ
941 2823 1104 2875 τοῦτό
1165 2842 1298 2900 φησι
1350 2826 1534 2898 σαφῶς
1582 2818 1813 2892 διδάξεις
1866 2842 1952 2895 με,

290 2910 598 2986 πρόκριτος
656 2910 873 2965 πάντων
933 2903 1027 2985 ἔσῃ
1094 2931 1208 2984 μοι,
1264 2910 1354 2965 καὶ
1415 2908 1682 2981 διαθήκην
1768 2909 1954 2987 φιλίας

292 2997 587 3071 διηνεκοῦς
620 2997 952 3073 διαθήσομαί
1004 3021 1112 3054 σοι.
1176 3001 1236 3056 Ὀ
1288 2997 1345 3054 δὲ
1396 2998 1768 3077 παιδαγωγός,
1829 2998 1951 3075 ἒχε-

293 3110 449 3167 φρων
477 3091 566 3145 καὶ
599 3089 758 3150 αὐτὸς
790 3090 1076 3166 ὑπάρχων,
1122 3088 1211 3144 καὶ
1263 3088 1424 3154 εἱδὼς
1468 3091 1567 3159 τήν
1612 3095 1709 3145 τοῦ
1758 3088 1951 3153 παιδὸς

289 3180 521 3247 συνετὴν
554 3179 641 3234 καὶ
674 3177 885 3234 τελείαν
948 3180 1234 3255 φρόνησιν,
1288 3180 1375 3234 καὶ
1430 3181 1503 3242 ὠς
1556 3179 1655 3234 οὐκ
1698 3177 1757 3236 ἄν
1803 3180 1950 3253 αὐτῷ

2070 1931 2229 1985 nime
2253 1948 2387 1985 vero
2412 1936 2883 1985 consentaneum
2908 1946 3037 1984 esse
3061 1928 3457 1999 diceret.quin
3478 1933 3645 1997 pater
3665 1945 3735 1983 ea

2068 2037 2198 2091 qua:
2215 2020 2325 2091 ipsi
2339 2018 3256 2075 conducerentanimadverteret
3270 2024 3394 2072 tum
3411 2015 3569 2087 quod
3586 2015 3736 2070 illud

2069 2126 2269 2165 secum
2286 2110 2665 2181 reputaret,si
2681 2109 2738 2163 id
2756 2109 2826 2163 de
2846 2109 3030 2180 patris
3046 2108 3348 2163 voluntate
3366 2108 3727 2176 ﬁeret,quan

2068 2200 2345 2254 tumlibet
2371 2200 2497 2270 ipse
2516 2204 2987 2271 percontaretur.
3006 2214 3073 2253 ac
3092 2204 3289 2251 tamen
3315 2197 3399 2251 rei
3423 2197 3728 2250 veritatem

2068 2290 2316 2344 minime
2335 2289 2780 2344 intellecturum
2810 2305 2960 2343 esse.
2988 2289 3356 2359 Quapropter
3390 2303 3459 2340 ex
3479 2286 3636 2348 aliis,
3661 2303 3729 2341 ac

2067 2395 2188 2433 non
2210 2396 2243 2433 a
2259 2385 2422 2450 patre
2446 2379 2571 2433 hare
2591 2378 2741 2433 scire
2766 2377 3091 2432 constituit.
3114 2378 3317 2447 Itaque
3342 2392 3477 2430 cum
3494 2392 3680 2429 unum
3699 2391 3729 2429 e

2065 2469 2400 2541 pmdagogis
2419 2468 2666 2540 reliquis
2684 2467 3017 2523 chariorem
3041 2484 3108 2522 ac
3134 2466 3586 2520 familiariorem
3616 2464 3727 2519 ha-

2066 2558 2254 2623 beret,
2279 2576 2533 2630 eumque
2558 2559 2783 2630 majore
2806 2558 3000 2613 adhuc
3024 2556 3439 2612 benevolentia
3468 2554 3582 2610 sibi
3617 2554 3724 2609 de-

2064 2647 2551 2719 vinxisset,atque
2565 2646 2952 2717 amplissimis
2965 2646 3314 2701 muneribus
3326 2644 3723 2712 aﬂ‘ecisset,ab

2066 2754 2133 2792 eo
2159 2736 2573 2793 sciscitabatur
2595 2736 2886 2807 quidnam
2907 2751 3106 2808 regem
3133 2734 3471 2806 impulisset
3499 2740 3565 2788 ut
3585 2750 3722 2788 eum

2065 2828 2126 2882 in
2148 2828 2259 2883 hoc
2282 2833 2447 2899 septo
2473 2827 2773 2881 inclusum
2800 2824 3208 2881 teneret.lllud
3233 2825 3411 2879 etiam
3434 2822 3724 2893 adjunge-

2064 2916 2202 2972 bat:
2228 2918 2282 2970 Si
2308 2917 2451 2971 mihi
2473 2922 2676 2987 aperte
2700 2916 2809 2969 hoc
2832 2914 3199 2986 exposueris,
3225 2912 3503 2968 omnibus
3530 2918 3584 2966 te
3608 2928 3718 2966 an-

2064 3010 2365 3077 teponam,
2403 3009 2823 3076 perpetuaeque
2865 3004 3141 3059 amicitiae
3179 3002 3368 3058 fmdus
3404 3008 3599 3057 tecum
3637 3000 3720 3054 fe-

2063 3095 2235 3150 riam.
2266 3094 2627 3167 Pazdagogus
2656 3099 2873 3159 autem,
2905 3099 2971 3148 ut
2994 3094 3093 3164 qui
3122 3092 3444 3163 etiamipse
3460 3090 3723 3162 prudens

2065 3190 2123 3240 et
2142 3184 2419 3240 cordatus
2443 3190 2618 3248 esset,
2644 3184 2935 3255 puerique
2958 3183 3338 3255 sagacitatem
3357 3198 3425 3236 ac
3455 3178 3724 3235 numeris

285 3267 507 3344 γένοιτο
538 3266 787 3324 κινδύνου
819 3268 1097 3344 πρόξενος,
1146 3268 1321 3323 πάντα
1372 3268 1549 3341 αὖντῷ
1594 3269 1730 3324 κατά
1782 3270 1948 3344 μέρος

2068 3275 2343 3330 omnibus
2367 3274 2702 3329 absolutam
2733 3274 3112 3346 sagacitatem
3136 3289 3204 3327 ac
3235 3270 3502 3326 numeris
3528 3268 3721 3324 omni-

281 3359 620 3435 διηγήσατο,
669 3359 762 3414 τὸν
813 3360 950 3414 κατά
995 3363 1101 3413 τῶν
1153 3360 1491 3435 Χριστιανῶν
1539 3361 1759 3424 τεθὲντα
1803 3361 1950 3435 παρά

283 3456 383 3507 τοῦ
416 3448 692 3526 βασιλέως
724 3447 976 3525 διωγμὸν
1006 3449 1096 3504 καὶ
1131 3447 1415 3525 ἐξαιρέτως
1443 3452 1581 3505 κατὰ
1624 3454 1732 3505 τῶν
1786 3450 1956 3521 ἀσκη-

287 3547 424 3609 τῶν,
459 3540 610 3601 ὅπως
640 3561 699 3594 τε
746 3538 1107 3611 ἀπηλάθησαν
1154 3538 1243 3593 καὶ
1291 3535 1657 3612 ἐξεϐλήθησαν
1704 3546 1805 3606 τῆς
1856 3561 1955 3595 πε-

290 3633 546 3709 ριχώρου
570 3630 802 3703 ἐκείνης,
835 3630 925 3686 οἶά
952 3652 1010 3686 τε
1038 3631 1390 3705 γεννηθέντος
1445 3631 1612 3686 αὐτοῦ
1656 3631 1708 3686 οἱ
1756 3632 1955 3706 ἀστρο-

286 3724 447 3798 λόγοι
483 3720 921 3796 ποοηγόρευσαν.
951 3722 1043 3775 "Iv'
1075 3719 1167 3775 οὖν
1201 3742 1358 3798 φησι,
1417 3721 1514 3793 μὴ,
1568 3720 1803 3782 ἀκούσας
1851 3727 1952 3790 τῆς

286 3812 510 3869 ἐκείνῶν
569 3808 827 3886 διδαχῆς,
884 3812 1086 3881 ταύτην
1159 3810 1465 3886 προκρίνῃς
1520 3816 1624 3880 τῆς
1677 3812 1947 3886 ἡμετέρας

287 3902 605 3978 θρησκείας,
642 3902 719 3974 μή
776 3899 1142 3975 μροσομιλεῖν
1198 3922 1286 3955 σοι
1340 3898 1616 3969 πολλοὺς,
1675 3900 1802 3956 ἀλλ’
1860 3900 1950 3956 εὐ-

284 3994 649 4070 αριθμήτους,
688 3992 716 4045 6
768 3988 1024 4067 βασιλεὺς
1066 3987 1485 4061 ἐπετηδεόσατο,
1536 3989 1762 4052 ἐντολάς
1809 3992 1945 4064 ἡμῖν

290 4080 421 4145 δοὺς
456 4079 625 4157 μηδὲν
661 4102 745 4136 σοι
777 4086 885 4136 τῶν
917 4084 1013 4136 τοῦ
1048 4080 1168 4157 βίου
1199 4080 1436 4154 ἀνιαρῶν
1467 4079 1749 4157 γνωρίσαι,

2059 3364 2169 3420 bus
2193 3363 2531 3420 absolutam
2550 3362 2928 3436 prudentiam
2953 3363 3319 3435 exploratam
3343 3360 3724 3424 haberet,ne-

2067 3472 2181 3525 que
2206 3454 2317 3508 sibi
2342 3452 2413 3508 ab
2438 3470 2505 3507 eo
2530 3453 2862 3525 periculum
2885 3453 3075 3507 ullum
3099 3452 3424 3507 conflatum
3467 3450 3539 3504 iri
3566 3450 3724 3505 exis-

2065 3544 2537 3603 timaret.omnia
2558 3543 2610 3598 ei
2630 3543 2935 3615 sigillatim
2956 3542 3250 3614 exposuit,
3277 3558 3491 3613 nempe
3506 3545 3565 3594 et
3583 3556 3719 3610 per-

2066 3634 2431 3689 secutionem
2452 3632 2731 3688 adversus
2743 3632 3206 3699 Christianos,ac
3229 3630 3607 3703 potissimum
3623 3628 3723 3683 ad-

2062 3740 2264 3778 versus
2307 3740 2408 3778 eos
2442 3722 2541 3793 qui
2592 3739 2653 3777 se
2702 3722 2908 3794 pietati
2959 3721 3224 3776 colendas
3258 3725 3411 3775 totos
3453 3717 3721 3773 devovis-

2063 3821 2197 3869 sent
2225 3814 2686 3887 promulgatam,
2714 3820 2772 3868 et
2814 3812 3320 3884 quemadmodum
3345 3811 3416 3866 ab
3436 3808 3722 3866 omnibus

2064 3905 2335 3959 ﬁnitimis
2359 3904 2507 3958 locis
2534 3903 2767 3975 expulsi
2789 3910 2848 3957 et
2869 3904 3043 3974 ejecti
3066 3903 3341 3969 fuissent,
3376 3909 3553 3973 atque
3577 3901 3721 3955 item

2062 4011 2131 4049 ea
2153 4010 2283 4065 qua:
2322 3994 2448 4064 ipso
2474 3992 2533 4047 in
2560 3994 2752 4048 lucem
2793 3993 2950 4047 edito
2974 3992 3254 4063 astrologi
3281 3991 3718 4063 prmdixissent.

2060 4086 2140 4139 Ne
2164 4084 2360 4156 igitur,
2380 4083 2593 4154 inquit,
2620 4083 2822 4138 audita
2852 4098 3059 4138 eorum
3087 4080 3380 4149 doctrina,
3416 4097 3545 4135 eam
3576 4078 3721 4134 reli-

2059 4173 2219 4247 gioni
2242 4179 2459 4229 nostrae
2486 4172 3017 4245 praeferasddcirco
3043 4187 3227 4244 arege
3251 4170 3388 4226 data
3405 4187 3586 4243 Opera
3608 4175 3720 4237 est,

289 4284 365 4323 ne
394 4264 568 4321 multi
600 4270 798 4320 tecum
830 4263 1327 4320 consuetudinem
1359 4263 1668 4333 haberent,
1702 4263 1807 4319 sed
1832 4263 2004 4336 pauci
2039 4264 2307 4319 omnino.
2338 4266 2419 4318 Ac
2472 4263 2646 4319 nobis
2696 4263 2875 4319 etiam
2923 4268 3100 4334 atque
3160 4262 3337 4317 etiam
3393 4259 3722 4327 mandavit,

286 4364 356 4413 ut
380 4355 684 4412 studerem
711 4371 785 4409 ne
812 4353 958 4425 quid
988 4354 1238 4426 hujusce
1270 4354 1404 4408 vita;
1434 4353 1847 4409 molestiarum
1883 4371 1989 4426 per
2009 4370 2117 4409 nos
2151 4353 2538 4425 intelligeres.

356 4448 543 4502 Ταῦτα
568 4446 642 4505 ὡς
671 4440 902 4513 ἤκουσεν
958 4443 986 4497 6
1044 4442 1256 4505 νεανίας
1316 4438 1469 4496 οὐδὲν
1528 4438 1711 4516 ἕτερον
1771 4463 1941 4517 προσ-

2118 4445 2251 4500 Haec
2267 4444 2691 4499 utadolescens
2704 4442 3190 4511 audivit,nullum
3204 4442 3457 4498 alterum
3471 4439 3715 4496 verbum

284 4534 440 4590 ἔθετο
472 4530 734 4602 λαλῆσαιο
767 4530 947 4606 ἥψατο
1007 4528 1065 4586 δὲ
1121 4538 1221 4601 τῆς
1278 4528 1502 4607 καρδίας
1560 4530 1724 4586 αὐτοῦ
1784 4530 1949 4608 λόγος

2068 4533 2652 4606 idjunxit.Caeterum
2668 4532 2945 4588 salutaris
2961 4550 3155 4588 sermo
3170 4533 3356 4604 ipsius
3371 4539 3575 4605 pectus
3589 4530 3721 4585 teti-

285 4624 584 4700 σωτήριος,
614 4622 705 4676 καὶ
727 4624 762 4691 ἡ
794 4625 891 4675 τοῦ
926 4621 1291 4696 Ηαρακλήτου
1327 4618 1488 4696 χάρις
1538 4621 1665 4684 τοὺς
1714 4620 1949 4693 νοητοὺς

285 4711 455 4768 αὐτοῦ
514 4708 843 4788 ὀφθαλμοὺς
901 4707 1190 4786 διανοίγειν
1254 4709 1600 4787 ἐπεχείρησε,
1661 4710 1798 4785 πρὸς
1856 4710 1950 4766 τὸν

289 4806 381 4859 31
423 4798 632 4875 ἀψευδῆ
693 4805 1115 4876 χειραγωγοῦσα
1161 4803 1315 4869 Θεὸν,
1371 4800 1447 4862 ιξις
1489 4799 1697 4876 προϊὼν
1732 4800 1760 4855 6
1787 4799 1951 4876 λόγος

288 4889 588 4963 δηλώσειε.
625 4893 857 4964 Συχνῶς
888 4887 945 4944 δὲ
974 4893 1071 4944 τοῦ
1102 4890 1305 4965 πατρὸς
1338 4888 1505 4944 αὐτοῦ
1536 4888 1625 4944 καὶ
1676 4888 1948 4965 βασιλέως

280 4982 421 5037 κατὰ
451 4982 572 5035 θὲαν
605 4977 702 5034 τοῦ
741 4976 938 5043 παιδὸς
988 4978 1297 5055 ἐρχομένου
1356 4979 1555 5054 (ἀγάπῃ
1613 4980 1719 5055 γὰρ
1783 4981 1947 5057 ὑπερ-

280 5067 573 5145 ϐαλλούσῃ
607 5068 787 5149 ἐφίλει
818 5068 1025 5142 αὐτὸν),
1077 5067 1129 5123 ἐν
1198 5073 1299 5142 μιᾷ
1360 5071 1473 5142 (75)
1534 5068 1685 5144 λέγει
1740 5069 1888 5142 αὐτῷ
1920 5069 1947 5124 6

281 5162 423 5225 υἱός·
474 5161 682 5218 Μαθεῖν
742 5180 794 5215 τι
852 5158 1174 5233 ἐπεθύμησα
1229 5158 1379 5234 παρά
1436 5162 1557 5225 σοῦ,
1610 5156 1655 5212 ὦ
1714 5155 1949 5214 δέσποτα

359 5288 474 5359 (73)
508 5286 652 5342 Vide
685 5292 725 5343 t.
759 5287 855 5353 III,
890 5304 947 5359 p.
983 5288 1106 5353 382,
1143 5303 1202 5342 n.
1240 5289 1289 5359 ι.

2061 4624 2164 4696 git,
2183 4641 2249 4679 ac
2264 4623 2541 4679 Paracliti
2560 4624 2751 4697 gratia
2768 4623 3109 4696 spirituales
3134 4624 3324 4695 ipsius
3347 4623 3553 4678 oculos
3574 4638 3717 4693 ape-

2059 4713 2179 4768 rire
2211 4730 2487 4787 aggressa
2512 4720 2624 4782 est,
2660 4730 2794 4768 eum
2828 4713 2901 4768 ad
2933 4730 3136 4768 verum
3187 4714 3395 4781 Deum,
3429 4719 3714 4782 tanquam

2059 4810 2333 4875 porrecta
2377 4820 2559 4858 manu
2596 4803 2842 4868 ducens,
2892 4802 3397 4874 quemadmodum
3430 4800 3716 4856 orationis

2058 4909 2376 4965 progressu
2413 4892 2979 4948 demonstrabimus.
3009 4894 3155 4947 Cum
3177 4898 3377 4947 autem
3397 4909 3498 4946 rex
3526 4891 3714 4962 ipsius

2058 4988 2229 5053 pater
2248 4982 2455 5037 crebro
2479 5000 2617 5037 eum
2649 4982 2870 5037 viseret
2903 4982 3247 5055 (singularis
3278 4981 3499 5036 etenim
3529 4980 3714 5051 ipsius

2059 5088 2197 5145 erga
2221 5089 2357 5127 eum
2378 5088 2548 5127 amor
2568 5071 3006 5142 erat),quadam
3031 5071 3125 5126 die
3154 5071 3247 5125 his
3272 5070 3464 5125 verbis
3488 5068 3559 5124 ad
3576 5085 3712 5124 eum

2060 5161 2219 5217 filius
2246 5179 2389 5217 usus
2414 5168 2531 5217 est:
2553 5162 2596 5218 Ο
2620 5162 2761 5217 here
2784 5179 2850 5217 ac
2868 5179 2989 5231 rex,
3014 5160 3242 5233 aliquid
3264 5177 3334 5216 ex
3354 5167 3409 5216 te
3429 5160 3579 5216 scire
3607 5177 3715 5215 cu—

363 5356 479 5434 (74)
507 5362 575 5427 Α,
606 5363 847 5434 γνωριεῖ,
882 5356 942 5434 et
971 5358 1164 5434 sic_B._
1181 5359 1230 5434 si
1262 5358 1413 5434 bene
1444 5356 1954 5434 ηοίεινίηῼ-γνωριῆ

2068 5358 2255 5434 cripsi
2287 5360 2541 5432 γνωριοῖ,
2576 5375 2646 5414 ea
2673 5358 2955 5434 varietate
3002 5358 3210 5434 fretus.
3264 5358 3403 5434 Inde
3460 5364 3715 5434 possunt

282 5429 576 5515 meliores
597 5429 871 5515 auctpres
891 5431 1107 5515 juvari.
1136 5430 1429 5515 ‘bi‘bani'us‘
1458 5429 1629 5515 epist.
1663 5429 1791 5515 3'82,
1952 5431 2013 5515 in
2044 5429 2249 5515 codice
2278 5429 2916 5515 3Οθ2,“ηρη.Καλυκίῳ,
2942 5431 3219 5515 ιιινιξιεο,
3238 5430 3341 5485 sed
3359 5431 3594 5515 Tr:va
3622 5438 3716 5515 est

282 5505 619 5587 inscripta:
645 5499 946 5587 γράμματα
975 5504 1103 5575 γοῦν
1133 5500 1306 5587 ἐλθεῖν
1343 5500 1474 5587 ὑπὲρ
1496 5499 1613 5554 ἡτῶν
1638 5499 2072 5587 γιιὶμιυίέΧρῆν¹
2098 5503 2247 5587 ποιρά
2297 5506 2394 5556 σοῦ
2413 5499 2744 5587 ’δηλοῦντι
2903 5499 2980 5556 7τά
3006 5499 3319 5587 Αμὲνζξχοι
3361 5521 3444 5586 σοι
3498 5499 3713 5587 καλῶς,

278 5581 396 5661 τῶν
434 5570 508 5658 8‘s.-
524 5570 708 5661 λόγων
721 5570 824 5661 ’νῦν
853 5572 943 5661 tiri
974 5570 1172 5659 σαυτοῦ
1205 5570 1524 5661 φρυντίζεις·
1551 5570 1954 5661 ῐξιειὶοωξχεικιῇ

2068 5570 2375 5661 [verb‘um‘
2412 5570 2526 5647 legi
2577 5573 2637 5661 in
2682 5570 3100 5661 codicem303'5;
3148 5570 3455 5661 Cboricius
3494 5576 3557 5661 in
3603 5570 3717 5630 Vilé

277 5648 512 5708 loisoni
544 5642 840 5703 Ahecdotis
860 5648 1081 5716 Graecis,
1114 5642 1260 5704 toni;
1292 5648 1363 5719 ΙΙ,
1397 5663 1528 5720 pag.
1562 5648 1629 5699 5‘7
1657 5661 1672 5701 :
1700 5642 1808 5701 Τὸν
1835 5642 2201 5724 φιλόστοργον
2234 5645 2449 5701 ἀνεῖλον
2474 5642 2734 5719 ”πατέρα,
2776 5642 2993 5717 παιδὸς,
3040 5646 3101 5700 οὗ
3154 5648 3231 5720 μὴ
3281 5648 3431 5724 φέρει
3478 5648 3580 5717 τὴν
3624 5666 3711 5703 τε·

277 5721 513 5787 λευτήν,
545 5718 937 5788 ἀποστερήσαιέ
975 5720 1115 5786 imo,
1146 5717 1324 5788 φέροι.

273 5723 513 5787 λευτήν,
545 5723 937 5794 ἀποστερήσαι-
975 5723 1115 5786 imo,
1146 5723 1324 5795 φέροι.

354 5796 474 5873 (75)
506 5792 667 5850 Infra
689 5793 888 5868 plene,
919 5787 974 5845 ἐν
1009 5794 1109 5867 μιᾷ
1135 5795 1247 5847 τῶν
1278 5790 1526 5869 ἡμερῶν.
1564 5790 1703 5847 Vide
1735 5796 1940 5848 notata.

2082 5792 2310 5867 Syntip.
2342 5806 2475 5866 pag.
2543 5793 2635 5847 79.
