  <div class='ocr_page' id='page_1' title='image "/cluster/home/n/w/nwhite01/storage/ocr_20150623/96:no.3/coo.31924054870005/461.png"; bbox 0 0 4100 6376; ppageno 0'>
   <div class='ocr_carea' id='block_1_1' title="bbox 446 376 547 432">
    <p class='ocr_par' dir='ltr' id='par_1_1' title="bbox 446 376 547 432">
     <span class='ocr_line' id='line_1_1' title="bbox 446 376 547 432; baseline 0 0"><span class='ocrx_word' id='word_1_1' title='bbox 446 376 547 432; x_wconf 77' lang='grc'>891</span> 
     </span>
    </p>
   </div>
   <div class='ocr_carea' id='block_1_2' title="bbox 2011 367 3823 432">
    <p class='ocr_par' dir='ltr' id='par_1_2' title="bbox 2011 367 3823 432">
     <span class='ocr_line' id='line_1_2' title="bbox 2011 367 3823 432; baseline 0.007 -12"><span class='ocrx_word' id='word_1_2' title='bbox 2011 367 2378 424; x_wconf 76' lang='grc' dir='ltr'><strong>ΔΟΒΒΝΒΔ.</strong></span> <span class='ocrx_word' id='word_1_3' title='bbox 3733 374 3823 432; x_wconf 82' lang='grc'>892</span> 
     </span>
    </p>
   </div>
   <div class='ocr_carea' id='block_1_3' title="bbox 449 486 2110 574">
    <p class='ocr_par' dir='ltr' id='par_1_3' title="bbox 449 486 2100 574">
     <span class='ocr_line' id='line_1_3' title="bbox 449 486 2100 574; baseline -0.009 -17"><span class='ocrx_word' id='word_1_4' title='bbox 449 502 546 574; x_wconf 91' lang='lat' dir='ltr'>pio</span> <span class='ocrx_word' id='word_1_5' title='bbox 564 501 740 573; x_wconf 87' lang='lat' dir='ltr'>cujus</span> <span class='ocrx_word' id='word_1_6' title='bbox 761 512 940 554; x_wconf 89' lang='lat' dir='ltr'>causa</span> <span class='ocrx_word' id='word_1_7' title='bbox 961 499 1284 574; x_wconf 85' lang='lat' dir='ltr'>perpetuus</span> <span class='ocrx_word' id='word_1_8' title='bbox 1309 506 1544 574; x_wconf 66' lang='lat' dir='ltr'>mmror,</span> <span class='ocrx_word' id='word_1_9' title='bbox 1565 494 1741 560; x_wconf 87' lang='lat' dir='ltr'>atque</span> <span class='ocrx_word' id='word_1_10' title='bbox 1781 486 1976 543; x_wconf 91' lang='lat' dir='ltr'>omnis</span> <span class='ocrx_word' id='word_1_11' title='bbox 2006 489 2100 543; x_wconf 87' lang='lat' dir='ltr'>in-</span> 
     </span>
    </p>
   </div>
   <div class='ocr_carea' id='block_1_4' title="bbox 2225 486 3825 574">
    <p class='ocr_par' dir='ltr' id='par_1_4' title="bbox 2225 492 3825 570">
     <span class='ocr_line' id='line_1_4' title="bbox 2225 492 3825 570; baseline 0.004 -24"><span class='ocrx_word' id='word_1_12' title='bbox 2225 493 2300 547; x_wconf 70' lang='grc' dir='ltr'>ιαῖ</span> <span class='ocrx_word' id='word_1_13' title='bbox 2332 493 2580 568; x_wconf 75' lang='grc' dir='ltr'>βασιλεῖ’),</span> <span class='ocrx_word' id='word_1_14' title='bbox 2612 493 2695 570; x_wconf 78' lang='grc' dir='ltr'>ἐφ’</span> <span class='ocrx_word' id='word_1_15' title='bbox 2725 496 2771 568; x_wconf 81' lang='grc' dir='ltr'>ᾧ</span> <span class='ocrx_word' id='word_1_16' title='bbox 2801 493 2951 567; x_wconf 87' lang='grc' dir='ltr'>λύπη</span> <span class='ocrx_word' id='word_1_17' title='bbox 2985 493 3244 567; x_wconf 77' lang='grc' dir='ltr'>διηνεκής</span> <span class='ocrx_word' id='word_1_18' title='bbox 3270 492 3359 550; x_wconf 77' lang='grc' dir='ltr'>καὶ</span> <span class='ocrx_word' id='word_1_19' title='bbox 3422 494 3646 567; x_wconf 64' lang='grc' dir='ltr'>μέριμνα</span> <span class='ocrx_word' id='word_1_20' title='bbox 3684 493 3825 552; x_wconf 75' lang='grc' dir='ltr'>ἀδιά-</span> 
     </span>
    </p>
   </div>
   <div class='ocr_carea' id='block_1_5' title="bbox 451 571 2104 649">
    <p class='ocr_par' dir='ltr' id='par_1_5' title="bbox 451 571 2104 649">
     <span class='ocr_line' id='line_1_5' title="bbox 451 571 2104 649; baseline -0.008 -12"><span class='ocrx_word' id='word_1_21' title='bbox 451 571 853 636; x_wconf 77' lang='lat' dir='ltr'>termissionis</span> <span class='ocrx_word' id='word_1_22' title='bbox 873 593 1079 649; x_wconf 83' lang='lat' dir='ltr'>expers</span> <span class='ocrx_word' id='word_1_23' title='bbox 1094 571 1430 630; x_wconf 86' lang='lat' dir='ltr'>sollicitudo</span> <span class='ocrx_word' id='word_1_24' title='bbox 1444 571 1709 626; x_wconf 88' lang='lat' dir='ltr'>animum</span> <span class='ocrx_word' id='word_1_25' title='bbox 1725 586 1922 624; x_wconf 91' lang='lat' dir='ltr'>meum</span> <span class='ocrx_word' id='word_1_26' title='bbox 1939 575 2104 625; x_wconf 82' lang='lat' dir='ltr'>exest</span> 
     </span>
    </p>
   </div>
   <div class='ocr_carea' id='block_1_6' title="bbox 454 660 2104 732">
    <p class='ocr_par' dir='ltr' id='par_1_6' title="bbox 454 660 2104 732">
     <span class='ocr_line' id='line_1_6' title="bbox 454 660 2104 732; baseline -0.009 -4"><span class='ocrx_word' id='word_1_27' title='bbox 454 689 523 728; x_wconf 89' lang='lat' dir='ltr'>ac</span> <span class='ocrx_word' id='word_1_28' title='bbox 546 671 989 727; x_wconf 81' lang='lat' dir='ltr'>conﬁcit.Pater</span> <span class='ocrx_word' id='word_1_29' title='bbox 1011 671 1206 720; x_wconf 89' lang='lat' dir='ltr'>autem</span> <span class='ocrx_word' id='word_1_30' title='bbox 1227 680 1293 716; x_wconf 88' lang='lat' dir='ltr'>ex</span> <span class='ocrx_word' id='word_1_31' title='bbox 1319 662 1428 716; x_wconf 90' lang='lat' dir='ltr'>hoc</span> <span class='ocrx_word' id='word_1_32' title='bbox 1445 661 1570 732; x_wconf 79' lang='lat' dir='ltr'>ipso</span> <span class='ocrx_word' id='word_1_33' title='bbox 1587 677 1860 714; x_wconf 85' lang='lat' dir='ltr'>sermone</span> <span class='ocrx_word' id='word_1_34' title='bbox 1879 660 2104 714; x_wconf 91' lang='lat' dir='ltr'>intimis</span> 
     </span>
    </p>
   </div>
   <div class='ocr_carea' id='block_1_7' title="bbox 451 750 2103 818">
    <p class='ocr_par' dir='ltr' id='par_1_7' title="bbox 451 750 2103 818">
     <span class='ocr_line' id='line_1_7' title="bbox 451 750 2103 818; baseline -0.008 -1"><span class='ocrx_word' id='word_1_35' title='bbox 451 761 776 817; x_wconf 82' lang='lat' dir='ltr'>visceribus</span> <span class='ocrx_word' id='word_1_36' title='bbox 801 752 1430 818; x_wconf 84' lang='lat' dir='ltr'>discruciatus,ait:Dic</span> <span class='ocrx_word' id='word_1_37' title='bbox 1453 750 1979 816; x_wconf 87' lang='lat' dir='ltr'>mihi,charissime</span> <span class='ocrx_word' id='word_1_38' title='bbox 1999 750 2103 815; x_wconf 82' lang='lat' dir='ltr'>fili,</span> 
     </span>
    </p>
   </div>
   <div class='ocr_carea' id='block_1_8' title="bbox 454 843 2105 927">
    <p class='ocr_par' dir='ltr' id='par_1_8' title="bbox 454 843 2105 927">
     <span class='ocr_line' id='line_1_8' title="bbox 454 843 2105 927; baseline -0.008 -18"><span class='ocrx_word' id='word_1_39' title='bbox 454 854 728 927; x_wconf 82' lang='lat' dir='ltr'>quisnam</span> <span class='ocrx_word' id='word_1_40' title='bbox 755 850 830 905; x_wconf 90' lang='lat' dir='ltr'>sit</span> <span class='ocrx_word' id='word_1_41' title='bbox 851 849 945 902; x_wconf 89' lang='lat' dir='ltr'>hic</span> <span class='ocrx_word' id='word_1_42' title='bbox 969 863 1184 902; x_wconf 78' lang='lat' dir='ltr'>mmror</span> <span class='ocrx_word' id='word_1_43' title='bbox 1205 845 1305 916; x_wconf 88' lang='lat' dir='ltr'>qui</span> <span class='ocrx_word' id='word_1_44' title='bbox 1324 849 1380 898; x_wconf 94' lang='lat' dir='ltr'>te</span> <span class='ocrx_word' id='word_1_45' title='bbox 1401 843 1728 909; x_wconf 89' lang='lat' dir='ltr'>obsidet,ac</span> <span class='ocrx_word' id='word_1_46' title='bbox 1752 844 1950 898; x_wconf 89' lang='lat' dir='ltr'>statim</span> <span class='ocrx_word' id='word_1_47' title='bbox 1970 859 2105 897; x_wconf 92' lang='lat' dir='ltr'>eum</span> 
     </span>
    </p>
   </div>
   <div class='ocr_carea' id='block_1_9' title="bbox 455 933 2102 1016">
    <p class='ocr_par' dir='ltr' id='par_1_9' title="bbox 455 933 2102 1016">
     <span class='ocr_line' id='line_1_9' title="bbox 455 933 2102 1016; baseline -0.009 -16"><span class='ocrx_word' id='word_1_48' title='bbox 455 946 515 1000; x_wconf 93' lang='lat' dir='ltr'>in</span> <span class='ocrx_word' id='word_1_49' title='bbox 540 943 818 1016; x_wconf 80' lang='lat' dir='ltr'>gaudium</span> <span class='ocrx_word' id='word_1_50' title='bbox 833 954 960 994; x_wconf 92' lang='lat' dir='ltr'>com</span> <span class='ocrx_word' id='word_1_51' title='bbox 973 942 1198 991; x_wconf 90' lang='lat' dir='ltr'>mutare</span> <span class='ocrx_word' id='word_1_52' title='bbox 1217 933 1640 989; x_wconf 89' lang='lat' dir='ltr'>studebo.Tum</span> <span class='ocrx_word' id='word_1_53' title='bbox 1658 950 1823 1004; x_wconf 90' lang='lat' dir='ltr'>puer:</span> <span class='ocrx_word' id='word_1_54' title='bbox 1844 935 2102 1004; x_wconf 81' lang='lat' dir='ltr'>Expone,</span> 
     </span>
    </p>
   </div>
   <div class='ocr_carea' id='block_1_10' title="bbox 453 1023 2107 1104">
    <p class='ocr_par' dir='ltr' id='par_1_10' title="bbox 453 1023 2107 1104">
     <span class='ocr_line' id='line_1_10' title="bbox 453 1023 2107 1104; baseline -0.007 -16"><span class='ocrx_word' id='word_1_55' title='bbox 453 1034 669 1104; x_wconf 86' lang='lat' dir='ltr'>inquit,</span> <span class='ocrx_word' id='word_1_56' title='bbox 704 1027 989 1101; x_wconf 83' lang='lat' dir='ltr'>quidnam</span> <span class='ocrx_word' id='word_1_57' title='bbox 1022 1043 1216 1082; x_wconf 81' lang='lat' dir='ltr'>causae</span> <span class='ocrx_word' id='word_1_58' title='bbox 1240 1026 1318 1080; x_wconf 88' lang='lat' dir='ltr'>sit</span> <span class='ocrx_word' id='word_1_59' title='bbox 1348 1041 1454 1079; x_wconf 89' lang='lat' dir='ltr'>cur</span> <span class='ocrx_word' id='word_1_60' title='bbox 1485 1024 1580 1078; x_wconf 89' lang='lat' dir='ltr'>hic</span> <span class='ocrx_word' id='word_1_61' title='bbox 1611 1023 1904 1089; x_wconf 88' lang='lat' dir='ltr'>detinear,</span> <span class='ocrx_word' id='word_1_62' title='bbox 1929 1029 2107 1093; x_wconf 92' lang='lat' dir='ltr'>atque</span> 
     </span>
    </p>
   </div>
   <div class='ocr_carea' id='block_1_11' title="bbox 452 1112 2108 1190">
    <p class='ocr_par' dir='ltr' id='par_1_11' title="bbox 452 1112 2108 1190">
     <span class='ocr_line' id='line_1_11' title="bbox 452 1112 2108 1190; baseline -0.007 -11"><span class='ocrx_word' id='word_1_63' title='bbox 452 1125 611 1180; x_wconf 90' lang='lat' dir='ltr'>inter</span> <span class='ocrx_word' id='word_1_64' title='bbox 630 1137 830 1176; x_wconf 92' lang='lat' dir='ltr'>muros</span> <span class='ocrx_word' id='word_1_65' title='bbox 853 1119 1146 1190; x_wconf 89' lang='lat' dir='ltr'>etjanuas</span> <span class='ocrx_word' id='word_1_66' title='bbox 1171 1116 1276 1171; x_wconf 88' lang='lat' dir='ltr'>abs</span> <span class='ocrx_word' id='word_1_67' title='bbox 1299 1122 1354 1171; x_wconf 92' lang='lat' dir='ltr'>te</span> <span class='ocrx_word' id='word_1_68' title='bbox 1381 1112 1725 1177; x_wconf 88' lang='lat' dir='ltr'>concludar,</span> <span class='ocrx_word' id='word_1_69' title='bbox 1749 1129 1937 1185; x_wconf 91' lang='lat' dir='ltr'>eoque</span> <span class='ocrx_word' id='word_1_70' title='bbox 1953 1118 2108 1168; x_wconf 88' lang='lat' dir='ltr'>statu</span> 
     </span>
    </p>
   </div>
   <div class='ocr_carea' id='block_1_12' title="bbox 453 1204 2108 1280">
    <p class='ocr_par' dir='ltr' id='par_1_12' title="bbox 453 1204 2108 1280">
     <span class='ocr_line' id='line_1_12' title="bbox 453 1204 2108 1280; baseline -0.006 -12"><span class='ocrx_word' id='word_1_71' title='bbox 453 1215 589 1280; x_wconf 88' lang='lat' dir='ltr'>sim,</span> <span class='ocrx_word' id='word_1_72' title='bbox 618 1217 684 1266; x_wconf 90' lang='lat' dir='ltr'>ut</span> <span class='ocrx_word' id='word_1_73' title='bbox 712 1228 746 1266; x_wconf 92' lang='lat' dir='ltr'>a</span> <span class='ocrx_word' id='word_1_74' title='bbox 776 1211 1017 1266; x_wconf 89' lang='lat' dir='ltr'>nemine</span> <span class='ocrx_word' id='word_1_75' title='bbox 1040 1208 1188 1264; x_wconf 90' lang='lat' dir='ltr'>adiri</span> <span class='ocrx_word' id='word_1_76' title='bbox 1212 1224 1278 1263; x_wconf 87' lang='lat' dir='ltr'>ac</span> <span class='ocrx_word' id='word_1_77' title='bbox 1301 1207 1464 1262; x_wconf 81' lang='lat' dir='ltr'>cerni</span> <span class='ocrx_word' id='word_1_78' title='bbox 1491 1204 2051 1277; x_wconf 89' lang='lat' dir='ltr'>queam.Quoniam,</span> <span class='ocrx_word' id='word_1_79' title='bbox 2076 1220 2108 1259; x_wconf 92' lang='grc' dir='ltr'>ο</span> 
     </span>
    </p>
   </div>
   <div class='ocr_carea' id='block_1_13' title="bbox 455 1293 2110 1372">
    <p class='ocr_par' dir='ltr' id='par_1_13' title="bbox 455 1293 2110 1372">
     <span class='ocr_line' id='line_1_13' title="bbox 455 1293 2110 1372; baseline -0.007 -13"><span class='ocrx_word' id='word_1_80' title='bbox 455 1303 562 1369; x_wconf 78' lang='lat' dir='ltr'>illi,</span> <span class='ocrx_word' id='word_1_81' title='bbox 587 1301 784 1372; x_wconf 89' lang='lat' dir='ltr'>inquit</span> <span class='ocrx_word' id='word_1_82' title='bbox 810 1317 935 1367; x_wconf 85' lang='lat' dir='ltr'>rex,</span> <span class='ocrx_word' id='word_1_83' title='bbox 960 1299 1099 1354; x_wconf 92' lang='lat' dir='ltr'>nolo</span> <span class='ocrx_word' id='word_1_84' title='bbox 1123 1297 1450 1370; x_wconf 88' lang='lat' dir='ltr'>quidquam</span> <span class='ocrx_word' id='word_1_85' title='bbox 1474 1297 1676 1352; x_wconf 90' lang='lat' dir='ltr'>videas</span> <span class='ocrx_word' id='word_1_86' title='bbox 1703 1295 1860 1367; x_wconf 90' lang='lat' dir='ltr'>quod</span> <span class='ocrx_word' id='word_1_87' title='bbox 1883 1293 2110 1367; x_wconf 83' lang='lat' dir='ltr'>pectori</span> 
     </span>
    </p>
   </div>
   <div class='ocr_carea' id='block_1_14' title="bbox 452 1384 2114 1459">
    <p class='ocr_par' dir='ltr' id='par_1_14' title="bbox 452 1384 2114 1459">
     <span class='ocr_line' id='line_1_14' title="bbox 452 1384 2114 1459; baseline -0.006 -11"><span class='ocrx_word' id='word_1_88' title='bbox 452 1397 552 1448; x_wconf 93' lang='lat' dir='ltr'>tuo</span> <span class='ocrx_word' id='word_1_89' title='bbox 567 1391 904 1447; x_wconf 84' lang='lat' dir='ltr'>molestiam</span> <span class='ocrx_word' id='word_1_90' title='bbox 919 1389 1381 1459; x_wconf 69' lang='lat' dir='ltr'>aiferat,tibique</span> <span class='ocrx_word' id='word_1_91' title='bbox 1393 1387 1754 1458; x_wconf 91' lang='lat' dir='ltr'>voluptatem</span> <span class='ocrx_word' id='word_1_92' title='bbox 1769 1384 2114 1456; x_wconf 85' lang='lat' dir='ltr'>interpellat</span> 
     </span>
    </p>
   </div>
   <div class='ocr_carea' id='block_1_15' title="bbox 454 1475 2109 1554">
    <p class='ocr_par' dir='ltr' id='par_1_15' title="bbox 454 1475 2109 1554">
     <span class='ocr_line' id='line_1_15' title="bbox 454 1475 2109 1554; baseline -0.006 -16"><span class='ocrx_word' id='word_1_93' title='bbox 454 1481 762 1554; x_wconf 89' lang='lat' dir='ltr'>Siquidem</span> <span class='ocrx_word' id='word_1_94' title='bbox 783 1481 897 1536; x_wconf 88' lang='lat' dir='ltr'>hoc</span> <span class='ocrx_word' id='word_1_95' title='bbox 919 1497 1025 1553; x_wconf 87' lang='lat' dir='ltr'>ago</span> <span class='ocrx_word' id='word_1_96' title='bbox 1049 1497 1116 1535; x_wconf 88' lang='lat' dir='ltr'>ac</span> <span class='ocrx_word' id='word_1_97' title='bbox 1137 1484 1430 1550; x_wconf 89' lang='lat' dir='ltr'>specto,ut</span> <span class='ocrx_word' id='word_1_98' title='bbox 1453 1478 1514 1532; x_wconf 90' lang='lat' dir='ltr'>in</span> <span class='ocrx_word' id='word_1_99' title='bbox 1530 1477 1833 1548; x_wconf 86' lang='lat' dir='ltr'>perpetuis</span> <span class='ocrx_word' id='word_1_100' title='bbox 1856 1475 2109 1542; x_wconf 86' lang='lat' dir='ltr'>deliciis,</span> 
     </span>
    </p>
   </div>
   <div class='ocr_carea' id='block_1_16' title="bbox 457 1566 2110 1644">
    <p class='ocr_par' dir='ltr' id='par_1_16' title="bbox 457 1566 2110 1644">
     <span class='ocr_line' id='line_1_16' title="bbox 457 1566 2110 1644; baseline -0.006 -15"><span class='ocrx_word' id='word_1_101' title='bbox 457 1579 634 1644; x_wconf 89' lang='lat' dir='ltr'>atque</span> <span class='ocrx_word' id='word_1_102' title='bbox 656 1571 819 1626; x_wconf 91' lang='lat' dir='ltr'>omni</span> <span class='ocrx_word' id='word_1_103' title='bbox 840 1569 1055 1642; x_wconf 89' lang='lat' dir='ltr'>gaudio</span> <span class='ocrx_word' id='word_1_104' title='bbox 1083 1569 1390 1640; x_wconf 85' lang='lat' dir='ltr'>animique</span> <span class='ocrx_word' id='word_1_105' title='bbox 1421 1567 1742 1639; x_wconf 86' lang='lat' dir='ltr'>voluptate,</span> <span class='ocrx_word' id='word_1_106' title='bbox 1770 1583 1948 1620; x_wconf 91' lang='lat' dir='ltr'>omne</span> <span class='ocrx_word' id='word_1_107' title='bbox 1979 1566 2110 1619; x_wconf 66' lang='lat' dir='ltr'>vita)</span> 
     </span>
    </p>
   </div>
   <div class='ocr_carea' id='block_1_17' title="bbox 456 1654 2112 1736">
    <p class='ocr_par' dir='ltr' id='par_1_17' title="bbox 456 1654 2112 1736">
     <span class='ocr_line' id='line_1_17' title="bbox 456 1654 2112 1736; baseline -0.007 -17"><span class='ocrx_word' id='word_1_108' title='bbox 456 1669 692 1736; x_wconf 84' lang='lat' dir='ltr'>tempus</span> <span class='ocrx_word' id='word_1_109' title='bbox 717 1661 1011 1716; x_wconf 87' lang='lat' dir='ltr'>traducas.</span> <span class='ocrx_word' id='word_1_110' title='bbox 1034 1663 1106 1714; x_wconf 86' lang='lat' dir='ltr'>At</span> <span class='ocrx_word' id='word_1_111' title='bbox 1125 1659 1301 1714; x_wconf 86' lang='lat' dir='ltr'>velim</span> <span class='ocrx_word' id='word_1_112' title='bbox 1325 1658 1477 1713; x_wconf 86' lang='lat' dir='ltr'>scias</span> <span class='ocrx_word' id='word_1_113' title='bbox 1505 1675 1537 1711; x_wconf 91' lang='grc' dir='ltr'>ο</span> <span class='ocrx_word' id='word_1_114' title='bbox 1562 1656 1932 1727; x_wconf 88' lang='lat' dir='ltr'>here,inquit</span> <span class='ocrx_word' id='word_1_115' title='bbox 1953 1654 2112 1710; x_wconf 81' lang='lat' dir='ltr'>filius</span> 
     </span>
    </p>
   </div>
   <div class='ocr_carea' id='block_1_18' title="bbox 461 1745 2109 1826">
    <p class='ocr_par' dir='ltr' id='par_1_18' title="bbox 461 1745 2109 1826">
     <span class='ocr_line' id='line_1_18' title="bbox 461 1745 2109 1826; baseline -0.007 -17"><span class='ocrx_word' id='word_1_116' title='bbox 461 1755 534 1810; x_wconf 90' lang='lat' dir='ltr'>ad</span> <span class='ocrx_word' id='word_1_117' title='bbox 557 1759 809 1826; x_wconf 85' lang='lat' dir='ltr'>patrem,</span> <span class='ocrx_word' id='word_1_118' title='bbox 833 1768 928 1807; x_wconf 89' lang='lat' dir='ltr'>me</span> <span class='ocrx_word' id='word_1_119' title='bbox 948 1752 1061 1806; x_wconf 90' lang='lat' dir='ltr'>hoc</span> <span class='ocrx_word' id='word_1_120' title='bbox 1085 1750 1260 1806; x_wconf 93' lang='lat' dir='ltr'>modo</span> <span class='ocrx_word' id='word_1_121' title='bbox 1276 1766 1395 1804; x_wconf 91' lang='lat' dir='ltr'>non</span> <span class='ocrx_word' id='word_1_122' title='bbox 1418 1749 1478 1803; x_wconf 92' lang='lat' dir='ltr'>in</span> <span class='ocrx_word' id='word_1_123' title='bbox 1502 1748 1715 1821; x_wconf 87' lang='lat' dir='ltr'>gaudio</span> <span class='ocrx_word' id='word_1_124' title='bbox 1735 1754 1911 1818; x_wconf 86' lang='lat' dir='ltr'>atque</span> <span class='ocrx_word' id='word_1_125' title='bbox 1925 1745 2109 1802; x_wconf 90' lang='lat' dir='ltr'>animi</span> 
     </span>
    </p>
   </div>
   <div class='ocr_carea' id='block_1_19' title="bbox 2214 579 3829 660">
    <p class='ocr_par' dir='ltr' id='par_1_19' title="bbox 2214 579 3829 660">
     <span class='ocr_line' id='line_1_19' title="bbox 2214 579 3829 660; baseline 0.004 -26"><span class='ocrx_word' id='word_1_126' title='bbox 2214 601 2452 645; x_wconf 84' lang='grc' dir='ltr'>παυστος</span> <span class='ocrx_word' id='word_1_127' title='bbox 2483 584 2751 639; x_wconf 75' lang='grc' dir='ltr'>κατεσθίει</span> <span class='ocrx_word' id='word_1_128' title='bbox 2787 606 2894 657; x_wconf 84' lang='grc' dir='ltr'>μου</span> <span class='ocrx_word' id='word_1_129' title='bbox 2936 585 3036 654; x_wconf 74' lang='grc' dir='ltr'>τὴν</span> <span class='ocrx_word' id='word_1_130' title='bbox 3089 586 3298 660; x_wconf 74' lang='grc' dir='ltr'>ψυχήν.</span> <span class='ocrx_word' id='word_1_131' title='bbox 3346 585 3412 639; x_wconf 81' lang='grc' dir='ltr'>Ὀ</span> <span class='ocrx_word' id='word_1_132' title='bbox 3459 579 3516 638; x_wconf 65' lang='grc' dir='ltr'>δὲ</span> <span class='ocrx_word' id='word_1_133' title='bbox 3561 584 3749 654; x_wconf 53' lang='lat' dir='ltr'>nanis,</span> <span class='ocrx_word' id='word_1_134' title='bbox 3785 585 3829 657; x_wconf 79' lang='grc' dir='ltr'>ἐξ</span> 
     </span>
    </p>
   </div>
   <div class='ocr_carea' id='block_1_20' title="bbox 2217 671 3827 751">
    <p class='ocr_par' dir='ltr' id='par_1_20' title="bbox 2217 671 3827 751">
     <span class='ocr_line' id='line_1_20' title="bbox 2217 671 3827 751; baseline 0.002 -27"><span class='ocrx_word' id='word_1_135' title='bbox 2217 671 2390 726; x_wconf 71' lang='grc' dir='ltr'>αὐτῶν</span> <span class='ocrx_word' id='word_1_136' title='bbox 2449 675 2557 727; x_wconf 80' lang='grc' dir='ltr'>τῶν</span> <span class='ocrx_word' id='word_1_137' title='bbox 2611 673 2872 750; x_wconf 69' lang='grc' dir='ltr'>ῥημάτων</span> <span class='ocrx_word' id='word_1_138' title='bbox 2937 673 3187 750; x_wconf 74' lang='grc' dir='ltr'>ἀλγήσας</span> <span class='ocrx_word' id='word_1_139' title='bbox 3230 673 3296 727; x_wconf 78' lang='grc' dir='ltr'>τά</span> <span class='ocrx_word' id='word_1_140' title='bbox 3349 671 3658 746; x_wconf 70' lang='grc' dir='ltr'>σπλάγχνα,</span> <span class='ocrx_word' id='word_1_141' title='bbox 3725 671 3827 751; x_wconf 67' lang='grc' dir='ltr'>ἔφη·</span> 
     </span>
    </p>
   </div>
   <div class='ocr_carea' id='block_1_21' title="bbox 2218 763 3833 838">
    <p class='ocr_par' dir='ltr' id='par_1_21' title="bbox 2218 763 3833 838">
     <span class='ocr_line' id='line_1_21' title="bbox 2218 763 3833 838; baseline 0.001 -19"><span class='ocrx_word' id='word_1_142' title='bbox 2218 763 2350 838; x_wconf 73' lang='grc' dir='ltr'>Λέγε</span> <span class='ocrx_word' id='word_1_143' title='bbox 2384 786 2500 837; x_wconf 89' lang='grc' dir='ltr'>μοι,</span> <span class='ocrx_word' id='word_1_144' title='bbox 2532 765 2715 821; x_wconf 78' lang='grc' dir='ltr'>τὲκνον</span> <span class='ocrx_word' id='word_1_145' title='bbox 2761 765 3160 836; x_wconf 73' lang='grc' dir='ltr'>ποθεινότατον,</span> <span class='ocrx_word' id='word_1_146' title='bbox 3221 764 3300 826; x_wconf 85' lang='grc' dir='ltr'>τίς</span> <span class='ocrx_word' id='word_1_147' title='bbox 3354 767 3390 834; x_wconf 74' lang='grc' dir='ltr'>ἡ</span> <span class='ocrx_word' id='word_1_148' title='bbox 3452 763 3738 838; x_wconf 73' lang='grc' dir='ltr'>συνέχουσά</span> <span class='ocrx_word' id='word_1_149' title='bbox 3787 787 3833 820; x_wconf 86' lang='grc' dir='ltr'>σε</span> 
     </span>
    </p>
   </div>
   <div class='ocr_carea' id='block_1_22' title="bbox 2218 851 3834 932">
    <p class='ocr_par' dir='ltr' id='par_1_22' title="bbox 2218 851 3834 932">
     <span class='ocr_line' id='line_1_22' title="bbox 2218 851 3834 932; baseline -0.001 -24"><span class='ocrx_word' id='word_1_150' title='bbox 2218 851 2390 926; x_wconf 89' lang='grc' dir='ltr'>λύπη,</span> <span class='ocrx_word' id='word_1_151' title='bbox 2422 855 2510 910; x_wconf 76' lang='grc' dir='ltr'>καὶ</span> <span class='ocrx_word' id='word_1_152' title='bbox 2544 863 2735 920; x_wconf 77' lang='grc' dir='ltr'>θᾶττον</span> <span class='ocrx_word' id='word_1_153' title='bbox 2762 856 2930 925; x_wconf 73' lang='grc' dir='ltr'>αὐτὴν</span> <span class='ocrx_word' id='word_1_154' title='bbox 2977 856 3053 917; x_wconf 81' lang='grc' dir='ltr'>είς</span> <span class='ocrx_word' id='word_1_155' title='bbox 3105 855 3279 932; x_wconf 72' lang='grc' dir='ltr'>χαρὰν</span> <span class='ocrx_word' id='word_1_156' title='bbox 3321 856 3647 927; x_wconf 76' lang='grc' dir='ltr'>μεταμεῖψαι</span> <span class='ocrx_word' id='word_1_157' title='bbox 3690 873 3834 907; x_wconf 81' lang='grc' dir='ltr'>σπου-</span> 
     </span>
    </p>
   </div>
   <div class='ocr_carea' id='block_1_23' title="bbox 2219 939 3833 1023">
    <p class='ocr_par' dir='ltr' id='par_1_23' title="bbox 2219 939 3833 1023">
     <span class='ocr_line' id='line_1_23' title="bbox 2219 939 3833 1023; baseline 0.001 -26"><span class='ocrx_word' id='word_1_158' title='bbox 2219 939 2384 1000; x_wconf 73' lang='grc' dir='ltr'>δάσω.</span> <span class='ocrx_word' id='word_1_159' title='bbox 2432 945 2527 999; x_wconf 73' lang='grc' dir='ltr'>Καὶ</span> <span class='ocrx_word' id='word_1_160' title='bbox 2574 968 2737 1023; x_wconf 76' lang='grc' dir='ltr'>φησιν</span> <span class='ocrx_word' id='word_1_161' title='bbox 2791 947 2820 1000; x_wconf 91' lang='lat'>6</span> <span class='ocrx_word' id='word_1_162' title='bbox 2878 951 3027 1008; x_wconf 82' lang='grc' dir='ltr'>παῖς·</span> <span class='ocrx_word' id='word_1_163' title='bbox 3071 947 3166 1008; x_wconf 91' lang='grc' dir='ltr'>Τίς</span> <span class='ocrx_word' id='word_1_164' title='bbox 3225 946 3254 999; x_wconf 98' lang='lat'>6</span> <span class='ocrx_word' id='word_1_165' title='bbox 3309 943 3514 1019; x_wconf 84' lang='grc' dir='ltr'>τρόπος</span> <span class='ocrx_word' id='word_1_166' title='bbox 3564 948 3661 1011; x_wconf 77' lang='grc' dir='ltr'>τῆς</span> <span class='ocrx_word' id='word_1_167' title='bbox 3717 941 3833 1014; x_wconf 75' lang='grc' dir='ltr'>ἐμῆς</span> 
     </span>
    </p>
   </div>
   <div class='ocr_carea' id='block_1_24' title="bbox 2217 1029 3836 1108">
    <p class='ocr_par' dir='ltr' id='par_1_24' title="bbox 2217 1029 3836 1108">
     <span class='ocr_line' id='line_1_24' title="bbox 2217 1029 3836 1108; baseline -0.002 -22"><span class='ocrx_word' id='word_1_168' title='bbox 2217 1031 2403 1089; x_wconf 77' lang='grc' dir='ltr'>ἐνθάδε</span> <span class='ocrx_word' id='word_1_169' title='bbox 2453 1036 2799 1106; x_wconf 78' lang='grc' dir='ltr'>καθείρξεως,</span> <span class='ocrx_word' id='word_1_170' title='bbox 2853 1035 2936 1090; x_wconf 82' lang='grc' dir='ltr'>’ὁτι</span> <span class='ocrx_word' id='word_1_171' title='bbox 2990 1033 3138 1097; x_wconf 83' lang='grc' dir='ltr'>ἐντὸς</span> <span class='ocrx_word' id='word_1_172' title='bbox 3211 1035 3439 1108; x_wconf 73' lang='grc' dir='ltr'>τειχέων</span> <span class='ocrx_word' id='word_1_173' title='bbox 3510 1029 3602 1085; x_wconf 82' lang='grc' dir='ltr'>καὶ</span> <span class='ocrx_word' id='word_1_174' title='bbox 3675 1029 3836 1085; x_wconf 83' lang='grc' dir='ltr'>πυλῶν</span> 
     </span>
    </p>
   </div>
   <div class='ocr_carea' id='block_1_25' title="bbox 2218 1122 3840 1200">
    <p class='ocr_par' dir='ltr' id='par_1_25' title="bbox 2218 1122 3840 1200">
     <span class='ocr_line' id='line_1_25' title="bbox 2218 1122 3840 1200; baseline 0.001 -24"><span class='ocrx_word' id='word_1_175' title='bbox 2218 1122 2560 1187; x_wconf 78' lang='grc' dir='ltr'>συνέκλεισάς</span> <span class='ocrx_word' id='word_1_176' title='bbox 2623 1147 2709 1199; x_wconf 85' lang='grc' dir='ltr'>με,</span> <span class='ocrx_word' id='word_1_177' title='bbox 2766 1127 3028 1200; x_wconf 82' lang='grc' dir='ltr'>ἀπρὸἵτον</span> <span class='ocrx_word' id='word_1_178' title='bbox 3090 1124 3266 1194; x_wconf 77' lang='grc' dir='ltr'>πάντη</span> <span class='ocrx_word' id='word_1_179' title='bbox 3321 1123 3412 1178; x_wconf 81' lang='grc' dir='ltr'>καὶ</span> <span class='ocrx_word' id='word_1_180' title='bbox 3468 1122 3683 1176; x_wconf 77' lang='grc' dir='ltr'>ἀθὲατον</span> <span class='ocrx_word' id='word_1_181' title='bbox 3733 1123 3840 1178; x_wconf 78' lang='grc' dir='ltr'>πᾶσί</span> 
     </span>
    </p>
   </div>
   <div class='ocr_carea' id='block_1_26' title="bbox 2222 1209 3841 1289">
    <p class='ocr_par' dir='ltr' id='par_1_26' title="bbox 2222 1209 3841 1289">
     <span class='ocr_line' id='line_1_26' title="bbox 2222 1209 3841 1289; baseline -0.001 -20"><span class='ocrx_word' id='word_1_182' title='bbox 2222 1235 2288 1287; x_wconf 87' lang='grc' dir='ltr'>με</span> <span class='ocrx_word' id='word_1_183' title='bbox 2308 1217 2648 1285; x_wconf 68' lang='grc' dir='ltr'>καταστήσας</span> <span class='ocrx_word' id='word_1_184' title='bbox 2678 1235 2692 1285; x_wconf 86' lang='lat'><strong>;</strong></span> <span class='ocrx_word' id='word_1_185' title='bbox 2742 1215 2844 1273; x_wconf 81' lang='grc' dir='ltr'>Καὶ</span> <span class='ocrx_word' id='word_1_186' title='bbox 2876 1217 2904 1270; x_wconf 90' lang='lat'>6</span> <span class='ocrx_word' id='word_1_187' title='bbox 2934 1215 3114 1289; x_wconf 70' lang='grc' dir='ltr'>πατὴρ</span> <span class='ocrx_word' id='word_1_188' title='bbox 3169 1209 3293 1287; x_wconf 69' lang='grc' dir='ltr'>ἔφη’</span> <span class='ocrx_word' id='word_1_189' title='bbox 3353 1211 3430 1271; x_wconf 81' lang='grc' dir='ltr'>Οὗ</span> <span class='ocrx_word' id='word_1_190' title='bbox 3494 1209 3778 1287; x_wconf 84' lang='grc' dir='ltr'>βούλομαι,</span> <span class='ocrx_word' id='word_1_191' title='bbox 3805 1211 3841 1268; x_wconf 84' lang='grc' dir='ltr'><strong>ὦ</strong></span> 
     </span>
    </p>
   </div>
   <div class='ocr_carea' id='block_1_27' title="bbox 2217 1301 3844 1380">
    <p class='ocr_par' dir='ltr' id='par_1_27' title="bbox 2217 1301 3844 1380">
     <span class='ocr_line' id='line_1_27' title="bbox 2217 1301 3844 1380; baseline 0 -22"><span class='ocrx_word' id='word_1_192' title='bbox 2217 1306 2428 1376; x_wconf 79' lang='grc' dir='ltr'>τέκνον,</span> <span class='ocrx_word' id='word_1_193' title='bbox 2464 1302 2594 1360; x_wconf 77' lang='grc' dir='ltr'>ἰδεῖν</span> <span class='ocrx_word' id='word_1_194' title='bbox 2631 1307 2689 1361; x_wconf 77' lang='grc' dir='ltr'><strong>σὲ</strong></span> <span class='ocrx_word' id='word_1_195' title='bbox 2735 1327 2790 1362; x_wconf 90' lang='grc' dir='ltr'>τι</span> <span class='ocrx_word' id='word_1_196' title='bbox 2833 1309 2940 1362; x_wconf 79' lang='grc' dir='ltr'>τῶν</span> <span class='ocrx_word' id='word_1_197' title='bbox 2983 1301 3318 1376; x_wconf 80' lang='grc' dir='ltr'>ἀηδιζόντων</span> <span class='ocrx_word' id='word_1_198' title='bbox 3366 1305 3470 1373; x_wconf 76' lang='grc' dir='ltr'>τήν</span> <span class='ocrx_word' id='word_1_199' title='bbox 3508 1301 3723 1380; x_wconf 85' lang='grc' dir='ltr'>καρδίαν</span> <span class='ocrx_word' id='word_1_200' title='bbox 3766 1325 3844 1358; x_wconf 79' lang='grc' dir='ltr'>σου</span> 
     </span>
    </p>
   </div>
   <div class='ocr_carea' id='block_1_28' title="bbox 2219 1393 3843 1471">
    <p class='ocr_par' dir='ltr' id='par_1_28' title="bbox 2219 1393 3843 1471">
     <span class='ocr_line' id='line_1_28' title="bbox 2219 1393 3843 1471; baseline -0.002 -21"><span class='ocrx_word' id='word_1_201' title='bbox 2219 1393 2310 1450; x_wconf 77' lang='grc' dir='ltr'>καὶ</span> <span class='ocrx_word' id='word_1_202' title='bbox 2372 1393 2752 1470; x_wconf 82' lang='grc' dir='ltr'>ἐγκοπτόντων</span> <span class='ocrx_word' id='word_1_203' title='bbox 2812 1416 2896 1450; x_wconf 91' lang='grc' dir='ltr'>σοι</span> <span class='ocrx_word' id='word_1_204' title='bbox 2954 1396 3054 1465; x_wconf 72' lang='grc' dir='ltr'>τὴν</span> <span class='ocrx_word' id='word_1_205' title='bbox 3116 1393 3482 1471; x_wconf 74' lang='grc' dir='ltr'>εὐφροσύνην.</span> <span class='ocrx_word' id='word_1_206' title='bbox 3542 1394 3626 1448; x_wconf 87' lang='grc' dir='ltr'>Ἐν</span> <span class='ocrx_word' id='word_1_207' title='bbox 3692 1397 3843 1470; x_wconf 56' lang='grc' dir='ltr'>τρυοῇ</span> 
     </span>
    </p>
   </div>
   <div class='ocr_carea' id='block_1_29' title="bbox 2220 1480 3849 1561">
    <p class='ocr_par' dir='ltr' id='par_1_29' title="bbox 2220 1480 3849 1561">
     <span class='ocr_line' id='line_1_29' title="bbox 2220 1480 3849 1561; baseline -0.001 -22"><span class='ocrx_word' id='word_1_208' title='bbox 2220 1486 2324 1560; x_wconf 66' lang='grc' dir='ltr'>γὰρ</span> <span class='ocrx_word' id='word_1_209' title='bbox 2358 1481 2598 1553; x_wconf 75' lang='grc' dir='ltr'>διηνεκεῖ</span> <span class='ocrx_word' id='word_1_210' title='bbox 2653 1485 2741 1540; x_wconf 85' lang='grc' dir='ltr'>καὶ</span> <span class='ocrx_word' id='word_1_211' title='bbox 2795 1489 2942 1561; x_wconf 81' lang='grc' dir='ltr'>χαρᾷ</span> <span class='ocrx_word' id='word_1_212' title='bbox 2993 1483 3139 1560; x_wconf 70' lang='grc' dir='ltr'>παίσῃ</span> <span class='ocrx_word' id='word_1_213' title='bbox 3181 1483 3272 1539; x_wconf 79' lang='grc' dir='ltr'>καὶ</span> <span class='ocrx_word' id='word_1_214' title='bbox 3323 1480 3568 1556; x_wconf 75' lang='grc' dir='ltr'>θυμηδίᾳ</span> <span class='ocrx_word' id='word_1_215' title='bbox 3619 1481 3765 1552; x_wconf 73' lang='grc' dir='ltr'>ζῆσαί</span> <span class='ocrx_word' id='word_1_216' title='bbox 3803 1503 3849 1537; x_wconf 85' lang='grc' dir='ltr'>σε</span> 
     </span>
    </p>
   </div>
   <div class='ocr_carea' id='block_1_30' title="bbox 2220 1569 3848 1648">
    <p class='ocr_par' dir='ltr' id='par_1_30' title="bbox 2220 1569 3848 1648">
     <span class='ocr_line' id='line_1_30' title="bbox 2220 1569 3848 1648; baseline -0.001 -21"><span class='ocrx_word' id='word_1_217' title='bbox 2220 1575 2311 1628; x_wconf 87' lang='grc' dir='ltr'>τὸν</span> <span class='ocrx_word' id='word_1_218' title='bbox 2345 1573 2552 1630; x_wconf 71' lang='grc' dir='ltr'>ἅπαντα</span> <span class='ocrx_word' id='word_1_219' title='bbox 2585 1572 2911 1648; x_wconf 66' lang='grc' dir='ltr'>διανοοῦμαι</span> <span class='ocrx_word' id='word_1_220' title='bbox 2943 1575 3133 1632; x_wconf 77' lang='grc' dir='ltr'>αἰῶνα.</span> <span class='ocrx_word' id='word_1_221' title='bbox 3187 1571 3348 1630; x_wconf 78' lang='grc' dir='ltr'>Ἀλλ’</span> <span class='ocrx_word' id='word_1_222' title='bbox 3399 1570 3456 1627; x_wconf 81' lang='grc' dir='ltr'>εὗ</span> <span class='ocrx_word' id='word_1_223' title='bbox 3511 1572 3640 1642; x_wconf 76' lang='grc' dir='ltr'>ἴσθι,</span> <span class='ocrx_word' id='word_1_224' title='bbox 3689 1571 3730 1626; x_wconf 86' lang='grc' dir='ltr'><em>ὦ</em></span> <span class='ocrx_word' id='word_1_225' title='bbox 3778 1569 3848 1626; x_wconf 74' lang='grc' dir='ltr'>δὲ-</span> 
     </span>
    </p>
   </div>
   <div class='ocr_carea' id='block_1_31' title="bbox 2223 1661 3849 1744">
    <p class='ocr_par' dir='ltr' id='par_1_31' title="bbox 2223 1661 3849 1744">
     <span class='ocr_line' id='line_1_31' title="bbox 2223 1661 3849 1744; baseline -0.002 -25"><span class='ocrx_word' id='word_1_226' title='bbox 2223 1685 2416 1734; x_wconf 82' lang='grc' dir='ltr'>σποτα,</span> <span class='ocrx_word' id='word_1_227' title='bbox 2447 1666 2611 1744; x_wconf 79' lang='grc' dir='ltr'>φησῖν</span> <span class='ocrx_word' id='word_1_228' title='bbox 2646 1667 2673 1720; x_wconf 98' lang='lat'>6</span> <span class='ocrx_word' id='word_1_229' title='bbox 2705 1666 2822 1727; x_wconf 77' lang='grc' dir='ltr'>υἱὸς</span> <span class='ocrx_word' id='word_1_230' title='bbox 2852 1669 2932 1738; x_wconf 78' lang='grc' dir='ltr'>τῷ</span> <span class='ocrx_word' id='word_1_231' title='bbox 2965 1664 3152 1737; x_wconf 56' lang='grc' dir='ltr'>πατρί,</span> <span class='ocrx_word' id='word_1_232' title='bbox 3183 1668 3264 1737; x_wconf 77' lang='grc' dir='ltr'>τῷ</span> <span class='ocrx_word' id='word_1_233' title='bbox 3308 1662 3502 1740; x_wconf 80' lang='grc' dir='ltr'>τρόπῳ</span> <span class='ocrx_word' id='word_1_234' title='bbox 3549 1661 3721 1734; x_wconf 85' lang='grc' dir='ltr'>τούτῳ</span> <span class='ocrx_word' id='word_1_235' title='bbox 3765 1662 3849 1717; x_wconf 76' lang='grc' dir='ltr'>οὐκ</span> 
     </span>
    </p>
   </div>
   <div class='ocr_carea' id='block_1_32' title="bbox 2221 1751 3847 1831">
    <p class='ocr_par' dir='ltr' id='par_1_32' title="bbox 2221 1751 3847 1831">
     <span class='ocr_line' id='line_1_32' title="bbox 2221 1751 3847 1831; baseline -0.002 -21"><span class='ocrx_word' id='word_1_236' title='bbox 2221 1753 2274 1810; x_wconf 77' lang='grc' dir='ltr'>ἐν</span> <span class='ocrx_word' id='word_1_237' title='bbox 2309 1760 2455 1831; x_wconf 77' lang='grc' dir='ltr'>χαρᾷ</span> <span class='ocrx_word' id='word_1_238' title='bbox 2485 1756 2574 1810; x_wconf 84' lang='grc' dir='ltr'>καὶ</span> <span class='ocrx_word' id='word_1_239' title='bbox 2607 1753 2851 1828; x_wconf 77' lang='grc' dir='ltr'>θυμηδίᾳ</span> <span class='ocrx_word' id='word_1_240' title='bbox 2902 1760 2998 1827; x_wconf 81' lang='grc' dir='ltr'>ζῶ,</span> <span class='ocrx_word' id='word_1_241' title='bbox 3049 1754 3100 1810; x_wconf 69' lang='grc' dir='ltr'>ἐν</span> <span class='ocrx_word' id='word_1_242' title='bbox 3154 1753 3336 1828; x_wconf 74' lang='grc' dir='ltr'>θλίψει</span> <span class='ocrx_word' id='word_1_243' title='bbox 3398 1751 3457 1808; x_wconf 69' lang='grc' dir='ltr'>δὲ</span> <span class='ocrx_word' id='word_1_244' title='bbox 3519 1751 3726 1826; x_wconf 69' lang='grc' dir='ltr'>μᾶλλον</span> <span class='ocrx_word' id='word_1_245' title='bbox 3774 1751 3847 1807; x_wconf 67' lang='grc' dir='ltr'>καὶ</span> 
     </span>
    </p>
   </div>
   <div class='ocr_carea' id='block_1_33' title="bbox 459 1835 2110 1940">
    <p class='ocr_par' dir='ltr' id='par_1_33' title="bbox 459 1835 2110 1915">
     <span class='ocr_line' id='line_1_33' title="bbox 459 1835 2110 1915; baseline -0.005 -18"><span class='ocrx_word' id='word_1_246' title='bbox 459 1843 782 1915; x_wconf 85' lang='lat' dir='ltr'>voluptate,</span> <span class='ocrx_word' id='word_1_247' title='bbox 817 1842 920 1896; x_wconf 90' lang='lat' dir='ltr'>sed</span> <span class='ocrx_word' id='word_1_248' title='bbox 952 1841 1148 1912; x_wconf 89' lang='lat' dir='ltr'>potius</span> <span class='ocrx_word' id='word_1_249' title='bbox 1181 1840 1240 1894; x_wconf 91' lang='lat' dir='ltr'>in</span> <span class='ocrx_word' id='word_1_250' title='bbox 1286 1839 1610 1895; x_wconf 82' lang='lat' dir='ltr'>afﬂictione</span> <span class='ocrx_word' id='word_1_251' title='bbox 1655 1843 1835 1908; x_wconf 89' lang='lat' dir='ltr'>atque</span> <span class='ocrx_word' id='word_1_252' title='bbox 1883 1835 2110 1907; x_wconf 76' lang='lat' dir='ltr'>ingenti</span> 
     </span>
    </p>
   </div>
   <div class='ocr_carea' id='block_1_34' title="bbox 2225 1835 3848 1940">
    <p class='ocr_par' dir='ltr' id='par_1_34' title="bbox 2225 1843 3848 1922">
     <span class='ocr_line' id='line_1_34' title="bbox 2225 1843 3848 1922; baseline -0.004 -20"><span class='ocrx_word' id='word_1_253' title='bbox 2225 1846 2567 1922; x_wconf 75' lang='grc' dir='ltr'>στενοχωρίᾳ</span> <span class='ocrx_word' id='word_1_254' title='bbox 2596 1845 2808 1920; x_wconf 78' lang='grc' dir='ltr'>πολλῇ,</span> <span class='ocrx_word' id='word_1_255' title='bbox 2844 1847 2918 1908; x_wconf 81' lang='grc' dir='ltr'>ὡς</span> <span class='ocrx_word' id='word_1_256' title='bbox 2950 1845 3036 1901; x_wconf 78' lang='grc' dir='ltr'>καὶ</span> <span class='ocrx_word' id='word_1_257' title='bbox 3079 1844 3246 1913; x_wconf 71' lang='grc' dir='ltr'>αὐτὴν</span> <span class='ocrx_word' id='word_1_258' title='bbox 3299 1844 3398 1912; x_wconf 72' lang='grc' dir='ltr'>τὴν</span> <span class='ocrx_word' id='word_1_259' title='bbox 3446 1843 3648 1918; x_wconf 84' lang='grc' dir='ltr'>βρῶσίν</span> <span class='ocrx_word' id='word_1_260' title='bbox 3680 1863 3733 1897; x_wconf 91' lang='grc' dir='ltr'>τε</span> <span class='ocrx_word' id='word_1_261' title='bbox 3773 1843 3848 1896; x_wconf 77' lang='grc' dir='ltr'>καὶ</span> 
     </span>
    </p>
   </div>
   <div class='ocr_carea' id='block_1_35' title="bbox 459 1926 2114 2005">
    <p class='ocr_par' dir='ltr' id='par_1_35' title="bbox 459 1926 2114 2005">
     <span class='ocr_line' id='line_1_35' title="bbox 459 1926 2114 2005; baseline -0.006 -14"><span class='ocrx_word' id='word_1_262' title='bbox 459 1934 733 2005; x_wconf 77' lang='lat' dir='ltr'>angustia</span> <span class='ocrx_word' id='word_1_263' title='bbox 762 1933 939 1986; x_wconf 86' lang='lat' dir='ltr'>vitam</span> <span class='ocrx_word' id='word_1_264' title='bbox 971 1947 1180 2002; x_wconf 87' lang='lat' dir='ltr'>agere;</span> <span class='ocrx_word' id='word_1_265' title='bbox 1211 1930 1358 1985; x_wconf 91' lang='lat' dir='ltr'>adeo</span> <span class='ocrx_word' id='word_1_266' title='bbox 1408 1933 1474 1983; x_wconf 90' lang='lat' dir='ltr'>ut</span> <span class='ocrx_word' id='word_1_267' title='bbox 1515 1929 1642 2000; x_wconf 91' lang='lat' dir='ltr'>ipse</span> <span class='ocrx_word' id='word_1_268' title='bbox 1674 1944 1912 1999; x_wconf 90' lang='lat' dir='ltr'>quoque</span> <span class='ocrx_word' id='word_1_269' title='bbox 1945 1926 2114 1981; x_wconf 88' lang='lat' dir='ltr'>cibus</span> 
     </span>
    </p>
   </div>
   <div class='ocr_carea' id='block_1_36' title="bbox 457 2015 2118 2094">
    <p class='ocr_par' dir='ltr' id='par_1_36' title="bbox 457 2015 2118 2094">
     <span class='ocr_line' id='line_1_36' title="bbox 457 2015 2118 2094; baseline -0.005 -16"><span class='ocrx_word' id='word_1_270' title='bbox 457 2039 527 2079; x_wconf 93' lang='lat' dir='ltr'>ac</span> <span class='ocrx_word' id='word_1_271' title='bbox 555 2028 732 2094; x_wconf 89' lang='lat' dir='ltr'>potus</span> <span class='ocrx_word' id='word_1_272' title='bbox 761 2020 1000 2075; x_wconf 84' lang='lat' dir='ltr'>fastidio</span> <span class='ocrx_word' id='word_1_273' title='bbox 1027 2018 1174 2074; x_wconf 91' lang='lat' dir='ltr'>mihi</span> <span class='ocrx_word' id='word_1_274' title='bbox 1208 2024 1266 2074; x_wconf 91' lang='lat' dir='ltr'>et</span> <span class='ocrx_word' id='word_1_275' title='bbox 1287 2017 1591 2073; x_wconf 88' lang='lat' dir='ltr'>acerbitati</span> <span class='ocrx_word' id='word_1_276' title='bbox 1617 2017 1731 2082; x_wconf 89' lang='lat' dir='ltr'>sit;</span> <span class='ocrx_word' id='word_1_277' title='bbox 1757 2015 1978 2071; x_wconf 91' lang='lat' dir='ltr'>etenim</span> <span class='ocrx_word' id='word_1_278' title='bbox 1993 2031 2118 2087; x_wconf 88' lang='lat' dir='ltr'>ges-</span> 
     </span>
    </p>
   </div>
   <div class='ocr_carea' id='block_1_37' title="bbox 458 2107 2119 2181">
    <p class='ocr_par' dir='ltr' id='par_1_37' title="bbox 458 2107 2119 2181">
     <span class='ocr_line' id='line_1_37' title="bbox 458 2107 2119 2181; baseline -0.005 -14"><span class='ocrx_word' id='word_1_279' title='bbox 458 2112 530 2167; x_wconf 89' lang='lat' dir='ltr'>tit</span> <span class='ocrx_word' id='word_1_280' title='bbox 558 2112 795 2166; x_wconf 88' lang='lat' dir='ltr'>animus</span> <span class='ocrx_word' id='word_1_281' title='bbox 823 2127 892 2166; x_wconf 92' lang='lat' dir='ltr'>ea</span> <span class='ocrx_word' id='word_1_282' title='bbox 923 2127 1053 2181; x_wconf 62' lang='lat' dir='ltr'>quas</span> <span class='ocrx_word' id='word_1_283' title='bbox 1087 2114 1252 2164; x_wconf 86' lang='lat' dir='ltr'>extra</span> <span class='ocrx_word' id='word_1_284' title='bbox 1281 2109 1388 2163; x_wconf 91' lang='lat' dir='ltr'>has</span> <span class='ocrx_word' id='word_1_285' title='bbox 1412 2108 1631 2180; x_wconf 91' lang='lat' dir='ltr'>januas</span> <span class='ocrx_word' id='word_1_286' title='bbox 1663 2113 1803 2161; x_wconf 88' lang='lat' dir='ltr'>sunt</span> <span class='ocrx_word' id='word_1_287' title='bbox 1825 2107 2119 2178; x_wconf 87' lang='lat' dir='ltr'>perspice-</span> 
     </span>
    </p>
   </div>
   <div class='ocr_carea' id='block_1_38' title="bbox 456 2195 2116 2268">
    <p class='ocr_par' dir='ltr' id='par_1_38' title="bbox 456 2195 2116 2268">
     <span class='ocr_line' id='line_1_38' title="bbox 456 2195 2116 2268; baseline -0.005 -10"><span class='ocrx_word' id='word_1_288' title='bbox 456 2220 542 2258; x_wconf 90' lang='lat' dir='ltr'>re.</span> <span class='ocrx_word' id='word_1_289' title='bbox 567 2200 964 2267; x_wconf 86' lang='lat' dir='ltr'>Quamobrem</span> <span class='ocrx_word' id='word_1_290' title='bbox 990 2199 1037 2254; x_wconf 90' lang='lat' dir='ltr'>si</span> <span class='ocrx_word' id='word_1_291' title='bbox 1066 2216 1160 2254; x_wconf 89' lang='lat' dir='ltr'>me</span> <span class='ocrx_word' id='word_1_292' title='bbox 1183 2198 1315 2253; x_wconf 75' lang='lat' dir='ltr'>lmte</span> <span class='ocrx_word' id='word_1_293' title='bbox 1339 2195 1689 2268; x_wconf 88' lang='lat' dir='ltr'>acjucunde</span> <span class='ocrx_word' id='word_1_294' title='bbox 1710 2196 1906 2250; x_wconf 84' lang='lat' dir='ltr'>vivere</span> <span class='ocrx_word' id='word_1_295' title='bbox 1925 2195 2116 2266; x_wconf 91' lang='lat' dir='ltr'>cupis,</span> 
     </span>
    </p>
   </div>
   <div class='ocr_carea' id='block_1_39' title="bbox 449 2285 2117 2365">
    <p class='ocr_par' dir='ltr' id='par_1_39' title="bbox 449 2285 2117 2365">
     <span class='ocr_line' id='line_1_39' title="bbox 449 2285 2117 2365; baseline -0.005 -18"><span class='ocrx_word' id='word_1_296' title='bbox 449 2291 599 2365; x_wconf 89' lang='lat' dir='ltr'>jube</span> <span class='ocrx_word' id='word_1_297' title='bbox 628 2307 722 2346; x_wconf 91' lang='lat' dir='ltr'>me</span> <span class='ocrx_word' id='word_1_298' title='bbox 746 2290 1034 2346; x_wconf 88' lang='lat' dir='ltr'>arbitratu</span> <span class='ocrx_word' id='word_1_299' title='bbox 1058 2305 1190 2344; x_wconf 89' lang='lat' dir='ltr'>meo</span> <span class='ocrx_word' id='word_1_300' title='bbox 1212 2288 1370 2343; x_wconf 83' lang='lat' dir='ltr'>foras</span> <span class='ocrx_word' id='word_1_301' title='bbox 1397 2285 1692 2359; x_wconf 82' lang='lat' dir='ltr'>progredi,</span> <span class='ocrx_word' id='word_1_302' title='bbox 1713 2291 1890 2356; x_wconf 90' lang='lat' dir='ltr'>atque</span> <span class='ocrx_word' id='word_1_303' title='bbox 1913 2300 2117 2339; x_wconf 90' lang='lat' dir='ltr'>earum</span> 
     </span>
    </p>
   </div>
   <div class='ocr_carea' id='block_1_40' title="bbox 461 2374 2118 2454">
    <p class='ocr_par' dir='ltr' id='par_1_40' title="bbox 461 2374 2118 2454">
     <span class='ocr_line' id='line_1_40' title="bbox 461 2374 2118 2454; baseline -0.005 -16"><span class='ocrx_word' id='word_1_304' title='bbox 461 2400 662 2439; x_wconf 88' lang='lat' dir='ltr'>rerum</span> <span class='ocrx_word' id='word_1_305' title='bbox 693 2398 947 2454; x_wconf 90' lang='lat' dir='ltr'>quarum</span> <span class='ocrx_word' id='word_1_306' title='bbox 970 2385 1318 2453; x_wconf 89' lang='lat' dir='ltr'>prospectus</span> <span class='ocrx_word' id='word_1_307' title='bbox 1341 2377 1486 2434; x_wconf 86' lang='lat' dir='ltr'>mihi</span> <span class='ocrx_word' id='word_1_308' title='bbox 1509 2382 1758 2450; x_wconf 76' lang='lat' dir='ltr'>negatur</span> <span class='ocrx_word' id='word_1_309' title='bbox 1775 2374 2118 2448; x_wconf 90' lang='lat' dir='ltr'>spectaculo</span> 
     </span>
    </p>
   </div>
   <div class='ocr_carea' id='block_1_41' title="bbox 462 2472 1083 2529">
    <p class='ocr_par' dir='ltr' id='par_1_41' title="bbox 462 2472 1083 2529">
     <span class='ocr_line' id='line_1_41' title="bbox 462 2472 1083 2529; baseline -0.008 0"><span class='ocrx_word' id='word_1_310' title='bbox 462 2473 731 2529; x_wconf 90' lang='lat' dir='ltr'>animum</span> <span class='ocrx_word' id='word_1_311' title='bbox 763 2472 1083 2527; x_wconf 90' lang='lat' dir='ltr'>oblectare.</span> 
     </span>
    </p>
   </div>
   <div class='ocr_carea' id='block_1_42' title="bbox 535 2557 2114 2630">
    <p class='ocr_par' dir='ltr' id='par_1_42' title="bbox 535 2557 2114 2630">
     <span class='ocr_line' id='line_1_42' title="bbox 535 2557 2114 2630; baseline -0.004 -10"><span class='ocrx_word' id='word_1_312' title='bbox 535 2565 667 2620; x_wconf 75' lang='lat' dir='ltr'>Haec</span> <span class='ocrx_word' id='word_1_313' title='bbox 693 2569 761 2620; x_wconf 91' lang='lat' dir='ltr'>ut</span> <span class='ocrx_word' id='word_1_314' title='bbox 789 2580 892 2618; x_wconf 90' lang='lat' dir='ltr'>rex</span> <span class='ocrx_word' id='word_1_315' title='bbox 923 2562 1166 2630; x_wconf 87' lang='lat' dir='ltr'>audivit,</span> <span class='ocrx_word' id='word_1_316' title='bbox 1200 2560 1480 2618; x_wconf 73' lang='lat' dir='ltr'>mmstitia</span> <span class='ocrx_word' id='word_1_317' title='bbox 1511 2561 1757 2616; x_wconf 80' lang='lat' dir='ltr'>affectus</span> <span class='ocrx_word' id='word_1_318' title='bbox 1791 2564 1898 2627; x_wconf 89' lang='lat' dir='ltr'>est,</span> <span class='ocrx_word' id='word_1_319' title='bbox 1933 2557 2114 2614; x_wconf 89' lang='lat' dir='ltr'>illud-</span> 
     </span>
    </p>
   </div>
   <div class='ocr_carea' id='block_1_43' title="bbox 464 2650 2113 2728">
    <p class='ocr_par' dir='ltr' id='par_1_43' title="bbox 464 2650 2113 2728">
     <span class='ocr_line' id='line_1_43' title="bbox 464 2650 2113 2728; baseline -0.004 -17"><span class='ocrx_word' id='word_1_320' title='bbox 464 2671 581 2727; x_wconf 92' lang='lat' dir='ltr'>que</span> <span class='ocrx_word' id='word_1_321' title='bbox 611 2654 909 2728; x_wconf 81' lang='lat' dir='ltr'>cogitabat</span> <span class='ocrx_word' id='word_1_322' title='bbox 938 2653 1088 2720; x_wconf 87' lang='lat' dir='ltr'>fore,</span> <span class='ocrx_word' id='word_1_323' title='bbox 1121 2658 1187 2708; x_wconf 91' lang='lat' dir='ltr'>ut</span> <span class='ocrx_word' id='word_1_324' title='bbox 1217 2653 1264 2708; x_wconf 89' lang='lat' dir='ltr'>si</span> <span class='ocrx_word' id='word_1_325' title='bbox 1297 2652 1383 2707; x_wconf 92' lang='lat' dir='ltr'>illi</span> <span class='ocrx_word' id='word_1_326' title='bbox 1416 2652 1573 2723; x_wconf 93' lang='lat' dir='ltr'>quod</span> <span class='ocrx_word' id='word_1_327' title='bbox 1603 2651 1845 2723; x_wconf 89' lang='lat' dir='ltr'>petebat</span> <span class='ocrx_word' id='word_1_328' title='bbox 1866 2650 2113 2722; x_wconf 86' lang='lat' dir='ltr'>denega-</span> 
     </span>
    </p>
   </div>
   <div class='ocr_carea' id='block_1_44' title="bbox 458 2741 2112 2818">
    <p class='ocr_par' dir='ltr' id='par_1_44' title="bbox 458 2741 2112 2818">
     <span class='ocr_line' id='line_1_44' title="bbox 458 2741 2112 2818; baseline -0.004 -18"><span class='ocrx_word' id='word_1_329' title='bbox 458 2750 570 2814; x_wconf 88' lang='lat' dir='ltr'>ret,</span> <span class='ocrx_word' id='word_1_330' title='bbox 606 2745 895 2818; x_wconf 90' lang='lat' dir='ltr'>majorem</span> <span class='ocrx_word' id='word_1_331' title='bbox 927 2745 978 2800; x_wconf 93' lang='lat' dir='ltr'>ei</span> <span class='ocrx_word' id='word_1_332' title='bbox 1015 2760 1326 2799; x_wconf 72' lang='lat' dir='ltr'>mmrorem</span> <span class='ocrx_word' id='word_1_333' title='bbox 1354 2759 1421 2798; x_wconf 91' lang='lat' dir='ltr'>ac</span> <span class='ocrx_word' id='word_1_334' title='bbox 1453 2741 1917 2797; x_wconf 90' lang='lat' dir='ltr'>sollicitudinem</span> <span class='ocrx_word' id='word_1_335' title='bbox 1941 2741 2112 2795; x_wconf 81' lang='lat' dir='ltr'>ail‘er-</span> 
     </span>
    </p>
   </div>
   <div class='ocr_carea' id='block_1_45' title="bbox 458 2830 2115 2906">
    <p class='ocr_par' dir='ltr' id='par_1_45' title="bbox 458 2830 2115 2906">
     <span class='ocr_line' id='line_1_45' title="bbox 458 2830 2115 2906; baseline -0.004 -16"><span class='ocrx_word' id='word_1_336' title='bbox 458 2839 569 2890; x_wconf 90' lang='lat' dir='ltr'>ret.</span> <span class='ocrx_word' id='word_1_337' title='bbox 603 2835 891 2901; x_wconf 90' lang='lat' dir='ltr'>Quocirca</span> <span class='ocrx_word' id='word_1_338' title='bbox 918 2852 979 2891; x_wconf 89' lang='lat' dir='ltr'>se</span> <span class='ocrx_word' id='word_1_339' title='bbox 1015 2851 1147 2906; x_wconf 64' lang='lat' dir='ltr'>qua:</span> <span class='ocrx_word' id='word_1_340' title='bbox 1196 2839 1362 2906; x_wconf 86' lang='lat' dir='ltr'>grata</span> <span class='ocrx_word' id='word_1_341' title='bbox 1409 2832 1522 2905; x_wconf 88' lang='lat' dir='ltr'>ipsi</span> <span class='ocrx_word' id='word_1_342' title='bbox 1571 2836 1772 2888; x_wconf 89' lang='lat' dir='ltr'>essent</span> <span class='ocrx_word' id='word_1_343' title='bbox 1817 2830 2115 2886; x_wconf 84' lang='lat' dir='ltr'>facturum</span> 
     </span>
    </p>
   </div>
   <div class='ocr_carea' id='block_1_46' title="bbox 459 2921 2114 2995">
    <p class='ocr_par' dir='ltr' id='par_1_46' title="bbox 459 2921 2114 2995">
     <span class='ocr_line' id='line_1_46' title="bbox 459 2921 2114 2995; baseline -0.004 -15"><span class='ocrx_word' id='word_1_344' title='bbox 459 2923 627 2982; x_wconf 85' lang='lat' dir='ltr'>dixit.</span> <span class='ocrx_word' id='word_1_345' title='bbox 654 2928 734 2981; x_wconf 85' lang='lat' dir='ltr'>Ac</span> <span class='ocrx_word' id='word_1_346' title='bbox 757 2926 956 2980; x_wconf 91' lang='lat' dir='ltr'>statim</span> <span class='ocrx_word' id='word_1_347' title='bbox 971 2924 1220 2979; x_wconf 86' lang='lat' dir='ltr'>eximios</span> <span class='ocrx_word' id='word_1_348' title='bbox 1239 2939 1502 2995; x_wconf 89' lang='lat' dir='ltr'>equosac</span> <span class='ocrx_word' id='word_1_349' title='bbox 1525 2921 1848 2978; x_wconf 90' lang='lat' dir='ltr'>satellitum</span> <span class='ocrx_word' id='word_1_350' title='bbox 1870 2936 2114 2975; x_wconf 91' lang='lat' dir='ltr'>manum</span> 
     </span>
    </p>
   </div>
   <div class='ocr_carea' id='block_1_47' title="bbox 461 3009 2116 3087">
    <p class='ocr_par' dir='ltr' id='par_1_47' title="bbox 461 3009 2116 3087">
     <span class='ocr_line' id='line_1_47' title="bbox 461 3009 2116 3087; baseline -0.004 -18"><span class='ocrx_word' id='word_1_351' title='bbox 461 3015 638 3087; x_wconf 67' lang='lat' dir='ltr'>regia:</span> <span class='ocrx_word' id='word_1_352' title='bbox 665 3015 936 3087; x_wconf 85' lang='lat' dir='ltr'>dignitati</span> <span class='ocrx_word' id='word_1_353' title='bbox 952 3017 1375 3085; x_wconf 88' lang='lat' dir='ltr'>congruentem</span> <span class='ocrx_word' id='word_1_354' title='bbox 1394 3012 1587 3084; x_wconf 90' lang='lat' dir='ltr'>parari</span> <span class='ocrx_word' id='word_1_355' title='bbox 1605 3011 1806 3082; x_wconf 84' lang='lat' dir='ltr'>jussit,</span> <span class='ocrx_word' id='word_1_356' title='bbox 1837 3011 2010 3080; x_wconf 89' lang='lat' dir='ltr'>eique</span> <span class='ocrx_word' id='word_1_357' title='bbox 2027 3009 2116 3063; x_wconf 86' lang='lat' dir='ltr'>fo-</span> 
     </span>
    </p>
   </div>
   <div class='ocr_carea' id='block_1_48' title="bbox 461 3098 2118 3174">
    <p class='ocr_par' dir='ltr' id='par_1_48' title="bbox 461 3098 2118 3174">
     <span class='ocr_line' id='line_1_48' title="bbox 461 3098 2118 3174; baseline -0.003 -16"><span class='ocrx_word' id='word_1_358' title='bbox 461 3120 580 3170; x_wconf 90' lang='lat' dir='ltr'>ras,</span> <span class='ocrx_word' id='word_1_359' title='bbox 604 3103 836 3174; x_wconf 91' lang='lat' dir='ltr'>quoties</span> <span class='ocrx_word' id='word_1_360' title='bbox 859 3101 1479 3173; x_wconf 87' lang='lat' dir='ltr'>vellet,progrediendi</span> <span class='ocrx_word' id='word_1_361' title='bbox 1504 3105 1856 3171; x_wconf 90' lang='lat' dir='ltr'>potestatem</span> <span class='ocrx_word' id='word_1_362' title='bbox 1873 3098 2118 3154; x_wconf 80' lang='lat' dir='ltr'>fecit.lis</span> 
     </span>
    </p>
   </div>
   <div class='ocr_carea' id='block_1_49' title="bbox 461 3188 2118 3264">
    <p class='ocr_par' dir='ltr' id='par_1_49' title="bbox 461 3188 2118 3264">
     <span class='ocr_line' id='line_1_49' title="bbox 461 3188 2118 3264; baseline -0.002 -16"><span class='ocrx_word' id='word_1_363' title='bbox 461 3198 662 3249; x_wconf 90' lang='lat' dir='ltr'>autem</span> <span class='ocrx_word' id='word_1_364' title='bbox 684 3192 786 3264; x_wconf 91' lang='lat' dir='ltr'>qui</span> <span class='ocrx_word' id='word_1_365' title='bbox 805 3208 942 3246; x_wconf 91' lang='lat' dir='ltr'>cum</span> <span class='ocrx_word' id='word_1_366' title='bbox 965 3208 1032 3247; x_wconf 91' lang='lat' dir='ltr'>eo</span> <span class='ocrx_word' id='word_1_367' title='bbox 1054 3191 1445 3246; x_wconf 85' lang='lat' dir='ltr'>versabantur</span> <span class='ocrx_word' id='word_1_368' title='bbox 1466 3206 1844 3261; x_wconf 88' lang='lat' dir='ltr'>summopere</span> <span class='ocrx_word' id='word_1_369' title='bbox 1867 3188 2118 3244; x_wconf 90' lang='lat' dir='ltr'>manda-</span> 
     </span>
    </p>
   </div>
   <div class='ocr_carea' id='block_1_50' title="bbox 459 3249 2189 3352">
    <p class='ocr_par' dir='ltr' id='par_1_50' title="bbox 459 3249 2189 3352">
     <span class='ocr_line' id='line_1_50' title="bbox 459 3249 2189 3352; baseline -0.001 -17"><span class='ocrx_word' id='word_1_370' title='bbox 459 3282 542 3336; x_wconf 87' lang='lat' dir='ltr'>vit</span> <span class='ocrx_word' id='word_1_371' title='bbox 569 3288 635 3336; x_wconf 92' lang='lat' dir='ltr'>ut</span> <span class='ocrx_word' id='word_1_372' title='bbox 665 3249 943 3338; x_wconf 74' lang='lat' dir='ltr'>curarent</span> <span class='ocrx_word' id='word_1_373' title='bbox 972 3299 1046 3336; x_wconf 88' lang='lat' dir='ltr'>ne</span> <span class='ocrx_word' id='word_1_374' title='bbox 1071 3280 1212 3352; x_wconf 90' lang='lat' dir='ltr'>quid</span> <span class='ocrx_word' id='word_1_375' title='bbox 1232 3279 1545 3352; x_wconf 88' lang='lat' dir='ltr'>injucundi</span> <span class='ocrx_word' id='word_1_376' title='bbox 1578 3249 1808 3334; x_wconf 73' lang='lat' dir='ltr'>obviam</span> <span class='ocrx_word' id='word_1_377' title='bbox 1831 3279 2113 3344; x_wconf 87' lang='lat' dir='ltr'>haberet;</span> <span class='ocrx_word' id='word_1_378' title='bbox 2146 3249 2189 3316; x_wconf 69' lang='grc' dir='ltr'>θ</span> 
     </span>
    </p>
   </div>
   <div class='ocr_carea' id='block_1_51' title="bbox 460 3369 2114 3443">
    <p class='ocr_par' dir='ltr' id='par_1_51' title="bbox 460 3369 2114 3443">
     <span class='ocr_line' id='line_1_51' title="bbox 460 3369 2114 3443; baseline -0.002 -17"><span class='ocrx_word' id='word_1_379' title='bbox 460 3388 664 3427; x_wconf 90' lang='lat' dir='ltr'>verum</span> <span class='ocrx_word' id='word_1_380' title='bbox 696 3370 988 3443; x_wconf 90' lang='lat' dir='ltr'>quidquid</span> <span class='ocrx_word' id='word_1_381' title='bbox 1032 3370 1346 3442; x_wconf 89' lang='lat' dir='ltr'>pulchrum</span> <span class='ocrx_word' id='word_1_382' title='bbox 1381 3376 1438 3425; x_wconf 93' lang='lat' dir='ltr'>et</span> <span class='ocrx_word' id='word_1_383' title='bbox 1475 3385 1775 3425; x_wconf 72' lang='lat' dir='ltr'>ammnum</span> <span class='ocrx_word' id='word_1_384' title='bbox 1809 3369 2114 3440; x_wconf 86' lang='lat' dir='ltr'>acjucun-</span> 
     </span>
    </p>
   </div>
   <div class='ocr_carea' id='block_1_52' title="bbox 463 3459 2114 3534">
    <p class='ocr_par' dir='ltr' id='par_1_52' title="bbox 463 3459 2114 3534">
     <span class='ocr_line' id='line_1_52' title="bbox 463 3459 2114 3534; baseline -0.002 -16"><span class='ocrx_word' id='word_1_385' title='bbox 463 3462 606 3518; x_wconf 92' lang='lat' dir='ltr'>dum</span> <span class='ocrx_word' id='word_1_386' title='bbox 638 3467 815 3529; x_wconf 85' lang='lat' dir='ltr'>esset,</span> <span class='ocrx_word' id='word_1_387' title='bbox 849 3461 960 3534; x_wconf 90' lang='lat' dir='ltr'>ipsi</span> <span class='ocrx_word' id='word_1_388' title='bbox 1021 3460 1447 3527; x_wconf 82' lang='lat' dir='ltr'>ostenderent;</span> <span class='ocrx_word' id='word_1_389' title='bbox 1480 3461 1846 3532; x_wconf 84' lang='lat' dir='ltr'>choreasque</span> <span class='ocrx_word' id='word_1_390' title='bbox 1891 3459 1952 3514; x_wconf 93' lang='lat' dir='ltr'>in</span> <span class='ocrx_word' id='word_1_391' title='bbox 2005 3459 2114 3515; x_wconf 90' lang='lat' dir='ltr'>viis</span> 
     </span>
    </p>
   </div>
   <div class='ocr_carea' id='block_1_53' title="bbox 461 3547 2117 3625">
    <p class='ocr_par' dir='ltr' id='par_1_53' title="bbox 461 3547 2117 3625">
     <span class='ocr_line' id='line_1_53' title="bbox 461 3547 2117 3625; baseline -0.002 -17"><span class='ocrx_word' id='word_1_392' title='bbox 461 3551 777 3625; x_wconf 73' lang='lat' dir='ltr'>agitarent,</span> <span class='ocrx_word' id='word_1_393' title='bbox 803 3551 1291 3623; x_wconf 89' lang='lat' dir='ltr'>suavissimisque</span> <span class='ocrx_word' id='word_1_394' title='bbox 1320 3550 1699 3606; x_wconf 91' lang='lat' dir='ltr'>cantionibus</span> <span class='ocrx_word' id='word_1_395' title='bbox 1731 3566 1973 3621; x_wconf 89' lang='lat' dir='ltr'>operam</span> <span class='ocrx_word' id='word_1_396' title='bbox 2010 3547 2117 3604; x_wconf 89' lang='lat' dir='ltr'>da-</span> 
     </span>
    </p>
   </div>
   <div class='ocr_carea' id='block_1_54' title="bbox 459 3640 2114 3714">
    <p class='ocr_par' dir='ltr' id='par_1_54' title="bbox 459 3640 2114 3714">
     <span class='ocr_line' id='line_1_54' title="bbox 459 3640 2114 3714; baseline -0.001 -16"><span class='ocrx_word' id='word_1_397' title='bbox 459 3647 616 3707; x_wconf 89' lang='lat' dir='ltr'>rent,</span> <span class='ocrx_word' id='word_1_398' title='bbox 649 3658 717 3698; x_wconf 89' lang='lat' dir='ltr'>ac</span> <span class='ocrx_word' id='word_1_399' title='bbox 763 3643 923 3698; x_wconf 89' lang='lat' dir='ltr'>varia</span> <span class='ocrx_word' id='word_1_400' title='bbox 971 3641 1311 3714; x_wconf 89' lang='lat' dir='ltr'>spectacula</span> <span class='ocrx_word' id='word_1_401' title='bbox 1361 3642 1811 3707; x_wconf 83' lang='lat' dir='ltr'>constituerent,</span> <span class='ocrx_word' id='word_1_402' title='bbox 1866 3646 1933 3695; x_wconf 92' lang='lat' dir='ltr'>ut</span> <span class='ocrx_word' id='word_1_403' title='bbox 1987 3640 2114 3712; x_wconf 91' lang='lat' dir='ltr'>ipse</span> 
     </span>
    </p>
   </div>
   <div class='ocr_carea' id='block_1_55' title="bbox 460 3731 2003 3805">
    <p class='ocr_par' dir='ltr' id='par_1_55' title="bbox 460 3731 2003 3805">
     <span class='ocr_line' id='line_1_55' title="bbox 460 3731 2003 3805; baseline -0.001 -17"><span class='ocrx_word' id='word_1_404' title='bbox 460 3737 725 3789; x_wconf 86' lang='lat' dir='ltr'>mentem</span> <span class='ocrx_word' id='word_1_405' title='bbox 757 3732 851 3789; x_wconf 90' lang='lat' dir='ltr'>his</span> <span class='ocrx_word' id='word_1_406' title='bbox 883 3732 1064 3788; x_wconf 90' lang='lat' dir='ltr'>rebus</span> <span class='ocrx_word' id='word_1_407' title='bbox 1098 3738 1420 3805; x_wconf 89' lang='lat' dir='ltr'>occuparet</span> <span class='ocrx_word' id='word_1_408' title='bbox 1448 3738 1627 3803; x_wconf 89' lang='lat' dir='ltr'>atque</span> <span class='ocrx_word' id='word_1_409' title='bbox 1657 3731 2003 3787; x_wconf 89' lang='lat' dir='ltr'>oblectaret.</span> 
     </span>
    </p>
   </div>
   <div class='ocr_carea' id='block_1_56' title="bbox 533 3910 2116 3988">
    <p class='ocr_par' dir='ltr' id='par_1_56' title="bbox 533 3910 2116 3988">
     <span class='ocr_line' id='line_1_56' title="bbox 533 3910 2116 3988; baseline -0.001 -20"><span class='ocrx_word' id='word_1_410' title='bbox 533 3914 679 3970; x_wconf 91' lang='lat' dir='ltr'>Cum</span> <span class='ocrx_word' id='word_1_411' title='bbox 698 3911 878 3988; x_wconf 88' lang='lat' dir='ltr'>igitur</span> <span class='ocrx_word' id='word_1_412' title='bbox 897 3912 1053 3986; x_wconf 83' lang='lat' dir='ltr'>regis</span> <span class='ocrx_word' id='word_1_413' title='bbox 1072 3913 1231 3969; x_wconf 78' lang='lat' dir='ltr'>ﬁlius</span> <span class='ocrx_word' id='word_1_414' title='bbox 1249 3911 1322 3969; x_wconf 89' lang='lat' dir='ltr'>ad</span> <span class='ocrx_word' id='word_1_415' title='bbox 1335 3911 1495 3968; x_wconf 91' lang='lat' dir='ltr'>hunc</span> <span class='ocrx_word' id='word_1_416' title='bbox 1533 3910 1775 3968; x_wconf 92' lang='lat' dir='ltr'>modum</span> <span class='ocrx_word' id='word_1_417' title='bbox 1808 3911 1966 3967; x_wconf 82' lang='lat' dir='ltr'>foras</span> <span class='ocrx_word' id='word_1_418' title='bbox 1985 3927 2116 3967; x_wconf 89' lang='lat' dir='ltr'>cre-</span> 
     </span>
    </p>
   </div>
   <div class='ocr_carea' id='block_1_57' title="bbox 459 4001 2116 4077">
    <p class='ocr_par' dir='ltr' id='par_1_57' title="bbox 459 4001 2116 4077">
     <span class='ocr_line' id='line_1_57' title="bbox 459 4001 2116 4077; baseline -0.002 -17"><span class='ocrx_word' id='word_1_419' title='bbox 459 4003 566 4060; x_wconf 89' lang='lat' dir='ltr'>bro</span> <span class='ocrx_word' id='word_1_420' title='bbox 589 4003 1066 4077; x_wconf 89' lang='lat' dir='ltr'>progrederetur,</span> <span class='ocrx_word' id='word_1_421' title='bbox 1102 4004 1359 4076; x_wconf 86' lang='lat' dir='ltr'>quadam</span> <span class='ocrx_word' id='word_1_422' title='bbox 1391 4002 1487 4058; x_wconf 90' lang='lat' dir='ltr'>die</span> <span class='ocrx_word' id='word_1_423' title='bbox 1525 4003 1940 4058; x_wconf 89' lang='lat' dir='ltr'>ministrorum</span> <span class='ocrx_word' id='word_1_424' title='bbox 1963 4001 2116 4057; x_wconf 90' lang='lat' dir='ltr'>obli-</span> 
     </span>
    </p>
   </div>
   <div class='ocr_carea' id='block_1_58' title="bbox 460 4092 2114 4165">
    <p class='ocr_par' dir='ltr' id='par_1_58' title="bbox 460 4092 2114 4165">
     <span class='ocr_line' id='line_1_58' title="bbox 460 4092 2114 4165; baseline -0.001 -17"><span class='ocrx_word' id='word_1_425' title='bbox 460 4093 632 4150; x_wconf 85' lang='lat' dir='ltr'>vione</span> <span class='ocrx_word' id='word_1_426' title='bbox 661 4093 884 4149; x_wconf 84' lang='lat' dir='ltr'>factum</span> <span class='ocrx_word' id='word_1_427' title='bbox 907 4099 996 4149; x_wconf 89' lang='lat' dir='ltr'>est</span> <span class='ocrx_word' id='word_1_428' title='bbox 1015 4099 1081 4149; x_wconf 90' lang='lat' dir='ltr'>ut</span> <span class='ocrx_word' id='word_1_429' title='bbox 1101 4093 1252 4149; x_wconf 91' lang='lat' dir='ltr'>duos</span> <span class='ocrx_word' id='word_1_430' title='bbox 1272 4093 1426 4148; x_wconf 90' lang='lat' dir='ltr'>viros</span> <span class='ocrx_word' id='word_1_431' title='bbox 1449 4092 1832 4165; x_wconf 85' lang='lat' dir='ltr'>perspiceret,</span> <span class='ocrx_word' id='word_1_432' title='bbox 1859 4108 2114 4164; x_wconf 90' lang='lat' dir='ltr'>quorum</span> 
     </span>
    </p>
   </div>
   <div class='ocr_carea' id='block_1_59' title="bbox 462 4181 2114 4256">
    <p class='ocr_par' dir='ltr' id='par_1_59' title="bbox 462 4181 2114 4256">
     <span class='ocr_line' id='line_1_59' title="bbox 462 4181 2114 4256; baseline -0.002 -16"><span class='ocrx_word' id='word_1_433' title='bbox 462 4183 615 4240; x_wconf 86' lang='lat' dir='ltr'>alter</span> <span class='ocrx_word' id='word_1_434' title='bbox 641 4183 830 4256; x_wconf 79' lang='lat' dir='ltr'>lepra,</span> <span class='ocrx_word' id='word_1_435' title='bbox 854 4182 1008 4239; x_wconf 90' lang='lat' dir='ltr'>alter</span> <span class='ocrx_word' id='word_1_436' title='bbox 1025 4184 1289 4239; x_wconf 67' lang='lat' dir='ltr'>caecitate</span> <span class='ocrx_word' id='word_1_437' title='bbox 1303 4183 1793 4248; x_wconf 72' lang='lat' dir='ltr'>laborabaLQuos</span> <span class='ocrx_word' id='word_1_438' title='bbox 1807 4181 2114 4253; x_wconf 90' lang='lat' dir='ltr'>conspica-</span> 
     </span>
    </p>
   </div>
   <div class='ocr_carea' id='block_1_60' title="bbox 461 4272 2113 4345">
    <p class='ocr_par' dir='ltr' id='par_1_60' title="bbox 461 4272 2113 4345">
     <span class='ocr_line' id='line_1_60' title="bbox 461 4272 2113 4345; baseline -0.001 -16"><span class='ocrx_word' id='word_1_439' title='bbox 461 4278 581 4342; x_wconf 90' lang='lat' dir='ltr'>tus,</span> <span class='ocrx_word' id='word_1_440' title='bbox 613 4279 792 4345; x_wconf 90' lang='lat' dir='ltr'>atque</span> <span class='ocrx_word' id='word_1_441' title='bbox 813 4273 998 4329; x_wconf 90' lang='lat' dir='ltr'>animi</span> <span class='ocrx_word' id='word_1_442' title='bbox 1023 4275 1300 4330; x_wconf 74' lang='lat' dir='ltr'>mmstitia</span> <span class='ocrx_word' id='word_1_443' title='bbox 1317 4276 1586 4341; x_wconf 81' lang='lat' dir='ltr'>ail&#39;ectus,</span> <span class='ocrx_word' id='word_1_444' title='bbox 1602 4272 1673 4329; x_wconf 89' lang='lat' dir='ltr'>ab</span> <span class='ocrx_word' id='word_1_445' title='bbox 1697 4274 1769 4328; x_wconf 90' lang='lat' dir='ltr'>iis</span> <span class='ocrx_word' id='word_1_446' title='bbox 1792 4274 1891 4345; x_wconf 92' lang='lat' dir='ltr'>qui</span> <span class='ocrx_word' id='word_1_447' title='bbox 1913 4289 2113 4329; x_wconf 90' lang='lat' dir='ltr'>secum</span> 
     </span>
    </p>
   </div>
   <div class='ocr_carea' id='block_1_61' title="bbox 459 4363 2118 4437">
    <p class='ocr_par' dir='ltr' id='par_1_61' title="bbox 459 4363 2118 4437">
     <span class='ocr_line' id='line_1_61' title="bbox 459 4363 2118 4437; baseline 0 -18"><span class='ocrx_word' id='word_1_448' title='bbox 459 4369 634 4419; x_wconf 90' lang='lat' dir='ltr'>erant</span> <span class='ocrx_word' id='word_1_449' title='bbox 654 4363 899 4435; x_wconf 90' lang='lat' dir='ltr'>quinam</span> <span class='ocrx_word' id='word_1_450' title='bbox 923 4363 981 4418; x_wconf 92' lang='lat' dir='ltr'>hi</span> <span class='ocrx_word' id='word_1_451' title='bbox 1007 4369 1292 4432; x_wconf 90' lang='lat' dir='ltr'>essent,et</span> <span class='ocrx_word' id='word_1_452' title='bbox 1309 4363 1607 4436; x_wconf 87' lang='lat' dir='ltr'>quodnam</span> <span class='ocrx_word' id='word_1_453' title='bbox 1632 4380 1802 4437; x_wconf 88' lang='lat' dir='ltr'>grave</span> <span class='ocrx_word' id='word_1_454' title='bbox 1826 4363 1936 4418; x_wconf 92' lang='lat' dir='ltr'>hoc</span> <span class='ocrx_word' id='word_1_455' title='bbox 1956 4379 2118 4434; x_wconf 89' lang='lat' dir='ltr'>spec-</span> 
     </span>
    </p>
   </div>
   <div class='ocr_carea' id='block_1_62' title="bbox 464 4452 2116 4525">
    <p class='ocr_par' dir='ltr' id='par_1_62' title="bbox 464 4452 2116 4525">
     <span class='ocr_line' id='line_1_62' title="bbox 464 4452 2116 4525; baseline 0 -17"><span class='ocrx_word' id='word_1_456' title='bbox 464 4452 727 4508; x_wconf 88' lang='lat' dir='ltr'>taculum</span> <span class='ocrx_word' id='word_1_457' title='bbox 762 4458 939 4522; x_wconf 87' lang='lat' dir='ltr'>esset,</span> <span class='ocrx_word' id='word_1_458' title='bbox 963 4460 1344 4525; x_wconf 89' lang='lat' dir='ltr'>percontatus</span> <span class='ocrx_word' id='word_1_459' title='bbox 1383 4459 1500 4520; x_wconf 87' lang='lat' dir='ltr'>est;</span> <span class='ocrx_word' id='word_1_460' title='bbox 1527 4453 1614 4507; x_wconf 92' lang='lat' dir='ltr'>illi</span> <span class='ocrx_word' id='word_1_461' title='bbox 1637 4459 1857 4514; x_wconf 80' lang='lat' dir='ltr'>autem.</span> <span class='ocrx_word' id='word_1_462' title='bbox 1893 4470 2028 4507; x_wconf 91' lang='lat' dir='ltr'>cum</span> <span class='ocrx_word' id='word_1_463' title='bbox 2057 4453 2116 4508; x_wconf 91' lang='lat' dir='ltr'>id</span> 
     </span>
    </p>
   </div>
   <div class='ocr_carea' id='block_1_63' title="bbox 462 4542 2119 4615">
    <p class='ocr_par' dir='ltr' id='par_1_63' title="bbox 462 4542 2119 4615">
     <span class='ocr_line' id='line_1_63' title="bbox 462 4542 2119 4615; baseline 0.001 -18"><span class='ocrx_word' id='word_1_464' title='bbox 462 4542 621 4614; x_wconf 88' lang='lat' dir='ltr'>quod</span> <span class='ocrx_word' id='word_1_465' title='bbox 643 4542 704 4598; x_wconf 90' lang='lat' dir='ltr'>in</span> <span class='ocrx_word' id='word_1_466' title='bbox 727 4543 916 4615; x_wconf 88' lang='lat' dir='ltr'>ipsius</span> <span class='ocrx_word' id='word_1_467' title='bbox 935 4550 1241 4615; x_wconf 89' lang='lat' dir='ltr'>aspectum</span> <span class='ocrx_word' id='word_1_468' title='bbox 1261 4549 1503 4600; x_wconf 89' lang='lat' dir='ltr'>venerat</span> <span class='ocrx_word' id='word_1_469' title='bbox 1524 4543 1821 4599; x_wconf 90' lang='lat' dir='ltr'>occultare</span> <span class='ocrx_word' id='word_1_470' title='bbox 1844 4560 1964 4597; x_wconf 92' lang='lat' dir='ltr'>non</span> <span class='ocrx_word' id='word_1_471' title='bbox 1987 4560 2119 4614; x_wconf 87' lang='lat' dir='ltr'>pos-</span> 
     </span>
    </p>
   </div>
   <div class='ocr_carea' id='block_1_64' title="bbox 2226 1933 3850 2013">
    <p class='ocr_par' dir='ltr' id='par_1_64' title="bbox 2226 1933 3850 2013">
     <span class='ocr_line' id='line_1_64' title="bbox 2226 1933 3850 2013; baseline -0.004 -21"><span class='ocrx_word' id='word_1_472' title='bbox 2226 1937 2381 1992; x_wconf 82' lang='grc' dir='ltr'>πόσιν</span> <span class='ocrx_word' id='word_1_473' title='bbox 2415 1933 2558 2006; x_wconf 87' lang='grc' dir='ltr'>ἀηδῆ</span> <span class='ocrx_word' id='word_1_474' title='bbox 2595 1958 2688 2010; x_wconf 90' lang='grc' dir='ltr'>μοι</span> <span class='ocrx_word' id='word_1_475' title='bbox 2720 1937 3142 2013; x_wconf 62' lang='grc' dir='ltr'>καταφαίνεσθαι</span> <span class='ocrx_word' id='word_1_476' title='bbox 3177 1938 3287 2008; x_wconf 72' lang='grc'>(76)</span> <span class='ocrx_word' id='word_1_477' title='bbox 3318 1933 3409 1989; x_wconf 81' lang='grc' dir='ltr'>καὶ</span> <span class='ocrx_word' id='word_1_478' title='bbox 3441 1934 3662 2010; x_wconf 70' lang='grc' dir='ltr'>πικράν.</span> <span class='ocrx_word' id='word_1_479' title='bbox 3716 1933 3850 1988; x_wconf 84' lang='grc' dir='ltr'>Ποθῶ</span> 
     </span>
    </p>
   </div>
   <div class='ocr_carea' id='block_1_65' title="bbox 2223 2020 3850 2103">
    <p class='ocr_par' dir='ltr' id='par_1_65' title="bbox 2223 2020 3850 2103">
     <span class='ocr_line' id='line_1_65' title="bbox 2223 2020 3850 2103; baseline -0.004 -21"><span class='ocrx_word' id='word_1_480' title='bbox 2223 2027 2322 2102; x_wconf 67' lang='grc' dir='ltr'>γὰρ</span> <span class='ocrx_word' id='word_1_481' title='bbox 2351 2031 2480 2103; x_wconf 79' lang='grc' dir='ltr'>ὸρᾷν</span> <span class='ocrx_word' id='word_1_482' title='bbox 2508 2026 2681 2081; x_wconf 75' lang='grc' dir='ltr'>πάντα</span> <span class='ocrx_word' id='word_1_483' title='bbox 2719 2027 2786 2082; x_wconf 86' lang='grc' dir='ltr'>τά</span> <span class='ocrx_word' id='word_1_484' title='bbox 2836 2022 2937 2097; x_wconf 76' lang='grc' dir='ltr'>ἔξω</span> <span class='ocrx_word' id='word_1_485' title='bbox 2983 2030 3092 2082; x_wconf 81' lang='grc' dir='ltr'>τῶν</span> <span class='ocrx_word' id='word_1_486' title='bbox 3145 2023 3337 2080; x_wconf 85' lang='grc' dir='ltr'>πυλῶν</span> <span class='ocrx_word' id='word_1_487' title='bbox 3391 2024 3622 2082; x_wconf 88' lang='grc' dir='ltr'>τούτων,</span> <span class='ocrx_word' id='word_1_488' title='bbox 3671 2021 3734 2080; x_wconf 76' lang='lat' dir='ltr'>Ei</span> <span class='ocrx_word' id='word_1_489' title='bbox 3777 2020 3850 2076; x_wconf 76' lang='grc' dir='ltr'>οὖν</span> 
     </span>
    </p>
   </div>
   <div class='ocr_carea' id='block_1_66' title="bbox 2231 2111 3850 2193">
    <p class='ocr_par' dir='ltr' id='par_1_66' title="bbox 2231 2111 3850 2193">
     <span class='ocr_line' id='line_1_66' title="bbox 2231 2111 3850 2193; baseline -0.004 -21"><span class='ocrx_word' id='word_1_490' title='bbox 2231 2116 2419 2193; x_wconf 85' lang='grc' dir='ltr'>βούλει</span> <span class='ocrx_word' id='word_1_491' title='bbox 2449 2117 2499 2172; x_wconf 79' lang='grc' dir='ltr'>ἐν</span> <span class='ocrx_word' id='word_1_492' title='bbox 2531 2115 2696 2191; x_wconf 77' lang='grc' dir='ltr'>ὀδύνῃ</span> <span class='ocrx_word' id='word_1_493' title='bbox 2750 2118 2825 2191; x_wconf 79' lang='grc' dir='ltr'>μὴ</span> <span class='ocrx_word' id='word_1_494' title='bbox 2890 2120 2987 2190; x_wconf 77' lang='grc' dir='ltr'>ζῇν</span> <span class='ocrx_word' id='word_1_495' title='bbox 3051 2136 3140 2189; x_wconf 87' lang='grc' dir='ltr'>με,</span> <span class='ocrx_word' id='word_1_496' title='bbox 3195 2114 3456 2171; x_wconf 80' lang='grc' dir='ltr'>κέλευσον</span> <span class='ocrx_word' id='word_1_497' title='bbox 3517 2111 3850 2188; x_wconf 69' lang='grc' dir='ltr'>προέρχεσθαι</span> 
     </span>
    </p>
   </div>
   <div class='ocr_carea' id='block_1_67' title="bbox 2225 2201 3852 2284">
    <p class='ocr_par' dir='ltr' id='par_1_67' title="bbox 2225 2201 3852 2284">
     <span class='ocr_line' id='line_1_67' title="bbox 2225 2201 3852 2284; baseline -0.004 -22"><span class='ocrx_word' id='word_1_498' title='bbox 2225 2209 2406 2271; x_wconf 86' lang='grc' dir='ltr'>καθὼς</span> <span class='ocrx_word' id='word_1_499' title='bbox 2439 2206 2736 2284; x_wconf 86' lang='grc' dir='ltr'>βούλομαι,</span> <span class='ocrx_word' id='word_1_500' title='bbox 2778 2205 2868 2262; x_wconf 81' lang='grc' dir='ltr'>καὶ</span> <span class='ocrx_word' id='word_1_501' title='bbox 2921 2207 3208 2281; x_wconf 83' lang='grc' dir='ltr'>τέρπεσθαι</span> <span class='ocrx_word' id='word_1_502' title='bbox 3260 2206 3361 2276; x_wconf 72' lang='grc' dir='ltr'>τήν</span> <span class='ocrx_word' id='word_1_503' title='bbox 3423 2206 3613 2280; x_wconf 77' lang='grc' dir='ltr'>ψυχὴν</span> <span class='ocrx_word' id='word_1_504' title='bbox 3666 2207 3730 2278; x_wconf 73' lang='grc' dir='ltr'>τῇ</span> <span class='ocrx_word' id='word_1_505' title='bbox 3779 2201 3852 2275; x_wconf 73' lang='grc' dir='ltr'>θὲᾳ</span> 
     </span>
    </p>
   </div>
   <div class='ocr_carea' id='block_1_68' title="bbox 2227 2296 3254 2376">
    <p class='ocr_par' dir='ltr' id='par_1_68' title="bbox 2227 2296 3254 2376">
     <span class='ocr_line' id='line_1_68' title="bbox 2227 2296 3254 2376; baseline -0.002 -22"><span class='ocrx_word' id='word_1_506' title='bbox 2227 2304 2332 2355; x_wconf 79' lang='grc' dir='ltr'>τῶν</span> <span class='ocrx_word' id='word_1_507' title='bbox 2363 2296 2670 2376; x_wconf 66' lang='grc' dir='ltr'>γενομένων</span> <span class='ocrx_word' id='word_1_508' title='bbox 2698 2299 2832 2360; x_wconf 73' lang='grc' dir='ltr'>τὲως</span> <span class='ocrx_word' id='word_1_509' title='bbox 2863 2297 3099 2354; x_wconf 78' lang='grc' dir='ltr'>ἀθεάτων</span> <span class='ocrx_word' id='word_1_510' title='bbox 3138 2317 3254 2372; x_wconf 88' lang='grc' dir='ltr'>μοι.</span> 
     </span>
    </p>
   </div>
   <div class='ocr_carea' id='block_1_69' title="bbox 2299 2562 3848 2644">
    <p class='ocr_par' dir='ltr' id='par_1_69' title="bbox 2299 2562 3848 2644">
     <span class='ocr_line' id='line_1_69' title="bbox 2299 2562 3848 2644; baseline -0.007 -14"><span class='ocrx_word' id='word_1_511' title='bbox 2299 2573 2399 2631; x_wconf 71' lang='grc'><strong>32</strong></span> <span class='ocrx_word' id='word_1_512' title='bbox 2459 2569 2742 2641; x_wconf 75' lang='grc' dir='ltr'>Ἐλυπήθη</span> <span class='ocrx_word' id='word_1_513' title='bbox 2779 2569 2806 2625; x_wconf 93' lang='lat'>6</span> <span class='ocrx_word' id='word_1_514' title='bbox 2844 2567 3100 2644; x_wconf 75' lang='grc' dir='ltr'>βασιλεὺς</span> <span class='ocrx_word' id='word_1_515' title='bbox 3157 2567 3232 2631; x_wconf 81' lang='grc' dir='ltr'>ὡς</span> <span class='ocrx_word' id='word_1_516' title='bbox 3288 2564 3496 2637; x_wconf 65' lang='grc' dir='ltr'>⁴ἤκουσε</span> <span class='ocrx_word' id='word_1_517' title='bbox 3550 2569 3731 2636; x_wconf 75' lang='grc' dir='ltr'>ταῦτα,</span> <span class='ocrx_word' id='word_1_518' title='bbox 3778 2562 3848 2619; x_wconf 77' lang='grc' dir='ltr'>καὶ</span> 
     </span>
    </p>
   </div>
   <div class='ocr_carea' id='block_1_70' title="bbox 2227 2655 3850 2731">
    <p class='ocr_par' dir='ltr' id='par_1_70' title="bbox 2227 2655 3850 2731">
     <span class='ocr_line' id='line_1_70' title="bbox 2227 2655 3850 2731; baseline -0.005 -15"><span class='ocrx_word' id='word_1_519' title='bbox 2227 2657 2504 2717; x_wconf 83' lang='grc' dir='ltr'>διεσκόπει</span> <span class='ocrx_word' id='word_1_520' title='bbox 2552 2659 2646 2728; x_wconf 86' lang='grc' dir='ltr'>ὡς,</span> <span class='ocrx_word' id='word_1_521' title='bbox 2709 2659 2755 2714; x_wconf 82' lang='grc' dir='ltr'>εί</span> <span class='ocrx_word' id='word_1_522' title='bbox 2808 2658 3048 2714; x_wconf 80' lang='grc' dir='ltr'>κωΛύσει</span> <span class='ocrx_word' id='word_1_523' title='bbox 3105 2665 3206 2729; x_wconf 74' lang='grc' dir='ltr'>τῆς</span> <span class='ocrx_word' id='word_1_524' title='bbox 3266 2657 3562 2727; x_wconf 72' lang='grc' dir='ltr'>αἰτήσεως,</span> <span class='ocrx_word' id='word_1_525' title='bbox 3629 2655 3850 2731; x_wconf 82' lang='grc' dir='ltr'>πγείονος</span> 
     </span>
    </p>
   </div>
   <div class='ocr_carea' id='block_1_71' title="bbox 2227 2743 3851 2826">
    <p class='ocr_par' dir='ltr' id='par_1_71' title="bbox 2227 2743 3851 2826">
     <span class='ocr_line' id='line_1_71' title="bbox 2227 2743 3851 2826; baseline -0.007 -19"><span class='ocrx_word' id='word_1_526' title='bbox 2227 2749 2373 2824; x_wconf 81' lang='grc' dir='ltr'>αὖτῷ</span> <span class='ocrx_word' id='word_1_527' title='bbox 2405 2751 2560 2814; x_wconf 80' lang='grc' dir='ltr'>ἀνίας</span> <span class='ocrx_word' id='word_1_528' title='bbox 2591 2748 2680 2805; x_wconf 78' lang='grc' dir='ltr'>καὶ</span> <span class='ocrx_word' id='word_1_529' title='bbox 2717 2748 2990 2826; x_wconf 77' lang='grc' dir='ltr'>μερίμνης</span> <span class='ocrx_word' id='word_1_530' title='bbox 3017 2747 3276 2823; x_wconf 77' lang='grc' dir='ltr'>πρόξενος</span> <span class='ocrx_word' id='word_1_531' title='bbox 3306 2744 3482 2806; x_wconf 67' lang='grc' dir='ltr'>ἔσται.</span> <span class='ocrx_word' id='word_1_532' title='bbox 3517 2746 3644 2817; x_wconf 71' lang='grc' dir='ltr'>Καὶ,</span> <span class='ocrx_word' id='word_1_533' title='bbox 3667 2771 3694 2798; x_wconf 83' lang='grc' dir='ltr'>ι(</span> <span class='ocrx_word' id='word_1_534' title='bbox 3735 2743 3851 2819; x_wconf 74' lang='grc' dir='ltr'>Ἐγώ</span> 
     </span>
    </p>
   </div>
   <div class='ocr_carea' id='block_1_72' title="bbox 2227 2838 3853 2912">
    <p class='ocr_par' dir='ltr' id='par_1_72' title="bbox 2227 2838 3853 2912">
     <span class='ocr_line' id='line_1_72' title="bbox 2227 2838 3853 2912; baseline -0.006 -16"><span class='ocrx_word' id='word_1_535' title='bbox 2227 2863 2344 2910; x_wconf 90' lang='grc' dir='ltr'>σου,</span> <span class='ocrx_word' id='word_1_536' title='bbox 2377 2841 2586 2912; x_wconf 69' lang='grc' dir='ltr'>τέκνον,</span> <span class='ocrx_word' id='word_1_537' title='bbox 2621 2839 2812 2909; x_wconf 75' lang='grc' dir='ltr'>εἰπὼν,</span> <span class='ocrx_word' id='word_1_538' title='bbox 2841 2839 2913 2895; x_wconf 77' lang='grc' dir='ltr'>τὰ</span> <span class='ocrx_word' id='word_1_539' title='bbox 2967 2839 3278 2912; x_wconf 71' lang='grc' dir='ltr'>καταθύμια</span> <span class='ocrx_word' id='word_1_540' title='bbox 3324 2838 3570 2908; x_wconf 74' lang='grc' dir='ltr'>ποιήσω,</span> <span class='ocrx_word' id='word_1_541' title='bbox 3602 2861 3623 2891; x_wconf 78' lang='grc' dir='ltr'>ι</span> <span class='ocrx_word' id='word_1_542' title='bbox 3673 2845 3853 2894; x_wconf 84' lang='grc' dir='ltr'>ἰ’ππους</span> 
     </span>
    </p>
   </div>
   <div class='ocr_carea' id='block_1_73' title="bbox 2225 2922 3854 3006">
    <p class='ocr_par' dir='ltr' id='par_1_73' title="bbox 2225 2922 3854 3006">
     <span class='ocr_line' id='line_1_73' title="bbox 2225 2922 3854 3006; baseline -0.006 -20"><span class='ocrx_word' id='word_1_543' title='bbox 2225 2931 2414 2986; x_wconf 79' lang='grc' dir='ltr'>αὐτίκα</span> <span class='ocrx_word' id='word_1_544' title='bbox 2465 2927 2756 2991; x_wconf 75' lang='grc' dir='ltr'>ἐκλεκτοὺς</span> <span class='ocrx_word' id='word_1_545' title='bbox 2804 2928 2895 2983; x_wconf 81' lang='grc' dir='ltr'>καὶ</span> <span class='ocrx_word' id='word_1_546' title='bbox 2957 2926 3287 3006; x_wconf 71' lang='grc' dir='ltr'>δορυφορίαν</span> <span class='ocrx_word' id='word_1_547' title='bbox 3332 2929 3436 2996; x_wconf 77' lang='grc' dir='ltr'>τὴν</span> <span class='ocrx_word' id='word_1_548' title='bbox 3492 2925 3706 3003; x_wconf 83' lang='grc' dir='ltr'>βασιλεῖ</span> <span class='ocrx_word' id='word_1_549' title='bbox 3749 2922 3854 2998; x_wconf 75' lang='grc' dir='ltr'>πρί-</span> 
     </span>
    </p>
   </div>
   <div class='ocr_carea' id='block_1_74' title="bbox 2225 3009 3855 3092">
    <p class='ocr_par' dir='ltr' id='par_1_74' title="bbox 2225 3009 3855 3092">
     <span class='ocr_line' id='line_1_74' title="bbox 2225 3009 3855 3092; baseline -0.005 -18"><span class='ocrx_word' id='word_1_550' title='bbox 2225 3041 2432 3075; x_wconf 86' lang='grc' dir='ltr'>πουσαν</span> <span class='ocrx_word' id='word_1_551' title='bbox 2494 3017 2904 3091; x_wconf 65' lang='grc' dir='ltr'>εὐτρεπισθῆναι</span> <span class='ocrx_word' id='word_1_552' title='bbox 2981 3015 3266 3083; x_wconf 84' lang='grc' dir='ltr'>κελεύσας,</span> <span class='ocrx_word' id='word_1_553' title='bbox 3345 3017 3712 3092; x_wconf 77' lang='grc' dir='ltr'>προέρχεσθαι</span> <span class='ocrx_word' id='word_1_554' title='bbox 3781 3009 3855 3066; x_wconf 81' lang='grc' dir='ltr'>αὖ·</span> 
     </span>
    </p>
   </div>
   <div class='ocr_carea' id='block_1_75' title="bbox 2224 3106 3856 3186">
    <p class='ocr_par' dir='ltr' id='par_1_75' title="bbox 2224 3106 3856 3186">
     <span class='ocr_line' id='line_1_75' title="bbox 2224 3106 3856 3186; baseline -0.006 -20"><span class='ocrx_word' id='word_1_555' title='bbox 2224 3111 2317 3166; x_wconf 84' lang='grc' dir='ltr'>τὸν</span> <span class='ocrx_word' id='word_1_556' title='bbox 2350 3109 2439 3166; x_wconf 78' lang='grc' dir='ltr'>ὅτε</span> <span class='ocrx_word' id='word_1_557' title='bbox 2475 3108 2742 3186; x_wconf 82' lang='grc' dir='ltr'>βούλοιτο</span> <span class='ocrx_word' id='word_1_558' title='bbox 2805 3107 3122 3185; x_wconf 87' lang='grc' dir='ltr'>διωρίσατο,</span> <span class='ocrx_word' id='word_1_559' title='bbox 3174 3108 3487 3183; x_wconf 71' lang='grc' dir='ltr'>ἐπισκήψας</span> <span class='ocrx_word' id='word_1_560' title='bbox 3538 3113 3654 3169; x_wconf 87' lang='grc' dir='ltr'>τοῖς</span> <span class='ocrx_word' id='word_1_561' title='bbox 3694 3106 3856 3160; x_wconf 74' lang='grc' dir='ltr'>συνοῦ-</span> 
     </span>
    </p>
   </div>
   <div class='ocr_carea' id='block_1_76' title="bbox 2228 3193 3854 3274">
    <p class='ocr_par' dir='ltr' id='par_1_76' title="bbox 2228 3193 3854 3274">
     <span class='ocr_line' id='line_1_76' title="bbox 2228 3193 3854 3274; baseline -0.005 -18"><span class='ocrx_word' id='word_1_562' title='bbox 2228 3223 2310 3256; x_wconf 91' lang='grc' dir='ltr'>σιν</span> <span class='ocrx_word' id='word_1_563' title='bbox 2374 3200 2520 3272; x_wconf 81' lang='grc' dir='ltr'>αύτῷ</span> <span class='ocrx_word' id='word_1_564' title='bbox 2574 3197 2742 3274; x_wconf 71' lang='grc' dir='ltr'>μηδὲν</span> <span class='ocrx_word' id='word_1_565' title='bbox 2780 3197 2944 3269; x_wconf 69' lang='grc' dir='ltr'>ἀηδὲς</span> <span class='ocrx_word' id='word_1_566' title='bbox 2990 3198 3066 3262; x_wconf 79' lang='grc' dir='ltr'>εἷς</span> <span class='ocrx_word' id='word_1_567' title='bbox 3125 3197 3448 3268; x_wconf 72' lang='grc' dir='ltr'>συνάντησιν</span> <span class='ocrx_word' id='word_1_568' title='bbox 3505 3199 3653 3270; x_wconf 81' lang='grc' dir='ltr'>αὐτῷ</span> <span class='ocrx_word' id='word_1_569' title='bbox 3710 3193 3854 3270; x_wconf 79' lang='grc' dir='ltr'>ἄγειν,</span> 
     </span>
    </p>
   </div>
   <div class='ocr_carea' id='block_1_77' title="bbox 2228 3285 3856 3362">
    <p class='ocr_par' dir='ltr' id='par_1_77' title="bbox 2228 3285 3856 3362">
     <span class='ocr_line' id='line_1_77' title="bbox 2228 3285 3856 3362; baseline -0.006 -17"><span class='ocrx_word' id='word_1_570' title='bbox 2228 3289 2398 3356; x_wconf 82' lang='grc' dir='ltr'>ἀλλά,</span> <span class='ocrx_word' id='word_1_571' title='bbox 2429 3295 2532 3344; x_wconf 79' lang='grc' dir='ltr'>πᾶν</span> <span class='ocrx_word' id='word_1_572' title='bbox 2587 3287 2617 3344; x_wconf 79' lang='grc' dir='ltr'>ὅ</span> <span class='ocrx_word' id='word_1_573' title='bbox 2660 3310 2712 3344; x_wconf 90' lang='grc' dir='ltr'>τι</span> <span class='ocrx_word' id='word_1_574' title='bbox 2766 3286 2934 3344; x_wconf 81' lang='grc' dir='ltr'>καλὸν</span> <span class='ocrx_word' id='word_1_575' title='bbox 2995 3287 3084 3343; x_wconf 84' lang='grc' dir='ltr'>καὶ</span> <span class='ocrx_word' id='word_1_576' title='bbox 3141 3288 3329 3362; x_wconf 68' lang='grc' dir='ltr'>τέρψιν</span> <span class='ocrx_word' id='word_1_577' title='bbox 3390 3285 3677 3361; x_wconf 71' lang='grc' dir='ltr'>ἐμποιοῦν,</span> <span class='ocrx_word' id='word_1_578' title='bbox 3722 3288 3856 3339; x_wconf 78' lang='grc' dir='ltr'>τοῦτο</span> 
     </span>
    </p>
   </div>
   <div class='ocr_carea' id='block_1_78' title="bbox 2229 3372 3860 3454">
    <p class='ocr_par' dir='ltr' id='par_1_78' title="bbox 2229 3372 3860 3454">
     <span class='ocr_line' id='line_1_78' title="bbox 2229 3372 3860 3454; baseline -0.006 -19"><span class='ocrx_word' id='word_1_579' title='bbox 2229 3377 2601 3435; x_wconf 71' lang='grc' dir='ltr'>ὑποδεικνύειν</span> <span class='ocrx_word' id='word_1_580' title='bbox 2629 3382 2707 3451; x_wconf 78' lang='grc' dir='ltr'>τῷ</span> <span class='ocrx_word' id='word_1_581' title='bbox 2732 3375 2912 3449; x_wconf 81' lang='grc' dir='ltr'>παιδὶ,</span> <span class='ocrx_word' id='word_1_582' title='bbox 2944 3377 3151 3454; x_wconf 81' lang='grc' dir='ltr'>χορούς</span> <span class='ocrx_word' id='word_1_583' title='bbox 3197 3397 3254 3432; x_wconf 86' lang='grc' dir='ltr'>τε</span> <span class='ocrx_word' id='word_1_584' title='bbox 3305 3381 3624 3453; x_wconf 81' lang='grc' dir='ltr'>συγκροτεῖν</span> <span class='ocrx_word' id='word_1_585' title='bbox 3673 3372 3722 3429; x_wconf 80' lang='grc' dir='ltr'>ἐν</span> <span class='ocrx_word' id='word_1_586' title='bbox 3765 3376 3860 3432; x_wconf 83' lang='grc' dir='ltr'>ταῖς</span> 
     </span>
    </p>
   </div>
   <div class='ocr_carea' id='block_1_79' title="bbox 2225 3460 3862 3543">
    <p class='ocr_par' dir='ltr' id='par_1_79' title="bbox 2225 3460 3862 3543">
     <span class='ocr_line' id='line_1_79' title="bbox 2225 3460 3862 3543; baseline -0.006 -19"><span class='ocrx_word' id='word_1_587' title='bbox 2225 3467 2376 3532; x_wconf 84' lang='grc' dir='ltr'>ὁδοῖς</span> <span class='ocrx_word' id='word_1_588' title='bbox 2429 3467 2834 3543; x_wconf 87' lang='grc' dir='ltr'>παναρμονίους</span> <span class='ocrx_word' id='word_1_589' title='bbox 2893 3466 3235 3542; x_wconf 87' lang='grc' dir='ltr'>κροτούντων</span> <span class='ocrx_word' id='word_1_590' title='bbox 3293 3464 3444 3539; x_wconf 81' lang='grc' dir='ltr'>ᾠδάς</span> <span class='ocrx_word' id='word_1_591' title='bbox 3505 3465 3596 3522; x_wconf 78' lang='grc' dir='ltr'>καὶ</span> <span class='ocrx_word' id='word_1_592' title='bbox 3666 3460 3862 3520; x_wconf 81' lang='grc' dir='ltr'>ποικίλα</span> 
     </span>
    </p>
   </div>
   <div class='ocr_carea' id='block_1_80' title="bbox 2225 3551 3860 3634">
    <p class='ocr_par' dir='ltr' id='par_1_80' title="bbox 2225 3551 3860 3634">
     <span class='ocr_line' id='line_1_80' title="bbox 2225 3551 3860 3634; baseline -0.006 -22"><span class='ocrx_word' id='word_1_593' title='bbox 2225 3558 2423 3634; x_wconf 84' lang='grc' dir='ltr'>θὲατρα</span> <span class='ocrx_word' id='word_1_594' title='bbox 2466 3555 2863 3626; x_wconf 86' lang='grc' dir='ltr'>συνιστώντων,</span> <span class='ocrx_word' id='word_1_595' title='bbox 2916 3554 3055 3611; x_wconf 82' lang='grc' dir='ltr'>ὥστε</span> <span class='ocrx_word' id='word_1_596' title='bbox 3110 3554 3331 3620; x_wconf 75' lang='grc' dir='ltr'>τούτοις</span> <span class='ocrx_word' id='word_1_597' title='bbox 3387 3555 3484 3611; x_wconf 84' lang='grc' dir='ltr'>τὸν</span> <span class='ocrx_word' id='word_1_598' title='bbox 3543 3558 3667 3610; x_wconf 74' lang='grc' dir='ltr'>νοῦν</span> <span class='ocrx_word' id='word_1_599' title='bbox 3722 3551 3860 3608; x_wconf 82' lang='grc' dir='ltr'>αὖτοῦ</span> 
     </span>
    </p>
   </div>
   <div class='ocr_carea' id='block_1_81' title="bbox 2225 3641 3187 3723">
    <p class='ocr_par' dir='ltr' id='par_1_81' title="bbox 2225 3641 3187 3723">
     <span class='ocr_line' id='line_1_81' title="bbox 2225 3641 3187 3723; baseline 0.001 -22"><span class='ocrx_word' id='word_1_600' title='bbox 2225 3645 2661 3723; x_wconf 83' lang='grc' dir='ltr'>ἀπασχολεῖσθαι</span> <span class='ocrx_word' id='word_1_601' title='bbox 2695 3646 2785 3702; x_wconf 75' lang='grc' dir='ltr'>καὶ</span> <span class='ocrx_word' id='word_1_602' title='bbox 2819 3641 3187 3717; x_wconf 80' lang='grc' dir='ltr'>ἐνηδύνεσθαι.</span> 
     </span>
    </p>
   </div>
   <div class='ocr_carea' id='block_1_82' title="bbox 2294 3912 3858 3992">
    <p class='ocr_par' dir='ltr' id='par_1_82' title="bbox 2294 3912 3858 3992">
     <span class='ocr_line' id='line_1_82' title="bbox 2294 3912 3858 3992; baseline -0.006 -19"><span class='ocrx_word' id='word_1_603' title='bbox 2294 3914 2520 3990; x_wconf 65' lang='grc' dir='ltr'>Ἀμέλει</span> <span class='ocrx_word' id='word_1_604' title='bbox 2553 3913 2759 3971; x_wconf 85' lang='grc' dir='ltr'>οὑτωσῖ</span> <span class='ocrx_word' id='word_1_605' title='bbox 2792 3914 3073 3992; x_wconf 78' lang='grc' dir='ltr'>συχνάζων</span> <span class='ocrx_word' id='word_1_606' title='bbox 3132 3913 3185 3970; x_wconf 76' lang='grc' dir='ltr'>ἐν</span> <span class='ocrx_word' id='word_1_607' title='bbox 3232 3919 3352 3978; x_wconf 86' lang='grc' dir='ltr'>ταῖς</span> <span class='ocrx_word' id='word_1_608' title='bbox 3397 3912 3662 3991; x_wconf 86' lang='grc' dir='ltr'>προόδοις</span> <span class='ocrx_word' id='word_1_609' title='bbox 3709 3913 3736 3969; x_wconf 85' lang='lat'>6</span> <span class='ocrx_word' id='word_1_610' title='bbox 3777 3913 3858 3966; x_wconf 79' lang='grc' dir='ltr'>τοῦ</span> 
     </span>
    </p>
   </div>
   <div class='ocr_carea' id='block_1_83' title="bbox 2228 4001 3856 4083">
    <p class='ocr_par' dir='ltr' id='par_1_83' title="bbox 2228 4001 3856 4083">
     <span class='ocr_line' id='line_1_83' title="bbox 2228 4001 3856 4083; baseline -0.005 -22"><span class='ocrx_word' id='word_1_611' title='bbox 2228 4006 2502 4083; x_wconf 77' lang='grc' dir='ltr'>βασιλέως</span> <span class='ocrx_word' id='word_1_612' title='bbox 2534 4005 2674 4078; x_wconf 70' lang='grc' dir='ltr'>υἱὸς,</span> <span class='ocrx_word' id='word_1_613' title='bbox 2705 4001 2839 4060; x_wconf 79' lang='grc' dir='ltr'>εἶδεν</span> <span class='ocrx_word' id='word_1_614' title='bbox 2875 4005 2926 4059; x_wconf 81' lang='grc' dir='ltr'>ἐν</span> <span class='ocrx_word' id='word_1_615' title='bbox 2959 4009 3058 4078; x_wconf 86' lang='grc' dir='ltr'>μιᾷ</span> <span class='ocrx_word' id='word_1_616' title='bbox 3081 4009 3189 4060; x_wconf 82' lang='grc' dir='ltr'>τῶν</span> <span class='ocrx_word' id='word_1_617' title='bbox 3223 4006 3476 4082; x_wconf 82' lang='grc' dir='ltr'>ἡμερῶν,</span> <span class='ocrx_word' id='word_1_618' title='bbox 3520 4005 3654 4061; x_wconf 85' lang='grc' dir='ltr'>κατά</span> <span class='ocrx_word' id='word_1_619' title='bbox 3700 4002 3856 4072; x_wconf 62' lang='grc' dir='ltr'>λήθην</span> 
     </span>
    </p>
   </div>
   <div class='ocr_carea' id='block_1_84' title="bbox 2221 4088 3853 4168">
    <p class='ocr_par' dir='ltr' id='par_1_84' title="bbox 2221 4088 3853 4168">
     <span class='ocr_line' id='line_1_84' title="bbox 2221 4088 3853 4168; baseline -0.005 -17"><span class='ocrx_word' id='word_1_620' title='bbox 2221 4101 2330 4152; x_wconf 80' lang='grc' dir='ltr'>τῶν</span> <span class='ocrx_word' id='word_1_621' title='bbox 2367 4092 2676 4167; x_wconf 76' lang='grc' dir='ltr'>ὑπηρετῶν,</span> <span class='ocrx_word' id='word_1_622' title='bbox 2721 4090 2920 4168; x_wconf 76' lang='grc' dir='ltr'>ἄνδρας</span> <span class='ocrx_word' id='word_1_623' title='bbox 2972 4091 3092 4165; x_wconf 86' lang='grc' dir='ltr'>δύο,</span> <span class='ocrx_word' id='word_1_624' title='bbox 3140 4095 3213 4149; x_wconf 85' lang='grc' dir='ltr'>ὧν</span> <span class='ocrx_word' id='word_1_625' title='bbox 3247 4095 3275 4150; x_wconf 91' lang='lat'>6</span> <span class='ocrx_word' id='word_1_626' title='bbox 3311 4094 3405 4168; x_wconf 73' lang='grc' dir='ltr'>μὶν</span> <span class='ocrx_word' id='word_1_627' title='bbox 3465 4088 3853 4166; x_wconf 67' lang='grc' dir='ltr'>λελωϐημένος,</span> 
     </span>
    </p>
   </div>
   <div class='ocr_carea' id='block_1_85' title="bbox 2221 4179 3850 4264">
    <p class='ocr_par' dir='ltr' id='par_1_85' title="bbox 2221 4179 3850 4264">
     <span class='ocr_line' id='line_1_85' title="bbox 2221 4179 3850 4264; baseline -0.005 -23"><span class='ocrx_word' id='word_1_628' title='bbox 2221 4184 2428 4264; x_wconf 67' lang='grc' dir='ltr'>τυφλὸς</span> <span class='ocrx_word' id='word_1_629' title='bbox 2461 4182 2519 4241; x_wconf 75' lang='grc' dir='ltr'>δὶ</span> <span class='ocrx_word' id='word_1_630' title='bbox 2551 4185 2578 4239; x_wconf 93' lang='lat'>6</span> <span class='ocrx_word' id='word_1_631' title='bbox 2610 4179 2796 4259; x_wconf 60' lang='grc' dir='ltr'>ἕτερος</span> <span class='ocrx_word' id='word_1_632' title='bbox 2828 4185 2916 4252; x_wconf 69' lang='grc' dir='ltr'>ἦν’</span> <span class='ocrx_word' id='word_1_633' title='bbox 2966 4183 3061 4246; x_wconf 70' lang='grc' dir='ltr'>οὕς</span> <span class='ocrx_word' id='word_1_634' title='bbox 3109 4181 3264 4251; x_wconf 80' lang='grc' dir='ltr'>ῗδὼν,</span> <span class='ocrx_word' id='word_1_635' title='bbox 3307 4182 3396 4239; x_wconf 78' lang='grc' dir='ltr'>καὶ</span> <span class='ocrx_word' id='word_1_636' title='bbox 3446 4181 3718 4256; x_wconf 73' lang='grc' dir='ltr'>ἀηδισθεῖς</span> <span class='ocrx_word' id='word_1_637' title='bbox 3764 4181 3850 4249; x_wconf 77' lang='grc' dir='ltr'>τήν</span> 
     </span>
    </p>
   </div>
   <div class='ocr_carea' id='block_1_86' title="bbox 2224 4270 3852 4351">
    <p class='ocr_par' dir='ltr' id='par_1_86' title="bbox 2224 4270 3852 4351">
     <span class='ocr_line' id='line_1_86' title="bbox 2224 4270 3852 4351; baseline -0.012 -20"><span class='ocrx_word' id='word_1_638' title='bbox 2224 4276 2434 4351; x_wconf 71' lang='grc' dir='ltr'>ψυχὴν,</span> <span class='ocrx_word' id='word_1_639' title='bbox 2466 4270 2615 4350; x_wconf 79' lang='grc' dir='ltr'>λέγει</span> <span class='ocrx_word' id='word_1_640' title='bbox 2647 4278 2765 4336; x_wconf 81' lang='grc' dir='ltr'>τοῖς</span> <span class='ocrx_word' id='word_1_641' title='bbox 2797 4273 2912 4347; x_wconf 86' lang='grc' dir='ltr'>μετ’</span> <span class='ocrx_word' id='word_1_642' title='bbox 2943 4272 3129 4328; x_wconf 72' lang='grc' dir='ltr'>αὐτοῦ·</span> <span class='ocrx_word' id='word_1_643' title='bbox 3185 4273 3341 4336; x_wconf 83' lang='grc' dir='ltr'>Τίνες</span> <span class='ocrx_word' id='word_1_644' title='bbox 3401 4275 3573 4344; x_wconf 65' lang='grc' dir='ltr'>οὗτοι,</span> <span class='ocrx_word' id='word_1_645' title='bbox 3623 4271 3707 4328; x_wconf 67' lang='grc' dir='ltr'>καὶ</span> <span class='ocrx_word' id='word_1_646' title='bbox 3762 4291 3852 4325; x_wconf 79' lang='grc' dir='ltr'>πο.</span> 
     </span>
    </p>
   </div>
   <div class='ocr_carea' id='block_1_87' title="bbox 2223 4360 3853 4440">
    <p class='ocr_par' dir='ltr' id='par_1_87' title="bbox 2223 4360 3853 4440">
     <span class='ocr_line' id='line_1_87' title="bbox 2223 4360 3853 4440; baseline -0.006 -20"><span class='ocrx_word' id='word_1_647' title='bbox 2223 4367 2367 4434; x_wconf 82' lang='grc' dir='ltr'>ταπὴ</span> <span class='ocrx_word' id='word_1_648' title='bbox 2401 4367 2435 4434; x_wconf 85' lang='grc' dir='ltr'><strong>ἡ</strong></span> <span class='ocrx_word' id='word_1_649' title='bbox 2491 4361 2764 4440; x_wconf 75' lang='grc' dir='ltr'>δυσχερὴς</span> <span class='ocrx_word' id='word_1_650' title='bbox 2806 4363 2981 4418; x_wconf 80' lang='grc' dir='ltr'>αὐτῶν</span> <span class='ocrx_word' id='word_1_651' title='bbox 3036 4361 3168 4435; x_wconf 71' lang='grc' dir='ltr'>θέας</span> <span class='ocrx_word' id='word_1_652' title='bbox 3219 4363 3286 4422; x_wconf 76' lang='grc' dir='ltr'><strong>Οἱ</strong></span> <span class='ocrx_word' id='word_1_653' title='bbox 3332 4360 3411 4436; x_wconf 72' lang='grc' dir='ltr'>δὲ,</span> <span class='ocrx_word' id='word_1_654' title='bbox 3457 4365 3534 4438; x_wconf 77' lang='grc' dir='ltr'>μὴ</span> <span class='ocrx_word' id='word_1_655' title='bbox 3587 4361 3853 4434; x_wconf 75' lang='grc' dir='ltr'>δυνάμενοι</span> 
     </span>
    </p>
   </div>
   <div class='ocr_carea' id='block_1_88' title="bbox 2223 4449 3848 4532">
    <p class='ocr_par' dir='ltr' id='par_1_88' title="bbox 2223 4449 3848 4532">
     <span class='ocr_line' id='line_1_88' title="bbox 2223 4449 3848 4532; baseline -0.004 -22"><span class='ocrx_word' id='word_1_656' title='bbox 2223 4455 2285 4510; x_wconf 83' lang='grc' dir='ltr'>τὸ</span> <span class='ocrx_word' id='word_1_657' title='bbox 2309 4453 2384 4516; x_wconf 85' lang='grc' dir='ltr'>εἷς</span> <span class='ocrx_word' id='word_1_658' title='bbox 2419 4455 2604 4530; x_wconf 77' lang='grc' dir='ltr'>ὅρασιν</span> <span class='ocrx_word' id='word_1_659' title='bbox 2660 4453 2825 4508; x_wconf 71' lang='grc' dir='ltr'>αὐτοῦ</span> <span class='ocrx_word' id='word_1_660' title='bbox 2872 4451 3031 4517; x_wconf 73' lang='grc' dir='ltr'>ἐλθὸν</span> <span class='ocrx_word' id='word_1_661' title='bbox 3077 4452 3414 4529; x_wconf 76' lang='grc' dir='ltr'>ἀποκρύψαι,</span> <span class='ocrx_word' id='word_1_662' title='bbox 3455 4449 3676 4532; x_wconf 59' lang='grc' dir='ltr'>ἔφησαν·</span> <span class='ocrx_word' id='word_1_663' title='bbox 3719 4449 3848 4517; x_wconf 82' lang='grc' dir='ltr'>Πάθη</span> 
     </span>
    </p>
   </div>
   <div class='ocr_carea' id='block_1_89' title="bbox 2224 4537 3852 4620">
    <p class='ocr_par' dir='ltr' id='par_1_89' title="bbox 2224 4537 3852 4620">
     <span class='ocr_line' id='line_1_89' title="bbox 2224 4537 3852 4620; baseline -0.006 -20"><span class='ocrx_word' id='word_1_664' title='bbox 2224 4543 2392 4600; x_wconf 81' lang='grc' dir='ltr'>ταῦτά</span> <span class='ocrx_word' id='word_1_665' title='bbox 2460 4541 2593 4598; x_wconf 71' lang='grc' dir='ltr'>εἶσιν</span> <span class='ocrx_word' id='word_1_666' title='bbox 2650 4542 2982 4617; x_wconf 80' lang='grc' dir='ltr'>ἀνθρώπινα,</span> <span class='ocrx_word' id='word_1_667' title='bbox 3043 4541 3199 4598; x_wconf 78' lang='grc' dir='ltr'>’ἀτινα</span> <span class='ocrx_word' id='word_1_668' title='bbox 3257 4542 3308 4614; x_wconf 75' lang='grc' dir='ltr'>ἐξ</span> <span class='ocrx_word' id='word_1_669' title='bbox 3361 4541 3502 4614; x_wconf 72' lang='grc' dir='ltr'>ὕλης</span> <span class='ocrx_word' id='word_1_670' title='bbox 3556 4537 3852 4620; x_wconf 73' lang='grc' dir='ltr'>διεφθαρμέ·</span> 
     </span>
    </p>
   </div>
   <div class='ocr_carea' id='block_1_90' title="bbox 463 4617 2110 4708">
    <p class='ocr_par' dir='ltr' id='par_1_90' title="bbox 463 4631 2106 4704">
     <span class='ocr_line' id='line_1_90' title="bbox 463 4631 2106 4704; baseline -0.002 -15"><span class='ocrx_word' id='word_1_671' title='bbox 463 4637 618 4697; x_wconf 88' lang='lat' dir='ltr'>sent,</span> <span class='ocrx_word' id='word_1_672' title='bbox 646 4632 752 4688; x_wconf 90' lang='lat' dir='ltr'>has</span> <span class='ocrx_word' id='word_1_673' title='bbox 777 4633 1070 4689; x_wconf 88' lang='lat' dir='ltr'>humanas</span> <span class='ocrx_word' id='word_1_674' title='bbox 1098 4633 1468 4689; x_wconf 87' lang='lat' dir='ltr'>calamitates</span> <span class='ocrx_word' id='word_1_675' title='bbox 1493 4650 1622 4688; x_wconf 89' lang='lat' dir='ltr'>esse</span> <span class='ocrx_word' id='word_1_676' title='bbox 1647 4631 2106 4704; x_wconf 88' lang='lat' dir='ltr'>responderunt,</span> 
     </span>
    </p>
   </div>
   <div class='ocr_carea' id='block_1_91' title="bbox 2225 4617 3850 4708">
    <p class='ocr_par' dir='ltr' id='par_1_91' title="bbox 2225 4625 3850 4708">
     <span class='ocr_line' id='line_1_91' title="bbox 2225 4625 3850 4708; baseline -0.007 -19"><span class='ocrx_word' id='word_1_677' title='bbox 2225 4633 2427 4704; x_wconf 74' lang='grc' dir='ltr'>νηςκαῖ</span> <span class='ocrx_word' id='word_1_678' title='bbox 2462 4633 2716 4706; x_wconf 87' lang='grc' dir='ltr'>σώματος</span> <span class='ocrx_word' id='word_1_679' title='bbox 2745 4630 3071 4706; x_wconf 81' lang='grc' dir='ltr'>κακοχύμου</span> <span class='ocrx_word' id='word_1_680' title='bbox 3123 4637 3239 4694; x_wconf 92' lang='grc' dir='ltr'>τοῖς</span> <span class='ocrx_word' id='word_1_681' title='bbox 3293 4633 3513 4708; x_wconf 86' lang='grc' dir='ltr'>βροτοῖς</span> <span class='ocrx_word' id='word_1_682' title='bbox 3557 4625 3850 4705; x_wconf 73' lang='grc' dir='ltr'>συμϐαίνειν</span> 
     </span>
    </p>
   </div>
   <div class='ocr_carea' id='block_1_92' title="bbox 462 4721 2108 4794">
    <p class='ocr_par' dir='ltr' id='par_1_92' title="bbox 462 4721 2108 4794">
     <span class='ocr_line' id='line_1_92' title="bbox 462 4721 2108 4794; baseline -0.001 -17"><span class='ocrx_word' id='word_1_683' title='bbox 462 4739 594 4794; x_wconf 69' lang='lat' dir='ltr'>qua:</span> <span class='ocrx_word' id='word_1_684' title='bbox 617 4739 687 4778; x_wconf 88' lang='lat' dir='ltr'>ex</span> <span class='ocrx_word' id='word_1_685' title='bbox 709 4728 988 4794; x_wconf 90' lang='lat' dir='ltr'>corrupta</span> <span class='ocrx_word' id='word_1_686' title='bbox 1007 4724 1276 4791; x_wconf 89' lang='lat' dir='ltr'>materia,</span> <span class='ocrx_word' id='word_1_687' title='bbox 1307 4729 1366 4778; x_wconf 92' lang='lat' dir='ltr'>et</span> <span class='ocrx_word' id='word_1_688' title='bbox 1387 4739 1633 4794; x_wconf 85' lang='lat' dir='ltr'>corpore</span> <span class='ocrx_word' id='word_1_689' title='bbox 1648 4721 1871 4776; x_wconf 87' lang='lat' dir='ltr'>vitiosis</span> <span class='ocrx_word' id='word_1_690' title='bbox 1894 4722 2108 4776; x_wconf 85' lang='lat' dir='ltr'>humo-</span> 
     </span>
    </p>
   </div>
   <div class='ocr_carea' id='block_1_93' title="bbox 462 4811 2108 4885">
    <p class='ocr_par' dir='ltr' id='par_1_93' title="bbox 462 4811 2108 4885">
     <span class='ocr_line' id='line_1_93' title="bbox 462 4811 2108 4885; baseline -0.001 -17"><span class='ocrx_word' id='word_1_691' title='bbox 462 4812 627 4868; x_wconf 89' lang='lat' dir='ltr'>ribus</span> <span class='ocrx_word' id='word_1_692' title='bbox 652 4812 1569 4885; x_wconf 87' lang='lat' dir='ltr'>pleno,mortalibuscontingere</span> <span class='ocrx_word' id='word_1_693' title='bbox 1587 4811 2069 4867; x_wconf 89' lang='lat' dir='ltr'>solent.Tumille</span> <span class='ocrx_word' id='word_1_694' title='bbox 2094 4827 2108 4867; x_wconf 89' lang='lat'><strong>:</strong></span> 
     </span>
    </p>
   </div>
   <div class='ocr_carea' id='block_1_94' title="bbox 460 4901 2116 4959">
    <p class='ocr_par' dir='ltr' id='par_1_94' title="bbox 460 4901 2116 4959">
     <span class='ocr_line' id='line_1_94' title="bbox 460 4901 2116 4959; baseline -0.001 0"><span class='ocrx_word' id='word_1_695' title='bbox 460 4903 778 4959; x_wconf 91' lang='lat' dir='ltr'>Cunctisne</span> <span class='ocrx_word' id='word_1_696' title='bbox 806 4903 1150 4958; x_wconf 86' lang='lat' dir='ltr'>hominibus</span> <span class='ocrx_word' id='word_1_697' title='bbox 1180 4903 1308 4958; x_wconf 64' lang='lat' dir='ltr'>haec</span> <span class='ocrx_word' id='word_1_698' title='bbox 1333 4901 1600 4957; x_wconf 89' lang='lat' dir='ltr'>accidere</span> <span class='ocrx_word' id='word_1_699' title='bbox 1633 4901 2116 4957; x_wconf 81' lang='lat' dir='ltr'>consueverunt?</span> 
     </span>
    </p>
   </div>
   <div class='ocr_carea' id='block_1_95' title="bbox 461 4991 2114 5064">
    <p class='ocr_par' dir='ltr' id='par_1_95' title="bbox 461 4991 2114 5064">
     <span class='ocr_line' id='line_1_95' title="bbox 461 4991 2114 5064; baseline 0 -16"><span class='ocrx_word' id='word_1_700' title='bbox 461 4993 586 5048; x_wconf 87' lang='lat' dir='ltr'>Non</span> <span class='ocrx_word' id='word_1_701' title='bbox 618 4991 870 5058; x_wconf 88' lang='lat' dir='ltr'>cunctis,</span> <span class='ocrx_word' id='word_1_702' title='bbox 895 4991 1308 5064; x_wconf 89' lang='lat' dir='ltr'>inquiuntilli,</span> <span class='ocrx_word' id='word_1_703' title='bbox 1330 5009 1533 5047; x_wconf 90' lang='lat' dir='ltr'>verum</span> <span class='ocrx_word' id='word_1_704' title='bbox 1567 4992 1637 5047; x_wconf 91' lang='lat' dir='ltr'>iis</span> <span class='ocrx_word' id='word_1_705' title='bbox 1659 4991 2114 5064; x_wconf 88' lang='lat' dir='ltr'>duntaxatquo-</span> 
     </span>
    </p>
   </div>
   <div class='ocr_carea' id='block_1_96' title="bbox 460 5081 2114 5156">
    <p class='ocr_par' dir='ltr' id='par_1_96' title="bbox 460 5081 2114 5156">
     <span class='ocr_line' id='line_1_96' title="bbox 460 5081 2114 5156; baseline 0.001 -20"><span class='ocrx_word' id='word_1_706' title='bbox 460 5097 592 5137; x_wconf 85' lang='lat' dir='ltr'>rum</span> <span class='ocrx_word' id='word_1_707' title='bbox 615 5081 890 5138; x_wconf 89' lang='lat' dir='ltr'>valetudo</span> <span class='ocrx_word' id='word_1_708' title='bbox 905 5087 1147 5154; x_wconf 90' lang='lat' dir='ltr'>propter</span> <span class='ocrx_word' id='word_1_709' title='bbox 1163 5081 1470 5154; x_wconf 92' lang='lat' dir='ltr'>improbos</span> <span class='ocrx_word' id='word_1_710' title='bbox 1492 5082 1773 5137; x_wconf 87' lang='lat' dir='ltr'>humores</span> <span class='ocrx_word' id='word_1_711' title='bbox 1796 5082 2114 5156; x_wconf 88' lang='lat' dir='ltr'>depravata</span> 
     </span>
    </p>
   </div>
   <div class='ocr_carea' id='block_1_97' title="bbox 460 5171 2111 5243">
    <p class='ocr_par' dir='ltr' id='par_1_97' title="bbox 460 5171 2111 5243">
     <span class='ocr_line' id='line_1_97' title="bbox 460 5171 2111 5243; baseline 0.001 -17"><span class='ocrx_word' id='word_1_712' title='bbox 460 5172 553 5226; x_wconf 89' lang='lat' dir='ltr'>sit.</span> <span class='ocrx_word' id='word_1_713' title='bbox 579 5173 838 5228; x_wconf 85' lang='lat' dir='ltr'>Rursum</span> <span class='ocrx_word' id='word_1_714' title='bbox 863 5172 1042 5243; x_wconf 85' lang='lat' dir='ltr'>igitur</span> <span class='ocrx_word' id='word_1_715' title='bbox 1063 5171 1351 5227; x_wconf 89' lang='lat' dir='ltr'>sciscitari</span> <span class='ocrx_word' id='word_1_716' title='bbox 1372 5172 1633 5243; x_wconf 87' lang='lat' dir='ltr'>perrexit</span> <span class='ocrx_word' id='word_1_717' title='bbox 1651 5171 2028 5228; x_wconf 90' lang='lat' dir='ltr'>adolescens:</span> <span class='ocrx_word' id='word_1_718' title='bbox 2053 5173 2111 5227; x_wconf 91' lang='lat' dir='ltr'>Si</span> 
     </span>
    </p>
   </div>
   <div class='ocr_carea' id='block_1_98' title="bbox 459 5261 2114 5319">
    <p class='ocr_par' dir='ltr' id='par_1_98' title="bbox 459 5261 2114 5319">
     <span class='ocr_line' id='line_1_98' title="bbox 459 5261 2114 5319; baseline 0.001 -2"><span class='ocrx_word' id='word_1_719' title='bbox 459 5278 579 5317; x_wconf 90' lang='lat' dir='ltr'>non</span> <span class='ocrx_word' id='word_1_720' title='bbox 595 5279 804 5318; x_wconf 90' lang='lat' dir='ltr'>omnes</span> <span class='ocrx_word' id='word_1_721' title='bbox 821 5261 1094 5317; x_wconf 85' lang='lat' dir='ltr'>homines</span> <span class='ocrx_word' id='word_1_722' title='bbox 1119 5261 1177 5317; x_wconf 91' lang='lat' dir='ltr'>in</span> <span class='ocrx_word' id='word_1_723' title='bbox 1194 5263 1300 5317; x_wconf 86' lang='lat' dir='ltr'>has</span> <span class='ocrx_word' id='word_1_724' title='bbox 1315 5262 1684 5318; x_wconf 90' lang='lat' dir='ltr'>calamitates</span> <span class='ocrx_word' id='word_1_725' title='bbox 1702 5263 1966 5319; x_wconf 90' lang='lat' dir='ltr'>incidere</span> <span class='ocrx_word' id='word_1_726' title='bbox 1979 5279 2114 5318; x_wconf 85' lang='lat' dir='ltr'>con-</span> 
     </span>
    </p>
   </div>
   <div class='ocr_carea' id='block_1_99' title="bbox 459 5350 2114 5425">
    <p class='ocr_par' dir='ltr' id='par_1_99' title="bbox 459 5350 2114 5425">
     <span class='ocr_line' id='line_1_99' title="bbox 459 5350 2114 5425; baseline 0 -17"><span class='ocrx_word' id='word_1_727' title='bbox 459 5359 803 5418; x_wconf 86' lang='lat' dir='ltr'>sueverunt,</span> <span class='ocrx_word' id='word_1_728' title='bbox 825 5351 929 5408; x_wconf 90' lang='lat' dir='ltr'>sed</span> <span class='ocrx_word' id='word_1_729' title='bbox 956 5350 1196 5423; x_wconf 87' lang='lat' dir='ltr'>quidam</span> <span class='ocrx_word' id='word_1_730' title='bbox 1221 5351 1526 5419; x_wconf 87' lang='lat' dir='ltr'>duntaxat,</span> <span class='ocrx_word' id='word_1_731' title='bbox 1555 5354 2004 5425; x_wconf 89' lang='lat' dir='ltr'>exploratumne</span> <span class='ocrx_word' id='word_1_732' title='bbox 2025 5359 2114 5409; x_wconf 93' lang='lat' dir='ltr'>est</span> 
     </span>
    </p>
   </div>
   <div class='ocr_carea' id='block_1_100' title="bbox 463 5443 2111 5515">
    <p class='ocr_par' dir='ltr' id='par_1_100' title="bbox 463 5443 2111 5515">
     <span class='ocr_line' id='line_1_100' title="bbox 463 5443 2111 5515; baseline 0.001 -17"><span class='ocrx_word' id='word_1_733' title='bbox 463 5445 710 5514; x_wconf 90' lang='lat' dir='ltr'>quinam</span> <span class='ocrx_word' id='word_1_734' title='bbox 744 5443 866 5498; x_wconf 93' lang='lat' dir='ltr'>sint</span> <span class='ocrx_word' id='word_1_735' title='bbox 895 5460 1043 5514; x_wconf 89' lang='lat' dir='ltr'>quos</span> <span class='ocrx_word' id='word_1_736' title='bbox 1075 5443 1367 5498; x_wconf 88' lang='lat' dir='ltr'>malorum</span> <span class='ocrx_word' id='word_1_737' title='bbox 1401 5443 1756 5500; x_wconf 88' lang='lat' dir='ltr'>acerbitates</span> <span class='ocrx_word' id='word_1_738' title='bbox 1787 5451 2111 5515; x_wconf 74' lang='lat' dir='ltr'>arrepturaa</span> 
     </span>
    </p>
   </div>
   <div class='ocr_carea' id='block_1_101' title="bbox 463 5531 2113 5606">
    <p class='ocr_par' dir='ltr' id='par_1_101' title="bbox 463 5531 2113 5606">
     <span class='ocr_line' id='line_1_101' title="bbox 463 5531 2113 5606; baseline 0.003 -21"><span class='ocrx_word' id='word_1_739' title='bbox 463 5531 586 5586; x_wconf 85' lang='lat' dir='ltr'>sint</span> <span class='ocrx_word' id='word_1_740' title='bbox 607 5549 622 5600; x_wconf 84' lang='lat'><strong>;</strong></span> <span class='ocrx_word' id='word_1_741' title='bbox 654 5550 731 5589; x_wconf 89' lang='lat' dir='ltr'>an</span> <span class='ocrx_word' id='word_1_742' title='bbox 762 5539 971 5589; x_wconf 87' lang='lat' dir='ltr'>contra</span> <span class='ocrx_word' id='word_1_743' title='bbox 990 5532 1140 5589; x_wconf 87' lang='lat' dir='ltr'>citra</span> <span class='ocrx_word' id='word_1_744' title='bbox 1161 5532 1348 5590; x_wconf 90' lang='lat' dir='ltr'>ullam</span> <span class='ocrx_word' id='word_1_745' title='bbox 1369 5532 1815 5589; x_wconf 87' lang='lat' dir='ltr'>distinctionem</span> <span class='ocrx_word' id='word_1_746' title='bbox 1837 5539 2016 5606; x_wconf 87' lang='lat' dir='ltr'>atque</span> <span class='ocrx_word' id='word_1_747' title='bbox 2042 5551 2113 5591; x_wconf 88' lang='lat' dir='ltr'>ex</span> 
     </span>
    </p>
   </div>
   <div class='ocr_carea' id='block_1_102' title="bbox 2221 4721 3850 4798">
    <p class='ocr_par' dir='ltr' id='par_1_102' title="bbox 2221 4721 3850 4798">
     <span class='ocr_line' id='line_1_102' title="bbox 2221 4721 3850 4798; baseline -0.006 -19"><span class='ocrx_word' id='word_1_748' title='bbox 2221 4723 2399 4780; x_wconf 64' lang='grc' dir='ltr'>εἴωθε.</span> <span class='ocrx_word' id='word_1_749' title='bbox 2434 4721 2532 4778; x_wconf 83' lang='grc' dir='ltr'>Καί</span> <span class='ocrx_word' id='word_1_750' title='bbox 2565 4743 2725 4798; x_wconf 71' lang='grc' dir='ltr'>φησιν</span> <span class='ocrx_word' id='word_1_751' title='bbox 2761 4721 2790 4776; x_wconf 91' lang='lat'>6</span> <span class='ocrx_word' id='word_1_752' title='bbox 2820 4726 2971 4783; x_wconf 87' lang='grc' dir='ltr'>παῖς·</span> <span class='ocrx_word' id='word_1_753' title='bbox 3005 4727 3140 4776; x_wconf 65' lang='lat' dir='ltr'>[list</span> <span class='ocrx_word' id='word_1_754' title='bbox 3189 4727 3306 4786; x_wconf 85' lang='grc' dir='ltr'>τοῖς</span> <span class='ocrx_word' id='word_1_755' title='bbox 3351 4721 3658 4798; x_wconf 88' lang='grc' dir='ltr'>ἀνθρώποις</span> <span class='ocrx_word' id='word_1_756' title='bbox 3704 4721 3850 4774; x_wconf 79' lang='grc' dir='ltr'>ταῦτα</span> 
     </span>
    </p>
   </div>
   <div class='ocr_carea' id='block_1_103' title="bbox 2224 4805 3848 4886">
    <p class='ocr_par' dir='ltr' id='par_1_103' title="bbox 2224 4805 3848 4886">
     <span class='ocr_line' id='line_1_103' title="bbox 2224 4805 3848 4886; baseline -0.006 -18"><span class='ocrx_word' id='word_1_757' title='bbox 2224 4813 2449 4878; x_wconf 71' lang='grc' dir='ltr'>εἶ’θισται</span> <span class='ocrx_word' id='word_1_758' title='bbox 2511 4805 2868 4884; x_wconf 74' lang='grc' dir='ltr'>συμϐαίνεινς</span> <span class='ocrx_word' id='word_1_759' title='bbox 2945 4809 3206 4886; x_wconf 72' lang='grc' dir='ltr'>Λέγουσιν</span> <span class='ocrx_word' id='word_1_760' title='bbox 3263 4810 3486 4867; x_wconf 79' lang='grc' dir='ltr'>ἐκεῖνοι·</span> <span class='ocrx_word' id='word_1_761' title='bbox 3547 4810 3623 4870; x_wconf 76' lang='grc' dir='ltr'>Οὐ</span> <span class='ocrx_word' id='word_1_762' title='bbox 3683 4814 3848 4873; x_wconf 75' lang='grc' dir='ltr'>πᾶσιν,</span> 
     </span>
    </p>
   </div>
   <div class='ocr_carea' id='block_1_104' title="bbox 2220 4899 3847 4978">
    <p class='ocr_par' dir='ltr' id='par_1_104' title="bbox 2220 4899 3847 4978">
     <span class='ocr_line' id='line_1_104' title="bbox 2220 4899 3847 4978; baseline -0.006 -19"><span class='ocrx_word' id='word_1_763' title='bbox 2220 4901 2350 4959; x_wconf 85' lang='grc' dir='ltr'>ἀλλ’</span> <span class='ocrx_word' id='word_1_764' title='bbox 2375 4904 2458 4965; x_wconf 83' lang='grc' dir='ltr'>οἷς</span> <span class='ocrx_word' id='word_1_765' title='bbox 2490 4899 2550 4957; x_wconf 77' lang='grc' dir='ltr'>ἂν</span> <span class='ocrx_word' id='word_1_766' title='bbox 2587 4900 2879 4976; x_wconf 84' lang='grc' dir='ltr'>ἐκτραπείη</span> <span class='ocrx_word' id='word_1_767' title='bbox 2912 4900 2976 4956; x_wconf 83' lang='grc' dir='ltr'>τὸ</span> <span class='ocrx_word' id='word_1_768' title='bbox 3010 4901 3235 4978; x_wconf 80' lang='grc' dir='ltr'>ὑγιεινὸν</span> <span class='ocrx_word' id='word_1_769' title='bbox 3269 4900 3328 4957; x_wconf 81' lang='grc' dir='ltr'>ἐκ</span> <span class='ocrx_word' id='word_1_770' title='bbox 3354 4908 3456 4972; x_wconf 77' lang='grc' dir='ltr'>τῆς</span> <span class='ocrx_word' id='word_1_771' title='bbox 3509 4905 3617 4956; x_wconf 82' lang='grc' dir='ltr'>τῶν</span> <span class='ocrx_word' id='word_1_772' title='bbox 3669 4900 3847 4974; x_wconf 82' lang='grc' dir='ltr'>χυμῶν</span> 
     </span>
    </p>
   </div>
   <div class='ocr_carea' id='block_1_105' title="bbox 2227 4989 3848 5069">
    <p class='ocr_par' dir='ltr' id='par_1_105' title="bbox 2227 4989 3848 5069">
     <span class='ocr_line' id='line_1_105' title="bbox 2227 4989 3848 5069; baseline -0.007 -20"><span class='ocrx_word' id='word_1_773' title='bbox 2227 4991 2564 5069; x_wconf 88' lang='grc' dir='ltr'>μοχθηρίας.</span> <span class='ocrx_word' id='word_1_774' title='bbox 2597 4989 2764 5056; x_wconf 74' lang='grc' dir='ltr'>Αὖθις</span> <span class='ocrx_word' id='word_1_775' title='bbox 2797 4989 2889 5046; x_wconf 77' lang='grc' dir='ltr'>οὗν</span> <span class='ocrx_word' id='word_1_776' title='bbox 2924 4989 3247 5047; x_wconf 78' lang='grc' dir='ltr'>ἐπυνθάνετο</span> <span class='ocrx_word' id='word_1_777' title='bbox 3279 4993 3307 5046; x_wconf 88' lang='lat'>6</span> <span class='ocrx_word' id='word_1_778' title='bbox 3335 4997 3484 5055; x_wconf 86' lang='grc' dir='ltr'>παῖς.</span> <span class='ocrx_word' id='word_1_779' title='bbox 3519 4989 3582 5047; x_wconf 68' lang='lat' dir='ltr'>Et</span> <span class='ocrx_word' id='word_1_780' title='bbox 3620 4989 3684 5044; x_wconf 82' lang='grc' dir='ltr'>οὗ</span> <span class='ocrx_word' id='word_1_781' title='bbox 3712 4993 3848 5052; x_wconf 75' lang='grc' dir='ltr'>πᾶσι,</span> 
     </span>
    </p>
   </div>
   <div class='ocr_carea' id='block_1_106' title="bbox 2225 5071 3850 5160">
    <p class='ocr_par' dir='ltr' id='par_1_106' title="bbox 2225 5071 3850 5160">
     <span class='ocr_line' id='line_1_106' title="bbox 2225 5071 3850 5160; baseline -0.003 -24"><span class='ocrx_word' id='word_1_782' title='bbox 2225 5081 2380 5160; x_wconf 69' lang='grc' dir='ltr'>φησί,</span> <span class='ocrx_word' id='word_1_783' title='bbox 2409 5085 2571 5138; x_wconf 80' lang='grc' dir='ltr'>τοῦτο</span> <span class='ocrx_word' id='word_1_784' title='bbox 2601 5086 2720 5142; x_wconf 89' lang='grc' dir='ltr'>τοῖς</span> <span class='ocrx_word' id='word_1_785' title='bbox 2755 5080 3070 5158; x_wconf 86' lang='grc' dir='ltr'>ἀνθρώποις</span> <span class='ocrx_word' id='word_1_786' title='bbox 3102 5076 3416 5156; x_wconf 83' lang='grc' dir='ltr'>συμϐαίνειν</span> <span class='ocrx_word' id='word_1_787' title='bbox 3471 5078 3674 5147; x_wconf 70' lang='grc' dir='ltr'>εἶ’ωθεν,</span> <span class='ocrx_word' id='word_1_788' title='bbox 3723 5071 3850 5131; x_wconf 81' lang='grc' dir='ltr'>ἀλλᾶ</span> 
     </span>
    </p>
   </div>
   <div class='ocr_carea' id='block_1_107' title="bbox 2219 5168 3848 5248">
    <p class='ocr_par' dir='ltr' id='par_1_107' title="bbox 2219 5168 3848 5248">
     <span class='ocr_line' id='line_1_107' title="bbox 2219 5168 3848 5248; baseline -0.007 -20"><span class='ocrx_word' id='word_1_789' title='bbox 2219 5173 2386 5241; x_wconf 82' lang='grc' dir='ltr'>τισὶν,</span> <span class='ocrx_word' id='word_1_790' title='bbox 2417 5178 2522 5246; x_wconf 83' lang='grc' dir='ltr'>’ἄρα</span> <span class='ocrx_word' id='word_1_791' title='bbox 2549 5168 2785 5248; x_wconf 78' lang='grc' dir='ltr'>γνωστοὶ</span> <span class='ocrx_word' id='word_1_792' title='bbox 2837 5173 3254 5241; x_wconf 71' lang='grc' dir='ltr'>καθεστήκασιν,</span> <span class='ocrx_word' id='word_1_793' title='bbox 3315 5171 3405 5235; x_wconf 69' lang='grc' dir='ltr'>οῧς</span> <span class='ocrx_word' id='word_1_794' title='bbox 3466 5169 3653 5245; x_wconf 78' lang='grc' dir='ltr'>μέλλει</span> <span class='ocrx_word' id='word_1_795' title='bbox 3701 5169 3848 5222; x_wconf 74' lang='grc' dir='ltr'>ταῦτα</span> 
     </span>
    </p>
   </div>
   <div class='ocr_carea' id='block_1_108' title="bbox 2221 5257 3846 5336">
    <p class='ocr_par' dir='ltr' id='par_1_108' title="bbox 2221 5257 3846 5336">
     <span class='ocr_line' id='line_1_108' title="bbox 2221 5257 3846 5336; baseline -0.002 -18"><span class='ocrx_word' id='word_1_796' title='bbox 2221 5260 2630 5335; x_wconf 75' lang='grc' dir='ltr'>καταλήψεσθαι</span> <span class='ocrx_word' id='word_1_797' title='bbox 2659 5260 2727 5315; x_wconf 88' lang='grc' dir='ltr'>τά</span> <span class='ocrx_word' id='word_1_798' title='bbox 2759 5257 2940 5327; x_wconf 73' lang='grc' dir='ltr'>δεινάς</span> <span class='ocrx_word' id='word_1_799' title='bbox 2973 5261 3008 5332; x_wconf 69' lang='grc' dir='ltr'><strong>ἢ</strong></span> <span class='ocrx_word' id='word_1_800' title='bbox 3042 5257 3371 5336; x_wconf 83' lang='grc' dir='ltr'>ἀδιορίστως</span> <span class='ocrx_word' id='word_1_801' title='bbox 3401 5261 3492 5317; x_wconf 80' lang='grc' dir='ltr'>καὶ</span> <span class='ocrx_word' id='word_1_802' title='bbox 3539 5259 3846 5336; x_wconf 78' lang='grc' dir='ltr'>ἀπροόπτως</span> 
     </span>
    </p>
   </div>
   <div class='ocr_carea' id='block_1_109' title="bbox 2224 5345 3845 5429">
    <p class='ocr_par' dir='ltr' id='par_1_109' title="bbox 2224 5345 3845 5429">
     <span class='ocr_line' id='line_1_109' title="bbox 2224 5345 3845 5429; baseline -0.006 -23"><span class='ocrx_word' id='word_1_803' title='bbox 2224 5351 2539 5429; x_wconf 62' lang='lat' dir='ltr'>inpiam-tat;</span> <span class='ocrx_word' id='word_1_804' title='bbox 2586 5352 2687 5407; x_wconf 71' lang='lat'>83</span> <span class='ocrx_word' id='word_1_805' title='bbox 2741 5350 2999 5424; x_wconf 71' lang='grc' dir='ltr'>Λέγουσιν</span> <span class='ocrx_word' id='word_1_806' title='bbox 3055 5349 3276 5405; x_wconf 59' lang='grc' dir='ltr'>ἐκεῖνον</span> <span class='ocrx_word' id='word_1_807' title='bbox 3326 5352 3426 5407; x_wconf 81' lang='grc' dir='ltr'>Καὶ</span> <span class='ocrx_word' id='word_1_808' title='bbox 3483 5350 3565 5414; x_wconf 90' lang='grc' dir='ltr'>τίς</span> <span class='ocrx_word' id='word_1_809' title='bbox 3621 5353 3720 5404; x_wconf 82' lang='grc' dir='ltr'>τῶν</span> <span class='ocrx_word' id='word_1_810' title='bbox 3767 5345 3845 5399; x_wconf 85' lang='grc' dir='ltr'>ἀν-</span> 
     </span>
    </p>
   </div>
   <div class='ocr_carea' id='block_1_110' title="bbox 2223 5429 3846 5516">
    <p class='ocr_par' dir='ltr' id='par_1_110' title="bbox 2223 5429 3846 5516">
     <span class='ocr_line' id='line_1_110' title="bbox 2223 5429 3846 5516; baseline -0.002 -19"><span class='ocrx_word' id='word_1_811' title='bbox 2223 5440 2458 5516; x_wconf 82' lang='grc' dir='ltr'>θρώπων</span> <span class='ocrx_word' id='word_1_812' title='bbox 2490 5440 2558 5496; x_wconf 55' lang='lat' dir='ltr'>ea</span> <span class='ocrx_word' id='word_1_813' title='bbox 2616 5435 2895 5513; x_wconf 71' lang='grc' dir='ltr'>μέλλοντα</span> <span class='ocrx_word' id='word_1_814' title='bbox 2943 5437 3176 5494; x_wconf 88' lang='grc' dir='ltr'>συνιδεῖν</span> <span class='ocrx_word' id='word_1_815' title='bbox 3236 5438 3452 5499; x_wconf 83' lang='grc' dir='ltr'>δύναται</span> <span class='ocrx_word' id='word_1_816' title='bbox 3496 5441 3582 5497; x_wconf 78' lang='grc' dir='ltr'>καὶ</span> <span class='ocrx_word' id='word_1_817' title='bbox 3631 5429 3846 5513; x_wconf 69' lang='grc' dir='ltr'>ἀκριϐῶς</span> 
     </span>
    </p>
   </div>
   <div class='ocr_carea' id='block_1_111' title="bbox 2222 5529 3844 5609">
    <p class='ocr_par' dir='ltr' id='par_1_111' title="bbox 2222 5529 3844 5609">
     <span class='ocr_line' id='line_1_111' title="bbox 2222 5529 3844 5609; baseline -0.007 -21"><span class='ocrx_word' id='word_1_818' title='bbox 2222 5532 2548 5609; x_wconf 79' lang='grc' dir='ltr'>ἐπιγνῶναι;</span> <span class='ocrx_word' id='word_1_819' title='bbox 2581 5534 2830 5607; x_wconf 86' lang='grc' dir='ltr'>κρεῖττον</span> <span class='ocrx_word' id='word_1_820' title='bbox 2871 5529 2974 5606; x_wconf 74' lang='grc' dir='ltr'>γὰρ</span> <span class='ocrx_word' id='word_1_821' title='bbox 3023 5529 3367 5606; x_wconf 84' lang='grc' dir='ltr'>ἀνθρωπίνης</span> <span class='ocrx_word' id='word_1_822' title='bbox 3423 5530 3630 5608; x_wconf 78' lang='grc' dir='ltr'>φύσεως</span> <span class='ocrx_word' id='word_1_823' title='bbox 3678 5529 3844 5592; x_wconf 80' lang='grc' dir='ltr'>τοῦτο,</span> 
     </span>
    </p>
   </div>
   <div class='ocr_carea' id='block_1_112' title="bbox 531 5672 2110 5761">
    <p class='ocr_par' dir='ltr' id='par_1_112' title="bbox 531 5673 2110 5761">
     <span class='ocr_line' id='line_1_112' title="bbox 531 5673 2110 5761; baseline 0.002 -31"><span class='ocrx_word' id='word_1_824' title='bbox 531 5675 643 5747; x_wconf 83' lang='lat'>(76)</span> <span class='ocrx_word' id='word_1_825' title='bbox 671 5677 734 5746; x_wconf 88' lang='lat' dir='ltr'>C,</span> <span class='ocrx_word' id='word_1_826' title='bbox 763 5673 1060 5760; x_wconf 75' lang='grc' dir='ltr'>φαίνεσθαι·</span> <span class='ocrx_word' id='word_1_827' title='bbox 1096 5677 1473 5761; x_wconf 46' lang='grc' dir='ltr'>Ιιίἱηωὶιιεης.</span> <span class='ocrx_word' id='word_1_828' title='bbox 1504 5679 1549 5761; x_wconf 64' lang='grc' dir='ltr'>Ι,</span> <span class='ocrx_word' id='word_1_829' title='bbox 1573 5696 1632 5750; x_wconf 89' lang='lat' dir='ltr'>p.</span> <span class='ocrx_word' id='word_1_830' title='bbox 1666 5681 1770 5734; x_wconf 78' lang='lat'>253</span> <span class='ocrx_word' id='word_1_831' title='bbox 1797 5695 1810 5735; x_wconf 91' lang='lat'><strong>:</strong></span> <span class='ocrx_word' id='word_1_832' title='bbox 1849 5679 1988 5761; x_wconf 65' lang='grc' dir='ltr'>μήτε</span> <span class='ocrx_word' id='word_1_833' title='bbox 2019 5675 2110 5754; x_wconf 77' lang='grc' dir='ltr'>ὅψε</span> 
     </span>
    </p>
   </div>
   <div class='ocr_carea' id='block_1_113' title="bbox 2225 5672 3844 5761">
    <p class='ocr_par' dir='ltr' id='par_1_113' title="bbox 2239 5672 3844 5749">
     <span class='ocr_line' id='line_1_113' title="bbox 2239 5672 3844 5749; baseline -0.002 -14"><span class='ocrx_word' id='word_1_834' title='bbox 2239 5675 2317 5736; x_wconf 72' lang='grc' dir='ltr'>ἔτι</span> <span class='ocrx_word' id='word_1_835' title='bbox 2348 5676 2476 5740; x_wconf 71' lang='grc' dir='ltr'>τοὺς</span> <span class='ocrx_word' id='word_1_836' title='bbox 2501 5673 2552 5733; x_wconf 65' lang='grc' dir='ltr'>ἐν</span> <span class='ocrx_word' id='word_1_837' title='bbox 2583 5679 2705 5742; x_wconf 80' lang='grc' dir='ltr'>ταῖς</span> <span class='ocrx_word' id='word_1_838' title='bbox 2755 5675 3048 5749; x_wconf 75' lang='grc' dir='ltr'>συνθήκαις</span> <span class='ocrx_word' id='word_1_839' title='bbox 3100 5675 3359 5743; x_wconf 68' lang='grc' dir='ltr'>ἐκείνους·</span> <span class='ocrx_word' id='word_1_840' title='bbox 3411 5679 3512 5738; x_wconf 81' lang='lat' dir='ltr'>ubi</span> <span class='ocrx_word' id='word_1_841' title='bbox 3554 5677 3677 5737; x_wconf 86' lang='lat' dir='ltr'>cod.</span> <span class='ocrx_word' id='word_1_842' title='bbox 3725 5672 3844 5731; x_wconf 87' lang='grc'>1000</span> 
     </span>
    </p>
   </div>
   <div class='ocr_carea' id='block_1_114' title="bbox 463 5746 2118 5826">
    <p class='ocr_par' dir='ltr' id='par_1_114' title="bbox 463 5746 2118 5826">
     <span class='ocr_line' id='line_1_114' title="bbox 463 5746 2118 5826; baseline 0.008 -27"><span class='ocrx_word' id='word_1_843' title='bbox 463 5746 682 5819; x_wconf 69' lang='grc' dir='ltr'>θήκαις,</span> <span class='ocrx_word' id='word_1_844' title='bbox 710 5746 934 5804; x_wconf 83' lang='lat' dir='ltr'>omissa</span> <span class='ocrx_word' id='word_1_845' title='bbox 961 5764 1125 5806; x_wconf 86' lang='lat' dir='ltr'>nunc</span> <span class='ocrx_word' id='word_1_846' title='bbox 1154 5746 1641 5808; x_wconf 80' lang='lat' dir='ltr'>commodissime</span> <span class='ocrx_word' id='word_1_847' title='bbox 1671 5746 2118 5826; x_wconf 63' lang='lat' dir='ltr'>prapositioné.</span> 
     </span>
    </p>
   </div>
  </div>
