4100 6426
339 416 451 472 893

1524 413 1701 467 Vl'l'A
1738 410 2089 466 BARLAAM
2127 411 2220 464 ET
2254 409 2598 465 JOABAPH.

3664 410 3771 466 θοι

338 539 431 594 καὶ
498 536 689 611 μόνοις
737 531 1134 609 ἆποκληρωθὶν
1182 537 1301 596 τοῖς
1355 531 1635 595 ἀθανάτοις
1685 534 1853 594 θεοῖς.
1905 531 2002 586 Καὶ

2123 533 2436 604 improviso
2469 533 2810 588 conflantur
2833 533 2861 590 ‘2
2888 534 2959 589 Et
2988 533 3123 606 quis
3153 535 3394 590 tandem
3431 536 3766 603 hominum,

342 624 617 683 ἐπαύσατο
679 625 957 697 μένὸτοῦ
1019 621 1291 698 βασιλέως
1346 623 1463 683 υἱὸς
1521 621 1830 695 ἐπερωτῶν,
1863 619 2004 674 ὠδυ-

341 719 481 787 νήθη
518 713 575 770 δὲ
605 716 702 783 τήν
750 710 975 789 καρδίαν
1033 713 1117 767 ἐπὶ
1174 716 1255 785 τῷ
1287 713 1554 788 ὁραθέντι,
1586 712 1675 766 καὶ
1707 711 1997 781 ἠλλοιώθη

341 806 377 875 ἠ
427 805 615 881 μορφὴ
672 806 769 857 τοῦ
828 799 1126 877 προσώπου
1183 802 1349 856 αὐτοῦ
1407 801 1662 872 ἀσυνήθει
1718 804 1815 855 τοῦ
1865 798 2001 874 πρά-

340 915 580 968 γματος.

2116 623 2555 694 responderunt
2584 624 2692 689 illi,
2728 623 2927 680 futura
2948 624 3285 696 perspicere
3303 641 3371 680 ac
3402 625 3658 696 perfecte
3680 626 3770 679 in-

2118 714 2384 784 telligere
2408 720 2584 783 queat
2604 714 2630 767 ‘3
2656 715 2769 768 Hoc
2798 715 2958 769 enim
2984 716 3261 770 humanm
3286 721 3512 769 natura:
3527 720 3763 785 captum

2117 802 2366 866 excedit,
2401 820 2467 856 ac
2499 802 2640 857 solis
2673 804 3111 859 immortalibus
3146 805 3257 860 (liis
3281 805 3631 860 attributum
3658 808 3766 858 est.

2117 893 2220 947 Hic
2246 892 2633 963 percontandi
2661 894 2901 962 quidem
2952 896 3131 949 tinem
3181 895 3321 949 fecit
3364 894 3518 967 regis
3570 894 3766 959 filius;

338 1002 547 1041 verum
583 1002 653 1040 ex
680 982 1025 1055 hujusmodi
1058 983 1396 1056 spectaculo
1429 982 1696 1038 dolorem
1730 982 1931 1037 animo
1989 982 2166 1053 cepit,
2224 982 2430 1053 reique
2490 983 2746 1037 novitate
2802 984 2885 1038 ita
2914 986 3159 1039 affectus
3191 992 3299 1050 est,
3334 991 3399 1039 ut
3427 985 3548 1039 oris
3579 982 3767 1055 ipsius

336 1076 540 1132 forma
568 1077 1005 1132 immutaretur.

415 1184 547 1240 Μετ’
582 1182 642 1237 οὗ
672 1178 889 1245 πολλὰς
944 1177 1002 1235 δὲ
1051 1181 1266 1257 ἡμέρας
1324 1182 1476 1245 αὖθις
1529 1177 1889 1255 διερχόμενος
1923 1177 2008 1233 ἐν·

337 1275 604 1349 τυγχάνει
635 1272 851 1347 γέροντι
882 1268 1329 1343 πεπαλαιωμένῳ
1375 1269 1427 1326 ἐν
1477 1269 1715 1346 ήμέραις
1744 1266 2007 1337 πολλαῖς,

336 1360 735 1438 ἐρῥικνωμὲνῳ
791 1360 885 1434 μἐν
946 1359 1010 1415 τὸ
1064 1360 1385 1436 πρόσωπον,
1447 1358 1759 1434 παρειμένῳ
1810 1356 1867 1414 δὲ
1914 1359 2010 1421 τὰς

332 1455 576 1524 κνημας,
612 1450 995 1529 συγκεκυφότι,
1043 1451 1135 1505 καὶ
1187 1448 1334 1512 δλως
1385 1451 1815 1523 πεπολιωμὲνῳ,
1861 1448 2008 1503 ἐστε·ο

333 1546 573 1621 ρημένῳ
629 1545 757 1605 τοὺς
819 1541 1062 1609 ὀδόντας,
1120 1542 1211 1597 καὶ
1285 1541 1666 1617 ἐγκεκομμὲνα
1724 1540 2004 1597 λαλοῦντι.

334 1632 650 1706 Ἐκπληξις
710 1633 799 1687 οὖν
874 1631 1033 1686 αὐτὸν
1110 1626 1401 1705 λαμϐάνει⁸
1459 1630 1549 1685 καὶ
1619 1628 1710 1699 δὴ,
1768 1628 2008 1699 πλησίον

344 1727 541 1779 τοῦτον
570 1721 814 1796 ἀγαγὼν,
848 1718 1107 1797 ἐπηρώτα
1163 1725 1352 1794 μαθεῖν
1408 1719 1469 1774 τὸ
1519 1727 1620 1789 τῆς
1680 1716 1800 1784 θέας
1831 1718 2004 1794 παρα-

2192 1180 2445 1236 Rursum
2479 1187 2677 1236 autem
2709 1179 2865 1236 foras
2896 1183 3300 1255 progrediens,
3323 1182 3384 1238 in
3424 1182 3765 1254 capularem

2122 1270 2439 1341 quemdam
2455 1288 2658 1326 senem
2682 1271 2911 1336 incidit,
2929 1278 3135 1343 rugata
3152 1272 3320 1337 facie,
3335 1272 3535 1328 fractis
3557 1290 3623 1327 ac
3641 1272 3732 1329 dis
3746 1303 3765 1315 -

2122 1360 2331 1414 solutis
2365 1361 2547 1427 tibiis,
2580 1378 2755 1416 curvo
2788 1378 3057 1432 corpore,
3093 1363 3283 1433 capite
3313 1379 3555 1433 prorsus
3596 1379 3765 1430 cano,

2119 1451 2219 1521 qui
2236 1457 2523 1522 praeterea
2538 1451 2813 1507 dentibus
2828 1453 3273 1522 carebat,atque
3286 1453 3587 1506 concisum
3606 1452 3772 1522 quid-

2118 1541 2255 1595 dam
2272 1548 2328 1595 et
2350 1543 2747 1613 interruptum
2766 1542 3394 1614 loquebatur.Stupore
3418 1543 3616 1612 itaque
3644 1559 3771 1597 cor-

2118 1638 2341 1703 reptus,
2377 1650 2510 1688 cum
2546 1634 2851 1688 hominem
2887 1650 3021 1688 eum
3050 1633 3327 1704 proprius
3363 1631 3437 1687 ad
3469 1649 3531 1687 se
3563 1631 3775 1687 adduci

2109 1723 2411 1793 jussisset,
2441 1740 2541 1778 eos
2567 1725 2664 1793 qui
2691 1730 2812 1777 tum
2838 1723 3088 1778 aderant
3109 1722 3513 1795 interrogabat
3533 1720 3774 1793 ecquid-

346 1810 524 1884 δοξον.
556 1813 623 1870 Οἳ
659 1810 717 1867 δὶ
771 1811 1151 1888 συμπαρόντες
1206 1811 1378 1866 εἶπον⁸
1437 1812 1610 1873 Οὗτος
1642 1811 1861 1885 χρόνων
1892 1806 2002 1880 ἤδη

2123 1830 2253 1868 nam
2288 1818 2405 1867 tam
2440 1813 2706 1867 insolens
2747 1812 3152 1884 spectaculum
3206 1817 3380 1867 esset.
3430 1812 3524 1866 Illi
3575 1818 3772 1867 autem

340 1903 619 1959 πλείστων
682 1903 941 1978 ὑπάρχει,
1018 1902 1108 1956 καὶ
1188 1902 1326 1957 κατά
1404 1903 1598 1975 μικρὸν
1672 1900 2004 1973 μειουμένης

338 1991 498 2066 αὗτῷ
526 2000 627 2063 τῆς
670 1992 885 2067 ἰσχύος,
937 1991 1361 2062 ἐξασθενούντων
1425 1989 1481 2046 δὲ
1527 1995 1635 2045 τῶν
1691 1989 1897 2062 μελῶν,
1930 1988 2005 2051 εἷς

329 2080 408 2153 ἤν
445 2083 579 2158 ὁρᾷς
626 2076 824 2157 ἔφθασε
882 2080 1289 2157 ταλαιπωρίαν.
1350 2081 1454 2136 Καὶ
1512 2082 1588 2147 τί,
1623 2080 1777 2157 φησὶ,
1809 2079 2008 2134 τούτου

334 2175 406 2229 τὸ
440 2173 641 2241 τέλος;
676 2173 743 2229 Οἱ
795 2169 851 2227 δέ
901 2171 1051 2227 εἶπον
1102 2171 1272 2243 αὐτῷ·
1326 2167 1495 2228 Οὐδὲν
1540 2168 1682 2224 ἄλλο
1712 2167 1748 2239 ἤ
1781 2171 2010 2231 Θάνατος

335 2264 509 2319 αὐτὸν
544 2260 862 2335 διαδέξεται.
895 2259 1078 2317 Ἀλλά
1128 2259 1217 2315 καὶ
1267 2264 1451 2325 πᾶσιν,
1494 2257 1619 2337 ἔφη,
1649 2264 1765 2321 τοῖς
1799 2259 2009 2332 ἀνθρώ-

333 2374 472 2415 ποις
528 2357 690 2407 τοῦτο
750 2349 1077 2427 πρόκειταις
1131 2350 1165 2421 ἢ
1224 2349 1314 2404 καὶ
1389 2353 1551 2404 τοῦτο
1611 2348 1774 2411 ἐνίοις
1832 2347 2008 2404 αὐτῶν

342 2438 685 2517 συμϐαίνει;
741 2442 1136 2517 Ἀπεκρίθησαν
1191 2438 1411 2495 ἐκεῖνοι⁹
1468 2438 1531 2496 Εἰ
1587 2440 1662 2512 μή
1714 2432 2012 2511 προλαϐὼν

341 2534 373 2588 6
410 2532 640 2595 θάνατος
701 2532 1025 2605 μεταστήσει
1081 2531 1205 2585 τινὰ
1259 2528 1365 2584 τῶν
1422 2526 1683 2598 ἐντεῦθεν,
1725 2525 2010 2598 ἀδύνατον,

336 2627 457 2679 τῶν
492 2622 707 2698 χρόνων
740 2616 1173 2697 προϐαινόντων,
1218 2621 1293 2693 μή
1344 2618 1420 2681 εἷς
1464 2618 1669 2689 ταύτης
1702 2616 1877 2681 ἐλθεῖν
1909 2618 2008 2686 τὴν

335 2717 538 2784 πεῖραν
592 2714 695 2777 τῆς
752 2711 981 2781 τάξεως.
1041 2708 1140 2764 Καὶ
1200 2730 1362 2785 φησιν
1422 2709 1450 2763 ὁ
1504 2713 1657 2771 παῖς’
1702 2708 1788 2763 Ἐν
1818 2706 2012 2769 πόσοις

340 2803 442 2857 οὖν
474 2796 615 2857 ἔτεσι
640 2804 803 2856 τοῦτο
854 2799 1143 2874 ἐπέρχεταί
1194 2817 1340 2869 τινις
1390 2797 1479 2852 καὶ
1531 2797 1576 2853 εἷ
1625 2798 1843 2860 πάντως
1872 2797 2011 2872 πρό-

341 2913 530 2948 κειται
563 2892 591 2946 6
623 2890 872 2957 θάνατος,
904 2890 993 2945 καὶ
1036 2890 1137 2944 οὐκ
1186 2886 1298 2943 ἔστι
1357 2885 1587 2961 μέθοδος
1614 2892 1807 2943 τοῦτον
1837 2907 2014 2962 παρα-

343 2979 606 3058 δραμεῖν,
642 2980 731 3035 καὶ
787 2977 927 3053 μηδὲ
977 2978 1053 3043 εἷς
1099 2978 1303 3048 ταύτην
1355 2978 1527 3033 ἐλθεῖν
1579 2979 1677 3047 τήν
1727 2975 2012 3033 ταλαιπω-

345 3073 515 3148 ρίαν;
574 3070 832 3148 Λέγουσιν
896 3068 1061 3141 αὐτῷ’
1119 3070 1209 3126 Ἑν
1279 3065 1624 3144 ὀγδοήκοντα
1682 3068 1777 3141 μὲν
1832 3066 1869 3136 ἤ
1925 3066 2014 3122 καὶ

341 3161 543 3217 ἑκατὸν
578 3159 747 3216 ἔτεσιν
802 3160 880 3222 εἷς
928 3163 1091 3215 τοῦτο
1145 3160 1207 3214 τὸ
1255 3166 1431 3235 γῆρας
1462 3162 1563 3216 34
1594 3162 1928 3213 καταντῶσιν
1962 3158 2015 3212 οἱ

356 3250 666 3329 ἄνθρωποι,
722 3252 833 3306 εἶτα
880 3250 1310 3320 ἀποθνήσκουσι,
1362 3250 1435 3322 μὴ
1478 3246 1667 3310 ἄλλως
1719 3245 2013 3323 ἐνδεχομέ-

340 3363 468 3397 νου.
503 3340 672 3417 Χρὲος
728 3341 829 3415 γὰρ
888 3341 1112 3417 φυσικὸν
1174 3340 1202 3393 6
1258 3337 1482 3401 θάνατός
1541 3338 1705 3407 ἐστιν,
1739 3336 1791 3407 ἐξ
1831 3338 2014 3409 ἀρχῆς

335 3431 590 3486 ἐπιτεθέν
637 3435 755 3492 τοῖς
808 3429 1141 3504 ἀνθρώποις,
1192 3427 1283 3483 καὶ
1334 3426 1706 3504 ἀπαραίτητος
1736 3429 1771 3497 ἡ
1812 3426 2013 3481 τούτου

337 3519 654 3582 ἐπέλευσις.

419 3628 606 3685 Ταῦτα
660 3625 834 3684 πάντα
892 3628 967 3691 ὡς
1032 3624 1138 3682 εἶδέ
1195 3646 1253 3682 τε
1307 3626 1395 3681 καὶ
1457 3622 1686 3696 ἤκουσεν
1721 3626 1748 3681 6
1794 3626 2012 3688 συνετὸς

345 3718 562 3780 ἐκεῖνος
620 3720 708 3773 καὶ
771 3717 1040 3797 φρόνιμος
1098 3715 1332 3784 νεανίας,
1393 3717 1638 3789 στενάξας
1695 3714 1750 3771 ἐγ
1815 3714 2012 3791 βάθους

343 3804 601 3885 καρδίας,
662 3805 786 3883 ἔφη’
852 3808 1056 3883 Πικρὸς
1088 3807 1115 3861 6
1153 3807 1269 3884 βίος
1334 3807 1490 3867 οὗτος
1544 3807 1631 3860 γαὶ
1676 3803 1853 3875 πάσης
1885 3801 2015 3859 ὀδύ-

340 3919 449 3970 νης
495 3898 585 3953 καὶ
640 3895 837 3967 ἀηδίας
869 3896 1182 3966 ἀνάπλεως,
1232 3894 1278 3950 εἰ
1329 3899 1497 3951 ταῦτα
1529 3894 1705 3956 οὕτως
1738 3892 1879 3969 ἔχει.
1912 3894 2011 3948 Καὶ

341 3993 472 4050 πῶς
531 3987 900 4061 ἀμεριμνήσει
971 4008 1057 4052 τις
1134 3983 1440 4062 προσδοκίᾳ
1491 3989 1589 4041 τοῦ
1646 3981 1860 4055 ἀδήλου
1919 3986 2010 4037 θα-

341 4079 537 4148 νάτου,
574 4077 635 4132 οὗ
666 4079 700 4146 ἡ
734 4074 951 4138 ἔλευσις
1001 4075 1063 4130 οὗ
1118 4074 1283 4149 μόνον
1319 4073 1709 4151 ἀπαραίτητος,
1745 4073 1892 4129 ἀλλά
1921 4072 2010 4127 καὶ

343 4165 583 4238 ἄδηλος,
616 4166 795 4228 καθὼς
846 4164 1052 4234 εἶ’πατε,
1105 4165 1381 4242 ὑπάρχει;
1441 4166 1538 4219 Καὶ
1601 4164 1819 4234 ἀπῆλθε
1845 4167 2013 4219 ταῦτα

344 4259 592 4336 στρέφων
653 4254 707 4313 ἐν
761 4256 959 4329 ἐαυτῷ,
1020 4255 1109 4311 καὶ
1169 4253 1458 4317 ἀπαύστως
1532 4252 2009 4327 διαλογιζόμενος,

338 4348 437 4403 καὶ
472 4347 676 4408 πυκνὰς
732 4344 1065 4418 ποιούμενος
1120 4366 1246 4421 περι
1301 4348 1402 4399 τοῦ
1462 4342 1691 4398 θανάτου
1748 4345 1844 4406 τὰς
1878 4345 2014 4398 ὑπο-

348 4440 603 4512 μνήσεις,
636 4440 827 4499 πόνοις
856 4456 911 4490 τε
942 4435 1033 4490 καὶ
1077 4435 1330 4508 ἀθυμίαις
1381 4434 1440 4490 ἐκ
1486 4437 1684 4490 τούτου
1716 4440 1891 4505 συζῶν
1920 4435 2010 4489 καὶ

342 4527 620 4583 ἄπαυστον
680 4521 827 4602 ἔχων
884 4526 984 4593 τὴν
1048 4524 1248 4596 λύπην.
1302 4524 1498 4600 Ἔλεγε
1555 4526 1659 4601 γὰρ
1718 4523 1771 4579 iv
1815 4525 2009 4597 ἑαυτόξν

340 4619 491 4694 Ἀρά
522 4618 652 4673 πντὲ
688 4638 754 4690 με
797 4617 825 4672 6
876 4617 1102 4680 θάνατος
1158 4616 1572 4691 καταλήψεταις
1632 4614 1722 4669 καὶ
1753 4614 1833 4679 τίς
1864 4612 2012 4670 ἔσται

342 4708 376 4762 6
413 4710 639 4781 μνήμην
675 4729 781 4780 μου
839 4705 1170 4779 ποιούμενος
1235 4706 1368 4778 μετά
1400 4703 1654 4774 θάνατον,
1681 4708 1779 4759 τοῦ
1806 4705 2012 4778 χρόνου

340 4797 526 4851 πάντα
562 4799 632 4870 τῇ
685 4792 830 4870 λήθῃ
882 4790 1326 4869 παραδιδόντος;
1375 4793 1465 4849 καὶ
1516 4793 1561 4849 εἶ
1611 4792 1899 4848 ἀποθανὼν
1934 4793 2013 4855 εἷς

338 4887 407 4942 τὸ
460 4887 536 4960 μὴ
594 4884 652 4940 ὃν
715 4883 1123 4958 διαλυθήσομαι
1152 4904 1166 4954 ;
1196 4881 1233 4954 ἤ
1267 4882 1377 4939 ἔστι
1408 4906 1494 4948 τις
1542 4881 1686 4955 ἄλλη
1726 4884 1885 4959 βιοτή
1919 4883 2010 4938 καὶ

341 4974 535 5052 ἓτερος
568 4975 815 5048 κόσμος;
862 4979 1044 5032 Ταῦτα
1091 4974 1181 5029 καὶ
1230 4974 1300 5031 τὰ
1346 4973 1567 5038 τούτοις
1621 4975 1789 5048 ὅμοια
1835 4972 2009 5028 ἀπαύ-

346 5088 492 5129 στως
545 5064 1027 5139 διενθυμούμενος,
1076 5064 1300 5141 ὠχριῶν
1350 5066 1697 5136 κατε-τήκετο·
1733 5064 1851 5119 κατ’
1882 5059 2006 5137 ὄψιν

347 5156 407 5213 δὶ
437 5160 536 5212 τοῦ
565 5157 794 5232 πατρὸς,
854 5155 945 5211 ὅτε
1006 5150 1199 5227 συνέϐη
1260 5160 1453 5211 τοῦτον
1499 5152 1805 5234 ἀφικέσθαι,
1835 5174 2010 5229 προσ-

346 5251 589 5303 εποιεῖτο
629 5247 693 5301 τὸ
736 5244 929 5321 ἱλαρὸν
986 5245 1077 5301 καὶ
1128 5242 1358 5315 ἄλυπον,
1423 5246 1498 5319 μὴ
1559 5243 1899 5320 βουλόμενος
1933 5244 2010 5307 εἷς

342 5342 553 5415 γνῶσιν
630 5340 710 5409 τῷ
788 5336 954 5410 πατρὶ
1024 5336 1093 5391 τὰ
1172 5335 1319 5408 αὖτῷ
1383 5334 1741 5409 μελετώμενα
1803 5332 2005 5398 ἐλθεῖν.

339 5427 566 5491 Ἐπόθει
600 5425 658 5482 δὲ
690 5425 1045 5501 ἀκατασχέτῳ
1100 5424 1204 5481 τινὶ
1255 5425 1409 5498 πόθῳ
1440 5425 1530 5481 καὶ
1563 5423 1823 5500 ἐγλίχετο
1856 5424 2010 5479 ἐντυ-

341 5523 467 5596 χεῖν
496 5539 602 5573 τινι
641 5521 720 5589 τῷ
752 5513 1037 5590 δυναμένῳ
1068 5517 1169 5585 τήν
1220 5514 1387 5571 αὐτοῦ
1418 5515 1845 5594 πληροφορῆσαι
1876 5535 2007 5591 καρ-

338 5608 487 5680 δίαν,
520 5607 609 5665 καὶ
643 5605 811 5683 λόγον
868 5606 1062 5683 ἀγαθὸν
1112 5610 1231 5671 ταῖς
1262 5605 1427 5662 αὐτοῦ
1485 5605 1676 5669 ἀκοαῖς
1710 5602 2005 5682 ἐνηχῆσαι.

412 5789 524 5850 Τὸν
557 5786 1116 5866 προμνημονευοὲντα
1176 5783 1234 5844 δὶ
1290 5784 1640 5868 παιδαγωγὸν
1702 5785 1855 5855 αὖθις
1904 5781 2000 5843 ἒπ-

2116 1903 2433 1957 dixerunt:
2467 1903 2569 1957 Hic
2601 1908 2771 1957 aetate
2805 1902 2973 1957 valde
3006 1908 3337 1973 provectus,
3366 1919 3434 1958 ac
3477 1901 3767 1973 paulatim

2110 1992 2535 2047 decedentibus
2561 1992 2673 2063 ipsi
2698 1991 2939 2051 viribus.
2970 1991 3375 2062 membrisque
3399 1990 3773 2046 imbecillita-

2112 2087 2229 2136 tem
2247 2081 2838 2148 contrahentibus,ad
2855 2082 3008 2135 hanc
3023 2098 3201 2151 quam
3224 2080 3418 2135 cernis
3443 2096 3773 2134 aerumnam

2114 2172 2404 2242 pervenit.
2438 2173 2509 2224 Et
2538 2171 2838 2241 quisnam,
2874 2170 3070 2240 inquit
3098 2171 3222 2234 ille,
3246 2170 3435 2241 ipsius
3472 2169 3607 2224 finis
3639 2168 3774 2223 est?

2112 2260 2269 2314 Nihil
2285 2259 2757 2331 aliud.inquiunt
2772 2260 2879 2323 illi,
2899 2276 3267 2330 quam,mors
3288 2260 3481 2330 ipsum
3498 2259 3771 2330 excipiet.

2118 2349 2490 2405 Omnibusne
2522 2350 2887 2416 hominibus,
2914 2348 3369 2421 inquitille,hoc
3402 2350 3774 2420 propositum

2116 2445 2306 2505 est,an
2323 2440 2676 2510 quibusdam
2698 2438 3778 2513 duntaxatcontingit?Responderunt

2117 2529 2242 2583 illi:
2277 2530 2397 2583 Nisi
2439 2547 2599 2585 mors
2631 2535 3013 2585 antevertens
3045 2530 3309 2602 aliquem
3338 2530 3477 2584 hinc
3500 2528 3777 2597 abducat,

2118 2618 2249 2672 fieri
2278 2634 2399 2671 non
2423 2624 2620 2690 potest
2641 2619 2785 2690 quin
2810 2620 3094 2690 temporis
3120 2635 3433 2691 progressu
3457 2624 3645 2674 status
3666 2618 3781 2672 hu—

2111 2707 2287 2778 jusce
2316 2708 2649 2779 periculum
2673 2726 2794 2763 non
2826 2710 3174 2764 faciat.Tum
3197 2709 3569 2764 adolescens:
3590 2709 3785 2773 Quoto

2118 2813 2274 2851 anno
2294 2797 2405 2853 hoc
2427 2799 2686 2869 cuipiam
2707 2798 3046 2871 contingit?
3068 2805 3247 2869 atque
3272 2814 3595 2869 prorsusne
3618 2798 3772 2852 mori

2118 2903 2363 2941 necesse
2396 2893 2502 2952 est,
2530 2905 2724 2960 neque
2742 2905 2837 2943 ars
2856 2889 2981 2944 ulla
3002 2894 3091 2943 est
3119 2906 3235 2959 qua
3258 2894 3509 2943 mortem
3534 2888 3780 2960 effugia-

2120 2982 2460 3048 mus,atque
2476 2978 2538 3032 in
2559 2979 2711 3033 hanc
2729 2979 3128 3033 calamitatem
3151 2978 3397 3033 minime
3415 2977 3782 3033 incidamus?

2120 3067 2336 3121 Dicunt
2360 3068 2410 3121 ei
2438 3068 2849 3140 :Octogesimo,
2876 3075 2978 3123 aut
3000 3068 3327 3123 centesimo
3352 3085 3508 3122 anno
3533 3068 3605 3123 ad
3628 3069 3781 3122 lianc

2128 3162 2492 3211 senectutem
2517 3157 2788 3213 homines
2812 3157 3263 3229 perveniunt,ac
3284 3156 3497 3212 deinde
3521 3157 3782 3211 moriunc

2128 3251 2243 3314 tur,
2275 3263 2383 3301 nec
2416 3247 2591 3302 aliter
2620 3248 2747 3302 fieri
2772 3253 2986 3318 potest.
3013 3247 3287 3302 Debitum
3321 3248 3480 3302 enim
3512 3248 3783 3302 naturale

2125 3353 2287 3391 mors
2302 3337 2756 3403 est,hominibus
2780 3337 2852 3392 ab
2872 3338 3042 3393 initio
3067 3338 3638 3409 impositum,neque
3661 3337 3785 3392 ulla

2125 3428 2357 3482 ratione
2389 3428 2577 3499 ipsius
2600 3428 2886 3484 adventus
2920 3430 3087 3484 vitari
3121 3435 3335 3501 potest.

2196 3629 2330 3685 Haec
2362 3629 2585 3695 omnia,
2620 3634 2685 3685 ut
2715 3646 2891 3703 sagax
2922 3629 3023 3684 ille
3056 3645 3123 3685 ac
3144 3628 3409 3701 prudens
3433 3628 3781 3685 adolescens

2124 3719 2349 3775 audivit
2378 3726 2557 3791 atque
2582 3718 2898 3788 intellexit,
2926 3721 3134 3775 intimo
3162 3720 3338 3775 corde
3363 3721 3784 3793 ingemiscens,

2123 3808 2308 3864 dixit:
2343 3811 2571 3866 Acerba
2602 3811 2729 3866 haec
2758 3811 2876 3865 vita
2907 3817 3018 3875 est,
3052 3817 3229 3883 atque
3262 3811 3427 3866 omni
3478 3810 3681 3866 dolore
3715 3827 3784 3866 ac

2123 3899 2405 3955 mmstitia
2437 3900 2693 3972 plena,si
2716 3900 2912 3956 resita
2938 3917 2999 3956 se
3033 3900 3309 3956 habet.Et
3331 3918 3590 3972 quonam
3607 3900 3784 3956 modo

2123 3988 2422 4061 quispiam
2470 3991 2531 4044 in
2579 3990 2823 4045 incerta:
2866 3992 3076 4045 mortis
3118 3992 3583 4062 exspectatione,
3614 3991 3785 4063 cujus

2122 4078 2409 4135 adventus
2438 4096 2557 4134 non
2582 4079 2758 4134 modo
2781 4080 2949 4134 vitari
2969 4096 3091 4135 non
3120 4085 3334 4151 potest,
3362 4080 3465 4136 sed
3494 4081 3696 4149 etiam,
3719 4084 3787 4135 ut

2124 4167 2378 4237 dixistis,
2413 4169 2677 4225 incertus
2709 4175 2816 4235 est,
2853 4186 3061 4225 securo
3094 4171 3292 4224 animo
3318 4170 3478 4225 erit?
3506 4170 3784 4241 Abiitque

2121 4259 2249 4316 hanc
2268 4276 2468 4315 secum
2492 4260 2730 4317 volvens
2752 4267 2929 4333 atque
2953 4261 3190 4317 assidue
3215 4261 3787 4325 considerans,mor-

2122 4350 2319 4422 tisque
2350 4351 2704 4406 memoriam
2756 4351 3085 4406 identidem
3136 4351 3333 4407 animo
3382 4358 3682 4423 repetens,
3717 4368 3783 4406 ac

2124 4438 2404 4512 deinceps
2438 4441 2498 4495 in
2523 4440 2827 4496 doloribus
2860 4442 3164 4512 animique
3194 4443 3677 4498 consternatione
3700 4441 3785 4495 vi-

2121 4535 2469 4600 vens.atque
2488 4531 2550 4584 in
2579 4536 2863 4602 perpetuo
2890 4548 3142 4585 maerore
3166 4531 3607 4603 degens.Atque
3630 4530 3787 4603 apud

2126 4636 2185 4674 se
2202 4619 2437 4674 dicebat
2462 4621 2710 4692 :Ergone
2737 4637 2898 4675 mors
2920 4638 3014 4675 me
3039 4620 3363 4692 aliquando
3387 4621 3673 4693 corripiet
3692 4621 3791 4676 ?Et

2126 4711 2403 4781 quisnam
2437 4711 2549 4765 erit
2580 4711 2679 4782 qui
2707 4712 2821 4767 mei
2847 4718 2981 4784 post
3002 4718 3255 4767 mortem
3280 4713 3789 4776 meminerit,cum

2123 4805 2358 4872 tempus
2381 4800 2583 4855 omnia
2605 4800 2899 4856 oblivione
2918 4803 3265 4857 contriverit
3281 4803 3308 4858 ?
3327 4805 3476 4858 Num
3500 4808 3788 4874 praeterea

2122 4889 2639 4946 mortefunctusin
2662 4891 2921 4946 nihilum
2945 4892 3338 4960 dissolvar;au
3365 4891 3786 4956 contra,altera

2122 4979 2395 5051 quaedam
2420 4980 2534 5035 vita
2551 4984 2661 5047 est,
2685 4986 2741 5036 et
2763 4980 2916 5035 alter
2937 4980 3239 5036 mundus?
3263 4981 3397 5037 Haec
3420 4986 3479 5035 et
3499 4980 3591 5034 his
3615 4980 3782 5033 simi-

2120 5070 2501 5141 liaperpetuo
2516 5070 3041 5141 cogitans,pallore
3055 5070 3783 5127 conficiebatur.Pr:.esen-

2121 5166 2177 5214 te
2202 5166 2400 5215 tamen
2420 5160 2663 5231 patre,si
2684 5161 2921 5231 quando
2937 5161 3010 5216 ad
3032 5178 3165 5216 eum
3184 5158 3691 5215 venirethilarem
3715 5175 3781 5214 ac

2120 5266 2370 5305 maerore
2387 5267 2634 5306 vacuum
2660 5252 2926 5306 animum
2952 5268 3073 5321 praa
3088 5266 3149 5305 se
3171 5249 3420 5317 ferebat,
3452 5249 3609 5320 quod
3630 5249 3785 5303 scili-

2120 5343 2214 5394 cet
2244 5356 2312 5395 ea
2344 5357 2473 5411 quaa
2507 5340 2802 5413 cogitabat
2833 5339 2905 5395 ad
2929 5340 3117 5411 ipsius
3151 5338 3554 5411 cognitionem
3578 5340 3783 5394 venire

2119 5429 2753 5485 nollet.lncredibilem
2774 5430 3047 5485 autemin
3074 5428 3317 5483 modum
3347 5429 3612 5500 aliquem
3637 5446 3783 5485 nan-

2119 5520 2572 5593 ciscicupiebat,
2589 5521 2687 5591 qui
2710 5520 2898 5591 ipsius
2924 5518 3146 5591 pectori
3171 5524 3395 5574 certam
3423 5519 3601 5574 ﬁdem
3624 5520 3781 5577 face?

2119 5616 2230 5677 ret,
2262 5629 2331 5668 ac
2359 5610 2583 5667 bonum
2617 5626 2955 5666 sermonem
2986 5609 3174 5683 ipsius
3210 5609 3455 5667 auribus
3487 5608 3781 5669 instillare

2115 5707 2341 5775 posset.

2190 5790 2477 5859 Quocirca
2508 5789 2581 5848 de
2610 5789 2932 5866 padagogo
2963 5806 3031 5849 eo
3059 5792 3234 5868 cujus
3256 5796 3391 5853 ante
3410 5794 3783 5853 mentionem
