4100 6380
268 394 373 451 897

1446 391 1621 444 Vl'l‘A
1658 388 2010 444 ΒΑΒῐιΔΑΜ
2047 387 2141 441 ΕΤ
2175 385 2516 440 JOASAPH.

3596 386 3704 444 898

269 518 452 577 οὐδενὶ
488 518 657 593 μέχρι
687 520 786 571 τοῦ
815 521 908 571 νῦν
938 520 1131 572 τοῦτον
1166 515 1497 594 ἐφανέρωσα·
1551 513 1637 568 σοὶ
1669 510 1725 567 δὶ
1754 510 1929 568 κατά-

2057 515 2461 582 estquemque
2486 510 2716 568 nemini
2741 511 2937 568 adhuc
2959 511 3214 568 ostendi.
3231 511 3357 567 Tibi
3380 518 3577 569 autem
3590 514 3704 571 hoc

272 600 442 673 δηλον
473 598 583 669 ἢδη
616 602 785 665 ποιῶ,
818 599 1038 653 συνετόν
1070 618 1129 652 τε
1165 596 1256 652 καὶ
1316 603 1553 672 νουνεχῆ
1591 595 1812 671 βλέπων
1875 615 1932 648 σε

272 693 441 766 ἄνδρα
471 695 611 765 (81),
648 691 725 754 ὡς
763 690 824 745 ἂν
858 689 1151 767 είσαγάγῃς
1184 692 1279 747 37
1348 709 1415 763 με
1472 688 1607 762 πρὸς
1666 686 1756 740 τὸν
1820 686 1934 739 υἱὸν

272 790 368 843 τοῦ
403 783 700 861 βασιλέως,
758 782 851 835 καὶ
912 778 1168 835 ἐπιδώσω
1217 784 1411 835 τοῦτον
1471 778 1643 850 αὐτῷ.
1712 774 1933 831 Πάντων

275 877 380 951 γάρ
436 878 546 929 τῶν
601 870 787 927 καλῶν
846 870 1183 946 ἀσυγκρίτως
1245 870 1518 945 ὑπερέχει·
1566 865 1787 923 δύναται
1845 866 1937 919 καὶ

274 964 511 1043 τυφλοῖς
542 966 610 1036 τῇ
638 958 836 1036 καρδια
865 965 979 1038 φῶς
1010 958 1304 1035 δωρεῖσθαι
1365 958 1581 1036 σοφίας,
1629 961 1827 1035 γωιρῶν
1882 952 1939 1009 δὲ

278 1056 395 1110 ὦτα
428 1054 687 1128 ἀνοίγειν,
720 1049 959 1112 ἀλάλοις
990 1071 1050 1105 τε
1100 1050 1284 1129 φωνὴν
1339 1046 1573 1114 διδόναι,
1626 1048 1714 1101 καὶ
1770 1044 1934 1121 ρῶσιν

273 1148 396 1205 τοῖς
444 1144 660 1196 νοσοῦσι
720 1138 1007 1213 παρέχειν
1060 1137 1190 1201 τοὺς
1248 1134 1484 1215 ἄφρονας
1537 1135 1765 1214 σοφίζει,
1818 1131 1939 1187 δαί-

281 1253 455 1305 μονας
480 1229 693 1299 διώκει,
729 1230 820 1283 καὶ
881 1234 986 1282 πᾶν
1016 1227 1045 1282 ὅ
1068 1249 1119 1283 τι
1150 1227 1319 1282 καλὸν
1352 1226 1441 1281 καὶ
1474 1225 1730 1300 ἐράσμιον
1764 1221 1939 1301 ἀφθό-

272 1342 385 1383 νως
422 1322 764 1395 χορηγεῖτῷ
797 1317 1113 1390 κεκτημένῳ
1142 1316 1324 1374 αὐτόν.
1385 1316 1540 1387 Λέγει
1595 1315 1731 1389 πρὸς
1782 1312 1937 1366 αὑτὸν

271 1412 302 1466 ὁ
363 1408 737 1483 παιδαγωγός’
800 1408 946 1482 Ὀρῶ
1024 1428 1084 1461 σε
1167 1404 1453 1480 ἄνθρωπον
1529 1406 1792 1478 σταθεροῦ
1849 1400 1940 1457 καὶ

276 1496 591 1577 βεϐηκότος
624 1499 998 1575 φρονήματος·
1031 1498 1099 1552 τά
1155 1494 1213 1551 δὲ
1270 1496 1491 1573 ῥήματά
1521 1516 1616 1550 σου
1650 1494 1856 1568 ἂμετρά
1887 1514 1943 1549 σε

274 1596 585 1665 καυχᾶσθαι
648 1587 995 1665 ἐμφαίνουσι.
1056 1587 1261 1649 Λίθους
1324 1586 1428 1662 γὰρ
1485 1586 1572 1640 καὶ
1611 1583 1940 1660 μαργαρίτας

278 1676 607 1741 πολυτελεῖς
641 1679 732 1732 καί
767 1675 1111 1749 πολυτίμους
1144 1679 1263 1738 πῶς
1295 1674 1353 1730 ἄν
1416 1696 1500 1729 σοι
1562 1672 1939 1749 διηγησαίμην

285 1770 452 1831 ’ὀσους
481 1768 691 1843 ἑώρακα
720 1787 735 1836 ;
768 1768 1036 1842 Ἐχοντας
1072 1763 1128 1821 δέ
1148 1766 1402 1829 τοιαύτας
1432 1764 1492 1829 ἅς
1524 1763 1745 1839 εἴρηκας
1781 1760 1940 1816 δυνά-

291 1880 413 1932 μεις
443 1857 561 1913 οὕτε
596 1854 765 1923 εἶδον,
825 1856 950 1911 οὕτε
1007 1857 1236 1927 ἤκουσα.
1271 1857 1465 1927 Ὀμως
1526 1850 1808 1923 ὑπόδειξόν
1847 1873 1940 1923 μοι
1972 1893 2018 1959 Β

328 1949 342 1959 .
392 1950 403 1959 .
562 1948 575 1959 .
664 1948 679 1959 .
716 1941 740 1959 ,ι
969 1947 980 1959 .
1060 1946 1072 1959 .
1126 1945 1184 1959 ...
1255 1944 1265 1959 .
1514 1946 1573 1959 η-
1770 1942 1782 1959 .
1843 1944 1851 1958 .

277 1949 467 2016 αὑτὸν,
490 1948 601 2017 καὶ,
636 1948 681 2001 εἰ
714 1941 824 2002 ἔστι
856 1947 991 2001 κατά
1020 1946 1083 2000 τὸ
1116 1944 1271 2020 ῥῆμά
1328 1966 1447 2013 σου,
1513 1946 1707 1998 θᾶττον
1739 1942 1938 2017 εἰσάγω

273 2042 473 2094 τοῦτον
505 2037 639 2112 πρὸς
666 2037 758 2091 τὸν
813 2040 913 2090 τοῦ
967 2034 1237 2110 βασιλέως
1298 2035 1433 2101 υἱὸν,
1491 2034 1580 2089 καὶ
1634 2032 1797 2105 τιμὰς
1855 2030 1939 2085 ὅτι

279 2129 541 2201 μεγίστας
600 2126 689 2181 καὶ
751 2124 958 2200 δωρεὰς
1013 2126 1165 2199 λήψῃ
1214 2125 1343 2197 παρ’
1399 2123 1585 2179 αὑτοῦ.
1648 2122 1822 2197 Πρινὴ
1884 2119 1941 2174 δὲ

278 2212 652 2291 βεϐαιωθῆναί
688 2218 854 2289 μετῇ
915 2212 1139 2289 ἀψευδεῖ
1195 2218 1303 2268 τῶν
1364 2212 1665 2291 ὀφθαλμῶν
1729 2210 1939 2287 ὁράσει,

274 2304 543 2362 ἀδύνατόν
599 2326 695 2379 μοι
753 2310 833 2377 τῷ
894 2304 1013 2378 ἐμῷ
1067 2301 1301 2377 δεσπότῃ
1380 2302 1469 2357 καὶ
1536 2301 1755 2378 βασιλεῖ
1815 2300 1940 2374 περὶ

274 2398 605 2474 πράγματος
664 2396 900 2473 ἀφανοῦς
954 2397 1121 2449 ταῦτα
1179 2391 1245 2461 δὴ
1305 2392 1372 2447 τά
1433 2393 1705 2467 ὑπέρογκα
1764 2390 1943 2465 ἀπαγ-

276 2485 494 2563 γεῖλαι.
552 2486 613 2542 Ὀ
674 2483 731 2540 δὲ
792 2482 1057 2559 Βαρλαάμ
1140 2478 1266 2556 ἔφη·
1329 2481 1519 2543 Καλῶς
1587 2481 1741 2545 εἶπας
1802 2483 1941 2553 μήτε

277 2575 578 2651 ἑωρακέναι
639 2576 865 2629 πώποτε
928 2578 1069 2646 μήτε
1147 2572 1433 2642 ἀκηκοέναι
1491 2570 1743 2633 τοιαύτας
1786 2568 1940 2625 δυνά-

285 2687 410 2740 μεις
432 2666 521 2719 καὶ
552 2663 837 2739 ἐνεργείας·
873 2664 901 2717 ὁ
929 2663 1031 2737 γάρ
1082 2662 1219 2737 πρὸς
1278 2660 1334 2716 σὲ
1363 2683 1468 2733 μου
1528 2658 1692 2737 λόγος
1727 2659 1787 2715 οὑ
1819 2660 1943 2734 περί

280 2777 387 2813 του
415 2755 683 2831 τυχόντος
717 2753 829 2808 ἐστὶ
860 2756 1201 2827 πράγματος,
1245 2751 1391 2806 ἀλλά
1423 2755 1736 2823 θαυμαστοῦ
1792 2770 1939 2811 τινος

280 2846 380 2901 xui
438 2842 702 2919 μεγάλου.
756 2846 881 2900 ’Ὁτι
942 2840 1000 2897 δὶ
1055 2840 1322 2913 ἐζήτησας
1378 2845 1570 2895 τοῦτον
1633 2840 1940 2911 θεάσασθαι,

284 2939 520 2992 ἄκουσον
550 2939 660 2991 τῶν
686 2933 834 3007 ἐμῶν
869 2930 1156 3010 ῥημάτων.

359 3116 421 3173 '0
454 3112 614 3177 λίθος
647 3114 805 3176 οὗτος
831 3114 859 3169 ὁ
892 3111 1209 3187 πολ·5τιμος
1262 3113 1395 3187 μετά
1446 3116 1555 3168 τῶν
1603 3108 1945 3187 προειρημέ-

280 3228 393 3262 νων
430 3204 715 3280 ἐνεργειῶν
742 3204 831 3260 καὶ
866 3202 1170 3277 δυνάμεων,
1230 3201 1309 3259 ἔτι
1364 3203 1452 3259 καὶ
1510 3203 1712 3273 ταύτην
1745 3201 1941 3271 κέκτη-

278 3316 374 3350 ται
404 3295 503 3362 τὴν
539 3295 723 3368 ἶσχόν·
786 3294 850 3348 οὑ
914 3292 1133 3348 δὺναται
1196 3294 1485 3357 θεάσασθαι
1541 3293 1701 3348 αὐτὸν
1731 3291 1789 3347 ἐκ
1843 3296 1941 3348 τοῦ
1973 3270 2017 3336 C

282 3384 597 3460 προχείρου
630 3384 657 3438 ὁ
693 3384 769 3455 μή
804 3378 952 3457 ἔχων
984 3382 1298 3458 ἐρῥωμὲνην
1358 3383 1453 3457 μὶν
1485 3384 1583 3451 τὴν
1636 3383 1822 3458 ὅρασιν
1855 3381 1944 3437 καὶ

289 3473 667 3548 ὑγιαίνουσαν,
700 3473 858 3548 ἀγνὸν
895 3470 952 3526 δὲ
983 3473 1081 3529 88
1140 3473 1204 3527 τὸ
1264 3477 1424 3546 σῶμα
1480 3472 1571 3528 καὶ
1601 3471 1775 3541 πάντη
1806 3470 1947 3545 ἀμό-

290 3563 515 3620 λυντον.
551 3562 611 3619 Ei
640 3562 743 3638 γάρ
798 3584 902 3629 τις,
940 3564 1017 3635 μή
1076 3560 1143 3615 τὰ
1202 3559 1297 3616 δύο
1352 3566 1520 3616 ταῦτα
1576 3559 1716 3616 καλά
1776 3558 1945 3634 ἔχων,

290 3656 587 3726 προπετῶς
618 3647 916 3725 ἐμϐλέψειε
942 3656 1023 3723 τῷ
1053 3653 1227 3724 τιμίῳ
1282 3648 1421 3723 λίθῳ
1476 3651 1676 3723 τούτῳ,
1731 3650 1821 3705 καὶ
1852 3649 1950 3703 αὑ-

292 3743 397 3811 τὴν
429 3739 606 3812 δήπου
637 3740 703 3811 ἢν
734 3738 851 3817 ἔχει
886 3740 1117 3810 όπτικήν
1175 3737 1403 3813 δύναμιν
1464 3740 1553 3794 καὶ
1610 3740 1704 3801 τάς
1753 3738 1947 3816 φρένας

293 3831 779 3907 προσαπολέσειεν.
815 3832 957 3903 Ἐγὼ
990 3828 1069 3899 δὲ,
1113 3828 1212 3884 οὐκ
1267 3829 1514 3903 ἀμύητος
1544 3835 1643 3898 τῆς
1690 3829 1969 3897 ίσποικῆς⁰

293 3921 611 3992 ἐπιστήμης
671 3920 961 3995 ὑπάρχων,
1018 3921 1234 3996 καθορῶ
1288 3941 1383 3975 σου
1440 3919 1567 3983 τοὺς
1628 3918 1951 3996 ὀφθαλμοὺς

295 4012 377 4085 μὴ
416 4011 583 4086 ὑγιῶς
612 4005 861 4084 ἔχοντας,
892 4009 982 4064 καὶ
1016 4006 1235 4064 δέδοικα
1269 4010 1344 4083 μή
1378 4008 1467 4063 καὶ
1499 4010 1568 4079 ἧς
1623 4006 1770 4085 ἔχεις
1821 4010 1951 4084 ὁρά-

294 4122 437 4163 σεως
468 4101 719 4177 στέρησιν
749 4099 1089 4176 προξενῄσω.
1142 4098 1321 4156 Ἀλλά
1347 4101 1438 4155 τὸν
1494 4100 1609 4154 υἱὸν
1664 4104 1761 4154 τοῦ
1795 4099 1949 4175 βασι-

291 4187 439 4251 λέως
470 4190 681 4261 ἀκήκοα
703 4188 823 4267 βίον
858 4190 954 4262 μὲν
976 4184 1125 4264 ἔχειν
1160 4189 1435 4265 σώφρονα,
1467 4189 1594 4254 τοὺς
1630 4188 1951 4269 ὀφθαλμοὺς

292 4278 354 4335 δὲ
386 4278 623 4353 ὡραίους
648 4280 737 4333 xui
769 4279 934 4355 ὑγιῶς
968 4279 1230 4355 ὁρῶντας·
1281 4278 1479 4334 τούτου
1538 4281 1702 4355 χάριν
1765 4278 1954 4352 ἐκείνῳ

293 4365 575 4439 ὑποδεῖξαι
606 4370 699 4423 τὸν
751 4368 1019 4443 θησαυρὸν
1078 4372 1274 4423 τοῦτον
1329 4367 1658 4444 τεθάῤῥηκα.
1722 4367 1798 4422 Σὺ
1856 4368 1952 4423 οὑν

296 4460 379 4533 μὴ
416 4457 642 4531 ἀμελῶς
668 4458 793 4533 περῖ
836 4458 1034 4512 τοὺτου
1095 4454 1369 4531 διατεθῇς,
1435 4455 1577 4529 μηδὶ
1633 4459 1953 4534 πράγματος

288 4547 552 4605 τοιούτου
580 4547 674 4602 τὸν
703 4547 890 4622 κὺριόν
952 4544 1052 4601 σου
1112 4547 1512 4621 ἀποστερήσῃς.
1580 4547 1641 4603 Ὀ
1702 4543 1760 4601 δὲ
1817 4547 1953 4621 πρὸς

2042 600 2467 671 declaro,quod
2493 608 2546 655 te
2574 602 2930 673 prudentem
2955 619 3021 657 ac
3047 602 3352 657 cordatum
3370 603 3558 657 virum
3574 621 3701 658 esse

2040 690 2292 758 videam,
2328 697 2392 745 ut
2421 708 2514 745 me
2548 691 2622 747 ad
2654 693 2810 764 regis
2843 692 3035 747 ﬁlium
3063 691 3430 759 introducas,
3466 692 3702 763 ipsique

2042 796 2177 835 eum
2209 780 2365 834 dono
2381 780 2847 851 dem.Siquidem
2870 782 3027 836 bona
3041 782 3243 836 omnia
3268 781 3705 853 incomparabi-

2042 869 2181 925 liter
2227 870 2554 925 antecellit.
2585 872 2729 924 Nam
2761 878 2821 925 et
2853 872 2925 926 iis
2953 871 3052 943 qui
3086 872 3284 926 cordis
3306 871 3497 926 oculis
3551 871 3703 943 capti

2043 960 2527 1031 suntsapientiai
2551 960 2745 1015 lucem
2779 962 2970 1025 affert,
2992 968 3051 1015 et
3071 962 3267 1016 surdis
3293 978 3467 1015 aures
3490 960 3705 1032 aperit,

2046 1058 2105 1107 et
2129 1052 2308 1105 mutis
2333 1068 2533 1106 vocem
2559 1052 2913 1121 impertit,et
2941 1056 3371 1124 aigrotantesin
3386 1053 3704 1108 sanitatem

2044 1142 2277 1206 asserit,
2297 1146 2357 1196 et
2379 1141 2589 1196 stultes
2618 1141 2912 1211 sapientia
2930 1140 3128 1206 donat,
3160 1148 3218 1195 et
3236 1141 3536 1197 dmmones
3568 1143 3703 1214 pel-

2045 1232 2133 1295 lit,
2167 1248 2233 1287 ac
2256 1231 2517 1301 denique
2543 1231 2834 1301 quidquid
2867 1231 3180 1301 pulchrum
3225 1238 3282 1285 et
3305 1232 3703 1303 expetendum

2048 1327 2156 1387 est,
2182 1322 2426 1376 domino
2460 1338 2566 1375 suo
2616 1320 2915 1374 uberrime
2946 1321 3285 1391 suppeditat
3337 1322 3431 1376 Ait
3459 1322 3532 1377 ad
3567 1339 3703 1378 eum

2046 1411 2399 1484 pwdagogus
2427 1428 2438 1465 :
2466 1413 2541 1466 Te
2564 1410 2805 1481 quidem
2841 1411 3147 1465 hominem
3168 1412 3356 1481 gravis
3371 1417 3547 1482 atque
3562 1429 3707 1467 con-

2048 1501 2260 1557 stantis
2282 1501 2466 1555 animi
2496 1518 2623 1555 esse
2656 1500 3347 1568 video;caeterumverba
3362 1506 3461 1555 tua
3490 1502 3706 1555 immo-

2047 1592 2241 1647 dicam
2284 1591 2604 1661 quamdam
2636 1590 2992 1660 jactantiam
3024 1608 3145 1661 pra)
3189 1607 3250 1645 se
3296 1590 3513 1645 ferunt.
3543 1590 3707 1655 Quod

2050 1683 2207 1737 enim
2234 1682 2593 1737 excellentes
2626 1688 2802 1751 atque
2854 1682 3113 1753 ingentis
3157 1681 3333 1752 pretii
3375 1681 3606 1753 lapides
3652 1686 3711 1735 et

2048 1773 2301 1827 uniones
2324 1771 2861 1842 viderim,quonam
2876 1770 3053 1825 modo
3079 1770 3484 1825 enumerando
3499 1787 3708 1826 recen-

2050 1877 2179 1916 sere
2202 1876 2416 1931 queam
2438 1859 2583 1914 ’?nec
2610 1865 2805 1913 tamen
2839 1874 3102 1929 unquam
3125 1864 3226 1912 aut
3247 1858 3362 1911 vidi
3389 1862 3489 1912 aut
3506 1857 3707 1911 audivi

2049 1952 2148 2023 qui
2173 1968 2273 2006 eas
2295 1966 2441 2021 quas
2459 1949 2940 2004 commemorasti
2961 1950 3112 2002 vires
3145 1948 3706 2003 haberent.Verum-

2050 2047 2249 2096 tamen
2282 2058 2417 2095 eum
2444 2041 2584 2095 mihi
2610 2040 2959 2107 ostende,ac
2993 2039 3039 2093 si
3067 2039 3201 2093 talis
3225 2044 3314 2092 est
3330 2037 3569 2108 qualem
3595 2038 3705 2105 ais,

2049 2133 2177 2187 sine
2197 2130 2318 2185 ulla
2340 2130 2715 2185 cunctatione
2743 2130 2817 2184 ad
2834 2129 2985 2201 regis
3011 2128 3199 2183 tilium
3226 2135 3278 2182 te
3304 2127 3705 2195 introducam,

2050 2222 2150 2291 qui
2175 2228 2228 2275 te
2243 2221 2516 2275 maximis
2532 2219 2857 2273 honoribus
2879 2236 2945 2273 ac
2961 2218 3271 2273 beneflciis
3287 2218 3548 2272 ornabit.
3582 2217 3710 2271 Pri-

2048 2326 2303 2382 usquam
2335 2317 2534 2364 autem
2553 2326 2659 2381 per
2694 2309 2889 2380 ipsum
2938 2309 3248 2363 oculorum
3273 2307 3568 2374 obtutum,
3604 2308 3707 2379 qui

2048 2401 2176 2456 falli
2204 2400 2599 2470 nequit,dicta
2619 2405 2717 2453 tua
2743 2398 3278 2466 conﬁrmarisﬁeri
3302 2414 3422 2451 non
3436 2402 3631 2468 potest
3647 2401 3712 2451 ut

2052 2490 2294 2545 domino
2332 2505 2463 2543 meo
2504 2505 2571 2543 ac
2592 2488 2714 2559 regi
2738 2488 2811 2543 de
2834 2505 2895 2542 re
2924 2488 3151 2543 incerta
3189 2492 3249 2541 et
3273 2486 3713 2559 incognitahasc

2050 2585 2170 2635 tam
2186 2579 2586 2633 immodicaac
2601 2578 2955 2650 prietumida
2967 2577 3495 2631 renuntiem.Dixit
3514 2582 3713 2631 autem

2052 2670 2322 2725 Barlaam
2349 2685 2362 2723 :
2390 2671 2565 2724 Recte
2590 2666 2812 2733 dixisti,
2832 2672 2886 2721 te
2913 2665 3257 2737 hujusmodi
3286 2667 3513 2721 viresac
3528 2666 3717 2721 facul-

2052 2764 2201 2814 tates
2235 2775 2345 2813 nec
2363 2774 2627 2828 unquam
2651 2756 3049 2828 perspexisse,
3082 2772 3189 2810 nec
3213 2755 3715 2810 audisse.Etenim

2050 2849 2239 2905 oratio
2272 2847 2346 2903 ad
2387 2854 2441 2901 te
2473 2863 2605 2902 mea
2628 2863 2748 2901 non
2773 2846 2921 2903 dere
2945 2844 3300 2917 vulgari,sed
3325 2845 3549 2917 ingenti
3564 2861 3715 2916 qua-

2052 2938 2187 2994 dam
2222 2943 2279 2992 et
2308 2936 2662 2992 admiranda
2696 2942 2803 2990 est.
2837 2934 3004 3000 Quod
3051 2940 3249 2990 autem
3300 2950 3435 2989 eum
3466 2950 3712 2989 cernere

2052 3026 2400 3099 quaasivisti,
2435 3026 2571 3081 audi
2597 3025 2740 3096 quid
2773 3025 2989 3079 dicam.

2126 3120 2296 3189 Lapis
2325 3118 2420 3171 hic
2445 3116 2662 3171 summi
2688 3116 3108 3186 pretii,prznter
3127 3132 3223 3169 eas
3248 3131 3395 3185 quas
3417 3114 3537 3168 dixi
3563 3115 3715 3169 vires

2058 3213 2115 3263 et
2135 3208 2628 3275 facultates,hanc
2652 3206 2831 3261 etiam
2864 3205 3218 3259 habet.Eum
3252 3206 3414 3259 enim
3440 3210 3717 3277 prompte

2056 3315 2124 3353 ac
2148 3298 2321 3354 facile
2344 3297 2685 3369 prospicere
2717 3314 2838 3351 non
2871 3301 3086 3367 potest.
3112 3295 3212 3366 qui
3266 3312 3475 3351 sanum
3504 3311 3572 3350 ac
3604 3294 3714 3349 ﬁr-

2057 3405 2223 3444 mum
2256 3388 2516 3454 oculum,
2578 3402 2912 3457 corpusque
2954 3401 3167 3456 purum
3201 3390 3382 3456 atque
3433 3385 3505 3439 ab
3552 3384 3716 3439 omni

2058 3480 2343 3551 spurcitie
2374 3480 2638 3534 alienum
2666 3494 2786 3533 non
2817 3476 3167 3532 habet.Nam
3194 3477 3240 3530 si
3276 3475 3540 3548 quis,his
3572 3476 3720 3531 dua-

2058 3570 2170 3625 bus
2202 3570 2378 3625 rebus
2404 3586 2522 3625 non
2538 3575 2696 3623 recte
2724 3567 3173 3638 comparatis,in
3202 3566 3360 3620 hunc
3392 3566 3722 3636 pretiosum

2060 3661 2320 3731 lapidem
2353 3659 2557 3714 oculos
2581 3664 2804 3712 temere
2835 3674 2903 3711 ac
2934 3656 3273 3727 petulanter
3305 3654 3557 3725 injiciat,
3590 3653 3722 3724 ipsa

2062 3766 2296 3821 quoque
2326 3748 2555 3804 scilicet
2591 3763 2708 3818 qua
2756 3745 3041 3818 praaditus
3084 3750 3175 3800 est
3228 3742 3516 3798 cernendi
3570 3742 3621 3795 vi
3653 3758 3721 3797 ac

2060 3844 2261 3895 mente
2286 3838 2532 3909 insuper
2553 3835 2959 3891 mulctabitur.
2986 3836 3102 3905 Ego
3131 3850 3331 3904 porro,
3363 3837 3569 3903 utpote
3593 3847 3721 3886 me-

2062 3929 2272 3985 dicinm
2305 3928 2552 3983 minime
2576 3926 2740 3980 rudis
2760 3930 2818 3979 et
2846 3926 3107 3997 ignarus,
3124 3923 3328 3977 oculos
3362 3927 3492 3977 tuos
3512 3937 3722 3993 parum

2063 4035 2239 4075 sanos
2272 4033 2403 4073 esse
2435 4015 2735 4087 conspicio
2768 4031 2779 4068 :
2808 4030 2876 4068 ac
2907 4013 3157 4084 proinde
3206 4028 3412 4067 vereor
3460 4028 3535 4066 ne
3566 4012 3723 4068 hanc

2063 4124 2301 4181 quoque
2334 4123 2514 4178 quam
2544 4105 2728 4161 habes
2751 4102 3037 4159 cernendi
3072 4101 3417 4157 facultatem
3456 4101 3719 4157 amittas.

2066 4202 2281 4253 Verum
2314 4198 2384 4252 de
2408 4196 2562 4269 regis
2581 4195 2703 4250 filio
2738 4194 2955 4260 audivi,
2977 4209 3115 4248 eum
3142 4198 3259 4247 tam
3290 4192 3422 4245 vitae
3446 4191 3719 4246 castitate

2065 4288 2380 4362 praeditum
2402 4303 2552 4353 esse,
2575 4291 2697 4339 tum
2722 4283 3001 4355 pulchros
3031 4300 3097 4337 ac
3120 4281 3495 4354 perspicaces
3518 4280 3723 4335 oculos

2066 4378 2284 4434 habere
2313 4376 2597 4441 Quocirca
2612 4374 2957 4428 thesaurum
2971 4373 3131 4427 hunc
3154 4371 3264 4442 ipsi
3283 4370 3595 4425 ostendere
3615 4370 3727 4425 mi-

2067 4469 2229 4524 nime
2259 4464 2561 4521 dubitabo.
2598 4463 2993 4529 Quamobrem
3027 4478 3100 4517 ne
3123 4460 3497 4517 commiseris
3520 4464 3585 4514 ut
3615 4460 3727 4515 hoc

2067 4557 2354 4630 negligas,
2397 4572 2463 4611 ac
2490 4572 2552 4609 re
2584 4554 2729 4610 tanti
2755 4552 3044 4608 momenti
3081 4550 3389 4606 dominum
3416 4555 3583 4605 tuum
3612 4549 3728 4622 pri-

291 4638 488 4706 αὑτὸν,
524 4638 628 4694 Καὶ
662 4636 708 4692 εί
738 4642 929 4705 ταῦτα,
986 4637 1174 4714 φησὶν,
1236 4636 1409 4701 οὕτως
1447 4634 1584 4711 ἔχει,
1623 4637 1698 4709 μή
1740 4659 1832 4709 μοι
1864 4638 1945 4692 re»

2068 4664 2186 4703 ves.
2221 4645 2324 4700 llle
2346 4650 2545 4699 autem
2574 4642 2645 4697 ad
2674 4659 2808 4697 eum
2841 4641 2989 4697 dixit
3016 4658 3028 4695 :
3064 4642 3120 4696 Si
3145 4640 3271 4696 haec
3299 4640 3381 4694 ita
3398 4656 3459 4695 se
3481 4639 3726 4709 habent,

291 4726 457 4792 λίθον
520 4724 825 4801 ὑποδείξῃςο
890 4727 941 4782 ἐν
1004 4725 1294 4803 ἁμαρτίαις
1350 4728 1456 4802 γὰρ
1506 4725 1801 4789 πολλαῖςὸ
1837 4728 1958 4803 βίος

294 4838 411 4892 μου
437 4815 767 4893 ἐῤῥὺπωται*
803 4817 911 4892 οὑχ
936 4817 1105 4891 ὑγιῶς
1165 4813 1221 4870 δὶ
1250 4815 1340 4870 καὶ
1387 4817 1486 4885 τὴν
1521 4816 1729 4892 ὅρασιν,
1772 4818 1952 4880 καθὼς

293 4907 801 4981 εἶπας,κέκτημαι.
861 4906 1019 4963 Ἀλλ’
1075 4905 1202 4982 ἐγὼ,
1264 4911 1382 4969 τοῖς
1416 4912 1532 4969 σοῖς
1590 4908 1825 4971 πεισθείς
1857 4908 1956 4987 ῥή-

296 5018 459 5072 μασι,
509 4996 771 5073 γνωρίσαι
830 5001 997 5051 ταῦτα
1050 5000 1129 5068 τῷ
1184 4997 1362 5070 κυρίῳ
1426 5018 1532 5068 μου
1587 4996 1677 5052 καὶ
1740 4999 1959 5074 βασιλεῖ

293 5086 402 5143 οὐκ
433 5087 672 5158 ὀκνήσω.
708 5087 843 5143 Είπε
891 5090 1078 5155 ταῦτα,
1139 5086 1228 5141 καὶ
1289 5085 1545 5142 εἰσελθὼν
1603 5088 1739 5143 κατά
1796 5088 1958 5163 μέρος

293 5178 479 5231 πάντα
530 5181 609 5249 τῷ
660 5178 764 5249 υἱῷ
819 5181 917 5231 τοῦ
980 5176 1251 5252 βασιλέως
1309 5175 1659 5252 ἀπήγγειλεν.
1718 5180 1959 5242 Ἐκεῖνος

297 5263 381 5335 δὲ,
442 5265 517 5328 ὠς
569 5266 777 5336 ἢκουσε
831 5268 899 5323 τά
946 5272 1041 5321 τοῦ
1100 5263 1452 5342 παιδαγωγοῦ
1486 5265 1727 5342 ῥήματα,
1783 5272 1958 5344 χαρᾶς

293 5376 447 5419 τινος
494 5357 585 5411 καὶ
661 5354 936 5432 θυμηδίας
990 5363 1365 5431 πνευματικῆς
1411 5354 1633 5430 ᾔσθετο,
1690 5361 1758 5431 τῇ
1792 5356 1957 5412 αὑτοῦ

288 5446 677 5522 ἐμπνευσάσης
732 5444 949 5519 καρδίᾳ,
1012 5446 1126 5516 xui,
1181 5442 1366 5509 ἔνθους
1418 5444 1599 5521 ὥσπερ
1668 5446 1958 5521 γενόμενος

287 5538 402 5608 τήν
426 5538 634 5612 ψυχὴν,
669 5536 916 5593 ἐκέλευσε
946 5542 1139 5601 θᾶττον
1174 5535 1479 5613 εἰσαγαγεῖν
1503 5535 1593 5591 τὸν
1632 5534 1820 5613 ἂνδρα.

376 5756 505 5830 (81)
536 5758 605 5827 Α,
631 5751 846 5811 συνετόν
876 5772 936 5808 σε
965 5752 1055 5807 καὶ
1100 5752 1320 5828 ν.βλ.ἃ.

2069 4754 2143 4792 ne
2177 4734 2319 4789 mihi
2346 4734 2605 4805 lapidem
2638 4732 2940 4798 ostendas,
2966 4730 3261 4803 siquidem
3288 4730 3564 4802 plurimis
3584 4745 3724 4800 pec-

2067 4825 2214 4882 catis
2245 4824 2361 4878 vita
2392 4840 2525 4877 mea
2555 4823 2867 4893 inquinata
2900 4827 3007 4887 est,
3026 4838 3093 4876 ac
3108 4826 3397 4892 prmterea
3418 4836 3493 4873 ne
3519 4817 3725 4873 oculos

2068 4913 2311 4987 quidem
2335 4912 2478 4967 satis
2502 4928 2680 4967 sanos
2713 4911 2923 4967 habeo.
2960 4912 3039 4965 De
3065 4910 3175 4965 hac
3207 4915 3405 4964 autem
3436 4925 3499 4963 re
3536 4906 3729 4961 domi-

2068 5022 2211 5060 num
2226 5020 2425 5060 meum
2452 5019 2649 5076 regem
2665 5004 2979 5058 certiorem
3000 5001 3194 5056 facere
3220 4999 3467 5055 minime
3491 5002 3734 5053 cuncta-

2110 5112 2196 5151 or.
2246 5096 2364 5150 Hoc
2396 5109 2674 5149 sermone
2721 5092 2946 5161 habito,
3002 5092 3075 5148 ad
3125 5092 3281 5164 regis
3355 5089 3546 5145 illium
3631 5088 3721 5144 in-

2067 5202 2327 5258 gressus,
2347 5184 2548 5240 omnia
2565 5184 2617 5238 ei
2636 5184 2943 5257 sigillatim
2964 5182 3257 5254 exposuit.
3300 5180 3405 5235 Ille
3438 5184 3639 5235 autem
3665 5183 3732 5233 ut

2067 5274 2450 5347 praeceptoris
2476 5274 2653 5329 verba
2674 5271 3222 5344 audivit,spirituali
3243 5270 3499 5342 quadam
3524 5268 3732 5324 lmtitia

2069 5371 2128 5419 et
2148 5365 2447 5437 voluptate
2470 5369 2676 5437 pectus
2721 5381 2895 5419 suum
2954 5362 3146 5418 afﬂari
3191 5360 3415 5427 sensit;
3460 5376 3527 5415 ac
3571 5357 3735 5413 velut

2068 5456 2318 5511 numine
2358 5460 2689 5528 correptus,
2742 5454 3049 5513 hominem
3097 5452 3374 5509 celeriter
3432 5448 3733 5506 introduci

2061 5546 2266 5619 jussit.
