4100 6386
493 401 598 457 899

563 525 637 582 Ut
657 521 1156 598 igituringressus
1187 524 1276 576 est
1306 517 1780 588 Barlaam,eique
1812 531 1991 588 quam
2008 532 2144 572 con—
2172 517 2226 586 Α

482 615 759 672 veniebat
786 629 994 686 pacem
1033 611 1215 676 dedit,
1267 608 1473 663 sedere
1502 607 1708 678 jussus
1732 612 1839 662 est.
1875 607 2139 678 Cumque

483 711 814 778 praeceptor
835 698 1488 769 secessisset,Josaphat
1520 697 1593 752 ad
1626 696 2142 752 senemdixit:Ve-

484 797 590 851 lim
611 795 757 850 mihi
783 793 1111 864 pretiosum
1136 789 1304 843 illum
1325 787 1584 858 lapidem
1617 787 1916 851 ostendas,
1935 787 2140 858 dequo

485 902 696 957 magna
717 889 772 938 et
785 881 1137 937 admiranda
1151 879 1254 933 abs
1273 884 1324 933 te
1339 877 1792 932 commemorari
1812 883 2142 948 przeceptor

481 991 650 1032 meus
667 972 809 1027 mihi
835 970 1114 1026 narravit.
1157 968 1425 1023 Barlaam
1473 974 1668 1022 autem
1695 983 1862 1022 suam
1895 966 1968 1020 ad
2002 982 2139 1021 eum

479 1062 942 1136 disputationem
957 1060 1027 1114 ad
1046 1060 1203 1114 hunc
1219 1057 1459 1112 modum
1476 1057 1814 1128 auspicatus
1831 1056 2142 1111 estzllaud-

477 1168 779 1225 quaquam
803 1167 1041 1222 aequum
1068 1155 1218 1211 est,o
1250 1165 1372 1216 rex,
1406 1147 1480 1202 ad
1513 1147 1808 1202 illustrem
1844 1151 2006 1201 tuam
2039 1163 2133 1201 ex-

475 1242 821 1300 cellentiam
840 1240 1168 1312 quidquam
1193 1237 1341 1293 falso
1359 1243 1416 1292 et
1438 1236 1874 1292 inconsiderate
1893 1253 2032 1292 ame
2049 1236 2137 1290 di-

475 1331 770 1388 ciﬂmnia
784 1330 942 1385 enim
959 1345 1089 1400 quae
1105 1328 1174 1383 de
1193 1345 1284 1382 me
1299 1327 1371 1382 ad
1389 1333 1442 1381 te
1467 1327 1646 1382 allata
1659 1332 1943 1382 suntvera
1957 1332 2136 1396 atque

474 1420 547 1476 ab
571 1420 733 1475 omni
767 1418 1138 1474 dubitatione
1163 1417 1359 1471 aliena
1391 1422 1548 1470 sunt.
1589 1418 1799 1471 Verum
1838 1415 1952 1470 nisi
1987 1433 2134 1488 pru-

473 1513 694 1569 dentia)
719 1518 834 1568 tum
855 1511 1020 1583 prius
1044 1509 1376 1581 periculum
1411 1507 1629 1575 fecero,
1659 1509 1826 1562 nefas
1878 1513 1968 1562 est
2024 1507 2134 1562 hoc

471 1602 826 1675 mysterium
851 1601 955 1655 tibi
981 1599 1408 1655 declarare.Ait
1441 1599 1602 1653 enim
1623 1598 1906 1653 Dominus
1927 1614 2131 1652 meus:

471 1692 751 1762 Exiitqui
779 1692 1035 1746 seminat
1068 1690 1385 1744 seminare.
1425 1691 1494 1742 Et
1528 1687 1668 1742 dum
1704 1688 1980 1754 seminat,
2014 1687 2132 1742 alia

472 1781 715 1854 quidem
738 1781 1084 1836 ceciderunt
1115 1796 1285 1835 secus
1307 1779 1550 1843 viam,et
1581 1778 1851 1832 volucres
1877 1777 2008 1832 οωΙί
2038 1794 2132 1832 co-

468 1869 787 1926 mederunt
818 1870 939 1926 illa.
985 1870 1118 1926 Alia
1147 1869 1494 1925 ceciderunt
1524 1884 1705 1940 super
1735 1873 1993 1940 petrosa,
2029 1867 2128 1922 ubi

469 1978 590 2017 non
608 1967 734 2016 erat
757 1966 915 2016 terra
938 1961 1144 2024 multa,
1181 1964 1238 2015 et
1261 1958 1578 2014 confestim
1605 1963 1808 2012 exorta
1838 1961 1999 2023 sunt,
2061 1972 2130 2011 eo

469 2051 626 2124 quod
648 2069 768 2107 non
783 2051 1074 2108 haberent
1099 2059 1318 2106 terram
1344 2049 1754 2105 multam.Sole
1777 2065 1912 2102 vero
1929 2053 2130 2103 exorto

467 2147 888 2205 mstuaverunt.
929 2147 988 2196 et
1009 2142 1150 2214 quia
1181 2158 1301 2196 non
1327 2139 1628 2195 habebant
1646 2139 1930 2206 radicem,
1957 2155 2131 2193 arue-

466 2232 766 2286 runt.Alia
796 2237 994 2286 autem
1029 2229 1376 2286 ceciderunt
1400 2230 1554 2285 inter
1575 2229 1868 2300 spinas,et
1889 2244 2131 2299 surgen-

468 2327 558 2377 tes
575 2321 760 2392 spinm
775 2319 1456 2376 suﬂocaveruntea.A1ia
1471 2324 1772 2390 postremo
1788 2317 2133 2373 ceciderunt

468 2411 532 2466 in
553 2418 771 2466 terram
795 2411 1036 2476 bonam,
1085 2416 1143 2464 et
1165 2409 1459 2465 dederunt
1496 2408 1755 2463 fructum
1780 2407 2125 2479 centuplum

465 2500 686 2570 (Matth.
721 2507 865 2565 xm).
891 2500 1177 2565 Quocirca
1195 2499 1241 2554 si
1277 2499 1336 2553 in
1369 2497 1546 2554 corde
1581 2503 1679 2552 tuo
1704 2497 2044 2568 frugiferam
2061 2513 2127 2551 ac

463 2588 685 2646 bonam
710 2596 928 2646 terram
955 2589 1527 2654 invenero,divinum
1554 2588 1834 2642 semenin
1853 2593 1906 2642 te
1938 2587 2126 2658 conji-

466 2687 816 2751 cere,atque
851 2680 1060 2752 ingens
1093 2677 1443 2750 mysterium
1471 2677 1574 2731 tibi
1607 2676 1838 2748 aperire
1871 2676 2125 2732 minime

461 2769 833 2825 dubitabo.Si
865 2776 1064 2825 autem
1088 2775 1327 2840 petrosa
1348 2785 1417 2823 ea
1448 2773 1507 2823 et
1535 2767 1747 2838 spinea
1775 2766 1976 2834 fuerit,
2003 2765 2120 2820 via-

462 2877 576 2931 que
607 2877 642 2915 a
674 2859 943 2932 quolibet
961 2859 1458 2925 calcata,omnino
1486 2857 1744 2912 salutare
1770 2857 1882 2912 hoc
1915 2872 2122 2911 semen

459 2949 925 3021 haudquaquam
951 2949 1491 3019 serere,ipsumque
1507 2947 1710 3002 avibus
1725 2951 1786 3001 et
1813 2947 2122 3012 feris,ante

460 3057 609 3110 quas
630 3039 980 3111 margaritas
1004 3038 1296 3110 projicere
1312 3037 1457 3092 mihi
1478 3053 1721 3108 prorsus
1738 3036 2122 3090 interdictum

461 3134 570 3195 est,
601 3129 661 3182 in
687 3128 952 3200 prmdam
1005 3127 1264 3199 objicere
1316 3126 1681 3198 prastiterit.
1713 3127 1926 3180 Verum
1959 3124 2032 3179 de
2067 3130 2122 3178 te

457 3217 790 3273 melioraac
805 3217 979 3272 saluti
1006 3217 1293 3272 viciniora
1316 3215 1552 3271 conﬁdo
1579 3235 1591 3270 '.
1621 3231 1839 3286 nempe
1873 3215 2032 3286 quod
2064 3219 2124 3269 et

2021 391 2386 450 ADDBNDA.
3765 413 3854 474 οοο

2325 516 2417 580 ,Ως
2471 516 2564 613 οὗν
2625 517 2877 613 εἲσῆλθεν
2923 520 2954 576 ὁ
3007 520 3307 613 Βαρλαάμ,
3348 520 3436 576 καὶ
3496 520 3708 586 δέδωκεν
3733 534 3854 613 αὐτῷ

2252 609 2350 676 τήν
2411 610 2721 684 πρέπουσαν
2774 609 2997 687 εἰρήνην
3021 613 3160 683 (82),
3221 610 3502 686 ἐπέτρεψεν
3559 615 3706 674 αὐτὸν
3748 609 3854 691 καθζ

2253 702 2494 769 εσθῆναι,
2527 701 2644 768 καὶ.
2672 705 2769 756 τοῦ
2798 697 3158 777 παιδαγωγοῦ
3220 702 3693 776 ὑποχωρήσαντ⁰ς’
3735 711 3852 791 λέγει

2254 790 2282 844 ὁ
2308 792 2408 847 89
2441 790 2673 870 Ἰωάσαιρ
2703 796 2782 864 τῷ
2811 794 3046 869 γέροντι·
3081 789 3387 865 Ὑπόδιιξόν
3428 813 3518 865 μοι
3572 796 3659 850 τὸν
3711 789 3856 858 πολύ-

2249 901 2411 952 τιμον
2474 879 2650 950 λίθον,
2707 882 2828 958 περὶ
2910 879 2973 936 οὗ
3035 879 3246 959 μεγάλα
3300 880 3422 936 τινὰ
3474 884 3560 939 καὶ
3617 894 3857 961 θαυμαστὲ

2253 968 2432 1044 λέγειν
2491 993 2548 1026 σε
2609 973 2637 1028 ὁ
2695 971 2828 1046 ἐμὸς
2911 970 3266 1048 παιδαγωγὸς
3352 969 3666 1048 διηγήσατο.
3718 981 3767 1033 Ὀ
3815 981 3858 1039 Si

2252 1059 2521 1136 Βαρλαάμ
2579 1061 2752 1125 οῧτως
2809 1064 3090 1136 ἀπήρξατο
3146 1069 3249 1131 τῆς
3302 1061 3439 1136 πρὸς
3505 1064 3660 1120 αὐτὸν
3706 1065 3859 1127 διαλε-

2249 1151 2397 1222 ξεως·
2435 1152 2513 1207 Οὐ
2560 1148 2767 1208 δίκαιόν
2814 1151 2980 1220 ἐστιν,
3031 1153 3077 1207 ὦ
3137 1150 3384 1228 βασιλεῦ,
3444 1151 3652 1226 ψευδῶς
3696 1177 3742 1210 τι
3787 1163 3856 1216 καὶ

2249 1239 2653 1316 ἀπερισκέπτως
2683 1243 2820 1319 πρὸς
2843 1244 2905 1298 τὸ
2959 1241 3225 1318 ὑπερέχον
3285 1248 3387 1312 τῆς
3436 1249 3535 1313 σῆς
3592 1241 3741 1316 δόξης
3784 1245 3855 1305 λέ-

2244 1351 2354 1404 γειν
2420 1351 2506 1404 με’
2566 1333 2739 1387 πάντα
2789 1333 2891 1410 γὰρ
2939 1334 3008 1388 τὰ
3067 1330 3384 1402 δηλωθέντα
3440 1353 3525 1388 σοι
3582 1337 3703 1409 παρ’
3751 1336 3858 1410 ἐμοῦ

2246 1420 2429 1492 ἀληθῆ
2461 1420 2562 1476 εἶσι
2616 1423 2704 1477 καὶ
2761 1423 3159 1498 ἀναμφίλεκτα.
3222 1421 3403 1490 Ἀλλ’,
3446 1421 3492 1477 εί
3528 1424 3602 1497 μή
3633 1427 3856 1501 πρότερον

2246 1508 2481 1586 δοκιμὴν
2513 1519 2615 1583 τῆς
2647 1520 2745 1583 σῆς
2779 1509 2935 1570 λαόω
2963 1516 3298 1593 φρονήσεως,
3319 1511 3381 1568 οὐ
3410 1512 3564 1586 θέμις
3592 1516 3654 1570 τὸ
3686 1521 3858 1589 μυστή-

2245 1622 2360 1677 ριον
2389 1603 2696 1680 φανερῶσαί
2729 1625 2835 1661 σοι.
2869 1604 3014 1675 Φησὶ
3048 1604 3154 1679 γάρ
3207 1604 3234 1658 ὁ
3292 1602 3424 1675 ἐμὸς
3456 1604 3722 1675 Δεσπότης

2244 1692 2499 1766 Ἐξῆλθεν
2535 1693 2563 1748 ὁ
2597 1692 2829 1767 σπείρων
2887 1697 2984 1748 τοῦ
3044 1698 3263 1764 σπεῖραι
3318 1691 3412 1747 τὸν
3473 1693 3670 1769 σπόρον
3701 1695 3855 1750 αὑτοῦ·

2238 1783 2326 1837 καὶ
2390 1782 2442 1837 ἐν
2483 1788 2563 1856 τῷ
2595 1783 2829 1857 σπείρειν
2889 1782 3073 1853 αὐτὸν,
3133 1780 3168 1838 εί
3225 1782 3321 1856 μὶν
3382 1777 3537 1838 ἔπεσι
3591 1784 3731 1858 παρά
3776 1786 3855 1854 τήν

2242 1867 2390 1937 ὁδὸν,
2422 1871 2511 1927 καὶ
2544 1870 2684 1940 ἦλθε
2714 1873 2780 1926 τά
2809 1871 3026 1928 πετεινά
3072 1871 3162 1926 καὶ
3221 1868 3521 1946 κατέφαγεν
3559 1869 3704 1926 αὐτά·
3735 1868 3854 1927 ἄλλα

2241 1958 2298 2016 δὶ
2330 1958 2486 2016 ἔπεσε
2515 1961 2662 2036 παρά
2690 1961 2758 2016 τὰ
2785 1957 3064 2035 πετρώδη,
3099 1958 3237 2015 ὅπου
3280 1960 3387 2014 οὐκ
3441 1959 3557 2034 εἶχε
3609 1966 3706 2035 γῆν
3743 1959 3854 2014 πολι

2241 2049 2368 2120 λῆν,
2399 2050 2489 2105 καὶ
2521 2050 2716 2113 εὐθέως
2745 2045 3072 2120 ἐϐλάστησε,
3134 2046 3225 2104 διὰ
3280 2048 3342 2103 τὸ
3406 2051 3481 2122 μή
3541 2047 3682 2124 ἔχειν
3727 2049 3858 2124 βάθος

2238 2148 2367 2216 γῆς,
2401 2141 2564 2210 ἡλίου
2589 2139 2645 2196 δέ
2675 2141 3062 2202 ἀνατείλαντος
3096 2137 3498 2213 ἐκαυματίσθη,
3545 2136 3656 2205 καί,
3710 2135 3854 2194 διὰτὸ

2243 2232 2320 2304 μή
2353 2228 2498 2307 ἔχειν
2534 2231 2706 2307 ῥίζαν,
2751 2230 3041 2304 ἐξηράνθη·
3102 2226 3248 2284 ἄλλα
3298 2225 3358 2285 δὶ
3417 2226 3599 2283 ἔπεσεν
3651 2225 3730 2282 ἐπὶ
3781 2229 3856 2290 τὰς

2239 2321 2493 2388 ἀκάνθας,
2549 2322 2636 2376 καὶ
2696 2316 2961 2390 ἀνέϐησαν
3023 2320 3077 2374 αὶ
3131 2319 3356 2384 ἂκανθαι
3438 2319 3530 2374 καὶ
3604 2315 3855 2387 ἀπέπνιξαν

2236 2410 2389 2466 αὐτοὶ·
2425 2409 2571 2466 ἄλλα
2601 2409 2658 2466 δὲ
2715 2409 2899 2466 ἔπεσεν
2959 2408 3048 2465 ἐπὶ
3095 2410 3198 2478 τήν
3254 2416 3358 2484 γῆν
3419 2410 3520 2476 τήν
3577 2406 3854 2478 καΑήν,καὶ

2236 2498 2418 2556 ἐδίδου
2509 2502 2715 2578 καρπὸν
2791 2499 3237 2558 έκατοστεῦοντα.
3304 2499 3371 2556 Εἴ
3433 2499 3528 2572 μὶν
3603 2495 3691 2552 οὖν
3777 2502 3852 2570 γῆν

2234 2590 2376 2667 εὕρω
2407 2590 2459 2646 ἐν
2483 2595 2552 2665 τῇ
2584 2589 2780 2664 καρδίᾳ
2811 2612 2908 2645 σου
2952 2590 3310 2667 καρποφόρον
3364 2588 3459 2644 καὶ
3517 2587 3731 2664 ἀγαθὴν,
3777 2585 3856 2640 οὐκ

2237 2681 2456 2752 ὀκνήσω
2483 2682 2578 2736 τὸν
2608 2682 2755 2735 θεῖον
2813 2675 3018 2756 σπόρον
3079 2679 3414 2756 ἐμφυτεῦσαί
3449 2699 3534 2733 σοι
3590 2684 3677 2732 καί
3731 2694 3856 2754 φανε-

2233 2776 2406 2846 ρῶσαι
2432 2773 2495 2827 τὸ
2559 2770 2694 2846 μέγα
2757 2773 3080 2846 μυστήριον·
3116 2769 3162 2826 εί
3223 2767 3281 2825 δί
3310 2765 3606 2845 πετρώδης
3637 2763 3760 2836 αὕτη
3785 2765 3852 2818 καὶ

2231 2859 2554 2932 ἀκανθώδης
2611 2861 2720 2917 ἐστὶ
2775 2864 2866 2917 καὶ
2926 2857 3051 2922 ὁδὸς
3084 2861 3405 2934 πατουμένη
3459 2863 3537 2931 τῷ
3569 2853 3854 2934 βουλομένῳ

2231 2953 2415 3022 παντὶ,
2447 2957 2692 3028 κρεῖττον
2727 2949 2993 3025 μηδόλως
3017 2948 3210 3005 τοῦτον
3244 2947 3311 3020 δή
3365 2950 3463 3004 τὸν
3493 2949 3753 3018 σωτήριον
3777 2964 3853 2998 κα-

2232 3036 2490 3096 ταϐαλεῖν
2527 3041 2730 3118 σπόρον
2761 3039 2850 3096 καὶ
2911 3038 2989 3102 εἷς
3021 3037 3331 3116 διαρπαγὴν
3363 3039 3528 3094 αὐτὸν
3581 3041 3740 3101 θεῖναι
3765 3037 3854 3091 τοῖς

2231 3136 2499 3192 πετεινοῖς
2529 3130 2619 3185 καὶ
2653 3128 2894 3206 θηρίοις,
2927 3130 3001 3184 ὧν
3062 3127 3370 3204 ἔμπροσθεν
3409 3126 3556 3187 δλως
3592 3125 3665 3200 μή
3698 3121 3850 3200 βαλεῖν

2229 3221 2358 3284 τοὺς
2393 3221 2731 3298 μαργαρίτας
2781 3219 3108 3286 ἐντέταλμαι
3169 3225 3306 3294 (84).
3365 3217 3552 3274 ’ΔΛλά
3593 3215 3852 3286 πέπεισμαι

456 3306 716 3378 lapidem
737 3307 836 3378 qui
871 3308 1129 3378 pretium
1147 3322 1323 3362 omne
1356 3312 1597 3377 superat
1627 3305 1874 3365 videbis.
1909 3322 1978 3361 ac
2009 3323 2115 3377 per

2236 3316 2330 3370 40
2389 3313 2514 3387 περὶ
2570 3316 2667 3367 σοῦ
2718 3313 2785 3366 τά
2841 3309 3124 3386 κρείττονα
3179 3310 3270 3365 καὶ
3323 3309 3568 3386 ἐχόμενα
3598 3302 3852 3378 σωτηρίας,

455 3396 703 3453 luminis
727 3396 914 3468 ipsius
939 3396 1320 3468 splendorem
1353 3396 1464 3450 hoc
1495 3395 2118 3466 consequeris,utipse

460 3503 700 3560 quoque
734 3486 936 3540 lumen
970 3485 1272 3549 efﬁciaris,
1334 3485 1715 3556 fructumque
1765 3485 2116 3555 centuplum

455 3576 638 3633 feras.
665 3576 896 3632 Etenim
957 3581 1058 3631 tua
1110 3591 1288 3631 causa
1327 3575 1566 3647 longam
1615 3575 1768 3629 viam
1817 3575 2115 3630 conficere

458 3664 680 3732 studui,
711 3670 781 3719 ut
797 3679 929 3736 qum
965 3681 1275 3736 nunquam
1309 3665 1527 3731 vidisti,
1553 3663 1657 3717 tibi
1709 3663 2111 3728 ostenderem,

452 3759 631 3826 atque
665 3771 735 3810 ea
764 3753 1041 3810 docerem
1069 3771 1202 3827 quea
1235 3769 1544 3826 nunquam
1577 3753 1820 3809 audisti.

523 3953 681 4010 Dixit
701 3958 898 4009 autem
933 3953 1007 4010 ad
1043 3970 1177 4009 eum
1209 3953 1492 4025 Josapbat
1517 3950 1834 4024 :Equidem
1861 3951 2111 4022 ipse.ve-

451 4043 719 4100 nerande
741 4042 1288 4100 senex.incredibili
1314 4042 1779 4113 quodam.atque
1794 4040 2110 4112 ejusmodi,

455 4133 618 4206 quod
643 4134 808 4189 nullo
835 4133 1009 4188 modo
1033 4133 1295 4188 coerceri
1320 4137 1518 4204 queat,
1553 4131 1849 4187 desiderio
1884 4137 2110 4198 teneor,

454 4241 674 4280 novum
691 4224 1010 4295 quemdam
1025 4240 1092 4278 ac
1114 4223 1337 4277 bonum
1355 4238 1692 4276 sermonem
1709 4220 2115 4276 audiendi.At-

451 4330 567 4386 que
591 4313 744 4386 ignis
771 4314 833 4367 in
859 4319 1096 4385 pectore
1119 4328 1253 4366 meo
1304 4311 1586 4365 incensus
1610 4316 1718 4372 est,
1746 4309 1846 4380 qui
1895 4325 1991 4363 me
2040 4309 2113 4364 ad

449 4403 1116 4474 necessariasquasdam
1134 4401 1495 4472 quaastiones
1510 4398 1929 4470 intelligendas
1943 4399 2115 4453 vehe-

449 4497 684 4548 menter
716 4492 1379 4546 inflammat.Cmterum
1413 4489 1607 4544 adhuc
1629 4487 1931 4542 hominem
1961 4505 2110 4543 nan-

449 4581 589 4637 cisci
615 4580 764 4636 mihi
795 4597 914 4635 non
942 4581 1129 4647 licuit,
1179 4580 1280 4650 qui
1331 4578 1402 4633 de
1435 4579 1546 4633 hac
1587 4594 1650 4632 re
1705 4583 1926 4632 certam
1960 4578 2106 4633 mihi

2227 3401 2310 3458 ὅτι
2337 3403 2424 3457 καὶ
2457 3402 2549 3457 τὸν
2582 3399 2739 3456 λίθον
2782 3401 2903 3475 ὄψει
2961 3401 3053 3456 τὸν
3115 3400 3410 3474 ἀτίμητον,
3463 3399 3552 3454 καὶ
3609 3400 3675 3470 τῇ
3716 3390 3851 3468 αῗγλῃ

2225 3496 2321 3548 τοῦ
2353 3493 2534 3570 φωτὸς
2568 3491 2734 3546 αὐτοῦ
2766 3495 2882 3568 φῶς
2912 3489 3004 3546 καὶ
3059 3488 3221 3552 αὐτὸς
3283 3491 3565 3563 ἀξιωθήσῃ
3619 3483 3850 3561 γενέσθαῑν

2224 3583 2311 3637 καὶ
2349 3569 2554 3655 καρπὸν
2614 3581 2843 3656 ἐνέγκῃς
2901 3580 3325 3635 ἐκατοστεύοντα
3357 3582 3493 3654 (85).
3529 3576 3624 3633 Διά
3677 3575 3729 3629 σὶ
3769 3569 3850 3646 γᾶρ

2225 3666 2380 3748 ἔργον
2441 3671 2641 3746 ἐθέμην
2701 3671 2793 3726 καὶ
2857 3669 3068 3747 μακρὰν
3131 3667 3360 3740 διήνυσα
3422 3666 3569 3738 ὁδὸν,
3620 3664 3710 3720 τοῦ
3743 3663 3852 3717 ὑπο⁶

2225 3759 2394 3835 δεῖξαί
2428 3783 2511 3816 σοι
2547 3758 2582 3816 ἅ
2607 3759 2717 3837 οὐχ
2745 3759 2989 3836 ἑώρακας
3045 3759 3271 3815 πώποτε
3328 3758 3421 3814 καὶ
3479 3755 3684 3827 διδάξαι
3715 3755 3742 3806 ἆ
3767 3749 3849 3804 οὐκ

2225 3850 2487 3921 ἀκήκοας.

2296 3961 2433 4014 Εἴπε
2492 3954 2549 4012 δέ
2605 3956 2743 4032 πρὸς
2799 3955 2961 4012 αὐτὸν
3015 3957 3043 4011 ὁ
3110 3956 3342 4034 Ἰωάσαφ
3405 3956 3542 4029 (86)’
3585 3949 3717 4027 Ἐγὼ
3749 3945 3845 4021 μὶν,

2221 4043 2497 4121 πρεσϐὖτα
2554 4045 2728 4120 τίμιε,
2778 4047 2934 4120 πόθῳ
2991 4043 3095 4100 τινὶ
3154 4046 3242 4101 καὶ
3303 4039 3468 4121 ἔρωτι
3529 4037 3850 4112 ἀκατασχέτῳ

2224 4141 2372 4207 ζητῶ
2402 4135 2567 4213 λόγον
2599 4137 2822 4191 ἀκοῦσαι
2883 4135 3070 4191 καινόν
3100 4156 3222 4191 τινα
3275 4137 3361 4190 καὶ
3399 4135 3619 4210 ἀγαθὸν,
3651 4127 3733 4184 καὶ
3761 4128 3848 4198 πῦρ

2222 4225 2435 4283 ἔνδοθεν
2469 4225 2520 4282 ἐν
2559 4230 2627 4302 τῇ
2659 4223 2855 4298 καρδίᾳ
2890 4248 2995 4299 μου
3057 4225 3376 4282 ἐκκέκαυται
3437 4223 3627 4286 δεινῶς
3679 4217 3850 4297 φλέγον

2225 4339 2292 4391 με
2321 4316 2412 4372 καὶ
2470 4321 2778 4392 παρορμῶν
2844 4318 3030 4389 μαθεῖν
3091 4315 3383 4392 ἀναγκαίας
3441 4314 3588 4375 τινάς
3643 4305 3849 4377 συζητῆ-

2222 4426 2352 4469 σεις·
2389 4407 2488 4462 οὐκ
2527 4403 2723 4481 ἔτυχον
2785 4403 2842 4462 δὲ
2879 4407 3044 4482 μέχρι
3075 4409 3173 4461 τοῦ
3231 4410 3323 4460 νῦν
3379 4403 3665 4481 ἀνθρώπου
3716 4395 3850 4451 δυνα-

2224 4499 2389 4570 μένου
2429 4497 2860 4574 πληροφορῆσαί
2925 4517 2993 4568 με
3049 4495 3174 4568 περὶ
3229 4493 3463 4551 τούτων.
3524 4490 3591 4550 Εἴ
3638 4485 3692 4543 δὲ
3717 4485 3847 4556 τύχω

2222 4590 2390 4660 σοφοῦ
2442 4588 2592 4647 τινὸς
2660 4584 2749 4641 καὶ
2809 4583 3201 4658 ἐπιστήμονος,
3259 4582 3350 4639 καὶ
3407 4580 3628 4638 ἀκούσω
3705 4574 3846 4646 λόγον

451 4669 632 4725 fidem
655 4668 847 4725 facere
881 4675 1100 4741 posset.
1124 4668 1288 4735 Quod
1321 4669 1369 4722 si
1402 4667 1733 4738 sapientem
1766 4668 2106 4738 quemdam,

2236 4677 2521 4750 τωτηρίας,
2555 4674 2678 4730 οὕτε
2706 4679 2998 4744 πετεινοῖς,
3059 4674 3132 4736 ὡς
3167 4676 3347 4746 οἶμαι,
3396 4673 3586 4727 τοῦτον
3631 4662 3846 4724 ἐκδώσω,

450 4763 508 4814 et
531 4759 804 4815 doctrina
822 4757 1138 4830 prmditum
1173 4757 1362 4811 virum
1397 4761 1608 4810 nactus
1637 4755 1826 4822 fuero,
1851 4771 1918 4811 ac
1951 4757 2108 4811 salu-

447 4855 636 4905 tarem
672 4864 1011 4904 sermonem
1026 4847 1411 4912 audiero,nec
1429 4845 1728 4912 avibus,ut
1757 4845 2109 4916 opinor,nec

446 4938 590 4995 feris
623 4955 759 4995 eum
779 4939 1008 4994 tradam
1035 4955 1048 5006 ;
1075 4953 1186 4992 nec
1209 4952 1447 4991 rursum
1472 4941 1744 5006 petrosus
1767 4941 1825 4990 et
1845 4936 2109 5007 spineus,

447 5034 515 5084 ut
535 5030 654 5086 tuis
678 5029 875 5084 verbis
899 5034 1052 5094 utar,
1089 5043 1211 5082 ero.
1244 5025 1398 5092 Quin
1429 5025 1628 5097 potius
1659 5031 1718 5079 et
1759 5024 2013 5080 candido
2045 5040 2112 5080 ac

451 5119 684 5177 sincero
703 5119 906 5177 animo
922 5135 1058 5175 eum
1074 5117 1453 5190 excipiam,et
1469 5115 1699 5172 erudite
1713 5131 1780 5171 ac
1793 5114 2116 5189 diligenter

2222 4764 2345 4819 οὔτε
2387 4763 2628 4840 θηρίοις,
2690 4762 2813 4819 οὕτε
2872 4763 2978 4837 μὴν
3036 4759 3326 4838 πετρώδης
3383 4761 3712 4838 φανήσομαι,
3788 4748 3848 4806 ὡς

2221 4851 2376 4932 ἔφης,
2410 4855 2532 4908 οὔτε
2571 4853 2919 4923 ἀκανθώδης,
2970 4852 3117 4909 ἀλλά
3167 4852 3257 4908 καὶ
3318 4848 3677 4928 εὐγνωμόνως
3715 4839 3846 4932 δέξω

2227 4957 2324 5010 μαι
2353 4937 2445 4992 καὶ
2479 4934 2791 5011 εἷδημὸνως
2847 4937 3096 5012 τηρήσω.
3155 4934 3231 4990 Σὺ
3291 4933 3368 5006 δὲ,
3394 4926 3400 4928 ⁷
3428 4933 3482 4989 εἷ’
3525 4952 3577 4986 τι
3628 4926 3845 4982 τοιοῦτον

2223 5007 2528 5096 ἐπίστασαι,
2677 5007 2982 5102 διακρῦψης
3043 5022 3135 5080 ἄπ’
3187 5025 3346 5099 ἐμοῦ,
3381 5021 3508 5080 ἀλλ’
3558 5007 3847 5092 ἀνάγγειλόν

2228 5137 2344 5190 μοι.
2377 5118 2467 5180 Ὦς
2495 5117 2598 5194 γὰρ
2654 5116 2864 5187 ἥκουσα
2921 5115 2981 5172 ἐκ
3041 5121 3253 5191 μακρᾶς
3313 5113 3592 5194 ἀφικέσθαι
3640 5126 3694 5162 σε
3734 5104 3844 5175 γῆς»

523 5337 636 5410 (82ὶ
658 5334 915 5410 Εἰρήνην
933 5332 1122 5410 δοῦναι
1146 5333 1406 5391 formula
1425 5338 1515 5389 est
1543 5330 1840 5388 salutandi
1865 5330 2197 5392 orientalis.
2237 5333 2364 5391 Vid.
2399 5333 2648 5408 Raphel.
2701 5333 2775 5392 ad
2831 5336 2998 5392 Joan.
3033 5349 3149 5403 xxv,
3180 5336 3271 5404 27,
3329 5331 3430 5389 ubi
3470 5328 3701 5393 frustra,
3721 5317 3840 5392 pum

447 5409 648 5464 GrOtio
673 5409 1124 5464 contradicitur.

515 5461 1481 5551 (83—)vdliristus'apudMatthaeum
1519 5492 1654 5551 xui;
1691 5476 1826 5532 Luc.
1854 5461 2188 5551 vni-{Mars
2215 5493 2296 5551 ‘IV.

517 5525 630 5638 is?)
828 5525 1065 5638 ὃιῖιεῖξὶἶ
1075 5525 1826 5638 ἶνρςῖιῖεί’ξὲῥ”ιῖ‹ἱ“ιι’ᾆῖίιίειζᾱιὶι’
1851 5525 1948 5613 {vii}
1970 5525 2126 5603 ’δ’ῖῇ

2236 5525 2352 5602 idin
2378 5549 2443 5604 τὸ
2476 5549 2633 5625 ἅγιον
2662 5555 2780 5613 τοῖς
2809 5550 2958 5622 κυσὶ,
2997 5547 3139 5624 μηδὲ
3199 5548 3405 5625 βάλητε
3434 5541 3562 5604 τοὺς
3597 5525 3840 5614 μαργαρί’

447 5620 729 5695 ταςΑὑμῶν
763 5619 1068 5694 ἔμπροσθεν
1100 5625 1209 5673 τῶν
1242 5619 1478 5695 χοίρων.

669 5687 908 5772 gemma
940 5687 1353 5772 metricum'in'
1377 5696 1424 5772 ᾼ
1455 5687 1814 5772 ε-ηρόρρησις
1835 5687 1942 5772 ὧδε
1964 5688 2126 5772 Bap}:

2236 5693 2440 5772 Βσαφὴς
2471 5691 2649 5752 πέλει.

529 5762 643 5832 (86)
673 5763 915 5824 Lemma
943 5762 1259 5823 metricum
1285 5765 1348 5823 in
1371 5767 1458 5824 A:
1492 5759 1670 5837 Ἀ’ρχὴ
1703 5759 1882 5842 λόγων
1915 5759 2126 5819 ένταῦθο

2236 5767 2258 5819 3
2291 5759 2547 5846 Ἰὼάσαφ.
