4100 6388
318 386 424 444 901

1499 391 1672 444 VITA
1709 389 2063 444 BARLAAM
2097 390 2194 444 ΕΤ
2229 389 2578 445 JOASAPH.

3639 388 3750 450 902

315 512 462 584 ἥσθη
500 534 606 588 μου
637 514 672 582 ἡ
699 512 878 586 ψυχὴ,
934 512 1025 570 καὶ
1084 510 1305 576 εὔελπις
1355 510 1604 589 ἐγενόμεν
1639 510 1730 569 διὰ
1758 517 1856 568 σοῦ
1884 516 1980 568 τοῦ

2096 515 2481 571 conservabo.
2509 515 2594 572 Tu
2624 531 2759 572 vero
2811 514 2860 571 si
2911 513 3045 589 quis
3095 513 3392 588 ejusmodi
3440 515 3618 587 nosti,
3668 535 3744 574 ne

319 603 666 676 ποθουμένυυ
721 599 1042 678 ἐπιτυχεῖν.
1104 603 1202 658 Διᾶ
1256 608 1418 658 τοῦτο
1476 603 1566 658 καὶ
1626 607 1816 667 θᾶττον
1868 601 1980 657 εἷσ-

322 693 535 770 ήγαγόν
569 714 626 748 σε
655 694 793 764 πρός
835 714 901 766 με
949 693 1038 749 καὶ
1096 698 1417 769 προστηνῶς
1464 691 1749 768 ἐδεξάμην,
1802 692 1984 768 ὥσπερ

321 786 446 840 τινὰ
474 788 581 840 τῶν
633 785 883 853 συνήθων
942 806 1032 857 μοι
1087 783 1176 839 καὶ
1208 784 1552 857 ἡλικιωτῶν,
1586 781 1734 859 εἷ’περ
1770 781 1831 838 ού
1854 786 1986 856 ψευ-

323 879 600 949 σθήσομαι
631 882 731 943 τῆς
766 873 1010 938 ἐλπίδος.
1055 877 1160 932 Καὶ
1219 878 1248 932 6
1303 879 1574 953 Βαρλαὰμ
1629 872 1752 946 ἔφη’
1790 873 1987 936 Καλῶς

325 966 591 1036 ἐποίησας
641 970 803 1021 τοῦτο
860 966 950 1021 καὶ
1011 971 1103 1023 ΔΙ
1169 967 1328 1041 ἀξίως
1384 974 1483 1037 τῆς
1541 974 1641 1038 σῆς
1694 963 1987 1042 βασιλικῆς

327 1055 807 1134 μεγαλοπρεπείας
844 1100 859 1124 ,
918 1057 1000 1111 δτι
1064 1058 1140 1130 μὴ
1209 1062 1278 1132 τῇ
1337 1057 1634 1134 φαινομένῃ
1682 1055 1984 1131 προσέσχες

325 1147 594 1216 εύτέλείᾳ,
627 1144 772 1202 ἀλλά
801 1153 902 1215 τῆς
931 1145 1314 1222 κεκρυμμένης
1345 1145 1525 1225 ἒγένου
1559 1143 1809 1209 ἐλπίδος.

2091 623 2290 678 quaeso
2306 606 2365 660 id
2381 607 2651 675 reticeas,
2675 623 2876 662 verum
2891 606 3036 662 mihi
3052 623 3278 662 narres.
3298 607 3744 678 Quamprimum

2098 697 2256 751 enim
2289 714 2319 751 e
2351 696 2675 769 longinqua
2705 698 2944 770 regione
2977 705 3032 752 te
3064 697 3293 752 venisse
3320 695 3535 761 audivi,
3561 697 3746 752 animi

2095 787 2393 859 voluptate
2425 789 2670 844 affectus
2703 805 2854 854 sum,
2883 796 3060 861 atque
3093 789 3152 843 in
3175 789 3394 844 bonam
3428 805 3593 861 spem
3613 788 3746 844 veni

2095 876 2221 931 fore
2248 882 2314 931 ut
2344 893 2524 948 opera
2557 883 2655 932 tua
2685 878 2743 932 id
2777 879 2933 948 quod
2964 878 3276 950 cupiebam
3323 895 3744 950 consequerer.

2096 967 2297 1036 quue
2325 966 2566 1020 nomine
2601 967 2798 1020 statim
2824 973 2876 1020 te
2909 967 2981 1021 ad
3012 985 3106 1022 me
3137 967 3747 1030 introduxi,comiter-

2099 1072 2212 1127 que
2237 1061 2517 1126 tanquam
2538 1056 2920 1111 familiarium
2946 1074 3212 1112 meorum
3232 1059 3623 1130 etaequalium
3647 1058 3751 1113 ali-

2097 1163 2275 1217 quem
2300 1147 2522 1219 excepi.
2553 1151 2745 1220 Atque
2768 1148 2995 1202 utinam
3011 1165 3111 1219 spe
3135 1166 3265 1204 mea
3283 1149 3527 1204 minime
3549 1147 3744 1206 fallar!

323 1239 488 1294 Dixit
518 1244 715 1294 autem
750 1237 1017 1293 Barlaam
1051 1257 1063 1294 :
1098 1239 1408 1306 Praeclare,
1443 1245 1619 1310 atque
1647 1246 1712 1294 ut
1741 1237 1903 1310 regia
1932 1235 2380 1308 magniﬁcentia
2422 1237 2667 1309 dignum
2726 1243 2870 1304 erat,
2933 1237 3043 1291 hoc
3099 1236 3313 1306 fecisti,
3373 1242 3439 1294 ut
3490 1255 3611 1294 non
3671 1237 3745 1295 ad

321 1335 590 1385 externw
621 1329 865 1384 vilitatis
893 1330 1153 1402 speciem
1185 1330 1452 1386 animum
1485 1330 1798 1402 adjiceres,
1832 1343 2034 1382 verum
2065 1325 2351 1381 abstrusaa
2385 1328 2508 1398 spei
2542 1328 2800 1399 teipsum
2834 1327 3119 1382 traderes.

388 1422 490 1473 Ἦν
521 1416 625 1491 γὰρ
659 1420 767 1490 (87)
799 1438 880 1479 τις
937 1415 1193 1492 βασιλεὺς
1251 1419 1420 1494 μέγας
1470 1420 1558 1474 καὶ
1611 1413 1844 1489 ἔνδοξος,
1890 1418 1978 1473 καὶ

317 1505 560 1581 ἐγένετο,
598 1501 961 1581 διερχομένου
989 1504 1153 1561 αὐτοῦ
1184 1505 1275 1580 ἐφ’
1308 1508 1548 1582 ἅρματος
1587 1505 1982 1583 χρυσοκολλή-

311 1616 414 1651 του
475 1593 566 1650 καὶ
614 1600 715 1663 τῆς
778 1597 889 1668 (88)
953 1594 1171 1671 βασιλεῖ
1225 1596 1546 1672 πρεπούσης
1604 1595 1980 1675 δορυφορίας,

321 1686 623 1754 ὑπαντῆσαι
658 1681 754 1740 δύο
812 1681 1036 1759 ἄνδρας,
1097 1684 1452 1764 διερρωγώτα
1514 1689 1608 1763 μὲν
1667 1689 1977 1768 ἠμφιεσμέ-

335 1795 466 1836 νους
496 1773 580 1828 καὶ
625 1771 986 1850 ῥερυπωμένα
1019 1778 1150 1848 (89),
1185 1773 1540 1846 έκτετηκὸτας
1591 1773 1647 1831 δὲ
1698 1777 1765 1830 τὰ
1813 1777 1980 1850 πρόσ-

331 1883 457 1919 ωπα
509 1861 597 1919 καὶ
660 1863 782 1918 λίαν
843 1862 1391 1939 κατωχριωμένουςο
1453 1865 1519 1934 ἦν
1583 1863 1640 1921 δὶ
1695 1866 1980 1940 γινώσκων

321 1955 554 2016 τούτους
585 1955 613 2010 6
649 1955 904 2030 βασιλεὺς
951 1959 1032 2028 τῷ
1075 1955 1424 2030 ὕπωπιασμῷ
1453 1962 1551 2012 τοῦ
1609 1957 1861 2030 σώματος
1893 1957 1982 2012 καὶ

317 2050 444 2108 τοῖς
494 2047 590 2114 τῆς
638 2045 885 2116 ἀσήσεως
944 2043 1138 2120 ἱδρῶσι
1195 2047 1258 2101 τὸ
1335 2046 1552 2122 σαρκίον
1613 2045 1982 2118 ἐκδεδαπανη-

315 2133 512 2197 κότας.
545 2135 633 2196 Ὠς
667 2131 760 2189 δῦν
794 2131 932 2190 εἶδεν
978 2135 1200 2202 αὐτοὺς,
1249 2134 1639 2208 καταπηδήσας
1700 2137 1856 2201 εὐθὺς
1886 2140 1984 2192 τοῦ

317 2226 570 2299 ἅρματος
601 2224 694 2280 καὶ
750 2222 840 2280 ἐπὶ
895 2227 994 2296 τὴν
1053 2233 1156 2301 γῆν
1224 2228 1420 2298 πεσὼν,
1478 2228 1868 2300 προσεκύνησε,
1892 2229 1980 2283 καὶ

312 2313 552 2376 ἀναστὰς
631 2313 976 2390 περιεπλάκη
1065 2315 1250 2378 αὐτοῖς
1336 2315 1778 2392 προσφιλέστατα
1855 2339 1986 2373 κατ-

313 2403 720 2478 ασπαζόμενος.
766 2404 830 2459 Οἱ
889 2402 947 2460 δὲ
1005 2410 1323 2481 μεγιστᾶνες
1355 2406 1519 2461 αὐτοῦ
1570 2406 1661 2461 καὶ
1722 2408 1985 2482 ἄρχοντες

316 2491 686 2569 ἐδυσχέραναν
720 2493 808 2549 ἐπὶ
855 2494 1057 2569 τούτῳ,
1091 2494 1280 2566 ἀνάξια
1306 2503 1406 2564 τῆς
1468 2497 1759 2572 βασιλικῆς
1816 2494 1980 2566 δόζης

315 2583 683 2655 πεποιηκέναι
739 2583 898 2639 αὐτὸν
973 2584 1332 2658 νομίζοντες·
1399 2587 1474 2658 μή
1552 2585 1868 2659 τολμῶντες
1926 2584 1983 2641 δέ

315 2673 464 2729 κατά
493 2672 784 2743 πρόσωπον
830 2671 1106 2749 ἐλέγχειν,
1162 2674 1254 2729 τὸν
1302 2676 1522 2749 γνήσιον
1596 2676 1760 2730 auito-3
1821 2673 1980 2732 ἀδελ-

321 2763 429 2841 φὸν
460 2760 642 2840 ἔλεγον
677 2760 917 2833 λαλῆσαι
974 2768 1054 2836 τῷ
1112 2762 1328 2840 βασιλεῖ
1369 2765 1444 2837 μὴ
1476 2769 1538 2820 τὸ
1571 2764 1703 2838 ὕψος
1733 2770 1830 2820 τοῦ
1863 2763 1978 2821 διαο

325 2849 578 2926 δήματος
638 2851 840 2907 ούτωσὶ
895 2848 1261 2928 καθυϐρίζειν.
1293 2858 1396 2908 Τοῦ
1431 2851 1486 2908 δέ
1517 2854 1768 2917 εἲπόντος
1814 2859 1983 2911 ταῦτα

319 2946 408 3014 τῷ
441 2938 660 3019 ἀδελφῷ
699 2942 789 2997 καὶ
841 2941 1348 3017 καταμεμψαμένου
1393 2945 1492 3010 τὴν
1542 2940 1764 3020 ἄκαιρον
1815 2944 1980 3001 αὐτοῦ

321 3030 746 3109 σμικρολογίαν,
807 3028 1037 3087 δέδωκεν
1097 3031 1244 3106 αὖτῷ
1301 3032 1588 3111 ἀπόκρισιν
1641 3033 1977 3110 δβασιλεῦς,

317 3120 391 3189 ἦν
421 3119 486 3176 οὐ
518 3121 738 3190 συνῆκιν
775 3120 802 3175 6
835 3118 1070 3202 ἀδελφὸς
1112 3121 1298 3179 αὐτοῦ.

389 3303 554 3366 "Eoo;
581 3303 684 3379 γὰρ
717 3304 782 3372 ἦν
842 3301 1028 3376 ἐκείνῳ
1081 3306 1160 3375 τῷ
1223 3304 1461 3380 βασιλεῖ,
1521 3303 1645 3360 ὅταν
1705 3303 1976 3380 ἀπόφασιν

314 3391 558 3448 θανάτου
609 3392 747 3448 κατὰ
801 3414 950 3456 τινος
1012 3391 1217 3464 ἐδίδου,
1276 3397 1489 3471 κήρυκα
1549 3395 1624 3458 εἰς
1652 3397 1751 3466 τὴν
1812 3397 1980 3452 αὐτοῦ

312 3481 483 3559 θύραν
540 3482 904 3539 ἀποστέλλειν
971 3484 1104 3558 μετά
1160 3483 1468 3560 σάλπιγγος
1522 3485 1857 3562 τεταγμένης
1907 3486 1982 3548 εἰς

316 3574 506 3628 τοῦτο·
541 3574 631 3628 καὶ
661 3576 731 3647 τῇ
760 3571 915 3648 φωνῆ
959 3580 1060 3644 τῆς
1117 3571 1422 3650 σάλπιγγος
1482 3574 1692 3647 ἐκείνης
1749 3572 1980 3650 ᾔστοντο

320 3661 525 3725 πάντες
571 3662 800 3718 θανάτου
854 3659 1051 3739 ἔνοχον
1113 3662 1316 3720 ἐκεῖνον
1375 3664 1662 3741 ὑπάρχειν.
1717 3667 1979 3740 Ἑσπέρας

321 3755 431 3812 42
491 3756 580 3808 οὖν
639 3747 1096 3824 καταλαϐούσης,
1153 3752 1471 3809 ἀπάστειλεν
1513 3755 1540 3809 ὁ
1575 3753 1832 3830 βασιλεὺς
1882 3755 1981 3824 τήν

316 3840 599 3919 σάλπιγγα
645 3847 741 3898 τοῦ
801 3844 1031 3898 Θανάτου
1090 3840 1367 3913 σαλπίζειν
1425 3842 1514 3898 ἐπὶ
1571 3847 1641 3918 τῇ
1695 3845 1830 3921 θυρᾳ
1885 3848 1980 3899 τοῦ

319 3929 482 3985 οἴκου
510 3933 608 3985 τοῦ
667 3927 908 4008 ἀδελφοῦ
958 3931 1147 3987 αὐτοῦ.
1207 3931 1295 3995 Ὠς
1341 3931 1431 3986 οὗν
1491 3928 1724 4002 ἤκουσε)
1778 3930 1983 3996 ἐκεῖνος

312 4022 421 4090 τήν
455 4019 734 4097 σάλπιγγα
757 4025 854 4075 τοῦ
907 4021 1162 4093 θανάτου,
1217 4021 1436 4098 ἀπέγνω
1485 4030 1587 4094 τῆς
1648 4022 1839 4078 ἑαυτοῦ
1873 4045 1983 4078 σω-

310 4109 514 4186 τηρίας
565 4111 656 4166 καὶ
714 4107 921 4175 διέθετο
977 4111 1045 4166 τὰ
1100 4113 1220 4167 κατ’
1276 4111 1435 4168 αὐτὸν
1471 4110 1608 4183 ’ὀλην
1640 4115 1741 4182 τὴν
1792 4112 1978 4168 νύκτα·

312 4202 437 4273 ἅμα
469 4197 526 4256 δὶ
556 4198 724 4278 πρωί,
759 4201 1175 4280 ἀμφιασάμενος
1204 4200 1415 4276 μέλανα
1443 4203 1534 4258 καὶ
1565 4205 1809 4280 πενθήρη
1844 4207 1979 4278 (90),

318 4297 464 4364 μετα
491 4291 743 4366 γυναικὸς
792 4292 884 4346 καὶ
935 4293 1138 4348 τέκνων
1193 4291 1488 4370 ἀπέρχεται
1540 4292 1614 4355 εἰς
1660 4295 1759 4362 τὴν
1817 4293 1978 4369 θύραν

312 4384 420 4436 τοῦ
452 4379 725 4436 παλατίου
757 4379 963 4438 κλαίων
1001 4382 1090 4437 καὶ
1146 4379 1500 4458 ὀδυρόμενος.
1551 4381 1871 4458 Εῗσαγαγὼν
1926 4380 1984 4438 δὲ

313 4471 488 4526 αὐτὸν
519 4472 547 4526 6
583 4470 864 4546 βασιλεὺς,
894 4472 981 4527 καὶ
1017 4468 1192 4534 οὕτως
1224 4469 1353 4527 ἰδὼν
1383 4469 1820 4548 ὀλοφυρόμενον,
1852 4467 1977 4550 ἔφη·

2163 1418 2302 1471 Erat
2331 1417 2490 1473 enim
2523 1417 2840 1488 aliquando
2870 1434 3120 1490 magnus
3144 1417 3388 1488 quidam
3410 1423 3468 1473 et
3489 1419 3743 1476 illustris

2092 1522 2218 1573 rex,
2251 1507 2367 1571 cui,
2402 1525 2535 1562 cum
2566 1507 2628 1562 in
2662 1524 2841 1562 aureo
2874 1524 3072 1573 curru,
3099 1508 3427 1564 satellitum
3459 1525 3642 1564 manu
3664 1526 3750 1563 re-

2092 1597 2201 1669 gize
2223 1597 2521 1668 majestati
2553 1597 2730 1670 digna
2761 1598 2990 1652 cinctus
3021 1598 3138 1652 iter
3166 1597 3667 1671 faceret,contigit
3687 1603 3753 1654 ut

2093 1685 2242 1741 duos
2273 1687 2448 1752 viros,
2483 1687 2694 1742 laceris
2725 1704 2792 1743 ac
2825 1687 3081 1742 sordidis
3115 1688 3397 1754 vestibus,
3437 1693 3616 1759 atque
3648 1705 3749 1743 ore

2091 1775 2281 1830 macie
2314 1777 2688 1843 confecto,ac
2719 1779 3009 1848 majorem
3033 1777 3093 1832 in
3115 1777 3359 1832 modum
3383 1777 3746 1849 pallido,ob-

2015 1851 2060 1916 Β
2089 1865 2215 1920 vios
2267 1865 2533 1922 haberet.
2567 1867 2707 1938 Regi
2740 1883 2916 1938 porro
2945 1866 3318 1937 exploratum
3345 1872 3473 1922 erat
3494 1883 3595 1922 eos
3621 1884 3747 1923 cor-

2091 1954 2252 2026 poris
2267 1955 2650 2011 afflictatione
2667 1972 2732 2011 ac
2759 1957 2888 2010 vitae
2911 1957 3029 2012 Deo
3044 1961 3404 2012 consecrata
3437 1955 3744 2012 laboribus

2090 2060 2298 2100 carnes
2329 2063 2467 2101 suas
2498 2046 2581 2100 ita
2620 2045 2966 2101 confecisse.
3025 2047 3096 2102 Ut
3143 2046 3323 2120 igitur
3353 2062 3452 2102 eos
3495 2046 3660 2117 vidit,
3711 2062 3742 2102 θ

2087 2151 2267 2189 curru
2299 2135 2500 2190 statim
2533 2135 2839 2201 desiliens,
2873 2140 3050 2207 atque
3082 2137 3247 2191 humi
3279 2141 3742 2208 prostratus,eos

2088 2224 2372 2292 adoravit;
2395 2242 2462 2280 ac
2493 2224 2710 2280 deinde
2739 2225 3376 2296 surgens,amicissime
3400 2226 3744 2298 complexus

2090 2322 2198 2382 est,
2235 2320 2294 2369 et
2324 2313 2617 2369 salutavit.
2644 2315 2925 2369 Proceres
2953 2320 3152 2369 autem
3175 2315 3366 2386 ipsius
3396 2331 3462 2370 ae
3484 2315 3744 2386 praefecti

2090 2405 2202 2460 hoc
2235 2404 2482 2459 moleste
2515 2403 2801 2472 tulerunt,
2837 2421 2972 2458 eum
3003 2403 3234 2460 facinus
3257 2405 3418 2476 regia
3440 2405 3630 2477 gloria
3659 2405 3749 2460 in-

2089 2495 2334 2568 dignum
2367 2495 2679 2550 admisisse
2709 2495 3137 2550 existimantes.
3160 2497 3375 2550 Verum
3389 2512 3523 2550 cum
3545 2511 3746 2550 coram

2089 2587 2286 2658 ipsum
2301 2585 2739 2657 reprehendere
2751 2585 2982 2640 minime
2996 2585 3256 2640 auderen
3268 2590 3447 2652 t,cum
3462 2601 3744 2658 germano

2090 2676 2278 2748 ipsius
2307 2675 2491 2730 frater
2521 2675 2792 2748 agebant,
2830 2681 2894 2730 ut
2918 2691 3119 2748 regem
3151 2675 3605 2742 admoneret,ne
3625 2675 3748 2732 dia-

2091 2764 2342 2821 dematis
2359 2764 2817 2836 amplitudinem
2838 2771 2894 2819 et
2908 2764 3338 2819 sublimitatem
3353 2765 3425 2820 ad
3441 2764 3600 2820 hunc
3618 2781 3745 2820 mo-

2091 2855 2229 2911 dum
2266 2853 2552 2909 dedecore
2582 2870 2648 2909 ac
2666 2853 3029 2908 contumelio
3061 2853 3348 2910 afﬁceret.
3373 2854 3518 2908 Cum
3541 2853 3746 2924 itaque

2088 2962 2214 3018 ipse
2247 2945 2372 3000 hanc
2401 2943 2567 2999 fratri
2612 2943 2878 3008 dixisset,
2929 2949 3107 3014 atque
3155 2944 3638 3015 intempestivam
3689 2948 3748 2998 et

2088 3039 2513 3108 praeposteram
2529 3033 2717 3105 ipsius
2731 3033 2939 3088 humili
2952 3039 3128 3089 tatem
3143 3039 3748 3105 acousasset,respon—

2090 3142 2221 3180 sum
2252 3125 2367 3196 ipsi
2397 3141 2503 3179 rex
2532 3122 2715 3189 dedit,
2755 3123 2912 3196 quod
2943 3140 2978 3178 a
3006 3123 3188 3181 fratre
3221 3123 3471 3180 minime
3505 3121 3746 3180 intelle-

2011 3226 2053 3294 ρ
2093 3221 2252 3270 ctum
2286 3219 2394 3269 est.

2163 3306 2285 3360 Mos
2317 3305 2476 3360 enim
2501 3304 2623 3378 regi
2644 3308 2851 3359 eratut
2870 3319 3004 3358 cum
3028 3303 3289 3375 aliquem
3315 3309 3505 3360 morte
3527 3304 3748 3362 multa-

2087 3401 2197 3464 ret,
2219 3413 2553 3467 praeconem
2569 3413 2704 3452 cum
2722 3395 3023 3466 tuba,quae
3040 3396 3280 3467 quidem
3304 3397 3514 3452 mortis
3528 3397 3748 3453 idcirco

2089 3485 2420 3553 dicebatur,
2453 3484 2529 3540 ad
2560 3484 2748 3556 ipsius
2778 3485 2936 3539 fores
2968 3485 3251 3549 mitteret,
3281 3492 3462 3558 atque
3488 3503 3559 3541 ex
3589 3487 3748 3542 tuba;

2089 3575 2253 3631 illius
2285 3575 2559 3648 clangore
2591 3591 2800 3631 omnes
2827 3574 2879 3628 ei
2904 3574 3285 3630 moriendum
3308 3591 3437 3630 esse
3459 3575 3752 3648 intellige-

2087 3664 2252 3721 bant.
2285 3667 2503 3744 Itaque
2521 3681 2657 3720 cum
2672 3663 3136 3736 advesperasset,
3153 3664 3434 3720 lethalem
3459 3664 3659 3720 tubam
3671 3665 3749 3722 ad

2085 3755 2288 3810 fratris
2320 3755 2411 3810 sui
2443 3754 2603 3810 fores
2634 3755 2972 3827 clangorem
3005 3754 3298 3809 edituram
3330 3771 3434 3810 rex
3465 3755 3648 3812 misit.
3675 3757 3749 3811 Ut

2087 3844 2268 3917 igitur
2298 3845 2398 3899 ille
2416 3846 2570 3900 hanc
2594 3844 2794 3899 tubam
2817 3845 3063 3911 audivit,
3089 3844 3404 3916 desperata
3425 3844 3615 3900 salute
3640 3861 3747 3916 per

2088 3940 2272 3990 totam
2305 3941 2542 3990 noctem
2591 3934 2935 3989 domesticis
2974 3934 3153 3990 rebus
3202 3935 3524 3990 consuluit.
3576 3936 3743 3990 Mane

2089 4029 2287 4079 autem
2322 4029 2452 4078 atra
2481 4040 2548 4078 ac
2574 4023 2811 4096 lugubri
2831 4028 2989 4078 veste
3021 4022 3288 4091 indutus,
3311 4040 3447 4079 cum
3469 4039 3652 4079 uxore
3675 4040 3743 4079 ac

2086 4113 2292 4169 liberis
2323 4114 2397 4168 ad
2427 4112 2630 4185 palatii
2650 4113 2809 4168 fores
2826 4113 2977 4169 ﬂens
2995 4130 3063 4169 ac
3085 4112 3423 4168 lamentans
3444 4113 3744 4185 profectus

2091 4211 2200 4261 est.
2237 4205 2380 4259 Cum
2405 4209 2604 4259 autem
2633 4221 2739 4259 rex
2770 4203 2965 4275 ipsum
2992 4202 3067 4259 ad
3099 4220 3161 4259 se
3183 4202 3544 4271 admisisset,
3564 4208 3742 4274 atque

2090 4297 2173 4353 ita
2203 4296 2528 4368 ejulantem
2560 4295 2823 4362 vidisset,
2859 4295 2951 4351 his
2970 4295 3163 4350 verbis
3185 4312 3326 4350 usus
3349 4299 3439 4350 est
3463 4296 3539 4351 :0
3565 4294 3744 4351 stulte

2090 4404 2158 4444 ac
2189 4386 2462 4454 demens,
2496 4385 2544 4440 si
2577 4385 2777 4441 fratris
2809 4385 2914 4454 tui,
2949 4402 3082 4440 cum
3107 4402 3223 4458 quo
3246 4384 3402 4440 idem
3431 4384 3536 4439 tibi
3558 4402 3744 4458 genus

2093 4483 2151 4532 et
2180 4493 2287 4548 par
2311 4476 2505 4531 honor
2535 4480 2644 4546 est,
2673 4476 2733 4531 in
2765 4491 2943 4546 quem
2975 4474 3202 4530 nullius
3232 4475 3478 4531 omnino
3503 4475 3746 4532 sceleris

311 4562 386 4616 Ὠ
417 4559 637 4617 ἀσύνετε
694 4562 784 4618 καὶ
818 4559 1010 4639 ἄφρον,
1069 4560 1114 4616 εἰ
1176 4560 1237 4616 σὺ
1295 4561 1468 4624 οὕτως
1528 4559 1831 4625 ἐδειλίασας
1886 4563 1978 4618 τὸν

2105 4566 2210 4621 tibi
2228 4567 2504 4622 conscius
2535 4581 2618 4628 es,
2647 4582 2985 4638 prmconem
3013 4565 3096 4621 ita
3116 4566 3464 4633 extimuisti;
3486 4583 3748 4638 quonam

314 4651 538 4726 κήρυκα
575 4654 673 4706 τοῦ
731 4650 1006 4725 ὁμοτίμου
1045 4673 1139 4706 σου
1198 4648 1457 4729 ἀδελφοῦ,
1517 4653 1652 4727 πρὸς
1715 4653 1772 4708 ’ὀν
1825 4649 1981 4708 οὐδὲν

313 4738 470 4803 ὅλως
539 4741 726 4796 ἑαυτὸν
815 4743 1196 4816 ἡμαρτηκέναι
1248 4742 1580 4818 γινώσκεις,
1655 4747 1773 4805 πῶς
1855 4741 1980 4815 ἐμοὶ

317 4831 534 4904 μέμψιν
593 4829 870 4906 ἐπήγαγες
930 4830 981 4887 έν
1025 4830 1356 4887 ταπεινώσεν
1434 4831 1800 4907 ἀσπασαμένῳ
1855 4832 1983 4898 τοὺς

307 4922 560 4994 κήρυκας
597 4924 692 4976 τοῦ
719 4925 852 4978 Θεοῦ
915 4943 1043 4994 μου,
1076 4921 1204 4984 τοὺς
1260 4921 1627 4998 εύηχέστερον
1677 4922 1984 4998 σάλπιγγος

317 5008 656 5084 μηνύοντάς,
709 5030 802 5084 μοι
859 5011 950 5064 τὸν
1012 5010 1238 5074 θάνατον
1294 5011 1382 5066 καὶ
1433 5011 1534 5080 τήν
1593 5006 1829 5088 φοϐερὰν
1885 5016 1982 5067 τοῦ

318 5097 603 5156 Δεσπότου
663 5099 982 5172 ὑπάντησιν,
1015 5101 1060 5174 ᾧ
1091 5099 1278 5156 πολλά
1333 5101 1425 5156 καὶ
1482 5101 1692 5177 μεγάλα
1749 5101 1983 5174 ἐμαυτὸν

313 5188 702 5268 ἡμαρτηκέναι
750 5189 1093 5266 ἐπίσταμαις
1140 5187 1281 5248 Ἰδοὺ
1333 5191 1512 5247 τοίνυν
1542 5192 1643 5261 τήν
1675 5192 1774 5261 σήν
1824 5190 1986 5267 ἐλέγ-

315 5300 443 5359 χων
479 5279 662 5337 ἄνοιαν
689 5281 871 5356 τούτῳ
909 5280 978 5353 δὴ
1035 5286 1116 5356 τῷ
1168 5283 1361 5358 τρόπῳ
1417 5281 1768 5360 ἐχρησάμην,
1802 5282 1983 5360 ὥσπερ

2093 4656 2268 4712 modo
2300 4655 2446 4710 mihi
2473 4655 2959 4727 reprehensionis
2982 4661 3186 4711 notam
3208 4655 3429 4711 idcirco
3453 4656 3746 4724 inussisti,

2092 4745 2250 4818 quod
2283 4744 2386 4800 Dei
2419 4746 2535 4800 mei
2559 4761 2887 4817 praecones.
2906 4745 3008 4815 qui
3033 4751 3309 4811 mortem,
3330 4761 3397 4802 ac
3422 4745 3659 4801 Domini
3687 4746 3749 4803 in

2093 4852 2270 4908 quem
2302 4853 2397 4891 me
2429 4835 2619 4890 multa
2651 4843 2708 4890 et
2735 4834 2931 4909 gravia
2963 4835 3190 4892 scelera
3218 4841 3592 4908 perpetrasse
3624 4835 3744 4890 scio

2092 4925 2640 4998 pertimescendum
2669 4926 2988 4981 adventum
3014 4925 3160 4980 mihi
3183 4925 3547 4996 quavistuba
3567 4940 3745 4980 voca-

2093 5015 2210 5071 lius
2223 5015 2522 5087 altiusque
2535 5015 3228 5083 denuntiant,humiliter
3239 5031 3308 5070 ac
3321 5013 3578 5070 demisse
3593 5014 3749 5069 salu-

2093 5106 2387 5163 larim?En
2404 5106 2582 5180 igitur
2591 5113 2660 5162 ut
2673 5114 2834 5163 tuam
2847 5106 3212 5163 dementiam
3225 5105 3750 5179 coarguerem,hac

2097 5197 2328 5253 ratione
2361 5213 2503 5252 usus
2517 5197 3183 5268 sum,quemadmodum
3202 5195 3383 5252 etiam
3403 5211 3504 5252 eos
3525 5195 3626 5267 qui
3641 5193 3749 5253 tibi

2095 5291 2162 5343 ut
2174 5303 2267 5343 me
2281 5287 2842 5360 reprehenderes,in
2856 5288 3126 5345 animum
3153 5285 3751 5358 induxerunt,statim

397 5473 514 5552 (§']_)
540 5475 791 5552 Lemma
820 5475 1137 5552 metricum
1168 5475 1231 5530 in
1263 5473 1468 5532 codice
1498 5477 1585 5532 A:
1618 5469 1914 5551 Παραϐολὴ
1953 5495 1981 5530 τι

2094 5496 2146 5546 τη
2175 5496 2240 5552 γε.
2263 5473 2400 5547 αὕτη
2431 5473 2712 5552 τυγχάνει.

391 5546 508 5614 (88)
540 5547 762 5602 Forsan
793 5545 882 5599 καὶ
921 5545 1054 5614 μετὰ
1081 5552 1201 5615 τῆς.

392 5618 506 5686 (89)
544 5618 621 5690 De
653 5619 762 5690 hac
796 5619 1041 5690 perfecti
1065 5619 1274 5688 forma,
1308 5624 1350 5676 t.
1385 5622 1481 5686 III,

1513 5638 1570 5692 p.
1603 5622 1728 5676 459.
1763 5620 1847 5676 Cf.
1882 5621 2058 5676 modo

2089 5639 2146 5692 p.
2182 5623 2271 5690 38,
2303 5625 2391 5676 i9.

391 5690 502 5775 (99,~
532 5689 591 5775 ς,
628 5687 856 5775 μελανά.
892 5692 971 5746 De
1004 5687 1291 5775 adjectivo
1325 5687 1558 5775 μέλανος
1589 5709 1624 5747 I.
1658 5693 1754 5775 Ill,
1787 5710 1842 5764 p.
1882 5697 1981 5775 151

2094 5687 2383 5775 lesychius
2418 5710 2430 5750 :
2463 5691 2714 5768 περκνὸν,
2775 5693 3033 5768 μελανόν.
3067 5697 3125 5753 C.
3160 5705 3313 5762 πενθ.
3344 5694 3561 5770 ἱμάτια,
3597 5711 3658 5756 m
3687 5712 3750 5775 p.

311 5756 414 5833 41,
448 5756 502 5830 7,
532 5756 645 5836 ῥερζ
678 5760 892 5835 ἱμάτιον
931 5780 1046 5835 quo
1072 5756 1336 5823 nomine
1353 5765 1527 5822 facile
1557 5756 1913 5822 carebimus.
1947 5766 1981 5822 C

2094 5756 2195 5838 vagi
2228 5767 2318 5824 43.
