4100 6380
472 400 578 458 903

1996 403 2370 462 ADDENDA.

3774 413 3870 470 904

473 527 722 585 stolidos
738 533 796 586 et
808 534 1080 587 amentes
1094 547 1223 586 esse
1239 528 1680 586 demonstrabo.
1706 530 1895 600 Atque
1919 528 2001 585 ita
2022 546 2120 586 cu-

2248 527 2340 586 οὖν
2371 526 2619 591 καὶτοὺς
2652 529 3014 605 ὑποθεμένους
3059 552 3154 588 σου
3184 530 3284 602 τήν
3333 533 3451 588 κατ’
3501 532 3635 606 tuo?)
3689 536 3872 614 μέμψιν

474 629 671 680 ratum
688 631 744 678 et
765 625 994 680 utiliter
1014 625 1368 680 instructum
1393 622 1637 678 fratrem
1666 639 1862 690 suum,
1887 622 2129 678 domum

476 715 733 771 remisit.

540 805 724 858 Jussit
753 808 953 858 autem
978 820 1006 857 e
1040 802 1200 875 ligno
1216 808 1473 873 quatuor
1489 819 1658 857 arcas
1688 803 2130 872 efﬂei:quarum

469 909 603 949 cum
631 894 775 948 duas
790 893 1053 964 undique
1071 910 1216 948 auro
1239 893 1928 964 contexissetfetidaque
1952 893 2132 948 cada-

468 999 672 1038 verum
704 1000 833 1037 ossa
863 983 924 1036 in
953 999 1050 1036 eas
1076 983 1404 1054 injecisset,
1429 984 1627 1038 aureis
1651 983 1799 1038 seris
1823 1000 1922 1037 eos
1947 982 2128 1037 obﬁr-

468 1074 648 1128 mavit
668 1089 679 1137 ;
698 1073 945 1143 reliquis
960 1080 1160 1128 autem
1175 1073 1406 1128 duabus
1423 1073 1549 1146 pice
1567 1091 1634 1129 ac
1666 1073 1962 1127 bitumine
1987 1072 2132 1127 obli-

468 1163 564 1230 tis,
606 1163 1001 1234 pretiosisque
1035 1163 1336 1234 lapidibus
1368 1169 1426 1217 et
1457 1163 1746 1234 exquistis
1780 1163 2126 1230 unionibus,

469 1252 750 1322 omnique
768 1253 1165 1322 unguentaria
1197 1253 1519 1324 fragrantia
1550 1252 1833 1323 impletis.
1871 1252 2130 1323 asperis-

467 1357 581 1413 que
595 1341 836 1396 funibus
850 1342 1206 1399 constrictis.
1225 1359 1501 1413 proceres
1517 1359 1638 1407 eos,
1665 1358 1698 1396 a
1713 1340 1928 1412 quibus
1945 1340 2018 1394 ob
2043 1340 2123 1394 vi-

464 1449 671 1489 rorum
703 1431 946 1486 illorum
970 1449 1282 1486 occursum
1307 1432 1703 1504 reprehensus
1726 1432 1937 1496 fuerat,
1963 1431 2038 1486 ad
2063 1449 2124 1486 se

464 1522 694 1585 accivit,
726 1522 992 1593 ipsisque
1026 1528 1280 1594 quatuor
1311 1523 1416 1576 has
1465 1539 1634 1578 arcas
1689 1523 2021 1594 proposuit,
2059 1528 2124 1577 ut

467 1612 670 1683 quanti
689 1612 799 1674 has,
834 1613 1159 1683 quantique
1175 1612 1291 1666 illae
1310 1613 1480 1684 pretii
1512 1612 2112 1668 essentmstimarent.

465 1700 558 1755 Illi
574 1707 770 1756 autem
785 1701 932 1756 duas
946 1719 1044 1756 eas
1059 1719 1190 1772 quae
1207 1702 1493 1757 inaurataa
1511 1708 1699 1766 erant,
1721 1703 1962 1756 maximi
1979 1719 2112 1773 pre-

466 1791 534 1846 tii
554 1806 682 1846 esse
706 1791 1071 1858 asserebant;
1100 1808 1292 1862 neque
1314 1793 1471 1846 enim
1500 1791 1674 1846 aliter
1692 1791 1818 1846 ﬁeri
1841 1808 2012 1864 posse
2035 1792 2124 1846 in-

471 1880 776 1952 quiebant,
799 1882 942 1952 quin
977 1881 1035 1936 in
1059 1882 1203 1953 ipsis
1225 1882 1400 1954 regia;
1425 1898 1658 1936 coronae
1681 1898 1746 1936 ac
1769 1881 2008 1953 cingula
2031 1898 2125 1937 re-

469 1971 709 2026 condita
722 1972 1061 2026 essent.Eas
1075 1977 1283 2026 contra
1297 1989 1426 2042 qum
1441 1972 1570 2042 pice
1586 1988 1653 2026 ac
1667 1971 1960 2026 bitumine
1979 1970 2126 2025 obli-

468 2065 542 2115 tae
558 2065 747 2127 erant,
772 2061 916 2116 viles
930 2062 1174 2116 omnino
1191 2077 1255 2116 ac
1271 2061 1494 2114 nullius
1518 2060 1690 2131 pretii
1713 2077 1842 2115 esse
1862 2061 2121 2116 aiebant.

467 2151 587 2205 Rex
601 2156 799 2206 autem
815 2151 961 2222 ipsis
975 2151 1230 2205 dixit:Ne
1247 2149 1592 2221 mequidem
1609 2150 1994 2222 fugiebat,vos
2013 2150 2123 2204 hoc

467 2239 731 2295 dicturos
746 2256 1043 2304 esse;nam
1067 2240 1454 2294 sensibilibus
1469 2239 1656 2294 oculis
1671 2257 1738 2294 ea
1757 2257 1886 2311 quae
1911 2241 1971 2294 in
1996 2257 2124 2294 sen-

469 2346 602 2386 sum
621 2330 842 2386 cadunt
863 2330 1403 2402 perspicitis.Atqui
1420 2346 1539 2384 non
1559 2330 1640 2385 ita
1654 2329 1992 2385 faciendum
2013 2335 2120 2398 est;

472 2435 675 2474 verum
694 2419 1081 2474 interioribus
1104 2419 1294 2474 oculis
1319 2420 1439 2474 sive
1463 2420 1740 2490 pretium,
1769 2420 1886 2474 sive
1899 2420 2126 2474 utilita-

472 2513 593 2564 tem
618 2515 676 2564 et
697 2509 1042 2576 fmditatem,
1068 2527 1199 2580 qum
1223 2509 1384 2564 intus
1412 2509 1652 2564 condita
1673 2515 1830 2575 sunt,
1859 2517 2124 2581 spectare

472 2604 725 2671 oportet.
762 2603 843 2654 Ac
859 2599 1128 2670 protinus
1152 2599 1454 2654 inauratas
1477 2615 1644 2653 arcas
1674 2599 1892 2670 aperiri
1917 2600 2123 2671 jussit.

475 2689 698 2754 Quibus
725 2688 1052 2760 patefactis,
1073 2689 1263 2760 gravis
1286 2689 1527 2759 quidam
1543 2706 1608 2743 ac
1624 2694 1772 2742 teter
1785 2687 1931 2743 odor
1945 2689 2123 2744 exha-

465 2777 812 2850 lavit,atque
826 2777 1391 2850 injucundissimum
1405 2778 1810 2850 spectaculum
1824 2779 2014 2835 oculis
2028 2778 2126 2835 ob-

459 2867 693 2941 jectum
727 2875 836 2924 est.

539 2959 637 3014 Ait
666 2960 866 3030 itaque
906 2975 1048 3014 rex:
1083 2959 1186 3014 Hic
1235 2975 1441 3014 eorum
1490 2964 1666 3030 typus
1713 2965 1805 3014 est
1853 2959 2123 3031 quicum

459 3047 801 3120 splendidis
835 3053 893 3103 et
913 3047 1248 3104 illustribus
1267 3048 1530 3104 vestibus
1560 3055 1822 3115 utantur,
1850 3055 2026 3120 atque
2050 3048 2124 3104 ob

460 3137 768 3211 ingentem
801 3138 1050 3211 gloriam
1091 3143 1147 3192 et
1170 3139 1495 3209 potentiam
1527 3139 1863 3193 insolenter
1893 3156 1954 3193 se
1979 3140 2118 3193 eﬂ‘e-

463 3229 789 3295 rant,intus
805 3234 920 3284 tam
931 3246 999 3283 en
1015 3229 1214 3283 {elidis
1229 3229 1610 3284 cadaveribus
1623 3246 1690 3284 ac
1706 3228 1946 3301 ﬂagitiis
1961 3229 2121 3300 pleni

2244 619 2436 674 θᾶττον
2491 618 2830 691 ἀνοηταίνειν
2886 617 3114 696 ἐλέγξω.
3173 621 3277 678 Καὶ
3331 620 3474 676 οὕτω
3538 629 3869 696 θεραπνεύσας

2239 707 2331 763 τὸν
2367 705 2601 786 ἀδελφὸν
2635 707 2800 764 αὐτοῦ
2831 711 2920 764 xui
2953 708 3245 788 ὠφελήσας
3278 709 3462 767 οἷ’καδε
3490 711 3809 774 ἀπέστειλεν.

2314 794 2600 853 Ἐκὲλευσε
2633 795 2691 853 δὲ
2721 797 2964 874 γενέσθαι
2999 799 3058 854 ἐκ
3089 797 3267 871 ξύλων
3325 800 3588 876 βαλάντια
3642 805 3868 882 τέσσαρα.

2242 887 2342 944 Καὶ
2376 887 2443 942 τὰ
2477 888 2572 961 μὶν
2632 885 2730 943 δύο
2787 887 3166 964 περικαλύψας
3221 891 3481 955 πάντοθεν
3544 911 3768 968 χρυσιῳ,
3797 899 3871 953 καὶ

2241 976 2372 1032 ὁστᾶ
2427 981 2631 1054 νεκρῶν
2712 975 2963 1034 ἆδωδότα
3025 979 3208 1055 βαλὼν
3268 980 3320 1036 ἐν
3380 980 3586 1046 αὐτοῖς,
3669 993 3871 1059 χρυσαῖς

2238 1067 2494 1140 περόναις
2551 1069 3022 1143 κατησφαλίσατοο
3084 1070 3153 1124 τὰ
3197 1067 3255 1126 δὶ
3306 1068 3452 1127 ἄλλα
3505 1072 3667 1146 πίσσῃ
3733 1095 3870 1130 xum-

2239 1156 2436 1232 χρίσας
2501 1157 2593 1212 καὶ
2651 1155 3012 1236 ἀσφαλτώσας
3046 1203 3064 1228 ,
3117 1158 3405 1230 ἐπλήρωσε
3478 1158 3651 1226 λίθων
3697 1164 3870 1236 τιμίων

2237 1246 2330 1301 xui
2385 1245 2681 1322 μαργσὶρων
2739 1247 3064 1322 πολυτίμων
3099 1252 3198 1307 48
3229 1249 3319 1305 xui
3352 1251 3529 1321 πάσης
3591 1257 3874 1327 μυρεψικῆς

2239 1333 2492 1399 εὐωδίας.
2559 1337 2842 1412 Σχοινίοις
2868 1359 2928 1392 τε
2981 1339 3254 1414 τριχίνοις
3308 1344 3475 1395 ταῦτα
3525 1342 3872 1417 περισφίγξας,

2237 1423 2459 1480 ἐκάλεσε
2489 1424 2618 1488 τοὺς
2673 1425 3065 1500 μεμψαμένους
3114 1427 3262 1500 αὐτῷ
3315 1435 3638 1504 μεγιστᾶνας
3685 1429 3769 1485 ἐπὶ
3811 1437 3866 1507 τῇ

2235 1517 2342 1568 τῶν
2375 1511 2587 1591 ἀνδρῶν
2618 1515 2836 1570 ἐκείνων
2885 1519 3224 1590 συναντήσει,
3257 1518 3348 1573 καὶ
3399 1519 3660 1594 προέθετο
3713 1519 3872 1586 αὐτοῖς

2236 1603 2303 1658 τὰ
2331 1605 2562 1677 τέσσαρα
2597 1604 2883 1680 βαλάντια,
2915 1610 3016 1660 τοῦ
3065 1607 3511 1681 ἀποτιμήσασθαι
3571 1608 3738 1664 πόσου
3793 1613 3870 1682 μὶν

2236 1699 2427 1763 ταῦτα,
2485 1693 2660 1748 πόσου
2721 1691 2779 1749 δὶ
2838 1694 3015 1750 ἐκεῖνα
3069 1697 3389 1771 τιμήματός
3447 1697 3584 1752 εἶσιν
3637 1699 3769 1768 ἀξια.
3818 1701 3872 1757 Οἱ

2239 1782 2296 1840 δὲ
2326 1785 2393 1838 τα
2429 1784 2522 1856 μὶν
2557 1781 2653 1838 δύο
2701 1785 2770 1839 τὰ
2821 1785 3218 1859 κεχρυσωμένα
3273 1789 3442 1860 τιμῆς
3501 1787 3584 1842 ὅτι
3638 1784 3873 1860 πλείστης

2239 1874 2373 1928 εἶναι
2435 1870 2782 1949 διωρίζοντο.
2842 1876 3054 1945 ’Έξεστι
3113 1876 3264 1952 γὰρ,
3323 1876 3489 1951 φησὶν
3527 1919 3542 1945 ,
3603 1874 3655 1932 έν
3713 1876 3870 1940 αὐτοῖς

2239 1962 2499 2040 βασιλικὰ
2558 1959 2872 2036 διαδήματα
2925 1965 3014 2019 καὶ
3088 1965 3260 2035 ζώνας
3315 1965 3660 2030 ἀποκεῖσθαι·
3715 1967 3777 2022 τὰ
3825 1965 3869 2023 δὶ

2233 2057 2302 2127 τῇ
2335 2052 2503 2128 πίσσῃ
2553 2055 3024 2128 κατακεχρισμένα
3081 2054 3172 2110 καὶ
3228 2059 3298 2130 τῇ
3333 2055 3596 2128 ἀσφάλτῳ
3644 2054 3870 2121 εὐτελοῦς

2233 2163 2379 2206 τινος
2407 2143 2497 2197 καὶ
2556 2142 2781 2216 οίκτροῦ
2831 2146 3150 2218 τιμήματος
3214 2145 3475 2221 ὑπάρχει.
3523 2146 3580 2200 Ὀ
3628 2143 3685 2200 δὲ
3735 2147 3865 2222 βασι.

2236 2231 2361 2294 λεὺς
2404 2230 2506 2310 ἔφη
2565 2234 2703 2307 πρὸς
2761 2232 2976 2296 αὐτοὺς·
3037 2231 3180 2292 Οἶδα
3229 2236 3386 2310 γάγὼ
3433 2233 3658 2291 τοιαῦτα
3715 2234 3863 2312 λέγειν

2238 2322 2396 2394 ὑμᾶς·
2427 2327 2548 2383 τοῖς
2589 2321 2875 2392 αἷσθητοῖς
2933 2323 3035 2398 γὰρ
3095 2323 3406 2403 ὀφθαλμοῖς
3459 2326 3560 2396 τήν
3623 2325 3858 2396 αἰσθητήν

2234 2404 2357 2484 ὄψιν
2413 2415 2749 2465 κατανοεῖτε’
2814 2411 2903 2466 καὶ
2968 2412 3074 2484 μὴν
3146 2411 3255 2488 οὐχ
3311 2412 3488 2475 οὕτως
3548 2410 3630 2469 δεῖ
3687 2420 3858 2469 ποιεῖν.

2235 2496 2382 2553 ἀλλὰ
2409 2504 2526 2561 τοῖς
2559 2493 2706 2553 ἔνδον
2736 2494 2948 2573 ὄμμασι
3004 2500 3104 2568 τήν
3164 2501 3316 2564 ἐντὸς
3376 2502 3741 2576 ἀποκειμένην
3766 2505 3858 2578 χρῆ

2239 2587 2460 2662 βλέπειν
2521 2587 2628 2643 εἴτε
2700 2590 2869 2662 τιμήν
2926 2586 3034 2644 εἴτε
3109 2589 3328 2664 ἀτιμίαν
3366 2633 3380 2648 .
3444 2591 3543 2646 Καὶ
3617 2589 3862 2647 ἐκέλευσεν

2234 2677 2522 2752 ἀνοιγῆναι
2551 2679 2619 2732 τὰ
2661 2676 3060 2752 κεχρυσωμένα
3121 2677 3406 2750 βαλάντια.
3469 2681 3863 2756 Διανοιχθέντων

2237 2764 2314 2835 δί,
2351 2765 2498 2839 δεινή
2531 2788 2616 2832 τις
2648 2761 2870 2824 ἔπνευσε
2919 2765 3160 2824 δυσωδία
3216 2769 3303 2824 καὶ
3366 2768 3674 2842 ἀηδεστάτη
3706 2771 3861 2845 ὡραθη

2236 2858 2352 2922 θέα.

2309 2949 2485 3018 Φησῖν
2511 2948 2602 3002 οὗν
2632 2948 2660 3002 6
2685 2947 2959 3025 βασιλεὺς
2995 2949 3170 3013 Οὗτος
3191 2951 3220 3006 6
3243 2950 3416 3016 τύπος
3439 2957 3549 3008 τῶν
3573 2953 3640 3007 τὰ
3669 2949 3865 3025 λαμπρᾶ

2238 3041 2334 3114 μὲν
2367 3040 2456 3095 καὶ
2501 3035 2686 3114 ἔνδοξα
2742 3042 3159 3116 ἡμφιεσμὲνων,
3218 3042 3410 3116 πολλῇ
3473 3041 3600 3119 δόξῃ
3653 3045 3735 3100 xui
3791 3041 3862 3098 δυ-

2233 3130 2449 3202 ναπείᾳ
2505 3125 2975 3206 σοϐαρευομένων,
3032 3134 3123 3187 καὶ
3183 3131 3377 3197 ἔσωθεν
3443 3135 3764 3206 ἀποζώντων
3792 3153 3864 3187 νε·

2232 3225 2375 3296 κρῶν
2407 3221 2496 3276 καὶ
2531 3225 2787 3296 πονηρῶν
2821 3218 3003 3298 ἓργον.
3066 3223 3196 3278 Εἶτα
3246 3223 3338 3279 xui
3395 3224 3468 3280 τὰ
3501 3225 3862 3298 πεπισσωμὲνα

465 3319 1004 3382 sunt.Postautem,
1025 3336 1160 3374 cum
1175 3336 1418 3390 easqua-
1436 3319 1562 3390 pice
1577 3335 1644 3374 ac
1657 3318 1950 3374 bitumine
1965 3319 2114 3373 obli-

2237 3309 2321 3364 xui
2380 3308 2881 3388 κατησφαλτωμένα
2937 3310 3200 3374 κελεύσας
3255 3311 3862 3392 ἁνακαλυφθῆναι,πάνο

462 3412 536 3463 ιω
567 3413 758 3468 erant.
780 3409 1316 3480 aperirijussisset,
1347 3425 1554 3463 omnes
1579 3425 1678 3463 eos
1710 3408 1810 3480 qui
1839 3408 2110 3476 aderant,

458 3496 782 3568 splendore
813 3503 990 3569 atque
1023 3497 1223 3552 odoris
1257 3497 1542 3552 suavitate
1580 3513 1711 3567 qua:
1751 3497 1812 3550 in
1847 3496 1992 3567 ipsis
2026 3511 2122 3550 re-

453 3585 697 3642 condita
721 3591 844 3641 erat
873 3585 1210 3642 oblectavit.
1239 3586 1512 3657 Dixitque
1535 3586 1619 3639 eis
1647 3603 1658 3640 :
1684 3586 1855 3641 Scitis
1879 3585 2118 3641 cuinam

454 3677 539 3731 rei
563 3676 654 3730 hae
679 3692 832 3731 arca:
856 3676 1084 3732 similes
1108 3676 1266 3731 sint?
1287 3676 1614 3730 humilibus
1630 3675 1915 3730 nimirum
1939 3681 2118 3746 atque

453 3765 703 3837 abjectis
727 3765 847 3821 illis
869 3766 1029 3832 viris,
1053 3766 1388 3836 vilibusque
1412 3766 1671 3821 vestibus
1691 3765 1935 3828 indutis,
1971 3783 2117 3838 quo-

458 3871 589 3909 rum
624 3872 724 3910 vos
757 3862 1068 3910 externum
1104 3856 1715 3920 habitumintuentes,
1740 3856 2117 3911 contumeliae

457 3959 525 3999 ac
550 3945 733 4016 probo
757 3945 904 4001 mihi
929 3946 1202 4013 duxistis,
1228 3944 1388 4017 quod
1411 3952 1547 4002 ante
1571 3963 1672 4001 eos
1695 3946 1754 4000 in
1782 3952 1999 4002 terram
2023 3962 2118 4000 me

455 4034 828 4105 abjecissem.
867 4038 982 4108 Ego
1016 4042 1218 4091 autem
1260 4053 1467 4090 eorum
1515 4037 1888 4102 dignitatem,
1939 4041 2118 4106 atque

449 4124 790 4180 animorum
813 4126 1332 4196 pulchritudinem
1347 4126 1757 4197 spiritualibus
1773 4125 1960 4180 oculis
1976 4142 2116 4180 con-

452 4213 723 4269 siderans
737 4232 820 4274 ,ex
838 4215 1103 4287 ipsorum
1123 4221 1397 4270 contactu
1421 4216 1671 4288 gloriam
1688 4216 2115 4274 contraxi.eos~

454 4320 570 4376 que
592 4305 798 4375 quavis
821 4321 1040 4360 corona
1065 4310 1123 4359 et
1141 4307 1350 4376 quavis
1372 4305 1533 4374 regia
1545 4321 1809 4376 purpura
1829 4310 2116 4376 praestan-

454 4393 637 4448 tiores
671 4393 1016 4449 existimavi.
1055 4394 1140 4448 Ad
1167 4394 1328 4449 hunc
1356 4395 1534 4464 igitur
1563 4394 1806 4448 modum
1826 4394 2116 4465 pudorem

458 4481 606 4553 ipsis
637 4482 1150 4554 incussit,eosqué
1183 4483 1244 4537 in
1265 4483 1357 4536 his
1372 4483 1548 4537 rebus
1569 4500 1700 4554 qua:
1725 4483 1785 4537 in
1809 4489 2118 4554 aspectum

451 4569 682 4625 cadunt
714 4571 963 4627 minime
985 4573 1266 4627 oberrare
1281 4571 1501 4635 docuit,
1526 4589 1728 4627 verum
1750 4573 1822 4628 iis
1846 4574 2116 4628 animum

2224 3422 2321 3464 τας
2353 3399 2582 3479 εὐφρανεῖ
2625 3398 2753 3462 τοὺς
2779 3401 3052 3476 παρόντας
3083 3406 3150 3476 τῇ
3204 3407 3310 3458 τῶν
3358 3403 3410 3458 ἐν
3450 3404 3636 3468 αὐτοῖς
3667 3405 3863 3460 ἀποκει-

2229 3490 2404 3564 μένων
2437 3487 2876 3569 φαιδρότητικαὶ
2927 3488 3145 3564 εὐωδίᾳ.
3179 3493 3321 3570 Ἔφη
3384 3489 3448 3548 δὶ
3477 3494 3616 3568 πρὸς
3671 3491 3860 3554 αὐτοὺς·

2227 3578 2425 3638 Οἴδατε
2454 3578 2564 3634 τίνι
2596 3579 2765 3653 ὅμοια
2793 3583 2960 3635 ταῦτα
2994 3597 3008 3649 ;
3058 3586 3177 3643 τοῖς
3208 3581 3494 3644 ταπεινοῖς
3551 3582 3766 3644 ἐκείνοις
3791 3579 3863 3636 καὶ

2225 3669 2420 3738 εὐτελῆ
2453 3670 2856 3744 περικειμένοις
2887 3667 3162 3743 ἐνδυματα
3181 3673 3319 3745 (91),
3355 3669 3436 3726 ὧν
3469 3673 3626 3746 ὑμεῖς
3651 3673 3710 3728 τὸ
3735 3670 3862 3731 ἐκτὸς

2227 3761 2462 3832 ὁρῶντες
2493 3765 2593 3816 44
2627 3766 2848 3834 σχῆμα,
2906 3754 3061 3834 ὕϐριν
3113 3762 3397 3836 ἡγήσασθε
3459 3763 3558 3832 τήν
3591 3762 3722 3835 ἐμῆν
3751 3759 3864 3816 κατᾶ

2226 3848 2522 3920 πρόσωπον
2541 3848 2722 3904 αὐτῶν
2756 3847 2843 3903 ἐπὶ
2871 3855 2974 3924 γῆς
3032 3849 3427 3924 προσκύνησιν·
3491 3852 3601 3928 ἐγὼ
3661 3850 3732 3922 δὲ,
3760 3855 3864 3913 τοῖς

2223 3943 2439 4014 νοεροῖς
2469 3935 2683 4013 ὄμμασι
2711 3939 2774 3993 τὸ
2804 3938 2991 4012 τίμιον
3049 3939 3226 3994 αὐτῶν
3282 3941 3371 3996 καὶ
3434 3941 3757 4019 περικαλλὲς
3782 3960 3861 3995 κα-

2224 4030 2493 4099 τανοήσας
2539 4032 2648 4084 τῶν
2704 4031 2925 4103 ψυχῶν,
2983 4027 3334 4102 ένεδοξάσθην
3403 4033 3496 4104 μὲν
3556 4036 3623 4106 τῇ
3677 4029 3858 4086 τούτων

2225 4117 2587 4192 προσψαύσει,
2643 4118 2844 4180 παντὸς
2901 4115 2959 4172 δὲ
3015 4120 3279 4197 στεφάνου
3345 4123 3437 4177 xui
3495 4121 3668 4192 πάσης
3726 4121 3860 4195 βασι·

2228 4208 2392 4276 λικῆς
2449 4205 2780 4282 ἁλουργίδος
2846 4209 3211 4284 τιμιωτέρους
3285 4209 3482 4274 αὐτοὺς
3568 4210 3858 4286 ἡγησάμην.

2226 4299 2418 4364 Οὕτως
2447 4297 2538 4354 οὗν
2583 4299 2779 4361 αὐτοὺς
2838 4303 3066 4374 ᾔσχυνε,
3100 4301 3189 4355 καὶ
3243 4299 3452 4374 ἐδίδαξε
3485 4304 3560 4376 μή
3587 4307 3700 4364 τοῖς
3746 4319 3860 4378 φαι-

2223 4387 2478 4461 νομένὸις
2513 4387 2838 4457 πλανᾶσθαι,
2870 4388 3016 4444 ἀλλὰ
3069 4395 3186 4452 τοῖς
3220 4391 3544 4465 νοουμένοις
3573 4389 3858 4468 προσέχειν.

2226 4479 2356 4534 Κατ’
2391 4477 2594 4533 ἐκεῖνον
2650 4478 2830 4533 τοίνυν
2875 4479 2970 4533 τὸν
3032 4474 3226 4549 εὐσεϐῆ
3285 4480 3374 4534 xui
3432 4481 3597 4555 σοφὸν
3660 4474 3862 4554 βασιλέα

2221 4569 2312 4622 καὶ
2345 4567 2408 4622 σὺ
2465 4567 2795 4638 πεποίηκας,
2845 4572 2913 4640 τῇ
2973 4568 3149 4644 ἀγαθῇ
3209 4567 3394 4624 ἐλπίδι
3457 4567 3863 4644 προσδεξάμενός

455 4657 780 4730 adjungere
797 4677 928 4731 quas
943 4661 1250 4716 intellectu
1267 4661 1695 4732 percipiuntur.
1715 4663 1916 4736 Itaque
1941 4663 2015 4718 ad
2032 4664 2112 4734 pii

2237 4679 2321 4729 με,
2353 4658 2421 4726 ἧς
2452 4655 2518 4712 οὐ
2550 4661 2850 4732 ψευσογρῃ,
2896 4659 2970 4720 ὡς
3023 4654 3196 4735 ἔγωγε
3228 4663 3409 4732 οἴμαι.
3472 4663 3606 4718 Eine
3664 4656 3718 4713 δὲ
3745 4654 3862 4730 πρὸς

454 4753 513 4804 et
545 4748 834 4819 sapientis
848 4749 1003 4821 regis
1023 4749 1480 4805 similitudinem
1500 4750 1626 4822 ipse
1649 4769 1885 4823 quoque
1911 4769 2115 4808 acces-

450 4837 619 4904 snsti;
656 4842 722 4892 ut
749 4839 849 4909 qui
883 4837 1038 4893 bona
1069 4855 1174 4910 spe
1207 4839 1383 4894 nixus
1426 4857 1521 4895 me
1573 4843 1926 4913 susceperis,
1980 4860 2115 4914 quae

449 4927 712 5001 quidem,
741 4933 806 4982 ut
828 4928 1397 5000 opinor,minimete
1428 4931 1612 4986 fallet.
1642 4933 1797 4986 Dixit
1817 4939 2016 4988 autem
2041 4933 2116 4988 ad

446 5033 581 5072 eum
604 5018 926 5090 Josaphat:
965 5020 1098 5074 Haec
1123 5019 1325 5075 omnia
1346 5020 1594 5092 pulchre
1616 5027 1796 5094 atque
1823 5023 2118 5078 concinne

448 5105 669 5162 dixisti.
691 5109 909 5163 Verum
935 5107 1084 5164 illud
1109 5109 1262 5166 scire
1283 5111 1735 5182 aveo,quisnam
1752 5111 1827 5166 sit
1848 5118 1985 5167 tuus
2005 5113 2116 5167 Do-

447 5198 668 5266 minus,
693 5213 872 5269 quem
906 5203 968 5254 tu
999 5199 1290 5256 orationis
1323 5200 1497 5256 initio
1522 5201 1594 5257 de
1617 5202 1720 5257 illo
1757 5203 2117 5258 seminatore

441 5287 622 5344 verba
650 5287 863 5364 fecisse
897 5288 1166 5344 dicebas'

519 5379 654 5434 CAP.
689 5379 806 5433 VII.
842 5409 908 5419 —
943 5379 1173 5434 Rursus
1204 5380 1384 5453 igitur
1419 5397 1762 5438 sermonem
1805 5399 2118 5440 assumens

2228 4747 2385 4802 αὐτὸν
2421 4749 2449 4802 ὁ
2484 4749 2738 4826 Ἰωασαςρ.
2770 4752 2952 4803 Ταῦτα
2989 4749 3086 4822 μὲν
3142 4746 3210 4818 δὴ
3273 4753 3443 4805 πάντα
3498 4749 3678 4811 καλῶς
3732 4746 3860 4804 εἶπας

2226 4837 2316 4892 καὶ
2345 4837 2714 4912 εὐαρμόστως·
2752 4835 2878 4893 ἀλλ’
2937 4837 3113 4893 ἐκεῖνο
3172 4837 3316 4894 Θέλω
3378 4840 3587 4912 μαθείν,
3615 4838 3694 4900 τίς
3735 4834 3855 4891 ἐστιν

2228 4926 2256 4982 6
2289 4925 2382 4991 σὸς
2415 4925 2715 4997 Δεσπότης,
2749 4928 2807 4982 ὃν
2836 4928 2954 4982 κατ’
3009 4927 3186 5003 ἀρχὰς
3241 4926 3339 4984 τοῦ
3399 4927 3565 5006 λόγου
3621 4927 3736 4998 περὶ
3773 4924 3855 4976 τοῦ

2226 5018 2477 5094 σπορὲως
2509 5015 2718 5072 ἐκείνου
2749 5017 3021 5094 εἰρηκέναι
3051 5015 3254 5096 ἔλεγες.

2303 5380 2470 5436 ΚΕΦ.
2497 5377 2568 5433 Ζ“.
2603 5375 2769 5438 Αὖθις
2798 5372 2889 5428 οὖν
2917 5369 3206 5430 ἀναλαϐὼν
3227 5376 3320 5430 τὸν
3345 5373 3513 5450 λόγον
3540 5373 3567 5427 ὁ
3595 5363 3850 5445 Βαρλαᾶμν

527 5574 639 5658 (9‘1)
672 5576 752 5630 De
788 5577 1125 5703 περικεῖσθαι
1156 5599 1207 5632 τι
1233 5581 1437 5636 notavi
1469 5581 1531 5636 in
1564 5581 1742 5636 Notit.
1777 5599 1920 5636 mss.
1957 5587 2097 5636 tom.

527 5648 638 5703 tau:
668 5647 736 5703 εἴ.
761 5643 850 5700 δια
888 5649 1062 5703 ἤματι
1094 5649 1420 5703 περίκεισαι.
1457 5655 1604 5703 Puto
1637 5653 2040 5703 scribendum.
2078 5648 2120 5703 δι

2262 5595 2326 5643 ιι,
2359 5595 2457 5650 pp.
2493 5579 2560 5630 29
2593 5580 2650 5630 et
2685 5577 2803 5631 151.
2837 5577 3095 5632 Joannes
3143 5577 3347 5649 Chrys.
3376 5595 3430 5649 p.
3465 5579 3530 5631 46
3569 5569 3739 5649 (Ζοῐοιἶ
3771 5563 3850 5636 βα·

2250 5671 2323 5703 μα
2351 5669 2474 5703 περ.
2508 5647 2796 5703 Disnlicet
2835 5643 3081 5703 διάδημα
3104 5669 3156 5701 τι
3187 5669 3306 5703 περ·
3336 5651 3464 5703 Inse
3523 5647 3671 5702 hom.
3726 5655 3778 5693 in
3800 5634 3843 5687 S-

451 5641 638 5704 σιλεῦς
668 5647 736 5712 εἴ,
761 5643 850 5700 δια

935 5669 1062 5724 ματᾲι
1094 5634 1434 5724 περίκεισαιξ

2508 5647 2796 5724 D_i_splicet
2835 5643 3081 5724 3918mm
3103 5669 3156 5724 τι
3187 5634 3306 5724 περτ
3336 5634 3464 5724 Ipse
3485 5720 3499 5724 _
3523 5647 3699 5724 hom;
3726 5634 3843 5724 iums:

461 5705 735 5798 ¹⁴¹¹¹ηί¹¹ἒέ
766 5735 824 5787 P-
861 5705 984 5797 ‘25.
1017 5705 1257 5777 ConBer.
1297 5705 1657 5792 :Tav'a’azkzé
1677 5705 2120 5798 ⁷εέὲέῆῖεὶὲῤ⁷ιῖιὲίμε

469 5782 621 5851 χειρὶ
648 5802 718 5851 τῃ
745 5786 846 5851 τὴν
879 5785 1072 5843 ἅλυσιν
1105 5795 1482 5851 περικειμένη.
1514 5758 1616 5851 ugi
1647 5796 1860 5851 editor.

2237 5705 2259 5792 ,’
2282 5705 2505 5780 Rursus
2537 5705 2769 5777 Boium.
2801 5736 2836 5776 a
2860 5705 3154 5777 Mattbaaio
3214 5705 3386 5778 editis
3411 5725 3450 5776 t.
3485 5720 3523 5790 l,
3554 5736 3608 5790 p.
3639 5715 3702 5770 80
3731 5728 3743 5766 :
3773 5705 3841 5775 Τῇ

469 5782 621 5857 χειρὶ
648 5787 718 5858 τῇ
745 5782 846 5853 τὴν
879 5782 1072 5843 ἅλυσιν
1105 5782 1482 5870 περικειμέιίγ
1514 5782 1616 5851 ubi
1647 5782 1860 5852 editor.
