4100 6410
420 357 530 422 905

1605 368 1774 420 νιτΑ
1812 365 2165 420 BARLAAM
2201 365 2295 418 ΕΤ
2329 363 2672 418 JOASAPH.

3740 373 3850 438 906

421 501 570 538 ειπεν
603 485 732 554 (92)⁶
761 480 827 538 Ei.
883 483 974 538 τὸν
1030 484 1160 558 ἱμὸν
1225 484 1414 560 βούλει
1475 487 1750 556 Δεσπότην
1811 487 2019 559 μαθεῖν,

2164 547 2170 557 _
2203 484 2490 550 Barlaam,
2516 485 2696 540 dixit:
2721 487 2777 541 Si
2811 487 3088 558 quisnam
3118 490 3405 547 Dominus
3435 510 3602 551 meus
3635 497 3713 553 sit
3742 473 3846 554 in-

419 569 625 646 Κύριός
658 569 802 626 ἐστιν
862 574 1074 642 Ἰησοῦς
1133 576 1385 650 Χριστὸς,
1419 577 1446 630 ὁ
1482 577 1784 652 μονογενὴς
1833 575 1958 637 Υἱὸς
1987 578 2084 629 τοῦ

418 665 577 726 θεοῦ.
639 661 667 716 ὁ
729 662 997 736 μακάριος
1056 664 1144 718 καὶ
1210 664 1376 736 μόνος
1436 661 1724 732 δυνάστης,
1759 663 2079 726 ὁΒασιλευς

418 755 528 804 τῶν
593 750 994 826 βασιλευόντων
1056 757 1144 806 καὶ
1207 753 1406 821 Κύριος
1461 759 1567 806 τῶν
1617 752 2003 827 κυριευόντων,
2053 753 2080 806 ὁ

423 837 592 911 μόνος
624 834 770 914 ἔχων
827 840 1140 910 ἀθανασίαν,
1195 848 1310 920 φῶς
1368 841 1532 896 οἰκῶν
1588 842 1881 915 ἀπρόσιτον
1943 845 2076 912 (93),

413 927 571 982 ὁσὺν
605 930 778 1000 Πατρὶ
837 929 926 984 καὶ
990 930 1126 1006 ἁγίῳ
1191 932 1465 1004 Ιὶνεύματι
1526 930 1911 1004 δοξαζόμενος.
1963 930 2078 988 Οὐκ

413 1017 530 1092 εἶμί
565 1019 670 1094 γὰρ
703 1017 808 1095 ἐγὼ
837 1024 944 1074 τῶν
975 1020 1102 1084 τοὺς
1136 1020 1383 1082 πολλοὺς
1411 1021 1637 1084 τούτους
1679 1021 1767 1076 καὶ
1812 1022 2075 1081 ἀτάκτους

411 1107 857 1184 ἀναγορευόντων
892 1110 1072 1176 θεοὺς,
1111 1112 1203 1166 καὶ
1261 1115 1328 1166 τὰ
1358 1111 1545 1190 ἄψυχα
1573 1117 1743 1168 ταῦτα
1798 1113 1888 1167 καὶ
1917 1111 2076 1184 κωφᾶ

409 1195 725 1272 σεϐομένων
779 1198 1002 1256 εἶ’δωλα·
1036 1201 1162 1257 ἀλλ’
1218 1199 1310 1258 ἕνα
1367 1205 1496 1259 Θεὸν
1527 1202 1777 1272 γινώσκω
1808 1203 1898 1258 καὶ
1931 1203 2066 1274 ὁμο-

407 1287 566 1363 λογῶ
595 1293 692 1347 45
754 1288 808 1345 ἐν
865 1292 1039 1366 τρισὶν
1102 1292 1426 1347 ὑποστάσεσι
1484 1289 1869 1364 δοξαζόμενον,
1907 1291 2072 1365 Πατρί

400 1400 576 1456 φημι,
607 1379 695 1435 καὶ
729 1381 860 1453 Υἱῷ,
893 1381 982 1436 καὶ
1036 1382 1174 1458 ἁγιῳ
1233 1383 1528 1454 Πνεύματι,
1560 1382 1611 1438 ἐν
1649 1387 1748 1456 μιᾷ
1800 1380 1858 1436 δὲ
1914 1381 2069 1460 φύσει

397 1468 492 1522 καὶ
529 1468 708 1542 οὐσίᾳ,
743 1469 794 1524 ἐν
832 1470 931 1542 μίᾷ
961 1469 1086 1544 δόξῃ
1132 1471 1220 1526 καὶ
1259 1470 1508 1546 βασιλείᾳ
1568 1474 1644 1546 μὴ
1707 1473 2065 1548 μεριζομένῃ.

397 1559 578 1620 Οὗτος
609 1559 700 1613 οὗν
732 1560 760 1614 ὁ
791 1557 845 1614 ἐν
874 1560 1049 1634 τρισὶν
1088 1562 1443 1616 ὑποστάσεσιν
1507 1561 1580 1624 εἷς
1639 1562 1788 1634 Θεὸς,
1823 1561 2064 1636 ἆναρχός

397 1667 466 1702 τε
494 1647 584 1702 καὶ
615 1645 1003 1720 ἂτελεύτητος,
1052 1649 1274 1713 αἰώνιός
1328 1672 1388 1706 τε
1439 1649 1528 1704 καὶ
1560 1649 1759 1720 ἀΐδιος,
1793 1649 2064 1722 ὰκτιστος,

411 1736 671 1814 ἅτρεπτός
702 1759 760 1793 τε
799 1740 890 1794 καὶ
950 1741 1260 1813 ἀσώματος,
1324 1741 1576 1817 ἀόρατος,
1635 1741 2060 1816 ἀπερίγραπτος,

408 1829 792 1900 ἆπερινόητος,
851 1830 1052 1904 ἀγαθὸς
1105 1829 1196 1884 καὶ
1256 1827 1464 1893 δίκαιος
1526 1831 1710 1904 μόνος,
1743 1830 1862 1886 orni
1889 1831 2060 1886 πάντα

397 1915 462 1971 ἐκ
523 1918 598 1990 μὴ
657 1912 823 1974 ὄντων
869 1920 1338 1992 ὑποστησάμενος,
1395 1922 1462 1975 τά
1508 1941 1567 1976 τε
1619 1921 1789 1996 ὁρατὰ
1841 1920 1932 1976 καὶ
1987 1921 2055 1975 τὰ

391 2004 625 2080 ἀόρατα,
657 2011 874 2081 πρῶτον
911 2008 1006 2081 μὶν
1056 2005 1389 2083 δημιουργεῖ
1415 2009 1512 2072 τὰς
1561 2009 1846 2075 οὐρανίους
1895 2007 2051 2064 δυνά-

391 2115 524 2168 μεις
555 2097 640 2151 καὶ
675 2097 962 2172 ἀοράτους,
1023 2098 1372 2173 ἀναρίθμητά
1400 2121 1522 2153 τινα
1551 2099 1740 2170 πλήθη
1801 2097 1941 2154 ἄϋλά
1993 2121 2052 2154 τε

381 2185 484 2239 καὶ
519 2183 798 2259 ἀσώματα,
861 2185 1212 2264 λειτουργικὰ
1267 2187 1548 2261 πνεύματα
1603 2197 1704 2258 τῆς
1761 2193 1858 2244 τοῦ
1917 2193 2050 2244 Θεοῦ

387 2273 846 2349 μεγαλειότητος·
883 2273 1069 2332 ἔπειτα
1093 2279 1184 2331 τὸν
1238 2279 1516 2352 ὁρώμενον
1569 2279 1774 2352 κόσμον
1831 2282 2048 2345 τοῦτον,

381 2361 622 2438 οὐρανόν
657 2385 708 2419 τε
767 2365 860 2420 καὶ
915 2373 1015 2443 γῆν
1077 2367 1167 2421 καὶ
1224 2368 1321 2436 τὴν
1383 2367 1678 2434 θάλασσαν,
1738 2367 1897 2442 ὅνπερ
1958 2369 2048 2422 καὶ

382 2451 531 2528 φωτὶ
589 2449 885 2530 φαιδρύνας
940 2455 1345 2527 κατεκόσμησεν
1380 2503 1395 2527 ,
1455 2455 1680 2530 οὐρανὸν
1743 2457 1838 2529 μὲν
1897 2456 2045 2529 ἡλίῳ

375 2539 478 2596 καὶ
511 2543 710 2617 σελήνῃ
741 2545 829 2598 καὶ
889 2549 1007 2606 τοῖς
1062 2542 1303 2618 ἄστροις,
1348 2552 1452 2620 γῆν
1487 2543 1543 2600 δὲ
1572 2546 1851 2608 παντοίοις
1909 2545 2043 2622 βλα-

379 2634 628 2706 στήμασι
659 2633 750 2688 καὶ
783 2631 1066 2712 διαφόροις
1100 2635 1284 2705 ζώοις,
1318 2637 1416 2704 τήν
1469 2657 1527 2691 τε
1579 2634 1848 2691 θάλασσαν
1879 2633 2044 2690 πάλιν

376 2721 468 2796 τῷ
525 2723 857 2798 παμπληθεῖ
930 2731 1037 2781 τῶν
1093 2731 1306 2796 νηκτῶν
1363 2749 1544 2802 γενει.
1601 2730 1780 2785 Ταῦτα
1845 2727 2039 2797 πάντα,

378 2811 548 2876 αὐτός
612 2815 752 2884 εἷπε,
793 2817 883 2870 καὶ
942 2815 1328 2890 ἐγεννήθησαν,
1382 2817 1540 2879 αὐτὸς
1600 2815 1901 2872 ἐνετείλατο
1950 2817 2037 2872 καὶ

379 2901 706 2974 ἐκτίσθησαν
762 2909 875 2978 "94)
910 2949 926 2965 .
984 2905 1116 2963 Εἶτα
1201 2904 1530 2982 δημιουργεῖ
1602 2907 1693 2962 τὸν
1754 2904 2036 2982 ἄνθρωπον

377 2992 576 3068 χερσὶν
637 2990 824 3062 ἰδίαις,
887 2999 1024 3070 χοῦν
1086 2997 1180 3068 μὲν
1243 2991 1426 3050 Λαϐὼν
1483 2995 1589 3050 ἀπὸ
1643 3003 1744 3064 τῆς
1798 3002 1902 3070 γῆς
1962 2996 2038 3058 είς

375 3080 680 3138 διάπλασιν
709 3087 806 3138 τοῦ
839 3084 1116 3158 σώματος,
1172 3085 1271 3154 τὴν
1333 3083 1390 3140 δὲ
1441 3086 1624 3160 ψυχήν
1687 3084 1920 3159 λογικὴν
1948 3085 2038 3140 καὶ

369 3173 568 3248 γοερὰν
602 3169 692 3227 διὰ
719 3177 815 3228 τοῦ
842 3173 1049 3229 οἰκείου
1083 3174 1294 3253 ἐμφυσή
1309 3197 1475 3248 ματος
1534 3175 1682 3246 αὺτῷ
1741 3173 1866 3236 δοὺς
1900 3179 2035 3248 (95),

2195 575 2458 642 telligere
2475 575 2958 646 cupis,Dominus
2978 580 3146 633 Jesus
3163 579 3432 636 Christus
3455 588 3847 660 est,unigeni-

2193 669 2306 730 tus,
2341 664 2605 733 inquam,
2637 665 2740 718 ille
2765 666 2864 720 Dei
2889 667 3090 728 Filius.
3119 669 3220 724 ille
3243 670 3453 727 beatus
3481 679 3539 728 et
3556 675 3718 730 solus
3741 695 3848 747 po-

2191 759 2344 812 tens.
2369 753 2469 806 ille
2495 756 2610 808 Rex
2633 771 2834 826 regum
2860 761 2916 810 et
2941 758 3226 813 Dominus
3253 760 3716 828 dominantium,
3744 767 3846 836 qui

2189 841 2351 897 solus
2385 843 3102 914 habetimmortalitatem,
3127 863 3194 903 ac
3217 849 3412 905 lucem
3439 851 3845 910 habitatinac-

2187 931 2550 997 cessibilem,
2575 933 2674 1002 qui
2698 950 2832 988 cum
2863 937 3030 990 Patre
3059 943 3116 991 et
3138 938 3358 1009 Spiritu
3384 947 3592 997 sancto
3619 943 3844 1015 gloriﬁ-

2186 1027 2353 1076 catur
2383 1023 2430 1090 (Ι
2453 1023 2698 1084 Tim.v1).
2719 1024 2916 1092 Neque
2931 1027 3090 1080 enim
3106 1044 3173 1082 ex
3206 1044 3412 1084 eorum
3439 1048 3688 1087 numero
3705 1039 3845 1091 sunt

2184 1112 2284 1182 qui
2321 1111 2660 1166 multoshos
2675 1117 2733 1166 et
2757 1113 3090 1182 petulantes
3107 1117 3248 1173 deos
3271 1119 3496 1189 colunt,
3518 1129 3696 1193 atque
3715 1124 3840 1180 hmo

2183 1201 2396 1256 anima:
2431 1202 2695 1272 expertia
2726 1207 2783 1255 et
2813 1202 2992 1258 surda
3015 1203 3332 1263 simulacra
3352 1219 3842 1280 venerantur;ve—

2181 1307 2313 1344 rum
2345 1307 2530 1345 unum
2549 1292 2732 1346 Deum
2767 1307 3020 1364 agnosco
3036 1297 3410 1354 etconf‘iteor.
3437 1301 3536 1370 qui
3560 1302 3622 1356 in
3649 1302 3837 1360 tribus

2181 1381 2477 1452 personis,
2509 1381 2620 1435 hoc
2653 1387 2744 1436 est
2774 1383 2946 1437 Patre
2981 1389 3040 1437 et
3069 1385 3213 1438 Filio
3247 1393 3306 1440 et
3335 1387 3554 1458 Spiritu
3603 1398 3832 1466 sancto,

2178 1475 2354 1539 atque
2387 1486 2505 1524 una
2537 1471 3110 1528 naturaetessentia.
3138 1473 3198 1528 in
3221 1491 3339 1530 una
3365 1476 3552 1547 gloria
3574 1485 3632 1533 et
3651 1497 3832 1553 regno

2175 1559 2422 1613 minime
2451 1559 2635 1613 diviso
2649 1559 3034 1631 gloriﬁcatur.
3061 1563 3167 1617 Hic
3197 1563 3375 1636 igitur
3406 1565 3467 1619 in
3494 1567 3832 1641 tribusper-

2175 1649 2339 1702 sonis
2369 1665 2522 1702 unus
2549 1649 2722 1715 Deus,
2755 1649 3034 1720 principii
3087 1667 3154 1706 ac
3207 1651 3344 1708 finis
3390 1669 3600 1725 expers
3651 1658 3827 1728 (Νίκη,

2173 1745 2312 1792 orat.
2347 1741 2399 1804 2,
2435 1739 2501 1792 de
2534 1737 2776 1808 Pasch.),
2805 1739 3230 1810 sempiternus,
3251 1742 3574 1814 increatus,
3607 1746 3827 1804 immu-

2175 1827 2646 1898 tabilis,corpore
2661 1829 3244 1897 vacans,invisibilis,
3271 1833 3826 1907 circumscriptione

2169 1933 2398 1982 carens,
2432 1916 3232 1988 animicomprehensionem
3253 1921 3509 1994 fugiens,
3535 1925 3824 1982 solusbo-

2160 2023 2273 2060 nus
2287 2006 2562 2076 acjustus
2581 2011 2690 2064 est.
2726 2007 2826 2076 qui
2843 2007 3192 2068 omnia,tam
3207 2027 3336 2080 qum
3355 2011 3544 2067 oculis
3558 2031 3821 2074 cernun-

2159 2101 2256 2150 tur
2270 2112 2448 2165 quam
2473 2113 2603 2166 quae
2628 2095 2938 2150 oculorum
2957 2097 3230 2153 obtutum
3261 2099 3516 2172 fugiunt,
3547 2120 3616 2158 ex
3629 2106 3818 2162 nihilo

2159 2185 2218 2238 in
2235 2191 2430 2238 ortum
2462 2183 2758 2255 produxit.
2779 2185 3046 2241 Primum
3079 2187 3308 2243 scilicet
3329 2190 3717 2249 invisibilium
3747 2213 3816 2252 ac

2158 2274 2488 2330 cmlestium
2503 2274 2787 2328 virtutum
2803 2274 3302 2331 innumerabilem
3320 2281 3640 2348 quamdam
3657 2285 3808 2340 mulv

2157 2363 2784 2419 titudinemamateria
2797 2369 2855 2418 et
2873 2381 3120 2435 corpore
3147 2373 3438 2423 secretam
3461 2370 3572 2426 hoc
3595 2377 3685 2428 est
3703 2374 3809 2430 ad-

2154 2455 2462 2509 ministros
2477 2453 2691 2508 divinae
2715 2453 3048 2524 majestatis
3073 2455 3340 2526 spiritus;
3367 2457 3580 2515 deinde
3603 2467 3804 2520 autem

2152 2543 2442 2600 mundum
2459 2543 2617 2598 hunc
2648 2543 2708 2596 in
2741 2549 3048 2614 aspectum
3083 2545 3418 2614 cadentem,
3445 2549 3556 2605 hoc
3586 2557 3808 2608 estcce-

2151 2634 2297 2694 lum.
2325 2649 2392 2688 ac
2411 2639 2652 2696 terram,
2679 2637 2936 2698 etmare;
2957 2650 3136 2704 quem
3157 2635 3803 2697 etiamlzetissimaluce

2152 2721 2474 2787 coornavit,
2500 2721 2712 2776 coelum
2731 2737 2946 2792 nempe
2971 2723 3098 2776 sole
3129 2739 3196 2778 ac
3225 2725 3370 2780 luna
3401 2732 3457 2781 et
3488 2729 3806 2804 sideribus,

2149 2817 2366 2867 terram
2385 2813 2582 2864 autem
2606 2809 2802 2863 omnis
2825 2811 3064 2881 generis
3087 2813 3373 2884 stirpibus
3391 2831 3458 2870 ac
3475 2819 3656 2872 variis
3669 2820 3808 2874 ani-

2150 2902 2661 2957 mantibus.mare
2691 2899 2950 2970 denique
2995 2905 3507 2960 numerosissimis
3553 2909 3810 2979 piscium

2147 2991 2484 3064 generibus.
2509 2989 2858 3044 Haecomnia
2889 2989 3016 3062 ipse
3033 2991 3202 3056 dixit,
3234 2999 3292 3048 et
3319 2993 3476 3051 facta
3497 3004 3658 3065 sunt;
3685 2999 3812 3071 ipse

2146 3079 2744 3144 mandavit,etcreata
2759 3081 3058 3148 sunt(Psal
3085 3097 3150 3135 cx
3161 3086 3687 3152 LVIII).Postautem
3705 3089 3809 3143 ho-

2147 3170 2372 3224 minem
2404 3167 2946 3223 suismetmanibus
2965 3169 3172 3240 efﬁgit,
3204 3178 3442 3244 sumpto
3467 3175 3753 3231 nimirum
3777 3194 3812 3234 a

371 3259 506 3330 ’ἥτις
537 3264 651 3316 κατ’
680 3261 861 3318 εἰκόνα
914 3264 1002 3317 καὶ
1065 3264 1332 3330 ὁμοίωσιν
1389 3264 1486 3318 τοῦ
1519 3269 1651 3319 Θεοῦ
1709 3261 2040 3338 δεδημιούρ-

2164 3267 2316 3314 terra
2345 3259 2416 3314 ad
2449 3257 2714 3329 corporis
2729 3257 3226 3329 compositionem
3243 3261 3598 3327 luto,anima
3610 3273 3811 3324 autem

366 3357 578 3427 γῆσθαι
609 3353 907 3428 γέγραπται
955 3357 1083 3426 (96)
1145 3355 1262 3408 κατ’
1293 3353 1476 3408 εῗκόνα
1509 3354 1628 3426 μὲν,
1655 3351 1744 3408 διὰ
1801 3355 1864 3409 τὸ
1923 3375 2040 3408 νοε-

368 3440 469 3517 ρὸν
526 3441 617 3494 καὶ
672 3441 1040 3511 αὖτεξούσιον,
1098 3444 1220 3506 καθ’
1273 3442 1540 3516 ὁμοίωσιν
1571 3439 1628 3497 ’δὲ
1677 3441 1766 3497 διὰ
1811 3444 2039 3512 τὴντῆς

362 3531 572 3604 ἀρετῆς
604 3531 741 3586 κατὰ
769 3533 831 3587 τὸ
866 3529 1090 3588 δυνατὸν
1116 3535 1216 3590 46
1241 3534 1509 3607 ὁμοίωσιν
1544 3535 1675 3607 (97).
1709 3535 1916 3590 Τοῦτον
1947 3533 2040 3586 τὸν

367 3617 661 3693 ἄνθρωπον
751 3621 1191 3694 αύτεξουσιότητι
1278 3625 1364 3679 καὶ
1435 3624 1700 3695 ἀθανασίᾳ
1777 3625 2036 3695 τιμήσας,

371 3709 608 3785 βασιλέα
653 3713 760 3765 τῶν
813 3709 901 3766 ἐπὶ
957 3715 1060 3786 γῆς
1122 3713 1470 3783 κατέστησεν·
1504 3711 1694 3782 ἐπίησε
1747 3709 1804 3766 δὶ
1858 3710 1910 3782 ἐξ
1942 3710 2040 3764 αὖ-

362 3803 470 3854 τοῦ
499 3799 564 3855 τὸ
597 3799 762 3870 θῆλυ,
801 3802 1004 3876 βοηθὸν
1039 3803 1186 3876 αὐτῷ
1214 3804 1332 3858 κατ’
1364 3801 1526 3857 αὐτόν
1560 3805 1690 3874 (98).

2147 3349 2399 3404 rationis
2431 3353 2488 3403 et
2501 3347 2914 3420 intelligentia
2929 3349 3216 3420 participe
3233 3368 3338 3421 per
3353 3369 3522 3409 suam
3535 3355 3808 3412 insufﬂa—

2149 3441 2372 3494 tionem
2398 3437 2510 3509 ipsi
2535 3437 2914 3508 tributaqum
2938 3437 3178 3508 quidem
3195 3440 3268 3496 ad
3295 3442 3394 3496 Dei
3417 3443 3739 3517 imaginem
3755 3452 3813 3503 et

2151 3526 2608 3582 similitudinem
2643 3525 2852 3580 eﬂ'ecta
2895 3543 3024 3581 esse
3079 3529 3298 3599 scripta
3345 3535 3434 3585 est
3465 3532 3616 3590 (Gen.
3647 3551 3700 3588 1:
3735 3535 3810 3591 ad

2150 3617 2470 3688 imaginem
2507 3613 3062 3686 videlicet.propter
3091 3617 3202 3670 vim
3234 3618 3608 3692 intelligendi
3631 3627 3808 3694 atque

2152 3705 2384 3760 arbitrii
2399 3703 2840 3768 libertatem;ad
2857 3703 3314 3760 similitudinem
3337 3714 3813 3784 autem,propter

2151 3796 2386 3850 virtutis
2407 3793 2616 3865 ipsius,
2643 3792 2838 3864 quoad
2853 3794 2983 3865 ejus
3013 3795 3140 3849 ﬁeri
3169 3797 3811 3866 potest,imitationem.

377 3891 549 3945 Hunc
580 3907 756 3962 porro
791 3891 1120 3960 hominem,
1155 3893 1383 3948 arbitrii
1416 3893 1688 3948 libertate
1721 3897 1898 3962 atque
1930 3885 2382 3946 immortalitate
2416 3883 2724 3938 donatum.
2761 3899 2968 3938 eorum
3000 3899 3132 3954 qum
3164 3885 3224 3939 in
3259 3892 3417 3943 terra
3446 3897 3586 3944 sunt
3615 3907 3814 3963 regem

365 3981 721 4048 constituit;
755 3987 936 4053 atque
968 4000 1036 4038 ex
1069 3985 1197 4055 ipso
1229 3984 1538 4044 feminam.
1571 3999 1701 4054 qua:
1731 3983 1844 4053 ipsi
1874 3979 2096 4036 auxilio
2129 3979 2306 4040 esset,
2343 3972 2454 4043 ipsi
2489 3970 2746 4026 similem
2778 3971 2994 4026 ell'ecit.

445 4086 542 4140 Καὶ
603 4087 870 4161 φυτεύσας
945 4087 1272 4164 παράδεισον
1334 4089 1386 4145 ὲν
1446 4087 1616 4162 Ἐδὶμ
1693 4089 1830 4143 κατὰ
1905 4087 2028 4141 ἀνα-

359 4172 578 4244 τολὰς,
631 4175 969 4254 εὐφροσύνης
1025 4179 1116 4232 καὶ
1169 4177 1442 4252 Θυμηὸίας
1495 4180 1674 4248 πάσης
1730 4173 2034 4248 πεπληρω-

365 4265 578 4337 μένον,
637 4262 786 4328 ἔθετο
841 4265 893 4320 ἐν
957 4267 1104 4340 αὐτῷ
1163 4269 1258 4324 τὸν
1320 4265 1606 4344 ἄνθρωπον
1666 4268 1724 4321 ’ὃν
1782 4263 2032 4332 ἔπλασε,

360 4355 586 4409 πάντων
621 4354 716 4428 μὲν
747 4361 856 4411 τῶν
910 4356 1083 4412 ἐκεῖσε
1143 4358 1304 4421 θείων
1361 4363 1542 4430 φυτῶν
1595 4355 1858 4420 κελεύσας
1890 4355 2035 4410 ἀκω-

355 4440 546 4508 λύτως
579 4440 856 4518 μετέχειν,
893 4445 1014 4508 ἑνὸς
1047 4444 1104 4500 δέ
1140 4443 1308 4519 μόνου
1339 4447 1572 4520 θέμενος
1615 4445 1844 4514 ἐντολὴν
1888 4443 2036 4504 ὅλως

2217 4080 2576 4150 Consitoque
2613 4079 2672 4132 in
2707 4077 2866 4132 Eden
2890 4079 2964 4134 ad
2990 4079 3292 4136 Orientem
3325 4083 3623 4154 paradiso,
3651 4089 3819 4145 volu-

2147 4172 2327 4244 ptatis
2360 4169 2554 4224 omnis
2587 4173 2764 4238 atque
2797 4167 3220 4225 oblectamenti
3247 4171 3447 4243 pleno,
3485 4177 3812 4248 hominem,

2148 4277 2327 4334 quem
2363 4259 2694 4322 efﬂuxerat,
2729 4258 2792 4311 in
2823 4257 2951 4329 ipso
2981 4259 3332 4328 collocavit;
3367 4265 3452 4319 sic
3477 4267 3819 4337 quidem,ut

2150 4351 2350 4406 divina
2381 4347 2833 4403 bonitasomnia
2863 4347 3023 4420 ligna
3055 4351 3327 4420 qumillic
3345 4359 3516 4409 erant
3541 4356 3668 4412 sine
3689 4357 3813 4412 ullo

2151 4439 2582 4511 impedimento
2621 4453 2752 4491 eum
2781 4439 3090 4509 percipere
3116 4439 3358 4510 juberet
3380 4461 3394 4510 ;
3413 4445 3592 4501 unius
3615 4455 3814 4505 autem

359 4532 440 4604 μή
475 4531 792 4606 γεύσασθαι,
844 4535 978 4610 ὅπερ
1041 4534 1202 4606 ξύλον
1231 4541 1326 4592 τοῦ
1381 4537 1661 4611 γινώσκειν
1721 4532 1890 4588 καλὸν
1947 4531 2037 4587 καὶ

2164 4531 2434 4585 luntaxat
2457 4527 2868 4600 degustatione
2905 4527 3020 4599 ipsi
3055 4529 3440 4589 interdiceret
3472 4537 3651 4606 (quod
3683 4540 3816 4609 qui-

357 4622 610 4692 πονηρὸν
640 4621 930 4694 κέκληται,
959 4624 1134 4687 οὕτως
1179 4624 1348 4680 εἰπών
1378 4629 1508 4699 (99).
1567 4627 1638 4694 ᾝ
1698 4621 1744 4678 δ’
1803 4623 1859 4676 ἂν
1894 4621 2038 4695 ἠμὲ-

2152 4619 2285 4674 dem
2303 4619 2530 4691 lignum
2546 4617 2808 4672 scientia:
2824 4617 2968 4673 boni
2983 4623 3040 4674 et
3055 4620 3187 4676 mali
3201 4622 3570 4694 appellatum
3587 4629 3816 4698 est),his

589 4787 843 4864 _Le_m_ma
873 4790 1188 4864 metricum
1223 4790 1281 4844 in
1313 4793 1360 4846 A
1386 4805 1397 4844 :
1429 4786 1690 4864 Βαρλαᾶμ
1717 4783 1826 4842 ὧδε
1850 4782 2050 4854 διὰλεξι

2164 4781 2358 4856 ιυτὲρα.

442 4861 556 4928 (93)
589 4859 614 4912 l
645 4859 832 4929 Epist.
867 4861 940 4916 ad
973 4862 1120 4916 Tim.
1155 4879 1226 4916 Vl-
1255 4864 1340 4929 15,
1379 4866 1462 4917 16.

446 4930 564 5000 (94)
587 4930 744 4985 Psal.
781 4949 1004 4990 cxmu.
1037 4937 1090 4990 5.

601 5002 746 5058 Gen.
787 5021 849 5071 ιι,
884 5008 914 5058 ’7
943 5021 956 5059 :
989 5003 1093 5060 Καὶ
1124 4997 1358 5060 ἔπλασεν
1391 5004 1419 5058 ὁ
1444 5005 1574 5066 Θεὸς
1602 5000 1696 5056 τὸν
1729 4999 2035 5078 ἄνθρωπον,
2057 5001 2194 5074 χοῦν
2229 4995 2336 5050 ἀπὸ
2357 5001 2480 5064 τῆς,
2510 5001 2638 5069 γῆς,
2663 4995 2752 5050 καὶ
2779 4993 3098 5066 ἐνεφύσησεν
3131 4995 3206 5059 εἷς
3233 4999 3296 5052 τὸ
3326 4999 3624 5074 πρόσωπον
3654 5001 3820 5058 αὐτοῦ

365 5072 548 5139 πνοὴν
583 5075 751 5140 ζωῆς.

443 5142 559 5218 (96)
594 5145 738 5202 Gen.
775 5163 812 5206 Ι.
849 5150 939 5218 26.
971 5178 1040 5188 --
1073 5149 1152 5204 De
1184 5149 1380 5204 verbis
1408 5148 1526 5202 κατ’
1557 5145 1740 5202 εἷ’κὸνα
1768 5144 1860 5218 καὶ
1893 5142 2050 5218 ὁμοία

2193 5140 2323 5197 vide
2355 5147 2395 5196 t.
2442 5142 2487 5208 Ι,
2533 5158 2590 5214 p.
2625 5143 2728 5196 250
2763 5159 2777 5209 ;
2809 5141 3186 5211 Chevraaana,
3215 5147 3256 5198 t.
3289 5144 3360 5209 Π,
3395 5161 3454 5218 p.
3487 5147 3611 5202 3M.
3647 5147 3817 5206 Lem-

365 5216 566 5303 manili
680 5218 859 5303 ε”ρρα
889 5217 941 5302 τί
971 5218 1034 5272 τὸ
1059 5218 1178 5272 κατ’
1210 5218 1390 5303 εἰκόνα
1422 5220 1512 5274 καὶ
1543 5221 1660 5303 καθ’
1683 5216 1979 5303 ῥμοίωιτινἶ

434 5288 556 5364 (9η
588 5289 659 5343 Ει
691 5284 917 5346 ethnici
947 5307 1182 5364 quoque
1216 5294 1516 5364 sapientes
1547 5294 1608 5348 in
1643 5284 2044 5364 philosophia,
2077 5287 2335 5364 νὶιτιιιιιξ,Δ
2351 5284 2722 5364 terrestrium
2758 5285 2901 5364 fuga
2948 5291 3006 5340 et
3053 5286 3208 5364 odio,
3235 5289 3698 5364 posueruntftiv
3729 5295 3811 5364 τῷ

361 5363 486 5440 ρεῷ
515 5359 810 5440 ῥμοιωςιν.
833 5359 998 5440 _Loca
1033 5359 1164 5440 _vi:de
1191 5364 1248 5419 in
1285 5359 1442 5420 iiotis
1471 5365 1544 5440 ad
1577 5359 1784 5420 Marini
1807 5359 2050 5440 Proclui

2164 5377 2206 5440 ι.
2245 5359 2501 5440 -Ιοβεῇςο3
2529 5359 2726 5440 λδριιά
2757 5359 3008 5440 Falster.-

1439 5481 1451 5493 .
1490 5439 1570 5492 14.
1608 5453 1669 5491 n.
1705 5440 1730 5490 1
1761 5454 1775 5501 ;
1807 5437 2050 5490 Remum

2164 5435 2218 5484 ιι.
2253 5429 2326 5484 ad
2357 5429 2639 5484 Themist.
2691 5445 2750 5499 p.
2789 5431 2886 5484 135
2916 5447 2931 5498 ;
2966 5431 3268 5486 Heindorf.
3310 5429 3392 5486 ad
3443 5433 3620 5488 Τθωι.
3650 5437 3678 5504 §
3705 5437 3808 5492 84:

361 5431 675 5508 Matthiam
703 5433 943 5508 Protea.
977 5435 1050 5490 ad
1081 5435 1358 5506 Hippocr.
1395 5455 1430 5508 p

365 5504 770 5580 VicitUCleric.
809 5505 884 5580 ad
915 5504 1173 5580 Sentent
1197 5504 1362 5562 _Plat.
1397 5504 1526 5580 pag.
1568 5509 1693 5564 519.

442 5575 560 5653 (98)
591 5576 737 5653 Gen.
773 5593 833 5646 ιι,
866 5579 1057 5653 2οη-
1089 5579 1308 5653 Theod.
1341 5575 1704 5653 Prodromus
1734 5581 1983 5634 Tetrast.
2019 5577 2098 5653 in_
2128 5575 2289 5653 Gen._
2330 5589 2445 5653 pag

2149 5376 2206 5429 p.
2245 5359 2363 5430 103.
2403 5358 2501 5430 103
2529 5356 2726 5430 :rapud
2757 5353 2999 5413 Falster.
3035 5353 3284 5414 Amamit.
3307 5359 3512 5430 philol.
3535 5380 3572 5426 ι,
3601 5353 3707 5428 20;
3743 5353 3806 5422 ϐ’.

2500 5573 2570 5655 [ες
2605 5571 2865 5655 δυεξειιη
2895 5571 2968 5628 de
3028 5575 3157 5628 Eva:
3210 5573 3566 5636 formatione
3599 5594 3614 5635 :
3649 5575 3810 5655 Σίγα,

442 5573 562 5701 (9δέ
591 5576 737 5662 (Ean.
773 5593 833 5646 ιι,
866 5579 954 5632 20.
989 5609 1057 5618 -
1089 5579 1308 5635 Theod.
1341 5573 1704 5666 Prodromus
1734 5581 1983 5634 Tetrast.
2019 5577 2050 5631 i1

361 5645 548 5727 Θερ-ςμ
571 5665 728 5727 ρειται
760 5647 1016 5727 γυναικὸς
1047 5648 1146 5718 τήν
1179 5649 1399 5706 πλάσιν
1432 5668 1552 5710 imo
1585 5647 1687 5727 δρᾳ
1711 5656 1832 5722 τῆς,
1865 5655 1934 5707 ut
1959 5665 2050 5708 me

2164 5589 2269 5629 .en.
2330 5589 2445 5653 pag
2500 5573 2570 5653 4_;
2605 5573 2810 5645 Suvign

2164 5665 2176 5702 ι
2208 5649 2299 5700 est
2327 5660 2389 5700 ιη
2418 5643 2619 5701 codice
2649 5646 2810 5700 2831.

433 5719 554 5795 (99)
572 5719 732 5778 Βειι.
765 5719 830 5792 ιι,
865 5723 950 5778 t7.

653 5837 932 5904 ΡΑτιιοι..
979 5837 1091 5903 Gn.
1135 5839 1346 5905 XCVI.

3443 5841 3524 5900 29
