4100 6386
427 444 540 500 909

1601 433 1777 488 VITA
1810 429 2166 486 BARLAAM
2206 429 2300 482 ET
2335 430 2678 486 JOASAPH.

3751 399 3874 516 910i

425 593 612 642 σαντο,
643 573 713 642 τῇ
751 567 957 646 γενέσει
1009 566 1072 622 τὺ
1124 568 1228 620 πᾶν
1281 562 1688 638 ἐπιτρέψαντες·
1734 556 1902 614 ἂλλοι
1943 555 2086 612 πολ-

2213 554 2390 614 t‘aturn
2413 558 3189 640 invexeruntnatalitiisque
3203 567 3501 626 sideribus
3515 572 3714 630 omnia
3727 591 3860 633 com

429 664 560 722 Αοὺς
593 660 749 718 θεοὺς
797 657 997 720 κακοὺς
1034 657 1123 712 καὶ
1168 653 1507 718 πολυπαθεῖς
1552 647 1942 719 ἐσεϐάσθησαν,
1986 651 2083 700 τοῦ

423 750 576 832 ἔχειν
605 749 804 812 αὐτοὺς
834 754 941 804 τῶν
1005 745 1159 802 ἰδίων
1219 751 1408 810 παθῶν
1453 743 1542 799 καὶ
1603 739 1790 798 δεινῶν
1839 738 2081 814 πράξεων

427 829 794 918 συνηγόρους,
824 841 900 894 ὧν
939 838 1028 894 καὶ
1085 837 1432 913 μορφώματα
1472 833 1813 892 τυπώσαντες
1860 829 2082 898 ἀνεστή-

431 933 616 992 λωσαν
647 931 808 1005 ξόανα
837 929 994 1006 κωφᾶ
1041 927 1131 984 καὶ
1187 927 1484 996 ἀναίσθητα
1538 921 1765 992 ε”δωλα,
1817 919 1906 976 καὶ
1961 939 2086 992 συγ-

427 1025 748 1083 κλείσαντες
806 1019 858 1074 ἐν
913 1024 1064 1080 ναοῖς
1121 1015 1552 1092 προσεκύνησαν,
1615 1009 1964 1087 λατρεύοντες
1999 1009 2084 1080 ⁶τῇ

429 1116 608 1170 κτίσει
637 1110 781 1186 παρᾶ
809 1109 899 1162 τὸν
937 1107 1205 1163 Κτίσαντα
1245 1111 1344 1178 (5),
1397 1105 1448 1158 o't
1501 1105 1594 1175 μέν
1645 1105 1726 1173 τῷ
1773 1098 1944 1174 ἡλίῳ,
1997 1097 2087 1186 καὶ

433 1208 508 1279 τῇ
543 1185 770 1275 σελήνη,
803 1199 1036 1259 καὶτοῖς
1097 1197 1314 1270 ἂστροις
1373 1193 1406 1248 ἆ
1441 1205 1590 1258 εθετο
1623 1192 1650 1246 ὁ
1681 1191 1810 1252 Θεὸς
1843 1189 1981 1263 πρὸς
2023 1185 2086 1240 τὸ

427 1298 625 1371 φαῦσιν
686 1307 946 1364 παρεχειν
1003 1291 1084 1358 τῷ
1142 1284 1400 1360 περιγείῳ
1459 1281 1643 1354 τούτῳ
1717 1279 1911 1352 κόσμῳ
1985 1280 2085 1350 (6),

423 1381 621 1458 ἄψυχά
650 1402 709 1436 τε
755 1375 886 1436 ὅντα
931 1377 1020 1432 καὶ
1066 1376 1384 1446 ἀναίσθητα,
1433 1377 1502 1448 τῇ
1555 1371 1784 1446 προνοίᾳ
1827 1373 1928 1422 τοῦ
1977 1375 2086 1434 Δη·

428 1474 704 1547 μίουργοῦ
757 1466 1128 1544 φωτιζόμενα,
1186 1466 1276 1520 καὶ
1356 1460 1812 1538 διακρατούμενα,
1859 1457 1920 1512 οὐ
1979 1457 2086 1528 μὴν

425 1561 490 1618 δὲ
525 1559 738 1618 οἷ’κοθέν
767 1581 820 1614 τι
855 1560 954 1616 49
998 1555 1284 1629 δυνάμενα·
1337 1555 1389 1610 οἱ
1433 1551 1490 1608 δέ
1530 1557 1610 1624 τῷ
1656 1551 1788 1625 πυρὶ
1839 1549 1924 1603 καὶ
1974 1550 2091 1608 τοῖς

437 1651 596 1708 ὕδασι
626 1657 715 1705 καὶ
749 1653 866 1711 τοῖς
909 1645 1130 1708 λοιποῖς
1181 1643 1480 1718 στοιχείοις
1525 1645 1624 1708 τῆς
1672 1647 1796 1716 γῆς,
1851 1636 2091 1711 ἀψύχοις

433 1743 529 1798 καὶ
559 1741 906 1809 ἀναισθήτοις
941 1734 1080 1792 οὖσι·
1115 1736 1204 1790 καὶ
1253 1734 1354 1790 οὐκ
1403 1732 1757 1808 ᾐσχύνθησαν
1810 1729 1861 1784 οἱ
1911 1725 2091 1800 ἔμψυ-

439 1851 535 1908 χοι
567 1828 652 1886 καὶ
684 1827 900 1904 λογικοὶ
948 1827 1016 1882 τὰ
1061 1829 1288 1882 τοιαῦτα
1343 1817 1612 1886 σέϐεσθαι·
1665 1817 1830 1876 ἄλλοι
1877 1817 2092 1908 θηρίοις

2189 648 2486 704 miserunt
2525 651 2640 706 Alii
2667 654 2886 712 multos
2909 655 3053 712 deos
3077 659 3289 726 malos,
3315 676 3384 715 ac
3401 661 3607 716 multis
3629 663 3861 719 vitiosis

2191 742 2614 799 affectionibus
2647 745 2986 803 laborantes
3023 751 3346 806 coluerunt
3422 769 3538 824 quo
3587 753 3864 810 videlicet

2194 847 2436 885 suarum
2453 834 2835 890 affectionum
2853 843 2910 890 et
2925 838 3190 909 gravium
3213 839 3574 913 flagitiorum
3593 841 3860 898 defenso-

2189 936 2284 974 res
2301 928 2656 991 etpatronos
2679 941 2778 978 eos
2802 925 3116 982 haberent.
3145 931 3408 995 Quorum
3437 933 3614 988 etiam
3639 933 3863 990 formas

2189 1009 2429 1080 pictura
2452 1013 2874 1082 exprimentes,
2903 1018 3113 1072 surdas
3137 1025 3363 1076 statuas
3378 1037 3444 1076 ac
3464 1038 3642 1076 sensu
3657 1039 3862 1078 carens

2193 1099 2272 1192 tia
2291 1099 2692 1158 simulacrain
2719 1104 2908 1160 altum
2938 1115 3278 1168 erexerunt.
3315 1127 3502 1182 eaque
3525 1112 3584 1166 in
3621 1111 3859 1186 templis

2191 1191 2428 1264 inclusa
2450 1193 2762 1249 coluerunt
2783 1201 2842 1250 et
2862 1195 3206 1264 adorarunt,
3229 1202 3550 1256 servientes
3573 1202 3860 1258 nimirum

2195 1288 2482 1342 creaturae
2501 1287 2698 1355 potius
2718 1302 2896 1356 quam
2914 1287 3196 1343 Creatori.
3221 1289 3472 1354 Quidam
3492 1293 3652 1346 enim
3671 1294 3860 1349 solem

2195 1373 2468 1428 etlunam
2487 1391 2553 1430 ac
2569 1375 2788 1432 sidera.
2809 1395 2941 1448 qua:
2967 1379 3122 1434 Deus
3145 1379 3218 1434 ad
3238 1380 3434 1435 lucem
3461 1387 3693 1438 terreno
3722 1385 3862 1440 huic

2193 1463 2417 1518 mundo
2435 1465 2802 1522 afferendam
2823 1469 3038 1538 posuit,
3075 1469 3392 1525 coluerunt
3416 1486 3430 1524 :
3463 1489 3595 1543 quas
3618 1473 3862 1544 quidem

2193 1555 2394 1610 anima
2421 1561 2478 1610 et
2521 1572 2706 1612 sensu
2755 1564 2980 1626 carent,
3034 1576 3101 1616 ac
3151 1561 3447 1616 Creatoris
3493 1563 3864 1634 providentia

2191 1643 2616 1700 illuminantur
2638 1653 3291 1706 etconservantur.non
3312 1657 3512 1706 autem
3533 1652 3862 1725 quidquam

2193 1751 2300 1805 per
2325 1751 2386 1790 se
2419 1735 2628 1792 vitium
2661 1735 2903 1792 habent.
2943 1739 3058 1793 Alii
3092 1744 3293 1794 autem
3326 1741 3526 1812 ignem
3552 1747 3610 1796 et
3635 1759 3856 1814 aquam

2193 1840 2261 1879 ac
2287 1825 2524 1896 reliqua
2555 1831 2728 1881 terrae
2762 1827 3085 1897 elementa,
3119 1829 3338 1900 quibus
3369 1847 3478 1886 nec
3511 1832 3714 1886 anima
3747 1848 3857 1888 nec

429 1921 526 1976 καὶ
585 1921 832 1996 ἑρπετοῖς
899 1918 990 1972 καὶ
1046 1917 1266 1985 κτήνεσι
1345 1909 1704 1986 τετραπόδοις
1781 1909 1844 1964 τὸ
1930 1901 2090 1967 σέϐας

2213 1915 2588 1972 sensusinest
2631 1919 2832 1986 Neque
2848 1935 2950 1973 eos
2967 1919 3068 1988 qui
3085 1919 3358 1974 anima'et
3373 1921 3602 1976 ratione
3622 1921 3860 1993 praediti

427 1995 752 2082 ἀπένειμαν,
809 2003 1284 2079 κτηνωδεστέρους
1342 2007 1449 2060 τῶν
1505 1996 1814 2074 σεϐομένων
1869 1995 2091 2056 ἑαυτοὺς

427 2097 866 2162 ἀποδεικνύντες·
917 2097 970 2151 οἳ
1031 2093 1088 2151 δέ
1139 2094 1440 2168 ἀνθρώπων
1494 2095 1656 2146 τινῶν
1708 2089 1952 2164 αἰσχρῶν
2003 2085 2092 2142 καὶ

433 2189 674 2246 εὐτελῶν
739 2187 1086 2264 μορφώματα
1169 2183 1604 2251 ἆνετυπώσαντο,
1679 2179 1767 2234 καὶ
1841 2175 2090 2245 τούτους,

435 2278 597 2344 θεοὺς
629 2277 910 2344 ἐκάλεσαν,
943 2273 1192 2336 καὶτοὺς
1256 2283 1352 2346 μὲν
1407 2271 1582 2327 αὐτῶν
1646 2265 1892 2346 ἅρᾇενας,
1944 2265 2091 2322 τινὰς

437 2365 502 2424 δὲ
557 2365 782 2439 θηλείας
839 2365 1153 2438 ὠνόμασαν,
1217 2363 1310 2426 οὕς
1365 2361 1562 2417 ἐκεῖνοι
1621 2359 1773 2414 αὐτοὶ
1857 2357 2092 2430 ἐξέθεντο

437 2457 683 2534 μοιχοὺς
715 2458 850 2512 εἴναι
880 2455 970 2511 καὶ
1002 2459 1208 2533 φονεῖς,
1247 2452 1526 2528 ὀργίλους,
1556 2451 1646 2506 καὶ
1680 2449 1952 2520 ζηλωτὰς,
2003 2445 2092 2500 καὶ

429 2546 826 2622 θυμαντικοὺς,
936 2543 1334 2619 πατροκτόνους
1435 2541 1526 2596 καὶ
1631 2535 2092 2616 ἀδελφοκτόνους,

423 2637 672 2700 κλέπτας
731 2641 822 2692 καί
877 2636 1146 2710 ἅρπαγας,
1203 2629 1430 2709 χωλοὺς
1487 2629 1578 2686 καὶ
1655 2627 1920 2695 κυλλοὺς,
1995 2625 2092 2680 καὶ

428 2725 780 2804 φαρμακοὺς,
811 2726 898 2780 καὶ
966 2723 1350 2798 μαινομένους,
1401 2721 1491 2776 καὶ
1539 2719 1750 2775 τούτων
1796 2719 1948 2779 τινας
1997 2717 2092 2789 μὲν

427 2816 916 2887 τετελευτηκότας,
997 2814 1151 2876 τινας
1236 2809 1294 2868 δέ
1381 2809 1914 2882 κεκεραυνωμένους,
2003 2804 2094 2862 καὶ

430 2907 840 2980 κοπτομένους,
889 2903 979 2960 καὶ
1041 2903 1449 2978 θρηνουμένους
1501 2899 1591 2954 καὶ
1669 2897 2096 2958 δεδουλευκότας

437 2997 778 3073 ἀνθρώποις,
837 2994 926 3050 καὶ
989 2991 1230 3069 φυγάδας
1286 2992 1632 3068 γενομένους,
1691 2988 1782 3044 καὶ
1851 2987 1926 3050 εἷς
1987 2991 2099 3056 ζῶα

439 3084 1004 3164 μεταμορφουμένους
1047 3083 1132 3138 ἐπὶ
1179 3086 1450 3156 πονηραῖς
1504 3079 1594 3134 καὶ
1645 3079 1902 3155 αἰσχραῖς
1955 3077 2097 3151 μίξε-

435 3197 546 3233 σ;ν’
580 3177 764 3242 Ὅθεν,
815 3169 1191 3248 λαμϐάνοντες
1251 3173 1303 3226 οἱ
1363 3170 1640 3246 ἅνθρωποι
1694 3168 1944 3247 ἀφορμὰς
1995 3168 2100 3224 ἂπό

2206 2009 2345 2059 sunt
2367 2005 2663 2076 ejusmodi
2695 2007 2875 2062 rebus
2907 2009 3134 2062 cultum
3168 2009 3452 2064 adhibere
3483 2010 3714 2081 puduit.
3741 2010 3858 2066 Alii

2201 2093 2366 2161 feris,
2401 2102 2458 2150 et
2483 2095 2818 2167 reptilibus,
2841 2103 2897 2151 et
2917 2097 3268 2168 pecudibus,
3293 2105 3351 2152 et
3371 2099 3858 2170 quadrupedibus

2203 2184 2610 2240 animantibus
2625 2185 3066 2240 venerationem
3081 2187 3420 2242 tribuerunt
3439 2206 3451 2242 :
3473 2189 3612 2244 hinc
3633 2189 3862 2245 scilicet

2205 2291 2336 2330 sese
2359 2275 2608 2330 rationis
2639 2275 2826 2348 magis
2852 2283 3124 2346 expertes
3157 2278 3543 2333 ostendentes
3578 2295 3757 2350 quam
3791 2296 3862 2335 ea.

2203 2364 2334 2436 ipsa
2351 2381 2482 2435 quas
2505 2364 2802 2420 colebant.
2839 2365 2953 2420 Alii
2977 2367 3236 2438 turpium
3266 2367 3662 2438 quorumdam
3684 2368 3861 2424 etab—

2193 2455 2490 2528 jectorum
2509 2455 3052 2512 hominumformas
3063 2457 3708 2530 depinxerunt,eosque
3721 2459 3861 2516 deos

2202 2545 2600 2616 appellarunt.
2621 2545 2837 2616 partim
2861 2547 3178 2614 masculos,
3201 2549 3860 2620 partimfeminaszquos

2203 2635 2380 2690 etiam
2398 2635 2638 2706 ipsimet
2656 2635 2978 2704 adulteros,
3001 2637 3405 2693 ethomicidas
3435 2642 3492 2692 et
3515 2638 3856 2706 iracundos,

2203 2729 2262 2780 et.
2293 2723 2544 2780 invidos.
2581 2729 2640 2779 et
2664 2724 2944 2789 furiosos,
2979 2726 3398 2797 etparricidas,
3420 2727 3856 2793 etfratricidas,

2204 2821 2264 2870 et
2291 2814 2474 2880 fures,
2509 2821 2568 2870 et
2597 2821 2886 2886 raptores.
2922 2821 2980 2870 et
3008 2815 3276 2874 claudos.
3305 2823 3364 2872 et
3396 2817 3642 2876 debiles.
3679 2823 3736 2874 et
3759 2835 3858 2874 ve-

2204 2906 2450 2972 neﬁcos,
2487 2909 2546 2960 et
2574 2905 2822 2960 insanos
2853 2922 2982 2961 esse
3011 2906 3405 2966 tradiderunt.
3433 2914 3609 2978 atque
3643 2908 3860 2964 horum

2205 2996 2530 3051 nonnullos
2557 3002 2808 3050 mortem
2834 2995 3074 3062 obiisse,
3103 2996 3428 3052 nonnullos
3459 2997 3709 3052 fulmine
3729 3014 3866 3070 per-

2209 3103 2416 3142 cussos
2435 3086 2643 3154 fuisse,
2659 3086 2990 3152 nonnullos
3008 3086 3356 3141 horninibus
3379 3087 3862 3159 serviisse,atque

2211 3177 2446 3232 exsules
2481 3176 2800 3243 exstitisse,
2834 3176 3158 3232 nonnullos
3181 3176 3430 3232 vulnera
3448 3177 3769 3248 accepisse,
3803 3193 3870 3232 ac

435 3272 552 3323 τῶν
612 3269 744 3322 θεῶν
798 3264 998 3332 αὐτῶν,
1059 3261 1228 3324 ἀδεῶς
1283 3261 1697 3334 κατεμιαίνοντο
1753 3259 1898 3334 πάσῃ
1966 3259 2097 3316 ἀκα-

2214 3267 2478 3324 lamenta
2508 3266 2786 3332 edidisse,
2819 3271 2996 3338 atque
3018 3265 3092 3321 ob
3113 3266 3386 3337 improba
3408 3273 3466 3322 et
3485 3267 3876 3338 fmdaﬂagitia

439 3357 654 3430 θαρσίᾳ.
691 3356 788 3412 Καὶ
821 3354 970 3426 δεινὴ
1021 3359 1245 3430 κατεῖχε
1294 3353 1559 3412 σκότωσις
1606 3352 1668 3405 τὸ
1725 3349 1882 3426 γένος
1933 3351 2094 3422 ἡμῶν

442 3449 498 3506 ἐν
535 3447 760 3510 ἐκείνοις
789 3452 909 3509 τοῖς
960 3445 1206 3521 χρόνοις,
1257 3444 1348 3499 καὶ
1398 3442 1496 3500 οὐκ
1543 3441 1610 3513 ἦν
1659 3442 1688 3496 ὁ
1732 3440 1952 3510 συνιὼν,
2009 3439 2108 3494 οὐκ

443 3539 513 3615 ᾖν
548 3537 575 3593 ό
607 3531 850 3608 ἐκζητῶν
879 3535 971 3591 τὸν
1005 3533 1134 3591 θεόν

524 3802 782 3881 Ἀϐραὰμ
817 3803 876 3862 δέ
904 3827 986 3868 τις
1025 3806 1076 3859 ἐν
1138 3803 1311 3878 ἐκείνῃ
1357 3806 1426 3876 τῇ
1483 3805 1638 3876 γενεᾷ
1697 3801 1862 3873 μόνος
1916 3798 2105 3874 εὑρέθη

447 3899 546 3962 τὰς
607 3897 888 3968 αἰσθήσεις
937 3903 1037 3957 τῆς
1092 3898 1280 3970 ψυχῆς
1337 3891 1647 3970 ἐῤῥωμένας
1705 3885 1872 3965 ἔχων,
1930 3889 1988 3944 ὃς
2039 3891 2108 3962 τῇ

450 3987 653 4062 θεωρίᾳ
680 3989 792 4042 τῶν
822 3985 1140 4057 κτισμάτων
1176 3983 1382 4057 ἐπέγνω
1439 3981 1530 4036 τὸν
1585 3977 1947 4052 Δημιουργόν.
1997 3983 2107 4032 Καο-

448 4079 730 4147 τανοῆσας
770 4075 875 4150 γὰρ
909 4073 1140 4146 οὐρανὸν
1173 4073 1264 4127 καὶ
1321 4077 1424 4147 γῆν
1471 4069 1560 4125 καὶ
1603 4069 1898 4138 θάλασσαν,
1947 4065 2108 4136 ἣλιον

450 4169 544 4224 καὶ
577 4165 815 4236 σελήνην
845 4163 1034 4219 καὶτὰ
1085 4160 1274 4222 λοιπὰ,
1323 4159 1596 4234 ἐθαύμασε
1639 4159 1740 4226 τήν
1789 4157 2110 4230 ἐναρμόνιον

449 4263 656 4326 ταυτην
688 4252 1072 4326 διακόσμησιν
1109 4249 1238 4307 ἰδὼν
1295 4248 1353 4306 δὲ
1401 4251 1493 4304 τὸν
1547 4249 1753 4321 κόσμον
1805 4247 1894 4302 καὶ
1942 4249 2007 4302 τὰ
2060 4245 2112 4302 ἐν

454 4348 610 4418 αὗτῷ
641 4345 834 4408 πάντα,
868 4343 969 4399 οὐκ
1017 4341 1348 4414 αὐτομάτως
1405 4345 1731 4414 γεγενῆσθαι
1779 4337 1868 4391 καὶ
1918 4359 2117 4408 συντη-

456 4437 668 4514 ρεῖσθαι
699 4437 799 4494 50
831 4433 1101 4508 ἐνόμισεν,
1149 4427 1274 4485 οὔτε
1335 4430 1442 4502 μὴν
1496 4433 1613 4488 τοῖς
1671 4425 1970 4502 στοιχείοις
2018 4432 2118 4496 τῆς

453 4531 561 4602 γῆς
591 4524 626 4594 ἢ
651 4529 768 4585 τοῖς
801 4520 1041 4598 ἀψύχοις
1072 4516 1330 4579 εἰδώλοις
1359 4517 1458 4586 τὴν
1491 4516 1666 4572 αἰτίαν
1704 4523 1806 4586 τῆς
1857 4515 2116 4584 τοιαύτης

457 4613 882 4684 διακοσμήσεως
941 4607 1323 4684 προσανέθετο’
1385 4606 1531 4662 ἀλλὰ
1581 4607 1674 4660 τὸν
1734 4607 1917 4676 ἀληθῆ
1986 4606 2114 4662 Θεὸν

2215 3360 2275 3414 in
2298 3357 2584 3414 animalia
2611 3373 2740 3414 sese
2769 3357 3137 3412 immutasse.
3172 3359 3293 3422 Quo
3314 3357 3494 3412 ﬁebat
3517 3365 3582 3414 ut
3597 3359 3873 3414 homines

2215 3449 2459 3521 ab-ipsis
2472 3447 2586 3503 diis
2602 3447 3494 3518 occasionemsumentes,omni
3511 3448 3872 3520 impuritatis

2213 3556 2430 3612 genere
2453 3555 2582 3594 sese
2615 3537 3116 3593 contaminarent.
3150 3539 3230 3592 Ac
3263 3542 3386 3592 tum
3422 3537 3724 3592 horrenda
3743 3537 3878 3608 qui-

2215 3629 2351 3684 dem
2377 3629 2564 3700 caligo
2587 3643 2774 3700 genus
2797 3633 3068 3682 nostrum
3091 3626 3368 3693 tenebat;
3397 3643 3594 3704 neque
3618 3632 3745 3682 erat
3775 3625 3877 3698 qui

2215 3718 2597 3790 intelligeret,
2632 3733 2742 3772 nec
2771 3718 2870 3790 qui
2907 3717 3092 3772 Deum
3129 3717 3470 3788 requireret
3498 3715 3667 3784 (Psal.
3702 3722 3842 3782 xui).

2249 3863 2252 3866 ί
2287 3810 2368 3864 Ea
2398 3811 2594 3862 autem
2621 3811 2794 3862 aetate
2828 3805 3122 3860 Abraham
3149 3806 3310 3860 solus
3344 3807 3618 3860 inventus
3649 3811 3740 3860 est
3771 3804 3873 3877 qui

2216 3898 2432 3953 animus
2467 3913 2707 3951 sensum
2741 3896 2980 3950 firmum
3000 3913 3066 3950 ac
3095 3895 3391 3950 valentem
3413 3895 3676 3958 haberet,
3703 3903 3881 3966 atque

2218 4005 2288 4042 ex
2317 4003 2518 4041 rerum
2551 3985 2927 4042 conditarum
2961 3990 3284 4056 prospectu
3307 3985 3678 4040 conditorem
3697 4001 3880 4056 agno-

2219 4081 2452 4132 ‘sceret.
2489 4077 2630 4130 Nam
2647 4091 2778 4130 cum
2796 4074 3032 4134 ccrlum.
3059 4091 3124 4129 ac
3139 4079 3356 4129 terram
3373 4129 3380 4138 ,
3401 4081 3459 4129 et
3473 4091 3654 4140 mare,
3676 4075 3885 4142 solem,

2240 4175 2358 4223 tem
2378 4173 2437 4220 et
2466 4165 2670 4220 lunam
2704 4181 2770 4220 ac
2793 4163 3027 4236 reliqua
3051 4165 3513 4224 considerasset.
3537 4163 3886 4234 hujusmodi

2222 4262 2496 4315 ornatum
2514 4253 2937 4310 concinnitatis
2967 4255 3212 4327 plenum
3234 4255 3558 4310 admiratus
3577 4259 3683 4308 est.
3711 4255 3882 4310 Cum-

2223 4364 2336 4420 que
2365 4345 2676 4412 mundum,
2703 4350 2758 4399 et
2782 4361 2850 4400 ea
2873 4361 3003 4415 qum
3024 4344 3083 4399 in
3109 4345 3236 4416 ipso
3257 4349 3416 4404 sunt.
3453 4343 3884 4414 conspexisset,

2224 4457 2342 4495 non
2373 4454 2512 4492 casu
2535 4453 2601 4491 ac
2621 4435 2866 4490 fortuito
2897 4451 2967 4489 ea
2999 4435 3297 4490 exstitisse
3330 4439 3508 4506 atque
3541 4432 3886 4489 conservari

2227 4526 2604 4583 existimavit.
2627 4525 2744 4579 Nec
2767 4541 3006 4579 rursum
3031 4529 3202 4578 terrae
3227 4523 3675 4592 elementis,aut
3695 4523 3887 4579 inani-

2232 4617 2344 4672 mis
2377 4615 2714 4671 simulacris
2747 4619 2993 4668 ornatus
3015 4613 3434 4684 hujuscemodi
3456 4613 3884 4670 causamascri-

457 4701 554 4759 διὰ
581 4703 790 4758 τοότιυν
823 4699 1052 4776 ἐπέγνω,
1095 4700 1182 4754 καὶ
1237 4696 1398 4753 αὐτόν
1453 4697 1586 4752 εἶναι
1634 4695 1981 4771 Δημιουργὸν
2027 4699 2122 4750 τοῦ

463 4793 670 4854 παντὸς
727 4791 816 4846 καὶ
904 4787 1142 4864 συνοχέᾳ
1223 4791 1472 4852 συνῆκεν.
1557 4783 1988 4857 Ἀποδεξάμενος
2069 4781 2126 4839 δέ

457 4887 660 4938 τοῦτον
717 4889 820 4951 τῆς
879 4875 1307 4954 εὐγνωμοσύνης
1363 4876 1453 4930 καὶ
1542 4873 1713 4949 ὀρθῆς
1788 4873 2042 4950 κρίσεως,
2097 4875 2126 4929 ὁ

464 4974 602 5036 Θεὸς
635 4973 943 5048 ἐνεφάνισεν
977 4970 1137 5024 αὐτὸν
1187 4965 1356 5040 αὐτῷ,
1402 4965 1464 5021 οὗ
1512 4967 1696 5030 καθὼς
1747 4963 1863 5041 ἔχει
1918 4967 2128 5043 φύσεως

461 5064 624 5139 (Θεὸν
655 5061 757 5138 γὰρ
793 5058 928 5115 ἴδεῖν
977 5061 1211 5136 γεννητῇ
1269 5057 1426 5131 φύσει
1483 5053 1794 5128 ἀδύνατον),
1851 5054 1978 5110 ἀλλ’
2037 5057 2129 5111 ol-

474 5157 816 5226 κονομικαῖς
843 5171 955 5206 τισι
1016 5146 1374 5227 θεοφανείαις,
1438 5145 1513 5211 ὡς
1570 5142 1711 5200 οἶδεν
1771 5143 1956 5208 αὐτός·
2017 5145 2130 5217 καὶ,

471 5241 814 5316 τελεωτέραν
851 5245 1050 5318 γνῶσιν
1107 5237 1279 5302 ἐνθεὶς
1335 5235 1504 5292 αὐτοῦ
1543 5239 1613 5310 τῇ
1661 5237 1841 5311 ψυχῇ,
1891 5234 2132 5308 ἐδόξασε,

467 5335 564 5392 καὶ
601 5332 802 5389 οἰκεῖον
833 5328 986 5396 ἔθετο
1045 5329 1370 5402 θεράποντα,
1416 5326 1498 5395 ὅς,
1544 5326 1636 5380 καὶ
1678 5325 1815 5380 κατᾶ
1863 5322 2130 5403 διαδοχὴν

463 5430 594 5487 τοῖς
624 5422 674 5498 ἐξ
708 5423 873 5480 αὐτοῦ
903 5420 1274 5495 παραπέμψας
1301 5419 1400 5488 τὴν
1457 5410 1755 5486 εὐσέϐειαν,
1803 5418 1895 5473 τὸν
1949 5415 2132 5490 ἀληθῆ

464 5514 756 5593 γνωρίζειν
790 5509 994 5587 ἐδίδαξε
1023 5509 1176 5570 Θεόν.
1235 5510 1329 5564 Διὸ
1387 5507 1476 5564 καὶ
1531 5505 1607 5569 εἷς
1651 5503 1868 5577 πλῆθος
1909 5510 2134 5590 ἄπειρον

2237 4707 2354 4780 psit
2379 4725 2391 4770 ;
2417 4705 2518 4761 sed
2545 4707 2728 4760 Deum
2763 4721 2962 4758 verum
2985 4721 3090 4775 per
3111 4705 3236 4759 haec
3259 4705 3514 4777 agnovit,
3551 4711 3727 4776 atque
3759 4703 3898 4758 uni-

2235 4797 2384 4852 versi
2419 4796 2760 4852 effectorem
2794 4799 2853 4848 et
2883 4799 3358 4850 conservatorem
3397 4811 3526 4850 esse
3571 4793 3886 4848 intellexit.

2237 4889 2392 4943 Deus
2414 4890 2612 4942 autem
2636 4885 2766 4957 ejus
2781 4883 3136 4956 probitatem
3157 4884 3342 4940 animi
3359 4889 3536 4954 atque
3553 4883 3902 4948 candorem,

2237 4973 2892 5047 rectumquejudicium
2908 4973 3598 5050 comprobans,seipsum
3615 4973 3664 5027 ei
3685 4971 3906 5044 patefe-

2241 5069 2322 5126 cit
2352 5067 2494 5140 (non
2527 5065 2771 5138 quidem
2805 5069 2872 5120 ut
2903 5069 3118 5120 natura
3148 5069 3258 5128 est,
3311 5079 3506 5134 neque
3561 5063 3720 5117 enim
3771 5059 3904 5117 ﬁeri

2242 5163 2442 5232 potest
2467 5161 2534 5211 ut
2563 5161 2762 5211 creata
2791 5161 3006 5211 natura
3035 5156 3222 5210 Deum
3263 5157 3489 5222 cernat,
3544 5167 3750 5208 verum
3797 5165 3908 5224 per

2243 5246 2710 5320 dispensatorias
2723 5244 3116 5316 quasdamDei
3133 5244 3387 5299 visiones
3401 5241 3908 5314 quemadmodum

2245 5339 2374 5411 ipse
2398 5335 2600 5402 novit),
2623 5333 3077 5407 plenioremque
3098 5334 3187 5390 sui
3211 5333 3612 5406 cognitionem
3633 5332 3696 5385 in
3719 5329 3908 5404 ipsius

2247 5429 2448 5484 animo
2473 5424 2963 5496 inserens,gloria
2979 5441 3116 5480 eum
3140 5423 3598 5496 atfeeit,sibique
3611 5419 3906 5476 famulum

2247 5518 2474 5576 ascivit.
2508 5515 2616 5582 Qui
2649 5515 2893 5586 quidem
2925 5531 3030 5586 per
3083 5513 3526 5570 successionem
3574 5511 3668 5568 his
3700 5511 3802 5584 qui
3831 5509 3907 5568 ab

552 5679 632 5754 (ξ)
662 5676 853 5754 [θρίξ-ιιἱ
866 5675 1154 5754 _ad__Rom.
1188 5689 1229 5754 ι,
1261 5674 1366 5727 25:
1397 5662 1794 5754 ’Ece's'q'wencav
1810 5671 1913 5754 καὶ
1948 5672 2102 5754 ἐλάτρ

2215 5701 2274 5736 αν
2301 5678 2370 5754 τῇ
2399 5676 2571 5733 κτίσει
2603 5674 2750 5754 παρέι
2777 5675 2876 5754 τὸν
2902 5672 3185 5754 ΚτίσιινταΖ

667 5743 1073 5827 I_)'e_adjec_tijo
1103 5743 1403 5827 περίγειος,
1437 5754 1490 5827 τε
1511 5743 1611 5827 Ιῐξ,
1642 5747 1991 5827 pag._25,.n.
2025 5753 2058 5806 ‘7
2081 5743 2098 5819 ξ

2213 5769 2260 5827 g'
2294 5743 2385 5820 48,
2416 5769 2478 5811 n.
2510 5753 2564 5810 4.
2595 5743 2900 5808 —'Schol.
2933 5748 3064 5807 inA
3089 5766 3108 5821 ς
3138 5747 3190 5801 οἱ
3221 5743 3515 5806 Χαλδαῖοι.

559 5813 638 5897 (τ)
669 5813 965 5897 ΕΡίειῗαιι
993 5813 1276 5888 Rom.'ui,
1310 5819 1371 5875 11
1399 5832 1417 5889 ς
1449 5813 1606 5877 Psal.
1627 5813 1754 5890 ini,
1785 5819 1842 5892 2,
1869 5819 1953 5883 Cf.
1982 5839 2045 5896 p.
2081 5813 2167 5899 '16,
2200 5813 2262 5885 ἦ.
2286 5829 2344 5886 2.
