4100 6384
432 422 541 478 913

1615 426 1785 480 νιτΑ
1826 424 2180 479 BARLAAM
2216 424 2309 475 ΕΤ
2344 420 2689 475 JOASAPH.

3753 376 3866 478 θιι

426 570 547 617 τος,
580 545 616 618 ἢ
648 544 959 625 συναφείας,
1016 546 1070 603 ἐν
1117 552 1185 621 τῇ
1247 546 1508 623 ἀχράντῳ
1541 550 1723 623 μήτρᾳ
1750 555 1850 615 τῆς
1881 546 2086 620 Παρθέ-

2206 545 2313 600 viri
2342 544 2568 600 semine
2600 548 2702 599 aut
2730 544 3030 600 voluntate
3048 544 3481 600 autconcubitu
3503 548 3681 615 (Joan.
3709 550 3850 614 1).in

425 662 524 694 νου
558 636 919 715 συλληφθεὶς,
954 637 1077 693 ἀλλλ
1110 638 1169 693 ἐκ
1202 638 1517 711 ΙΙνε-Βματος
1558 638 1715 712 ὁγίου
1746 642 1881 710 (11),
1915 638 2096 698 καθὼς

428 730 520 784 καὶ
576 729 684 802 πρὸ
740 734 843 796 τῆς
903 726 1235 801 συλλήψεως
1294 730 1371 791 εἷς
1426 733 1535 782 τῶν
1593 725 1957 802 ἀρχαγγέλων
1994 726 2099 779 ἀπ-

424 817 629 889 εστάλη
670 818 895 890 μηνύων
929 821 995 890 τῇ
1029 819 1286 891 Παρθένῳ
1317 819 1413 887 τὴν
1469 819 1619 888 ξένην
1654 816 1931 890 σύλληψιν
1959 814 2095 869 ἐκείο

422 930 522 979 νην
580 909 671 962 καὶ
731 908 823 962 τὸν
887 904 1160 983 ἄφραστον
1218 908 1397 963 τόκον.
1456 907 1744 981 Ἀσπόρως
1810 906 1911 981 γὰρ
1968 925 2094 959 συν-

425 996 644 1075 ελήφθη
704 997 731 1051 ὁ
794 996 921 1057 Υἱὸς
981 1000 1079 1049 τοῦ
1135 1000 1269 1050 Θεοῦ
1324 995 1382 1049 ἐκ
1432 996 1745 1067 Πνεύματος
1794 993 2094 1068 ἁγίου,καὶ

430 1088 715 1159 συμπήξας
746 1086 923 1158 εαυτῷ
984 1084 1035 1140 ἐν
1094 1083 1164 1158 τῇ
1228 1087 1410 1159 μήτρᾳ
1464 1092 1564 1154 τῆς
1616 1084 1890 1158 Παρθένου
1924 1084 2095 1151 σάρκα

424 1174 860 1251 ἐμψυχουμένην
890 1178 1045 1247 ψυχῇ
1091 1174 1291 1249 λογικῇ
1348 1196 1407 1230 τε
1466 1175 1555 1229 καὶ
1589 1179 1773 1248 νοερᾷε,
1814 1172 2093 1246 προῆλθεν

426 1266 482 1320 ἐν
548 1270 647 1337 μιᾷ
701 1269 769 1339 τῇ
830 1266 1140 1333 ὑποστάσει,
1203 1262 1298 1318 δύο
1360 1262 1417 1318 δὲ
1474 1269 1591 1325 ταῖς
1644 1260 2093 1340 φ·3σεσι,τέλειος

421 1356 580 1421 Θεὸς,
612 1354 703 1408 καὶ
762 1352 971 1415 τέλειος
1033 1351 1339 1426 ἅνθρωπος,
1404 1351 1640 1431 ἄφθορον
1673 1354 1769 1417 τήν
1804 1355 2089 1425 παρθενίαν

413 1452 521 1514 τῆς
570 1443 846 1513 Τεκούσης
895 1444 982 1497 καὶ
1044 1446 1178 1516 μετὰ
1223 1444 1315 1498 τὸν
1368 1444 1529 1497 τόκον
1585 1440 1843 1517 φυλάξας,
1892 1441 2002 1509 καὶ,
2038 1440 2087 1494 ἐν

416 1540 583 1590 πᾶσιν
673 1535 1018 1606 ὁμοιοπαθὴς
1074 1536 1210 1606 ἡμῖν
1289 1534 1586 1607 γενόμενος
1660 1530 1838 1607 χωρὶς
1912 1531 2093 1605 ἀμαρ-

416 1626 537 1687 τῖας
572 1628 705 1699 (12),
736 1625 833 1685 τὰς
864 1622 1141 1687 ἀσθενείας
1176 1626 1337 1696 ἡμῶν
1387 1616 1620 1678 ἀνέλαϐε
1649 1622 1738 1676 καὶ
1771 1621 1866 1682 τὰς
1898 1620 2089 1682 νόσους

428 1710 712 1769 ἐϐάστασεν
772 1717 901 1785 (13).
963 1714 1115 1769 Ἐπεὶ
1170 1713 1269 1787 γὰρ
1334 1710 1405 1767 δι’
1461 1710 1733 1783 ἁμαρτίας
1776 1710 2027 1774 εἰσῆλθεν
2063 1710 2090 1763 ὁ

430 1806 651 1865 θάνατος
685 1802 760 1864 εἷς
790 1803 881 1856 τὸν
915 1802 1120 1874 κόσμον
1156 1805 1289 1875 (14),
1340 1806 1442 1861 53
1496 1800 1602 1857 ἔδει
1632 1803 1722 1857 τὸν
1760 1805 2087 1876 Λυτροῦσθαι

429 1889 707 1965 μέλλοντα
766 1894 1147 1967 ἀναμάρτητον
1206 1893 1341 1947 εἶναι
1395 1894 1485 1948 καὶ
1522 1894 1597 1967 μή
1642 1896 1723 1965 τῷ
1755 1892 1967 1963 θανάτῳ
2002 1888 2089 1945 διὰ

418 1981 519 2048 τῆς
548 1983 813 2059 ἁμαρτίας
845 1981 1163 2039 ὑπεύθυνον,

492 2163 615 2219 Ἐπὶ
654 2162 947 2241 τριάκοντα
978 2161 1034 2218 δὲ
1077 2161 1308 2239 χρόνοις
1338 2169 1458 2225 τοῖς
1508 2162 1819 2239 ἀνθρώποις
1854 2183 2086 2216 συνανα-

418 2254 699 2329 στραφεὶς,
760 2248 1058 2323 ἐϐαπτίσθη
1121 2250 1175 2307 ἐν
1249 2257 1329 2326 τῷ
1386 2250 1632 2328 Ἰορδάνῃ
1685 2257 1920 2324 ποταμῷ
1986 2252 2088 2306 ὑπὸ

421 2343 698 2412 Ἰωάννου,
757 2341 952 2416 ἀνδρὸς
1015 2343 1171 2417 ἁγίου
1229 2344 1318 2397 καὶ
1377 2342 1590 2397 πάντων
1641 2347 1749 2397 τῶν
1783 2345 2085 2419 προφητῶν

419 2431 833 2508 ὑπερκειμένου.
885 2435 1282 2494 Βαπτισθέντος
1343 2430 1400 2487 δὲ
1458 2432 1644 2502 αὐτοῦ,
1686 2434 1838 2511 φωνὴ
1872 2432 2081 2505 ἠνέχθη

416 2522 709 2597 οὐρανόθεν
743 2521 803 2577 ἐκ
860 2524 957 2577 τοῦ
1012 2527 1145 2578 Θεοῦ
1198 2523 1289 2577 καὶ
1352 2524 1585 2597 ΙῙατρὸς,
1634 2521 1884 2597 λέγουσα·
1920 2520 2088 2581 Οὗτός

415 2612 703 2684 ἐστινί15)
761 2614 788 2668 ὁ
846 2614 971 2675 Υἱὸς
1046 2635 1152 2686 μου
1211 2614 1237 2669 ὃ
1296 2612 1596 2689 ἀγαπητὸς,
1632 2612 1760 2684 ένῷ
1794 2610 2082 2680 εὐδόκησα,

413 2702 523 2760 Καὲ
550 2705 610 2758 τὸ
648 2709 869 2777 Πνεῦμα
920 2704 983 2758 τὸ
1044 2704 1197 2778 ἅγιον
1234 2702 1284 2758 ὲν
1329 2702 1458 2758 ε”δει
1514 2708 1833 2777 περιστερᾶς
1876 2699 2088 2767 κατ-ῆλο

415 2804 508 2857 θεν
562 2793 645 2848 ἐπ’
700 2793 883 2849 αὐτὸν.
944 2794 1037 2848 Καὶ
1100 2793 1334 2848 ἀπο-τότε
1392 2793 1593 2868 ἤρξατο
1649 2798 1853 2864 σημεῖα
1907 2787 2084 2844 ποιεῖν

419 2882 636 2958 μεγαλα
688 2886 799 2957 (16)
855 2883 943 2938 καὶ
1021 2884 1327 2955 Θαυμαστὰ,
1401 2882 1623 2957 νεκροὺς
1677 2882 1930 2949 ἀνιστῶν,
1989 2901 2082 2933 τυ-

416 2970 597 3051 φλοὺς
656 2972 926 3051 φωτίζων,
988 2972 1251 3046 δαίμονας
1308 2973 1654 3042 ἀπελαῦνων,
1713 2978 1933 3048 κωφοὺς
1990 2968 2080 3023 καὶ

413 3060 662 3125 κυλλοὺς
706 3062 1039 3138 θεραπεύων,
1103 3062 1342 3138 λεπροὺς
1397 3062 1724 3136 καθαρίζων,
1758 3063 1842 3115 καὶ
1878 3082 2079 3114 παντα-

422 3150 590 3231 χόθεν
644 3153 1004 3224 ἀνακαινίζων
1060 3156 1159 3223 τήν
1220 3151 1624 3209 παλαιωθεῖσαν
1684 3155 1844 3225 ἡμῶν
1897 3150 2077 3229 φύσιν,

414 3244 568 3322 ἔργῳ
608 3266 667 3300 τε
722 3245 813 3300 καὶ
873 3245 1024 3323 λόγῳ
1082 3243 1353 3301 παιδεύων
1402 3247 1492 3301 καὶ
1545 3243 1813 3300 διδάσκων
1844 3244 1942 3312 τὴν
1976 3249 2073 3311 τῆς

2209 637 2358 691 labis
2374 636 2568 691 omnis
2582 642 2818 707 experte
2844 636 3097 708 Virginis
3121 643 3289 691 utero
3303 639 3758 709 conceptus,sed
3780 657 3851 696 ex

2208 727 2426 798 Spiritu
2461 726 3207 796 sancto.quemadmodum
3236 733 3374 781 ante
3405 729 3860 799 conceptionem

2206 817 2700 888 archangelorum
2734 833 2886 871 unus
2904 818 3119 873 missus
3138 824 3246 879 est.
3267 818 3367 889 qui
3389 835 3601 873 novam
3625 818 3790 874 illam
3807 824 3867 875 et

2206 906 2619 964 admirandam
2654 908 3104 977 conceptionem
3138 908 3360 981 Virgini
3394 910 3721 964 nuntiaret.
3766 912 3865 964 Et-

2205 1000 2367 1055 enim
2384 998 2484 1052 Dei
2499 996 2765 1052 Filius’ex
2782 997 3001 1067 Spiritu
3028 1004 3231 1053 sancto
3250 1000 3379 1055 sine
3408 1000 3634 1056 semine
3650 1018 3866 1057 conce-

2204 1094 2341 1160 ptus
2373 1092 2500 1142 est:
2536 1091 2962 1157 compactaque
2982 1087 3091 1140 sibi
3124 1088 3184 1141 in
3216 1088 3470 1161 Virginis
3494 1095 3662 1146 utero
3679 1108 3857 1147 carne

2204 1178 2466 1233 animata
2489 1178 2692 1232 anima
2710 1176 2958 1231 rationis
2981 1193 3045 1229 ac
3066 1178 3285 1231 mentis
3308 1180 3614 1251 participe.
3638 1180 3865 1252 prodiit

2204 1270 2262 1322 in
2297 1286 2413 1322 una
2446 1284 2723 1338 persona,
2758 1271 2814 1320 et
2846 1265 3076 1321 duabus
3098 1268 3860 1338 naturis,'perfectusDeus,

2202 1366 2259 1413 et
2292 1359 2467 1413 homo
2500 1358 2797 1428 perlectus
2823 1375 2835 1422 ;
2866 1357 3070 1411 matris
3102 1356 3497 1425 virginitatem
3528 1361 3705 1414 etiam
3730 1364 3863 1430 post

2200 1456 2435 1520 partum
2470 1448 2541 1502 ab
2559 1448 2718 1501 omni
2742 1446 2871 1501 labe
2892 1463 3250 1501 conservans
3294 1451 3481 1518 Atque
3510 1448 3717 1503 iisdem
3732 1466 3857 1503 om-

2200 1539 2341 1593 nino
2375 1537 2594 1608 quibus
2628 1555 2761 1592 nos.
2794 1543 3036 1608 excepto
3063 1543 3324 1609 peccato,
3351 1538 3733 1608 passionibus
3756 1538 3864 1592 ob-

2199 1630 2412 1683 noxius
2435 1631 2682 1683 eﬂ'ectus
2706 1627 3378 1698 (Heb.iv),:inﬁrmitates
3402 1634 3635 1683 nostras
3657 1645 3860 1683 susce-

2200 1721 2304 1791 pit,
2340 1737 2407 1774 ac
2440 1719 2678 1773 morbos
2712 1725 2951 1772 nostros
2982 1718 3233 1789 portavit
3256 1719 3517 1789 (Isa.Lm)
3567 1719 3859 1783 Quoniam

2200 1810 2359 1864 enim
2394 1826 2497 1879 per
2528 1814 2836 1879 peccatum
2883 1824 3042 1862 mors
3084 1808 3145 1861 in
3194 1807 3487 1861 mundum
3544 1808 3857 1863 introierat

2199 1903 2471 1969 (Itom.v,
2515 1915 2760 1953 necesse
2809 1903 2937 1952 erat
2983 1903 3047 1951 ut
3104 1898 3206 1967 qui
3257 1896 3690 1968 redemptionis
3723 1913 3857 1952 mu-

2200 2006 2341 2043 nere
2374 1989 2794 2060 perfuncturus
2845 1993 2990 2052 erat,
3044 1987 3115 2041 ab
3166 1988 3329 2041 omni
3376 1993 3617 2058 peccato
3666 2003 3852 2059 purus

2201 2087 2376 2149 esset,
2412 2081 2755 2151 peccatique
2788 2078 2966 2134 morti
2997 2078 3247 2133 minime
3279 2078 3590 2134 obnoxius.

2270 2170 2529 2241 Triginta
2543 2187 2718 2241 porro
2744 2169 2918 2223 annis
2950 2185 3085 2223 cum
3106 2168 3452 2223 hominibus
3475 2173 3763 2232 versatus,
3787 2167 3852 2223 in

2198 2260 2470 2316 Iordanis
2486 2259 2661 2315 undis
2676 2261 2943 2315 aJoanne
2958 2260 3079 2313 viro
3100 2264 3304 2313 sancto
3335 2276 3401 2313 ac
3425 2259 3850 2329 prophetarum

2199 2351 2468 2405 omnium
2485 2350 2872 2421 prmstantissi
2885 2349 3331 2420 mo,baptizatus
3346 2356 3433 2403 est
3462 2351 3658 2419 quue
3671 2348 3858 2420 bapti-

2198 2447 2321 2495 zato
2357 2459 2460 2495 vox
2494 2440 2785 2510 ejusmodi
2821 2440 2892 2493 de
2926 2440 3071 2495 caelo
3104 2456 3138 2494 a
3170 2440 3286 2493 Deo
3323 2441 3492 2493 Patre
3516 2438 3713 2493 delata
3735 2443 3854 2493 est:

2202 2531 2302 2584 Hic
2326 2537 2415 2584 est
2438 2530 2619 2584 Filius
2644 2547 2809 2584 meus
2829 2530 3082 2584 dilectus
3135 2529 3194 2583 in
3220 2546 3336 2599 quo
3360 2528 3503 2582 milii
3527 2528 3679 2583 bene
3693 2544 3854 2582 com-

2199 2620 2393 2690 placui
2421 2623 2600 2678 (Luca:
2636 2620 2713 2689 ιιι)
2742 2636 2753 2673 :
2784 2626 2962 2689 atque
3003 2618 3257 2688 Spiritus
3290 2624 3532 2673 sanctus
3565 2617 3854 2673 columba;

2199 2710 2393 2780 specie
2419 2710 2478 2764 in
2494 2709 2689 2779 ipsum
2717 2708 3025 2763 descendit
3055 2711 3133 2762 Ac
3148 2708 3431 2779 deinceps
3450 2724 3660 2780 magna
3674 2706 3849 2762 etad-

2197 2800 2468 2853 miranda
2500 2800 2667 2870 signa
2699 2799 2934 2853 efticeie
2963 2798 3155 2868 erepit.
3184 2804 3450 2851 mortuos
3472 2797 3744 2851 videlicet
3776 2795 3852 2851 ad

2195 2890 2371 2942 vitam
2406 2906 2706 2950 revocans,
2733 2888 2903 2942 carcis
2937 2888 3126 2941 lucem
3152 2889 3433 2941 efferens.
3458 2887 3761 2941 daemones
3782 2887 3845 2939 in

2193 2980 2389 3050 fugam
2424 2986 2678 3044 vertens,
2712 2978 2923 3033 surdos
2955 2984 3013 3031 et
3042 2976 3285 3031 claudos
3318 2994 3555 3042 curans,
3580 2976 3846 3047 leprosos

2194 3088 2474 3142 purgans,
2490 3078 2668 3141 atque
2688 3070 3074 3123 inveteratam
3094 3075 3365 3123 naturam
3384 3074 3645 3123 nostram
3670 3066 3846 3121 undi-

2192 3180 2308 3233 que
2332 3160 3047 3232 renovans,operibusque
3064 3159 3438 3223 erudiens,ac
3452 3158 3683 3212 virtutis
3695 3157 3847 3212 viam

2193 3252 2470 3313 edocens.
2492 3258 2667 3322 atque
2690 3268 2723 3305 a
2743 3251 3125 3321 corruptione
3143 3248 3587 3310 abstrahens,et
3607 3246 3681 3302 ad
3698 3264 3850 3303 sem-

411 3336 615 3411 ἀρετῆς
648 3335 795 3404 ὁδὸν,
856 3339 955 3405 τῆς
1018 3336 1112 3410 μὶν
1175 3338 1377 3414 φθορᾶς
1438 3337 1682 3410 ἀπάγων,
1716 3336 1854 3411 πρὸς
1888 3332 1944 3388 δὲ
1974 3335 2072 3401 τήν

2201 3343 2493 3413 piternam
2518 3342 2693 3395 vitam
2720 3340 2831 3394 iter
2852 3346 3211 3394 monstrans.
3240 3338 3405 3393 Unde
3425 3338 3604 3392 etiam
3626 3335 3851 3391 duode-

515 3427 529 3445 κ
700 3424 724 3443 λ
809 3431 835 3441 ιιι·
978 3427 993 3445 κ
1128 3424 1182 3446 ’.Ι
1382 3429 1406 3447 η
1668 3425 1682 3442 \
1916 3423 1929 3441 κ

416 3431 566 3495 ζωην
618 3444 878 3501 ποοηγων
933 3447 1033 3495 την
1089 3447 1331 3481 αιωνιον.
1409 3428 1543 3490 Οθεν
1594 3447 1684 3480 και
1724 3427 1969 3497 μαθητας
2005 3425 2087 3493 ἐξ·

411 3514 640 3586 ελέξατο
693 3512 925 3583 δώδεκα,
981 3514 1073 3578 οῦς
1121 3515 1212 3570 καὶ
1271 3514 1615 3576 ἀποστόλους
1670 3514 1913 3569 ἐκάλεσε⁸
1994 3512 2085 3567 καὶ

407 3604 702 3679 κηρύττειν
762 3604 952 3668 αὐτοῖς
1009 3603 1270 3679 ἐπέτρεψε
1321 3606 1420 3673 τὴν
1483 3603 1736 3679 οὐράνιον
1771 3602 2084 3670 πολιτείαν,

419 3696 491 3767 ἥν
548 3695 715 3767 ἦλθεν
772 3697 855 3753 ini
916 3704 1018 3767 τῆς
1074 3704 1176 3774 γῆς
1234 3693 1593 3767 ἐνδείξασθαι,
1644 3695 1734 3750 καὶ
1794 3695 2085 3767 οὐρανίους

412 3789 552 3853 τοὺς
576 3789 861 3852 ταπεινοὺς
921 3793 1071 3863 ἡμᾶς
1128 3791 1220 3845 καὶ
1282 3788 1563 3865 ἐπιγείους
1614 3792 1682 3863 τῇ
1733 3788 1901 3843 αὐτοῦ
1934 3787 2085 3843 οἰκο-

420 3880 594 3953 νομίᾳ
620 3879 856 3937 τελέσαι.

492 3971 687 4043 Φθόνῳ
748 3967 804 4025 δὲ
860 3977 958 4039 τῆς
1018 3972 1336 4042 θαυμαστῆς
1392 3969 1560 4024 αὐτοῦ
1607 3970 1697 4023 καὶ
1746 3970 2085 4039 θεοπρεποῦς

410 4060 705 4123 πολιτείας
765 4060 856 4115 καὶ
912 4064 1023 4114 τῶν
1076 4059 1316 4135 ἀπείρων
1378 4060 1668 4133 θαυμάτων
1699 4059 1749 4113 οἱ
1801 4061 2085 4135 ἀρχιερεῖς

401 4151 497 4208 καὶ
530 4150 770 4226 ἀρχηγοὶ
822 4154 931 4205 τῶν
984 4146 1294 4212 Ἰουδαίων,
1345 4148 1470 4211 ἔνθα
1520 4147 1585 4218 δὴ
1619 4148 1709 4204 καὶ
1744 4149 1839 4210 τάς
1874 4146 2082 4221 διατρι-

406 4236 511 4302 ϐὰς
571 4238 835 4307 ἐποιεῖτο,
921 4240 1200 4311 μανέντες,
1286 4240 1475 4312 οἷσπερ
1559 4238 1624 4292 τὰ
1706 4242 2083 4311 προειρημένα

403 4332 697 4403 θαυμαστὰ
729 4334 934 4401 σημεῖα
992 4330 1081 4383 καὶ
1140 4330 1338 4401 τέρατα
1390 4332 1501 4399 (17)
1552 4331 1866 4398 πεποιήκει,
1900 4329 2090 4401 ἀμνη-

409 4423 749 4494 μονήσαντες
841 4418 1080 4485 πάντων,
1162 4421 1378 4490 θανάτῳ
1491 4418 1654 4472 αὐτὸν
1709 4416 2085 4473 κατεδίκασαν,

404 4508 636 4570 διιὲνα
691 4514 799 4565 τῶν
862 4513 1130 4583 μαθητῶν
1194 4508 1362 4562 αὐτοῦ
1422 4506 1497 4569 εἷς
1552 4504 1851 4581 προδοσίαν
1895 4529 2087 4583 συναρ-

404 4602 698 4662 πάσαντες·
759 4599 873 4669 καῖ,
928 4600 1303 4673 κρατήσαντες
1361 4597 1546 4663 αὐτὸν,
1594 4603 1712 4659 τοῖς
1762 4596 1967 4653 ἔθνεσιν
2001 4598 2088 4654 ἔκ·

2196 3433 2309 3487 cim
2353 3431 2678 3503 discipulos
2716 3430 2893 3501 elegit
2924 3429 3141 3497 (Matth.
3195 3430 3335 3499 χιι),
3370 3445 3517 3499 quos
3548 3426 3851 3498 apostolos

2193 3539 2269 3575 no
2282 3520 2814 3591 minavitcipsisque
2833 3519 3134 3590 negotium
3149 3517 3389 3571 deditut
3402 3516 3703 3571 caalestem
3717 3516 3853 3569 vita;

2194 3612 2487 3665 rationem
2514 3608 2929 3680 praedicarent,
2949 3625 3124 3678 quam
3144 3613 3208 3660 ut
3224 3607 3286 3660 in
3310 3612 3467 3660 terra
3488 3605 3852 3671 ostenderet,

2193 3715 2259 3753 ac
2293 3715 2402 3753 nos
2426 3698 2683 3752 humiles
2707 3703 2765 3752 et
2784 3703 3053 3751 terrenos
3068 3713 3175 3767 per
3193 3694 3669 3751 incarnationem
3683 3708 3853 3749 suam

2193 3788 2463 3842 cmlestes
2491 3788 2773 3856 efficeret,
2804 3792 3062 3855 venerat,

2266 3970 2486 4023 Atvero
2504 3968 2868 4022 admiranda}
2893 3967 3079 4038 ipsius
3102 3983 3168 4021 ac
3192 3966 3405 4021 Deitati
3428 3968 3847 4020 consentanea;

2191 4060 2320 4113 vitae
2335 4066 2510 4129 atque
2527 4058 2899 4113 intinitorum
2917 4057 3337 4112 miraculorum
3353 4056 3571 4110 invidia
3583 4054 3850 4109 etfurore

2193 4150 2472 4205 commoti
2505 4149 2839 4203 Judaaorum
2876 4149 3188 4219 pontifices
3215 4166 3281 4203 ac
3315 4146 3638 4219 principes,
3691 4142 3851 4215 apud

2194 4260 2342 4314 quos
2367 4241 2595 4295 scilicet
2616 4242 3116 4302 commorabatur,
3143 4246 3202 4295 et
3224 4240 3295 4294 ad
3344 4255 3598 4310 quorum
3622 4235 3847 4290 utilita-

2197 4338 2311 4387 tem
2345 4331 2414 4385 ad
2428 4332 2695 4385 miranda
2720 4330 3063 4401 hujusmodi
3092 4329 3255 4399 signa
3282 4335 3338 4382 et
3362 4328 3626 4399 prodigia
3650 4338 3855 4398 perpe-

2196 4427 2378 4476 trarat
2408 4421 2837 4475 beneﬁciorum
2853 4421 3120 4474 omnium
3140 4420 3687 4481 immemores,eum
3705 4435 3853 4472 mor-

2194 4518 2249 4566 te
2270 4529 2363 4564 mu
2378 4512 2745 4571 ltarunt,uno
2763 4511 3044 4565 nimirum
3066 4527 3133 4564 ex
3150 4510 3335 4580 ipsius
3350 4508 3661 4579 discipulis
3674 4508 3748 4562 ad
3763 4509 3849 4579 ip-

2195 4618 2323 4656 sum
2342 4601 2713 4671 prodendum
2728 4607 2985 4672 arrepta,
3011 4600 3629 4671 comprehensumque
3652 4598 3848 4669 ipsum

411 4691 577 4748 δοτον
629 4691 728 4759 τὴν
794 4692 938 4760 ζωὴν
998 4694 1103 4745 τῶν
1168 4690 1416 4744 ἁπάντων
1476 4687 1830 4759 ἐποιήσαντο,
1866 4688 2083 4761 ἑκουσίᾳ

2201 4690 2465 4765 gentibus
2479 4691 3331 4761 dediderunt,ipsum,inquam
3344 4690 3464 4761 .qui
3481 4690 3749 4743 omnium
3764 4689 3849 4741 vi-

409 4780 594 4857 βουλῇ
648 4784 816 4835 ταῦτα
868 4777 1298 4851 καταδεξαμένου
1376 4777 1562 4836 αὐτοῦ.
1620 4780 1795 4835 Ἦλθε
1846 4782 1948 4855 γὰρ
2010 4778 2080 4835 δι’

401 4875 564 4946 ἡμᾶς
622 4872 798 4927 πάντα
855 4876 1068 4935 παθεῖν,
1122 4868 1190 4923 ’ἶν’
1246 4872 1395 4942 ἡμᾶς
1449 4873 1559 4924 τῶν
1620 4874 1805 4934 παθῶν
1860 4871 2077 4945 ἐγευθε-

404 4963 590 5043 ρώσῃ.
634 4959 828 5017 Πολλᾶ
884 4958 943 5015 δὲ
1001 4959 1077 5023 εἷς
1129 4959 1288 5015 αὐτὸν
1347 4957 1737 5032 ἐνδειξάμενοι,
1770 4965 1986 5035 σταυρῷ
2016 4963 2076 5016 τὸ

2193 4787 2249 4837 ta
2264 4787 2409 4847 erat,
2425 4798 2491 4836 ac
2506 4787 2714 4852 sponte
2729 4780 2854 4835 hmc
2869 4779 3249 4851 suscipiebat.
3274 4780 3391 4833 Hac
3407 4780 3564 4834 enim
3580 4778 3653 4833 de
3668 4793 3847 4833 causa

2190 4874 2371 4939 venit,
2396 4878 2461 4927 ut
2480 4878 2685 4927 nostra
2706 4888 2885 4927 causa
2897 4871 3099 4926 omnia
3112 4876 3668 4941 perpeteretur,quo
3682 4868 3847 4923 vide-

2189 4962 2447 5017 licetnos
2462 4978 2495 5017 a
2521 4962 2747 5017 vitiosis
2762 4961 3181 5017 affectionibus
3204 4960 3264 5013 in
3286 4959 3625 5014 libertatem
3646 4957 3842 5013 vindi-

485 5165 795 5241 (11)]οειῐι.
828 5182 869 5231 ι,
906 5168 969 5220 13
998 5181 1010 5220 :
1043 5162 1110 5221 Οἳ
1143 5160 1242 5217 οὐκ
1273 5160 1321 5235 ἐξ
1354 5161 1622 5235 αἱμάτων,
1655 5159 1783 5217 οὐδὲ
1814 5162 1872 5218 ix
1910 5164 2223 5238 θελήματος
2283 5165 2500 5241 σαρκὸς,
2554 5163 2679 5220 οὐδὲ
2737 5165 2797 5220 ἐκ
2854 5164 3167 5238 θελήματος
3218 5157 3435 5239 ἀνδρός,
3467 5160 3595 5218 ἀλλ’
3624 5159 3685 5218 ἐκ
3709 5164 3843 5218 Θεοῦ

403 5240 777 5315 ἐγεννήθησαν
788 5280 799 5293 .

482 5302 600 5381 (12)
630 5302 813 5382 Epist.
849 5310 920 5383 ad
950 5308 1123 5383 Hebr.
1159 5325 1230 5383 Iv,
1288 5310 1349 5362 16
1380 5325 1392 5361 :
1437 5304 1521 5383 _O_'3
1579 5306 1680 5383 γαρ
1740 5302 1971 5383 ἔχομεν,
2001 5311 2086 5383 ἀρ]

2203 5309 2260 5363 έα
2325 5310 2399 5381 μή
2464 5307 2760 5381 δυνάμενον
2798 5311 3148 5382 συμπαθῆσαι
3178 5314 3297 5370 ταῖς
3326 5305 3623 5369 ἀσθενείαις
3653 5309 3840 5383 ἡμῶν,

397 5377 842 5457 πεπειρασμένον
877 5378 933 5435 δὲ
962 5380 1098 5435 κατὰ
1126 5377 1299 5433 πάντα
1329 5380 1447 5442 καθ’
1480 5377 1809 5452 ὁμοιότητα,
1834 5377 2011 5457 χωρὶς
2043 5377 2333 5456 ἁμαρτίαςξ

483 5458 600 5525 (13)
636 5456 834 5511 Matth.
871 5472 979 5511 vin.
1018 5458 1069 5509 7.

478 5523 593 5595 (14$
626 5529 811 5601 Epist.
843 5527 919 5584 ad
951 5529 1118 5583 Rom.
1150 5542 1203 5594 ν,
1241 5528 1345 5580 122
1380 5524 1458 5577 Δι’
1489 5524 1602 5586 ἑνὸς
1649 5524 1943 5601 ἀνθρώπου
1971 5527 2006 5597 ἡ
2040 5526 2278 5601 ἁμαρτία
2327 5525 2406 5590 εἷς
2462 5526 2556 5584 τόν
2610 5526 2818 5600 κόσμον
2870 5524 3113 5597 εἰσῆλθε,
3140 5527 3229 5582 καὶ
3266 5523 3358 5581 διὰ
3384 5529 3482 5596 τῆς
3514 5524 3778 5602 ἁμαρτίας
3806 5528 3835 5583 ὁ

396 5599 661 5668 θάνατος.

477 5675 591 5745 (15)
624 5674 825 5729 Matth.
856 5689 937 5733 ιιι.
973 5674 1060 5727 17.

622 5746 1006 5823 δίζηαι-ειη,
1039 5743 1113 5823 24
1137 5757 1151 5796 :
1185 5740 1428 5795 Δώσουσι
1460 5745 1661 5815 σημεῖα
1694 5740 1906 5819 μεγάλα
1934 5745 2025 5801 καὶ
2054 5746 2271 5823 τέρατα.

478 5820 596 5892 (17)
626 5818 711 5875 Cf.
742 5836 801 5891 p.
836 5818 905 5872 50
932 5821 990 5873 et
1018 5819 1160 5873 nota
1182 5830 1361 5887 prmc.
