4100 6378
387 418 500 477 919

389 638 813 694 contaminatas
835 637 1306 693 Christianorum
1330 636 1465 693 fidei
1483 635 1825 694 velutradix
1841 654 1909 694 ac
1922 656 2047 693 cer-

387 732 513 783 tum
541 728 998 783 fundamentum
1022 726 1203 783 divini
1226 727 1710 801 baptismigratia
1724 733 2050 799 est.utqum

387 818 589 873 omnia
616 834 649 872 a
678 818 982 874 nativitate
1015 824 1320 874 contracta
1349 824 1593 890 peccata
1625 818 1843 891 expiet.
1871 824 2051 889 atque

387 923 457 964 ea
480 907 939 979 inquinamenta
961 924 1093 979 quae
1117 925 1187 962 ex
1208 908 1347 963 vitio
1371 907 1630 964 conﬂata
1652 913 2049 981 suntprorsus

388 1002 693 1069 expurget.
720 996 812 1052 Sic
835 997 994 1053 enim
1020 996 1615 1066 Salvatormandavit,
1632 1005 1695 1053 ut
1712 1015 2049 1071 pet-aquam

388 1101 457 1141 ac
475 1085 759 1157 Spiritum
782 1102 1226 1160 regeneremur.
1243 1094 1421 1159 atque
1434 1089 1507 1144 ad
1521 1095 1776 1144 veterem
1796 1088 2049 1162 dignita-

388 1179 510 1229 tem
526 1173 844 1231 redeamus
862 1193 874 1230 :
891 1176 1342 1248 perorationem
1356 1177 1631 1233 videlicet
1645 1195 1708 1233 ac
1725 1178 2047 1234 salutarem

391 1264 857 1331 invocationem,
889 1265 962 1321 ad
986 1283 1203 1338 aquam
1235 1268 1553 1323 accedente
1576 1268 1797 1341 Spiritu
1818 1274 2046 1326 sancto.

392 1353 767 1425 Baptizamur
786 1355 965 1428 igitur
977 1357 1151 1429 juxta
1175 1357 1491 1413 Salvatoris
1509 1375 1845 1414 sermonem
1860 1358 1922 1413 in
1943 1375 2048 1414 no-

397 1443 560 1499 mine
578 1444 770 1500 Patris
793 1450 852 1500 et
874 1444 1007 1500 Filii
1031 1451 1089 1500 et
1111 1446 1363 1519 Spiritus
1385 1448 1574 1503 sancti
1597 1448 1800 1506 (Matth
1828 1449 2049 1519 xxvm).

395 1533 592 1604 Atque
616 1534 702 1589 ita
725 1534 978 1607 Spiritus
999 1537 1187 1609 gratia
1208 1537 1267 1592 in
1293 1538 1421 1610 ejus
1445 1539 1545 1609 qui
1567 1537 1898 1610 baptizatur
1922 1538 2049 1595 ani-

394 1640 494 1679 ma
517 1622 888 1694 immoratur,
908 1626 1379 1696 eamillustrans,
1405 1644 1472 1683 ac
1493 1627 1747 1683 divinam
1766 1628 2049 1693 reddens,

397 1718 576 1783 atque
591 1713 911 1787 imaginem
926 1714 1090 1772 illam
1106 1733 1171 1772 ac
1186 1717 1857 1781 similitudinemDei.ad
1871 1735 2050 1790 quam

397 1803 640 1858 condita
661 1810 765 1859 est.
792 1805 903 1877 ipsi
922 1806 1285 1875 instaurans,
1310 1809 1391 1863 Ac
1413 1808 1714 1880 deinceps.
1749 1809 2050 1867 veteribus

1922 420 2265 477 ADDBNDA
2276 455 2293 476 .

456 547 566 604 Ille
586 551 786 604 autem
817 547 892 603 ad
918 545 1662 621 eum'respondit:Sanctae
1676 546 1859 620 hujus
1872 551 1930 603 et
1949 547 2041 604 in-
2073 549 2125 615 Α

3706 422 3829 480 920

2231 546 2471 607 Ἐκεῖνος
2530 542 2588 601 δὲ
2643 545 2784 619 πρὸς
2870 544 3029 602 αὐτὸν
3116 544 3441 623 ἀπεκρίνατο
3509 550 3646 622 (33)‘
3706 550 3834 618 Τῆς

2161 633 2313 711 ἁγίας
2366 633 2570 705 ταύτης
2625 636 2714 690 καὶ
2777 636 3089 710 ἀμωμήτου
3166 640 3274 691 τῶν
3334 641 3669 712 Χριστιανῶν
3725 640 3826 692 πί-

2163 744 2332 788 στεως
2386 723 2509 800 ῥίζα
2567 724 2749 800 ὥσπερ
2808 727 2898 780 καὶ
2980 723 3231 795 ἇσωαλὴς
3289 722 3577 802 ὑποϐάθρα
3628 729 3664 796 ἡ
3720 730 3826 782 τοῦ

2161 814 2310 878 θείου
2346 814 2723 890 βαπτίσματος
2764 814 2998 891 ὑπάρχει
3061 814 3251 891 χάρις,
3310 817 3521 870 πάντων
3565 821 3677 870 τῶν
3711 816 3824 871 ἀπὸ

2156 905 2412 979 γενέσεως
2455 904 2865 978 ἁμαρτημάτων
2928 905 3188 979 κάθαρσιν
3250 901 3475 980 ἔχουσα,
3533 905 3623 960 καὶ
3683 926 3825 960 παν-

2153 994 2289 1064 τελῆ
2352 992 2509 1071 ῥύψιν
2558 998 2669 1049 τῶν
2726 994 2833 1050 ἀπὸ
2911 994 3104 1059 κακίας
3151 990 3577 1060 ἐπεισελθόντων
3634 993 3822 1068 μολυ-

2157 1083 2401 1156 σμάτων.
2462 1083 2621 1142 Οὕτω
2673 1084 2776 1161 γαρ
2830 1084 2860 1139 ὁ
2916 1086 3111 1158 Σωτὴρ
3172 1084 3476 1141 ἐνετείλατο
3518 1081 3822 1147 δι’ὕδατος

2156 1174 2535 1248 ἁναγεννᾶσθαι
2566 1174 2657 1230 καὶ
2692 1172 3004 1247 Πνεύματος
3057 1174 3195 1248 (39),
3250 1174 3341 1230 καὶ
3380 1174 3457 1238 είς
3487 1175 3550 1231 τὸ
3579 1173 3824 1251 ἀρχαῖον

2157 1262 2509 1339 ἐπανάγεσθαι
2541 1263 2778 1337 ἀξίωμα,
2829 1261 2899 1318 δι’
2939 1262 3224 1334 ἐντεύξεως
3275 1261 3493 1336 δηλαδή
3551 1263 3643 1319 καὶ
3719 1271 3831 1335 τῆς

2156 1352 2438 1430 σωτηρίου
2487 1350 2855 1424 ἐπικλήσεως,
2919 1351 3315 1431 ἐπιφοιτῶντος
3372 1358 3454 1427 τῷ
3505 1351 3660 1409 ὕδατι
3714 1357 3829 1409 τοῦ

2158 1442 2318 1518 ἁγίου
2375 1448 2714 1517 Πνευματος.
2804 1442 3191 1515 Βαπτιζόμεθα
3246 1442 3450 1514 τοίνυν,
3529 1444 3667 1499 κατὰ
3720 1442 3823 1498 τὸν

2158 1530 2329 1608 λόγον
2360 1536 2456 1587 τοῦ
2486 1532 2695 1605 Κυρίου
2727 1534 2863 1607 (40),
2888 1531 2966 1594 εἷς
3022 1532 3084 1587 τὸ
3116 1530 3293 1606 ὄνομα
3320 1536 3418 1587 τοῦ
3465 1531 3697 1608 Πατρὸς,
3725 1530 3828 1586 καὶ

2156 1625 2252 1677 τοῦ
2310 1622 2461 1692 Υίοῦ,
2516 1621 2607 1677 καὶ
2658 1626 2755 1677 τοῦ
2815 1622 2969 1697 ἁγίου
3056 1621 3391 1695 Πνεύματος⁶
3464 1620 3556 1676 καὶ
3642 1620 3831 1686 οὕτως

2158 1711 2363 1767 ἒνο¹κεῖ
2380 1715 2479 1767 τοῦ
2537 1711 2697 1787 ἁγίου
2754 1710 3071 1785 Πνεύματος
3100 1712 3135 1781 ἠ
3198 1713 3361 1787 χάρις
3389 1714 3459 1786 τῇ
3487 1715 3585 1767 τοῦ
3620 1711 3828 1787 βαπτι-

2159 1801 2377 1866 σθέντος
2410 1805 2590 1876 ψυχῇ,
2626 1798 3029 1876 λαμπρύνουσα
3076 1800 3243 1870 αὐτὴν
3276 1800 3367 1857 καὶ
3400 1798 3615 1870 θεοειδῆ
3646 1800 3829 1873 ἀπερ-

398 1892 679 1949 omnibus
700 1893 824 1949 vitii
847 1895 1127 1967 operibus
1148 1897 1240 1971 abj
1253 1897 1418 1956 ectis.
1438 1915 1601 1954 novw
1627 1899 1758 1954 vitae
1774 1916 1904 1955 cum
1931 1900 2043 1954 Deo

2159 1894 2458 1969 γαζομένη,
2490 1890 2581 1946 καὶ
2612 1891 2675 1946 τὸ
2722 1891 2839 1947 κατ’
2899 1889 3078 1946 εθκόνα
3124 1891 3213 1947 καὶ
3246 1892 3361 1946 καθ’
3392 1890 3659 1965 ὁμοίωσιν
3688 1893 3833 1984 Δ(ΑΗ)

399 1986 640 2054 pactum
663 1981 1084 2054 inimus(Naz.,
1128 1992 1271 2041 orat.
1320 1986 1386 2041 de
1412 1993 1589 2042 sanet.
1639 1988 1949 2058 Baptism),
1985 2004 2043 2043 ac

2161 1980 2299 2056 αὐτῇ
2352 1981 2790 2051 ἀνακαινίζουσα·
2850 1982 2941 2036 καὶ
2997 1978 3194 2037 λοιπὸν
3255 1980 3430 2036 πάντα
3484 1980 3553 2036 τὰ
3609 1978 3832 2036 παλαιὰ

393 2072 697 2142 puriorem
714 2072 945 2129 vivendi
966 2074 1263 2131 rationem
1294 2077 1707 2149 auspicamur:
1734 2095 1850 2149 quo
1873 2077 2051 2132 nimi-

391 2177 527 2217 rum
559 2163 739 2218 etiam
762 2162 1103 2219 cohaeredes
1130 2180 1334 2220 eorum
1362 2165 1696 2222 efﬁciamur
1717 2167 1817 2238 qui
1845 2167 1916 2222 ad
1941 2168 2052 2222 im-

392 2253 820 2309 mortalitatem
881 2256 1213 2327 regenerati
1271 2261 1429 2320 sunt,
1499 2273 1569 2313 ac
1625 2258 2051 2324 sempiternam

391 2341 649 2398 salutem
707 2345 1012 2400 consecuti
1075 2350 1233 2401 sunt.
1299 2346 1457 2402 Citra
1511 2345 1875 2418 baptismum
1934 2364 2050 2403 au-

398 2436 518 2487 tem
542 2432 670 2488 ﬁeri
693 2450 813 2489 non
836 2436 1033 2507 potest
1052 2442 1118 2490 ut
1138 2435 1412 2501 puisnam
1444 2436 1663 2493 bonam
1696 2454 1861 2510 spem
1903 2454 2047 2493 con—

394 2528 699 2593 sequatur,
717 2524 1048 2596 quamlibet
1080 2524 1260 2580 etiam
1275 2526 1403 2597 pios
1417 2543 1625 2583 omnes
1647 2527 1866 2599 pietate
1881 2534 2044 2583 ante-

387 2610 679 2667 celluerit.
716 2613 809 2669 Sic
843 2615 1004 2677 enim
1036 2615 1191 2672 Deus
1234 2615 1505 2673 Verbum.
1558 2617 1681 2689 qui,
1733 2623 1800 2672 ut
1845 2617 2049 2691 generi

383 2705 589 2756 nostro
606 2701 859 2758 salutem
882 2704 1582 2774 afferret,humanitatem
1598 2706 2044 2779 suscipit,dixit:

386 2791 577 2847 Amen
591 2791 723 2848 dico
738 2793 920 2861 vobis,
931 2794 1044 2851 nisi
1060 2796 1194 2868 quis
1205 2802 1591 2870 regeneratus
1602 2796 1786 2852 fuerit
1800 2813 1871 2852 ex
1891 2812 2048 2868 aqua

385 2884 445 2937 et
461 2880 681 2953 Spiritu
704 2889 931 2954 sancto,
956 2902 1076 2940 non
1110 2885 1358 2942 intrabit
1380 2887 1442 2943 in
1472 2903 1722 2960 regnum
1757 2886 2043 2943 ccelorum

388 2971 572 3031 (Joan.
598 2973 697 3043 ιιι).
724 2974 1121 3039 Quamobrem
1145 2982 1281 3031 ante
1296 2977 1499 3032 omnia
1517 2983 1573 3033 te
1594 2977 2043 3050 rogo,utanimo

385 3057 521 3115 dem
545 3061 822 3134 accipias,
846 3080 915 3119 ac
941 3065 1139 3120 statim
1164 3065 1585 3122 ardentissimo
1608 3067 1866 3138 quodam
1884 3066 2043 3121 desi-

386 3149 551 3205 derio
569 3151 643 3206 ad
660 3151 1023 3224 baptismum
1045 3155 1430 3223 accedas,nec
1443 3156 1628 3211 ullam
1652 3156 1898 3212 omnino
1916 3173 2042 3212 mo-

386 3255 516 3295 ram
539 3239 824 3297 adhibeas
866 3244 1209 3300 Periculosa
1231 3245 1528 3316 siquidem
1555 3246 1881 3304 estdilatio.
1900 3263 2036 3318 pro-

2157 2078 2259 2141 τῆς
2288 2073 2480 2133 κακίας
2505 2067 2636 2146 ἔργα
2666 2070 3090 2147 ἀπορρίψαντες,
3151 2072 3427 2142 συνθήκην
3487 2070 3626 2145 πρὸς
3684 2070 3825 2127 Θεὸν

2161 2158 2417 2237 δευτέρου
2477 2161 2604 2233 βίου
2661 2161 2751 2215 καὶ
2812 2160 2994 2236 ἀρχὴν
3066 2162 3455 2236 καθαρωτέρας
3534 2157 3830 2223 πολιτείας

2158 2248 2487 2323 ποιούμεθα,
2522 2250 2597 2312 ὡς
2658 2248 2719 2304 ἄν
2772 2249 2863 2305 καὶ
2922 2246 3372 2324 συγκληρονόμοι
3431 2248 3666 2324 ἐσόμεθα
3709 2252 3829 2323 (42)

2156 2344 2264 2394 τῶν
2294 2340 2431 2414 πρὸς
2451 2339 2749 2418 ἀφθαρσίαν
2782 2340 3245 2414 ἀναγεννηθέντων
3297 2338 3387 2395 καὶ
3443 2346 3547 2411 τῆς
3593 2339 3831 2395 αῗωνίου

2158 2430 2433 2507 σωτηρίας
2465 2425 2906 2505 ἐπιλαϐομένων.
2942 2431 3130 2507 Χωρὶς
3192 2428 3251 2487 δὲ
3307 2430 3689 2507 βαπτίσματος
3719 2431 3829 2488 οὐκ

2154 2519 2267 2578 ἔστι
2314 2528 2414 2591 τῆς
2454 2520 2666 2596 ἀγαθῆς
2724 2517 2955 2584 ἐλπίδος
2988 2520 3199 2592 ἐκείνης
3231 2520 3538 2598 ἐπιτυχεῖν,
3587 2523 3689 2580 59
3716 2522 3817 2577 κᾶν

2154 2612 2366 2668 πάντων
2449 2615 2558 2667 τῶν
2647 2605 2887 2666 εὐσεϐῶν
2973 2605 3353 2687 εὐσεϐέστερός
3407 2632 3493 2675 τις
3566 2607 3811 2688 γένηται.

2154 2701 2312 2759 Οὕτω
2366 2701 2469 2778 γὰρ
2528 2701 2558 2756 ὁ
2617 2699 2706 2756 ἐπὶ
2732 2699 2979 2777 σωτηρίᾳ
3006 2703 3102 2756 τοῦ
3122 2702 3315 2777 γένους
3342 2702 3505 2774 ἡμων
3539 2698 3811 2775 ἐνανθρω-

2150 2795 2330 2865 πήσας
2389 2791 2520 2855 Θεὸς
2576 2791 2751 2868 Λόγος
2810 2792 2953 2848 εἶπεν
3014 2794 3150 2866 (43)⁶
3230 2792 3405 2866 Ἀμὴν
3456 2790 3601 2867 λέγω
3661 2791 3815 2866 ὑμῖν,

2150 2882 2239 2939 ἐὰν
2272 2884 2349 2958 μὴ
2386 2883 2787 2960 ἀναγεννηθῆτε
2820 2879 2892 2938 δι’
2945 2879 3142 2946 ὕδατος
3198 2881 3288 2939 καὶ
3350 2880 3689 2955 Πνεύματος,
3750 2881 3815 2938 οὐ

2155 2976 2232 3049 μὴ
2265 2973 2548 3045 εἰσέλθητε
2590 2972 2670 3036 εἷς
2715 2975 2817 3042 τήν
2880 2971 3158 3050 βασιλείαν
3214 2976 3324 3029 τῶν
3383 2973 3654 3047 οὐρανῶν.
3716 2971 3811 3027 Διὸ

2150 3063 2257 3139 πρὸ
2289 3064 2504 3118 πάντων
2529 3063 2668 3132 ἀξιῶ
2720 3083 2780 3118 σε
2834 3065 2901 3137 τῇ
2964 3061 3062 3136 μὶν
3094 3064 3250 3139 ψυχῇ
3284 3059 3531 3133 δέξασθαι
3560 3064 3661 3132 τὴν
3715 3062 3807 3117 πί-

2150 3175 2282 3215 στιν.
2313 3150 2638 3225 προσελθεῖν
2665 3149 2723 3208 δὲ
2780 3151 2938 3217 εὐθὺς
2990 3154 3083 3208 καὶ
3125 3156 3206 3227 τῷ
3266 3151 3603 3229 βαπτίσματι
3653 3152 3806 3225 πόθῳ

2153 3244 2474 3321 θερμοτάτῳ
2512 3243 2599 3298 καὶ
2647 3239 2915 3316 μηδόλως
2973 3241 3110 3318 πρὸς
3159 3246 3324 3298 τοῦτο
3381 3237 3807 3297 ἀναϐάλλεσθαι·

388 3294 403 3295 η
490 3294 511 3295 ,,
548 3294 567 3295 η
630 3294 653 3295 η
866 3294 889 3297 _
920 3294 1209 3300 --____--_
1232 3294 1528 3316 --Ἰν---η
1558 3294 2002 3318 _--_--.._--.r--

379 3330 756 3403 ptereaquod
776 3333 1143 3403 przestitutus
1158 3334 1331 3389 morti
1347 3334 1475 3391 dies
1490 3335 1751 3391 incertus
1770 3337 2037 3392 estJosa~

2155 3294 2488 3390 ξζτῗεῗίζὲζᾲζν
2515 3294 2632 3405 (ιι.)
2647 3294 2832 3409 Elis},
2845 3294 3318 3401 "2.35mi:
3340 3294 3412 3387 τὲ
3427 3294 3808 3403 tanagri

381 3419 529 3491 phat
565 3426 763 3477 autem
807 3422 879 3478 ad
920 3423 1116 3495 ipsum
1158 3423 1329 3479 dixit.
1360 3427 1428 3479 Et
1450 3442 1725 3496 qumnam
1753 3425 1909 3483 bona
1939 3427 2045 3482 illa

384 3513 521 3580 spes‘
541 3515 651 3577 est,
673 3511 845 3583 cujus
869 3512 997 3567 fieri
1022 3529 1194 3584 posse
1221 3514 1447 3587 negasti
1473 3521 1536 3570 ut
1553 3515 1868 3587 quisquam
1893 3517 2043 3574 citra

381 3597 747 3671 baptismum
786 3617 1028 3674 compos
1068 3603 1200 3659 ﬁat?
1221 3603 1511 3670 Quidnam
1543 3604 1719 3661 etiam
1746 3606 1893 3662 illud
1927 3614 2036 3674 est,

380 3688 536 3760 quod
557 3689 842 3747 caelorum
864 3708 1114 3765 regnum
1137 3694 1756 3766 appellas?Undenam
1774 3697 1917 3752 item
1932 3698 2036 3753 Dei

381 3776 755 3836 humanitate
781 3780 974 3837 induti
1014 3782 1193 3839 verba
1212 3780 1526 3840 audivisti?
1544 3785 1795 3851 Quinam
1828 3804 2035 3843 rursus

383 3874 474 3922 est
494 3866 759 3926 incertus
780 3866 1351 3944 morti‘prmstitutus
1386 3874 1534 3942 dies,
1572 3873 1645 3931 de
1672 3893 1786 3947 quo
1822 3877 2035 3949 ingens

377 3955 717 4014 sollicitudo
736 3966 943 4032 pectus
964 3977 1165 4017 meum
1189 3962 1452 4032 subiens,
1477 3966 1833 4022 mceroribus
1845 3983 1913 4023 ac
1925 3966 2031 4022 do-

373 4044 603 4103 loribus
626 4065 837 4106 carnes
859 4068 1025 4108 meas
1047 4054 1307 4118 conficit,
1334 4062 1511 4126 atque
1535 4055 1682 4112 adeo
1705 4058 1900 4129 ipsum
1933 4074 2029 4112 os-

374 4136 529 4192 sium
546 4138 730 4194 robur
746 4141 940 4197 exest?
955 4142 1220 4215 Denique
1238 4150 1438 4200 utrum
1453 4147 1777 4202 morientes
1794 4148 1855 4202 in
1872 4147 2030 4202 nihi-

371 4217 862 4298 lum’dilabimur,
885 4248 962 4287 an
993 4239 1202 4288 contra
1232 4241 1735 4307 postprmsentem
1766 4236 2025 4309 peregri-

2147 3428 2243 3480 τοῦ
2275 3423 2509 3478 θανάτου
2564 3422 2664 3491 τὴν
2722 3420 3081 3498 προθεσμίαν.
3139 3422 3201 3479 Ὀ
3260 3418 3319 3477 δὲ
3377 3422 3611 3499 Ἰωάσαφ
3669 3423 3808 3496 πρὸς

2145 3514 2308 3570 αὐτὸν
2344 3515 2459 3568 εἶπε
2490 3517 2623 3587 (45)·
2658 3511 2759 3568 Καὶ
2788 3511 2870 3575 τίς
2923 3514 2959 3582 ἡ
3023 3511 3200 3588 ἀγαθή
3262 3510 3423 3574 ἐλπὶς
3482 3510 3687 3583 ἐκείνη,
3744 3515 3808 3582 ἧς

2145 3602 2279 3683 ἔφης
2339 3602 2517 3679 χωρὶς
2581 3600 2961 3676 βαπτίσματος
3014 3602 3090 3674 μὴ
3152 3598 3538 3676 ἐπιτυγχάνειν
3572 3620 3586 3671 ;
3617 3602 3705 3663 τίς
3754 3599 3809 3657 δέ

2142 3693 2285 3749 ἐστιν
2317 3694 2486 3766 ἥνπερ
2521 3691 2800 3769 βασιλείαν
2853 3694 2963 3747 τῶν
3020 3690 3264 3766 οὐρανῶν
3318 3689 3624 3754 ἅποκαλεῖς
3658 3716 3673 3760 ;
3704 3692 3806 3746 πό-

2142 3797 2230 3851 θεν
2291 3782 2349 3841 δὲ
2407 3786 2474 3841 τὰ
2519 3788 2618 3841 τοῦ
2667 3783 3189 3860 ἐνανθρωπήσαντος
3247 3786 3386 3839 Θεοῦ
3459 3781 3683 3859 ῥήματα
3741 3782 3800 3838 σὺ

2140 3876 2381 3948 ἀκήκοας
2417 3897 2432 3947 ς
2474 3873 2558 3938 τίς
2589 3872 2647 3930 δέ
2692 3876 2728 3945 ἡ
2777 3878 2876 3930 τοῦ
2933 3873 3166 3929 θανάτου
3216 3870 3426 3943 ἄδηλος
3465 3871 3798 3949 προθεσμία,

2136 3967 2263 4043 περῖ
2293 3966 2362 4035 ἧς
2397 3967 2637 4041 μέριμνα
2667 3961 2882 4035 πολλὴ,
2931 3966 3001 4039 τῇ
3057 3960 3258 4039 καρδίᾳ
3317 3983 3435 4037 μου
3465 3960 3799 4037 ἐνσκηψασα,

2136 4056 2188 4112 ἐν
2222 4055 2421 4118 λύπαις
2452 4055 2544 4111 καὶ
2577 4052 2797 4117 ὀδύναις
2859 4051 3071 4124 δαπανᾷ
3121 4074 3228 4127 μου
3273 4053 3373 4115 τάς
3430 4052 3652 4128 σάρκας,
3706 4052 3797 4107 καὶ

2136 4145 2313 4201 αὐτῶν
2348 4143 2416 4216 δὴ
2448 4149 2558 4201 τῶν
2611 4143 2813 4200 ὀστέων
2871 4146 3230 4211 καθάπτεται,
3283 4142 3375 4199 καὶ
3435 4142 3484 4198 εί
3538 4141 3798 4213 τεθνηξό-

2139 4256 2291 4309 μενοι
2326 4233 2402 4298 είς
2433 4235 2496 4289 τὸ
2531 4234 2607 4307 μή
2643 4233 2700 4288 ὅν
2737 4230 3086 4308 διαλυθῶμεν
3138 4233 3192 4288 οἱ
3222 4231 3530 4308 ἂνθρωποι,
3560 4230 3596 4302 ἢ
3656 4231 3801 4287 ἐστιν

368 4316 676 4374 nationem
700 4319 819 4376 alia
836 4321 953 4377 vita
973 4329 1275 4395 superest:
1296 4324 1422 4381 haec
1441 4326 1606 4381 ethis
1625 4333 2029 4384 consentanea

2155 4322 2279 4391 ιλλη
2302 4345 2385 4387 τις
2419 4324 2579 4399 βιοτὴ
2621 4323 2755 4397 μετά
2811 4324 2912 4392 τὴν
2962 4321 3206 4387 ἐντεῦθεν
3268 4318 3533 4396 ἐκδημίαν
3572 4323 3797 4392 ;Ταῦτα

369 4420 440 4461 ex
470 4411 527 4461 te
561 4408 711 4464 scire
743 4408 1008 4466 aveham.

440 4496 712 4553 Barlaam
734 4498 1079 4571 hujusmodi
1110 4518 1464 4574 responsum
1496 4503 1590 4559 his
1610 4503 1804 4561 verbis
1820 4505 1986 4563 dedit
2010 4525 2024 4564 :

2130 4413 2219 4468 καὶ
2253 4412 2466 4474 τούτοις
2492 4410 2737 4486 ἐπόμτνα
2772 4416 2959 4484 μαθεῖν
2993 4410 3321 4485 ἐπεθύμουν.

2202 4503 2394 4561 80⁸0
2427 4498 2485 4557 δὲ
2542 4500 2817 4577 Βαρλαᾶμ
2872 4499 3129 4565 τοιαύτας
3182 4499 3401 4563 τούτοις
3460 4495 3643 4555 ἐδίδου
3700 4499 3792 4562 τὰς

370 4585 532 4640 Bona
552 4602 622 4641 ea
652 4604 810 4659 spes,
852 4587 926 4644 de
966 4607 1085 4661 qua
1120 4590 1357 4647 locutus
1398 4611 1553 4664 sum,
1577 4597 1743 4667 regni
1766 4596 2024 4652 cmlestis

2155 4592 2446 4669 ιποκρίσεις
2507 4593 2639 4665 (46)·
2705 4592 2766 4647 ἸΙ
2815 4594 2911 4664 μὲν
2969 4589 3146 4666 ἀγαθή
3209 4586 3392 4659 ἐλπὶς,
3449 4584 3519 4659 ἤν
3575 4586 3786 4666 ε’ίρηκα,

368 4675 566 4730 est.Ea
585 4681 786 4732 autem
804 4684 895 4734 est
914 4679 1481 4751 ejusmodi,utnulla
1497 4684 1743 4740 omnino
1758 4686 2021 4743 humana

2161 4688 2225 4755 ἧς
2259 4680 2541 4760 βασιλείας
2569 4680 2682 4738 ἐστὶ
2712 4683 2820 4737 τῶν
2881 4680 3154 4757 οὐρανῶν·
3213 4678 3348 4751 αὕτη
3436 4675 3497 4734 δὲ
3556 4677 3783 4755 γλώσσῃ

576 4784 818 4868 Eemma
845 4785 1161 4868 metricum
1187 4788 1250 4844 in
1279 4790 1328 4845 A
1361 4806 1375 4858 ;
1406 4790 1613 4866 Τρίτην
1645 4790 1914 4868 Βαρλαάμ
1944 4790 2043 4850 διάί

2155 4814 2181 4849 ν
2212 4794 2305 4848 νῦν
2342 4788 2532 4868 βλέπε.

461 4856 549 4917 39)
580 4856 664 4912 Cf.
695 4858 863 4914 Joan.
898 4874 977 4926 ιιι,
1011 4862 1063 4914 5.

454 4927 545 5001 40)
577 4929 659 5001 Cf.
693 4930 896 4985 Matth.
929 4947 1124 5001 xxvm,
1160 4936 1244 4989 19.

451 5000 543 5094 ιι)
564 5000 729 5094 Εοπξῖ-
752 5018 815 5094 ρ-
848 5002 938 5094 es.
1058 5006 1109 5087 3.-

426 5070 539 5213 ἕ42)
571 5073 634 5136 C,
669 5070 940 5145 ἐσῶμεθα,
967 5082 1027 5131 et
1057 5076 1142 5132 sic
1162 5080 1207 5132 Α
1240 5094 1271 5133 e
1305 5080 1692 5137 correctione.
1726 5081 2000 5139 Fluctuat
2027 5082 2218 5140 oratio
2245 5083 2403 5139 inter
2432 5080 2833 5138 solmcismum
2864 5085 2923 5136 et
2950 5079 3414 5137 barbarismum.

446 5144 537 5213 43)
561 5145 728 5203 Joan.
758 5164 841 5213 ut,
875 5149 904 5201 3
942 5165 955 5203 :
988 5148 1188 5213 Ἀμήν,
1221 5149 1366 5213 ἀμὴν
1401 5149 1548 5213 λέγω
1582 5173 1688 5207 σοι·
1722 5152 1811 5208 ἐὰν
1843 5156 1919 5213 μή
1951 5175 2036 5213 τις
2066 5158 2299 5213 γεννηθῆ
2332 5154 2554 5213 ἄνωθεν,
2611 5151 2671 5207 οὐ
2717 5149 2940 5208 δύναται
2998 5150 3133 5207 ἰδεῖν
3187 5152 3288 5213 τὴν
3354 5151 3414 5213 βα

446 5144 537 5229 ἒ3)
561 5145 728 5203 Joan.
758 5144 841 5218 lli,
875 5149 904 5201 3
942 5165 955 5203 :
988 5148 1188 5221 Ἀμήν,
1221 5149 1366 5222 ἀμὴν
1401 5149 1548 5226 λέγω
1582 5173 1688 5207 σοι·
1722 5152 1811 5208 ἐὰν
1842 5156 1919 5227 μή
1951 5175 2036 5219 τις
2066 5158 2299 5231 γεννηθῇ
2332 5154 2554 5225 ἄνωθεν,
2611 5151 2671 5207 οὐ
2717 5149 2940 5208 δύναται
2998 5150 3133 5207 ἰδεῖν
3187 5152 3288 5222 τὴν
3354 5147 3634 5226 βασιλείαν
3677 5150 3774 5204 τοῦ

352 5216 489 5269 Θεοῦ

432 5288 543 5372 (fit)
574 5290 634 5356 C,
667 5286 1034 5372 ἐπικίνδυνος.
1058 5294 1125 5348 In
1156 5295 1376 5372 talibus
1407 5296 1795 5372 varietatibus
1816 5305 2043 5356 neutrui

2155 5299 2481 5372 plerumque
2514 5272 2977 5370 praeferendum.
3002 5296 3086 5353 Cf.
3117 5298 3235 5372 t._I,
3270 5312 3398 5369 pag.
3425 5296 3524 5372 ⁸είκ9,
3579 5311 3642 5350 ιι.
3664 5296 3725 5372 .5
3757 5309 3772 5360 ;

352 5360 513 5415 Notit
565 5379 707 5419 mss.
742 5370 783 5419 t.
822 5365 907 5421 XI.
948 5368 1031 5429 11,

354 5487 528 5576 epist.
556 5522 593 5565 ι.
680 5487 796 5563 3έτ
815 5487 1291 5576 ’Ταὶυῖο”γῖα”ἦ(ἀ¹ξ›’

468 5363 513 5415 it
565 5379 707 5419 mss.
742 5370 783 5419 t.
822 5365 907 5421 XI.
948 5368 1031 5429 11,
1059 5382 1116 5436 p.
1150 5369 1218 5421 89
1251 5386 1265 5431 ;
1298 5370 1507 5424 notula
1537 5370 1611 5424 ad
1636 5371 1857 5427 Plutum
1886 5374 2010 5433 203.
2041 5386 2043 5419 ί

465 5432 487 5497 ἦ
520 5434 660 5500 πὸνη
694 5434 783 5489 καὶ
814 5436 957 5500 ξένη.
987 5438 1069 5491 Ibi
1103 5440 1203 5500 qui
1240 5442 1548 5500 proposuit
1586 5441 2043 5500 εὐκαταφοὸνητος

2155 5363 2401 5500 ν,Ᾰ›θ,8.”
2425 5363 2549 5453 2154.
2585 5372 2821 5426 Charito
2854 5387 2939 5454 ιιι.
2971 5371 3005 5424 2
3040 5386 3053 5424 :
3118 5363 3606 5443 Εὐκαταᾷρόνητον
3659 5363 3768 5450 ἐστι

2155 5445 2196 5499 ir
2272 5487 2283 5498 .
2336 5451 2740 5500 coniecturam
2787 5442 2927 5498 feeit
2972 5437 3467 5500 εὐκαταφρόνητον.
3502 5440 3768 5500 Photius,

352 5434 660 5523 yuvﬁ‘mivz;
681 5434 783 5523 fuit
987 5434 1077 5523 I‘bt
1103 5440 1203 5523 Qui
1228 5442 1555 5523 proposuit
1586 5441 2043 5523 εὐκαταφρόνητος

2155 5434 2201 5499 ἱιέ
2225 5434 2283 5500 d.
2320 5434 2523 5523 Vconjej

680 5509 796 5591 εξ.δέ
831 5507 1153 5591 Ταχυλογία
1182 5507 1282 5591 γ-ἆρ
1314 5507 1365 5565 ἐν
1402 5516 1497 5582 μὲν
1529 5507 1913 5591 ἀγωνιστικαῖς
1943 5507 2209 5591 διαλέξεσι
2266 5516 2353 5570 καὶ
2376 5507 2668 5591 -ἀμίλλαις
2726 5507 3407 5591 εὐκαταφρρνῃτονξξίσως.
3453 5511 3772 5591 Menander

2336 5437 2740 5518 conjecturam
2763 5442 2927 5518 fecit
2972 5437 3769 5518 euxaraepéwﬁov._Photius,

355 5574 662 5662 {agricola}
693 5574 1340 5662 [ξύκαταφρόνητόνέστῃ
1376 5574 1598 5658 Γοργία,
1627 5586 1820 5656 πένης.
1852 5574 2034 5644 ΡΙΘΠΒ

2155 5588 2351 5645 :ianus
2376 5574 2451 5643 D:
2475 5589 2547 5644 Μ.
2605 5574 2720 5658 xiv,
2753 5589 2784 5641 3
2819 5604 2833 5643 :
2864 5574 3494 5662 οῖ”’1νδῶνῖέλὲφαντες
3550 5580 3657 5637 οὐκ
3682 5579 3769 5634 εὐ-

353 5646 766 5771 ηταὲρόνητόν
796 5670 848 5705 τι
875 5646 1051 5724 ἔργον.

430 5718 483 5784 (4
522 5720 539 5784 )
574 5720 813 5776 Lemma
838 5724 1049 5778 metric

521 5720 544 5807 )‘
574 5720 813 5807 [:emma
838 5720 1154 5807 metricum
1184 5725 1247 5807 in
1355 5743 1369 5782 :
1393 5728 1691 5807 ζητήματα
1720 5727 2030 5807 πάμπολλα

2185 5730 2438 5807 Ἰμωάσαςξ.

432 5784 546 5860 (46)
579 5790 821 5847 Lemma
839 5793 1155 5853 metricum
1182 5797 1248 5855 in
1277 5801 1326 5854 Δ
1358 5784 1498 5854 ιῐίάὶ
1523 5784 1625 5870 τὴν
1654 5784 2043 5879 τετάρτηζὲὶξς

2156 5824 2183 5860 ν
2203 5784 2437 5871 Isaae"
2450 5800 2573 5881 δρα.
