4100 6382
482 297 589 382 923

484 694 616 750 vitae
646 699 959 768 rationem,
985 711 1041 758 et
1061 705 1393 766 doctrinam
1417 730 1484 770 ac
1507 717 1796 776 miracula
1847 731 2135 794 quantum

484 783 555 838 ab
587 785 932 845 hominibus
963 799 1229 864 praestari
1270 807 1523 872 poterat,
1555 783 1888 867 litterarum
1921 831 2124 871 monu-

2418 783 2447 786 ν-
2481 783 2627 789 vv"-
2673 783 2757 809 l"|'
2823 783 2950 813 "r"

2241 838 2398 892 ρετος
2429 825 2536 876 τῶν
2590 825 2747 887 θείων
2801 826 2990 885 ἐκείνω

482 877 703 930 mentis
735 880 1116 939 mandarunt.
1153 887 1246 943 Sic
1270 893 1488 948 etenim
1516 896 1576 952 in
1601 905 1863 958 extrema
1885 903 2018 959 libri
2044 907 2134 962 sui

481 969 649 1034 parte
681 967 928 1024 eximius
962 969 1062 1028 ille
1083 973 1241 1032 inter
1269 979 1500 1039 divinos
1531 989 1924 1058 evangelistas
1947 995 2132 1052 dixit:

483 1051 630 1107 Sunt
647 1060 705 1108 et
733 1055 849 1112 alia
872 1060 1078 1130 multa,
1100 1081 1232 1136 quze
1255 1069 1396 1126 fecit
1414 1073 1603 1143 Jesus,
1629 1051 1762 1148 qua:
1786 1081 1832 1136 si
1867 1083 2132 1141 scriban-

478 1145 575 1196 tur
593 1160 700 1214 per
718 1145 971 1220 singula,
997 1167 1106 1208 nec
1127 1154 1322 1227 ipsum
1343 1161 1598 1220 arbitror
1612 1170 1901 1227 mundum
1916 1190 2016 1229 eos
2031 1175 2133 1248 qui

482 1231 783 1290 scribendi
810 1245 952 1294 sunt
971 1258 1182 1314 capere
1213 1264 1386 1319 posse
1418 1251 1602 1310 libros
1632 1257 1812 1327 (Joan.
1847 1267 1986 1333 xxx).

546 1321 613 1376 In
640 1323 752 1380 hoc
785 1327 964 1400 igitur
1002 1332 1201 1391 divino
1243 1339 1581 1414 Evangelio,
1606 1321 1726 1402 tum
1768 1321 2133 1411 incarnatio-

477 1409 596 1475 nis,
643 1419 765 1470 tum
821 1417 1274 1497 declarationis,
1328 1437 1451 1486 tum
1500 1435 1957 1509 miraculorum,
2004 1452 2126 1501 tum

476 1515 913 1578 praceptorum
945 1515 1135 1586 ipsius
1169 1519 1434 1581 historia.
1468 1528 1566 1584 Dei
1627 1531 1836 1603 spiritu
1891 1545 2131 1595 exarata

478 1596 838 1655 continetur.
875 1605 955 1659 Ac
987 1605 1202 1665 deinde
1235 1615 1485 1686 supplici
1510 1596 1674 1676 illius
1701 1623 1774 1678 ab
1811 1627 1971 1682 omni
1998 1628 2129 1685 labe

476 1687 713 1754 remoti,
739 1692 896 1761 quod
920 1695 1208 1756 Dominus
1234 1711 1437 1761 nostra
1459 1724 1636 1765 causa
1658 1713 1858 1778 subiit,
1885 1725 2129 1774 sanctae-

478 1789 594 1844 que
629 1776 825 1835 triduo
861 1792 995 1854 post
1024 1792 1500 1861 resurrectionis,
1531 1805 1709 1873 atque
1741 1804 1801 1860 in
1824 1807 2002 1863 cmlos
2025 1826 2117 1865 as-
2155 1830 2203 1898 Β

478 1866 776 1898 ρρῇαῖΛι-ιξη
838 1888 901 1898 ..Α
939 1873 1183 1898 .x-_:-,_-_
1226 1882 1284 1898 ιιι
1372 1891 1382 1898 .
1428 1887 1438 1898 .
1870 1896 1880 1898 _

2004 330 2376 408 AnpsnoA.

482 426 758 496 superius
779 429 922 500 dixi,
951 431 1109 505 quod
1143 437 1407 497 Salvator
1436 449 1639 502 noster
1668 449 1934 508 Christus
1958 453 2132 511 disci-
2161 464 2212 526 Α
2245 458 2345 526 τήν

484 513 658 585 pulos
691 523 750 574 et
779 525 1082 593 apostolos
1117 527 1374 594 elegerit.
1404 535 1510 598 Qui
1543 538 1784 608 quidem
1812 543 1982 598 nobis
2007 552 2140 617 post
2161 513 2212 526 η
2238 513 2328 603 ιτέι
2357 556 2424 617 γῆ

483 603 801 675 gloriosam
827 611 923 666 Dei
949 611 1008 669 in
1032 617 1660 684 ccelosascensionem.
1687 629 1874 701 ipsius
1898 635 1957 688 in
1983 641 2138 691 terra
2237 636 2327 691 καὶ
2385 638 2450 694 τὰ

2393 457 2608 532 ἔνδοξον
2663 467 2762 520 τοῦ
2818 467 3090 527 Δεσπότου
3122 469 3201 538 εἶς
3233 474 3501 552 οὐρανοὺς
3554 478 3735 542 ἄνοδον
3785 502 3867 566 τῆς

2416 557 2459 618 ξς
2493 551 2659 609 άῦτοῦ
2699 555 3006 626 πολιτείας,
3061 561 3154 627 τάς
3208 585 3267 620 τε
3321 563 3672 638 διδασκαλίας
3726 580 3864 640 αὐτοῦ

2505 641 2775 717 θαύματα,
2833 649 2970 704 κατᾶ

3024 651 3086 706 τὸ
3140 653 3426 730 ἐγχωροῦν
3475 667 3656 738 γραφῇ
3707 689 3862 745 παρα-

2241 723 2448 786 δοῦναι.
2473 731 2631 789 Οὕτω
2659 735 2760 809 γὰρ
2816 739 2952 813 πρὸς

3007 745 3087 815 τῷ
3133 743 3278 800 τὲλει
3334 751 3431 802 τοῦ
3488 747 3656 826 λόγου
3687 756 3713 812 ὁ
3743 743 3865 831 ἐξαί-

2992 853 3018 885 ν
3081 833 3476 910 εὐαγγέλιατῶν
3511 845 3623 916 (55)
3654 844 3860 920 εἴρηκεν·

2237 908 2413 978 Ἐστι,
2447 913 2602 988 φησὶ,
2634 912 2727 968 λαὶ
2764 911 2909 972 ἄλλα
2938 917 3126 975 πολλὰ
3169 908 3267 978 ὅσα
3315 908 3565 999 ἐποίησεν
3655 908 3862 1013 Ἰησοῦς,

2237 999 2391 1055 ἅτινα
2421 1001 2510 1058 ἐὰν
2549 1005 2823 1080 γράφηται
2883 1013 3002 1076 καθ’
3058 1009 3134 1071 ἓν.
3191 1013 3320 1072 οὐδὲ
3378 1018 3537 1076 αὐτὸν
3600 1025 3748 1099 οἶμαι
3785 1031 3860 1088 τὸν

2234 1088 2442 1164 κόσμον
2475 1101 2728 1170 χωρῆσαι
2760 1097 2827 1153 τὰ
2853 1101 3175 1178 γραφόμενα
3207 1100 3423 1182 βιϐλία.

2304 1364 2393 1420 Ἐν
2422 1363 2602 1440 τούτῳ
2646 1368 2737 1423 οὗν
2792 1375 2872 1444 τῷ
2912 1373 3173 1464 θειοτάτῳ
3227 1377 3547 1457 Εὐαγγελίῳ
3604 1381 3862 1464 ἐμφέρεται

2231 1453 2332 1519 τῆς
2354 1473 2411 1508 τε
2450 1456 2797 1530 σαρκώσεως,
2853 1467 2954 1530 τῆς
3012 1485 3073 1520 τε
3129 1463 3467 1542 ἀναδείξεως,
3499 1477 3608 1528 τῶν
3639 1496 3698 1530 τε
3751 1489 3861 1541 θαυ-

2236 1561 2387 1613 ματι,
2440 1547 2549 1599 τῶν
2607 1567 2665 1602 τε
2723 1551 3056 1624 πραγμάτων
3107 1555 3292 1628 αὐτοῦ,
3350 1561 3385 1630 ἡ
3447 1561 3661 1638 ἱστορία
3714 1567 3861 1623 Πνεύ-

2236 1650 2363 1701 ματι
2393 1635 2528 1686 Θεοῦ
2563 1640 2944 1713 γεγραμμένη,
2979 1638 3286 1732 ἕπειταῗκκὶ
3343 1648 3466 1722 περὶ
3527 1635 3626 1707 τοῦ
3679 1653 3860 1732 ἆχράνο

2230 1739 2326 1774 του
2385 1723 2592 1788 πάθους
2648 1724 2815 1804 οὗπερ
2877 1730 3130 1806 ὑπέμεινε
3161 1731 3232 1790 δι’
3261 1737 3411 1811 ἡμᾶς
3464 1740 3494 1795 ὁ
3533 1741 3754 1818 Κύριος,
3781 1753 3864 1817 τῆς

2231 1829 2289 1864 τε
2320 1811 2478 1887 ἁγίας
2526 1817 2616 1870 καὶ
2664 1820 2971 1895 τριημέρου
3029 1823 3308 1900 ἐγὲρσεως,
3363 1829 3459 1884 καὶ
3517 1811 3630 1902 τῆς·
3671 1811 3751 1899 εἷς⁷
3786 1811 3863 1891 ati-

476 1866 800 1936 censionis,
835 1888 903 1927 ac
934 1873 1192 1950 denique
1223 1882 1474 1943 illustris
1504 1906 1572 1946 ac
1602 1896 1906 1952 metuendi
1939 1898 2124 1971 ipsius

478 1956 721 2001 secundi
747 1959 1030 2001 mlum“...
1055 1973 1546 2001 mnnl:nL-L-L-__.
1574 1983 1614 2001 ῃ
1929 1989 1940 2000 .
2027 1993 2064 2001 ..
2114 1991 2124 2001 .

2366 1866 2378 1887 ι
2421 1866 2475 1878 ην
2529 1866 2615 1870 --ην
2675 1866 2970 1895 'r"u"'r"
3030 1866 3308 1900 -ινιίνειυωτ
3365 1866 3459 1884 ’⁸⁸⁵⁸
3528 1866 3615 1902 ⁵⁸1⁵
3672 1866 3743 1899 ως
3786 1866 3863 1891 (δυ’

2237 1900 2436 1976 ρανοὺς
2467 1902 2683 1978 ἀνόδου,
2713 1909 2850 1982 πρὸς
2884 1907 2942 1966 δὲ
2971 1913 3061 1968 καὶ
3089 1922 3190 1986 τῆς
3247 1914 3467 1990 ἐνδόξου
3513 1923 3602 1977 καί
3657 1920 3864 2001 φοϐερᾶς

478 1956 723 2012 secundi
747 1959 1032 2021 adventus
1054 1973 1279 2028 mentio
1294 1974 1827 2042 habetur.Rursum
1845 1989 2005 2045 enim
2027 1991 2130 2047 Dei

471 2042 656 2102 Filius
670 2065 802 2106 cum
820 2052 1030 2125 gloria,
1053 2063 1214 2118 omni
1244 2083 1519 2126 sermone
1537 2080 1933 2144 praestantiori
1952 2088 2129 2156 atque

1537 2132 1553 2144 .
1953 2132 2126 2156 --1—v

472 2132 698 2208 ingenti
722 2142 980 2202 caelestis
1005 2149 1233 2208 militiaa
1258 2157 1640 2220 multitudine
1663 2166 1724 2223 in
1749 2174 1966 2228 terram
1989 2191 2133 2231 ven-

472 2228 643 2283 turus
664 2235 772 2299 est,
806 2238 872 2288 ut
902 2235 975 2292 de
1007 2243 1349 2302 mortalium
1398 2266 1612 2323 genere
1646 2261 2002 2318 sententiam
2042 2264 2130 2320 fe-

472 2320 586 2384 rat,
614 2323 790 2390 atque
822 2324 1146 2400 unicuique
1200 2351 1304 2405 pro
1363 2320 1430 2393 eo
1490 2358 1556 2398 ac
1609 2348 1809 2418 gessit‘.
1843 2353 2132 2423 rependat

470 2405 650 2476 (Luce
702 2420 837 2469 χχιι.
863 2415 1095 2473 Etenim
1121 2439 1253 2478 cum
1290 2427 1441 2483 Deus
1493 2431 1797 2492 hominem
1844 2440 1916 2495 ab
1957 2443 2126 2499 initio

481 2495 814 2557 effinxisset
836 2518 1034 2576 cquem
1049 2510 1370 2572 admodum
1388 2520 1704 2594 etiamjam
1732 2527 1835 2583 tibi
1861 2534 2127 2606 exposui)

1580 2583 1601 2594 υ
1870 2583 2125 2606 “-Ι”“”“’“Ι

480 2583 810 2647 insufﬂavit
841 2594 900 2650 in
935 2613 981 2651 e;
1010 2615 1069 2654 m
1093 2602 1456 2673 spiraculum
1493 2613 1625 2669 vita:
1675 2617 1828 2682 (Gen.
1880 2623 1960 2691 ιι),
1995 2641 2126 2694 quas

471 2676 714 2746 quidem
734 2683 935 2742 anima
947 2689 1195 2748 rationis
1209 2702 1387 2768 atque
1403 2700 1814 2763 intelligentiae
1829 2713 2127 2786 particeps

471 2769 829 2838 appellatur.
855 2775 1142 2840 Quoniam
1168 2791 1366 2842 autem
1395 2799 1581 2848 morte
1605 2794 1869 2854 damnati
1893 2819 2124 2871 sumus,

469 2858 749 2916 omnibus
768 2863 939 2920 nobis
963 2871 1112 2924 mori
1139 2889 1384 2932 necesse
1408 2887 1530 2950 est;
1557 2900 1667 2940 nec
1692 2886 1818 2943 ﬁeri
1844 2898 2038 2962 potest
2062 2900 2128 2950 ut

468 2944 566 3001 hic
603 2950 755 3005 calix
788 2952 1091 3014 hominem
1125 2963 1318 3021 ullum
1351 2944 1682 3039 prmtereat.
1720 2944 1877 3034 Nihil
1924 2991 2123 3040 autem

465 3039 555 3089 est
585 3037 742 3093 aliud
768 3059 928 3099 mors
949 3065 1126 3117 quam
1152 3054 1334 3110 animi
1353 3037 1401 3113 _a
1419 3066 2017 3139 corporedisjunctio.
2044 3078 2124 3132 Ac

467 3124 710 3194 quidem
753 3130 902 3188 illud
960 3154 1193 3212 corpus,
1245 3147 1402 3215 quod
1429 3124 1649 3210 eterra
1707 3124 1970 3217 eftictum
2003 3171 2113 3231 est,

464 3219 855 3288 posteaquam
878 3223 948 3279 ab
963 3229 1162 3284 animo
1191 3236 1528 3306 sejunctum
1552 3250 1661 3311 est,
1689 3246 1750 3302 in
1778 3255 2018 3321 terram,
2043 3271 2114 3310 ex

466 3321 584 3376 qua
619 3317 920 3386 sumptum
950 3317 1163 3390 fuerat.
1189 3331 1524 3404 revertitur,
1549 3353 1616 3392 ac
1639 3350 1981 3414 corruptum
2008 3346 2124 3404 dis-

1511 3395 1521 3404 1
1786 3395 1845 3414 ".I'
1866 3395 1981 3400 “’“““““
2011 3395 2099 3404 “’”“’

465 3395 714 3455 solvitur
743 3404 894 3473 (Gen.
929 3426 986 3464 Ill
1008 3429 1030 3475 ;
1060 3415 1226 3471 Eccli.
1253 3429 1351 3484 ιιι).
1387 3424 1605 3482 Anima
1634 3437 1832 3486 autem
1877 3434 2120 3492 immor-

467 3485 606 3543 talis
638 3507 770 3547 cum
796 3496 894 3564 sit,
929 3515 994 3554 eo
1019 3506 1434 3574 proﬁciscetur
1459 3532 1575 3586 quo
1608 3535 1878 3578 summus
1917 3525 2019 3582 ille
2042 3529 2121 3584 ef-

462 3574 652 3634 fector
673 3581 943 3659 imperat,
978 3593 1089 3661 vel,
1119 3603 1185 3650 ut
1209 3601 1428 3658 rectius
1459 3574 1691 3678 loquar,
1721 3615 2117 3683 quemadmo-

462 3665 604 3726 dum
632 3671 761 3745 ipsa
783 3676 920 3748 sibi,
948 3700 1082 3738 cum
1107 3687 1301 3745 adhuc
1325 3691 1384 3748 in
1408 3712 1586 3754 carne
1603 3711 1955 3773 versaretur,
1979 3709 2118 3766 hos-

463 3757 676 3830 pitium
708 3775 1080 3842 praeparavit.
1119 3778 1188 3833 Ut
1218 3782 1378 3838 enim
1411 3788 1665 3862 quisque
1695 3792 1825 3850 vitm
1868 3791 2118 3858 munere

463 3847 561 3905 hic
587 3850 824 3914 functus
848 3859 1049 3936 fuerit,
1086 3866 1209 3924 illic
1241 3847 1588 3947 recepturus
1613 3888 1720 3940 est.

535 3940 801 4018 Denique
861 3953 1145 4013 confectis
1176 3959 1368 4036 longis
1412 3973 1746 4042 temporum
1777 3980 2114 4051 curriculis,

1282 4029 1310 4036 ν
1536 4029 1553 4042 .
1711 4029 1743 4030 η
1784 4029 2114 4051 -----νν--·νν

463 4029 617 4088 Deus
647 4042 852 4095 noster
875 4059 1008 4100 cum
1039 4053 1360 4110 metuenda
1378 4063 1435 4111 et
1453 4065 1746 4121 sermonis
1771 4066 2115 4128 facultatem

463 4133 782 4194 superante
804 4130 993 4204 gloria
1022 4137 1095 4192 ad
1112 4139 1405 4211 judicium
1431 4147 1502 4204 de
1527 4151 1665 4207 orbe
1689 4154 2000 4215 ferendum
2023 4179 2117 4218 ve-

459 4211 604 4267 niet.
628 4216 808 4288 Cujus
841 4229 1001 4279 metu
1034 4228 1316 4288 caelorum
1350 4235 1596 4296 virtutes
1645 4250 2114 4307 commovebun-

456 4295 573 4368 tur,
599 4309 776 4377 atque
795 4314 992 4369 omnis
1014 4318 1360 4389 angelorum
1387 4330 1682 4387 exercitus
1707 4341 1964 4393 tremore
1987 4357 2114 4396 cor-

457 4397 665 4462 reptus
694 4413 894 4456 coram
921 4403 1052 4475 ipso
1073 4409 1446 4478 astabit(Lué
1469 4421 1582 4491 xxx)
1612 4437 1626 4475 :
1661 4427 1786 4480 tum
1821 4427 2112 4500 videlicet,

461 4493 596 4535 cum
629 4483 690 4539 in
723 4489 1064 4566 archangeli
1092 4513 1232 4556 voce
1261 4517 1330 4558 ac
1361 4503 1559 4564 divina
1607 4512 1749 4570 tuba
1790 4521 2009 4574 mortui
2042 4522 2116 4578 ad

460 4567 638 4627 vitam
662 4576 965 4651 redibunt,
981 4600 1048 4640 ac
1066 4590 1379 4649 tremendo
1394 4593 1581 4668 ipsius
1599 4567 1810 4662 throno
1837 4609 2122 4668 sistentur
2149 4589 2197 4656 D

531 4755 644 4830 (55)
673 4758 928 4819 Joannes
957 4765 1250 4830 videlicet.

529 4827 636 4898 (56)
665 4831 871 4890 Matth.
905 4855 1026 4892 xxv,
1067 4843 1126 4896 31
1168 4861 1182 4900 :

452 4896 642 4979 αὐτοξ.
677 4903 755 4979 Cf.
795 4907 929 4964 Luc.
964 4929 1022 4979 ιι,
1060 4916 1146 4974 13.

670 4975 835 5050 Conl'.
861 4997 918 5050 p.
962 4973 1048 5050 35,
1083 4973 1142 5042 n.
1175 4991 1226 5044 4.

527 4997 637 5043 (ut)
670 4997 835 5033 hom.

527 5045 634 5116 (58)
661 5049 730 5113 A,
763 4997 898 5108 ἐστίῗ

663 5193 828 5276 Conf.
864 5215 922 5270 p.
955 5202 1049 5276 45,
1080 5222 1139 5261 ιι.
1175 5211 1226 5267 2.

526 5263 636 5336 (σο)

451 5327 608 5406 ἐμοῦ.

2235 1989 2401 2046 αὐτοῦ
2423 1989 2673 2070 δευτέρας
2721 2000 3035 2075 παρουσίας.
3082 2004 3292 2062 Μέλλει
3350 2008 3452 2086 γὰρ
3513 2009 3676 2068 πάλιν
3708 2016 3862 2079 ὁΥἱὸς

2233 2084 2334 2134 τοῦ
2384 2087 2518 2138 Θεοῦ
2575 2083 2749 2142 ἐλθεῖν
2798 2088 2886 2145 ἐπὶ
2941 2099 3043 2163 τῆς
3101 2097 3226 2172 γῆς,
3263 2100 3400 2172 μετὰ
3423 2083 3597 2173 δόξης
3654 2101 3866 2180 ἂῤῥήτου

2235 2170 2326 2226 καὶ
2377 2170 2626 2244 πλήθους
2680 2185 2782 2249 τῆς
2842 2170 3123 2258 οὐρανίου
3157 2194 3410 2262 στρατιᾶς
3465 2195 3597 2265 (56),
3627 2199 3790 2270 κρῖναι
3815 2194 3865 2250 τὸ

2235 2259 2393 2336 γένος
2451 2265 2612 2338 ἡμῶν
2667 2267 2756 2323 καὶ
2818 2267 3116 2328 ἀποδοῦναι
3193 2259 3404 2352 ἑκάστῳ
3464 2280 3601 2336 κατᾶ
3652 2281 3717 2337 τὰ
3756 2277 3864 2360 ἔργα

2236 2353 2409 2408 αὐτοῦ
2439 2357 2554 2428 (57)
2607 2357 2711 2412 Τὸν
2735 2357 2835 2436 γὰρ
2860 2357 3143 2436 ἄνθρωπον
3172 2363 3226 2436 ἐξ
3257 2366 3444 2443 ἀρχῆς
3479 2371 3506 2425 ὁ
3535 2371 3665 2434 Θεὸς
3693 2369 3747 2427 ἐκ

2233 2449 2337 2517 γῆς
2393 2441 2716 2520 διαπλάσας,
2749 2449 2887 2515 καθᾶ
2943 2447 3010 2522 δὴ
3069 2453 3158 2509 καὶ
3215 2454 3522 2528 προλαϐὼν
3581 2461 3722 2517 εἶπόν
3772 2484 3861 2532 σοι,

2236 2531 2558 2612 ἐνεφύσησεν
2593 2536 2670 2600 είς
2729 2538 2888 2596 αὐτὸν
2945 2545 3117 2614 πνοὴν
3146 2549 3281 2621 (59),
3312 2545 3437 2618 ἥτις
3497 2553 3650 2626 ψυχή
3684 2549 3853 2628 λογική

2235 2645 2292 2680 τε
2345 2627 2446 2684 03
2504 2627 2592 2682 καὶ
2652 2630 2813 2705 νοερᾶ
2871 2637 3356 2712 προσαγορεύεταιο
3415 2638 3535 2696 ἐπεὶ
3581 2639 3637 2696 δὲ
3665 2645 3860 2707 θάνατον

2231 2715 2649 2792 κατεκρίθημεν,
2710 2719 3125 2797 ἀποθνήσκομεν
3185 2729 3415 2798 πάντες,
3475 2731 3566 2786 καὶ
3625 2731 3718 2787 οὐκ
3767 2727 3860 2788 ἔστι

2231 2805 2294 2862 τὸ
2351 2808 2621 2882 ποτήριον
2676 2814 2839 2866 τοῦτο
2888 2833 3007 2868 τινα
3062 2820 3172 2871 τῶν
3223 2816 3530 2895 ἀνθρώπων
3610 2819 3857 2900 παραδραο

2235 2903 2355 2972 μεῖν
2384 2903 2518 2970 (60)·
2575 2898 2685 2957 ἔστι
2746 2899 2861 2959 δὶὸ
2892 2904 3118 2970 θάνατος
3173 2911 3290 2983 (61)
3348 2913 3641 2988 χωρισμὸς
3688 2898 3857 2989 ψυχῆς

2232 2986 2463 3044 ἀπὸτοῦ
2495 2990 2768 3064 σώματος.
2825 2993 3036 3051 Ἐκεῖνο
3092 2997 3187 3070 μὲν
3247 2997 3340 3056 οὖν
3376 2986 3464 3059 ήτδ
3497 3002 3557 3059 ἐκ
3609 3011 3705 3079 γῆς
3759 3000 3856 3058 δια-

2231 3074 2471 3134 πλασθὲν
2521 3084 2700 3154 σῶμα,
2763 3085 3046 3158 χωρισθήν
3106 3094 3206 3158 τῆς
3256 3092 3470 3167 ψυχῆς,
3507 3091 3583 3156 είς
3614 3074 3711 3170 γῆν
3743 3093 3856 3148 ὑπο-

2233 3169 2446 3242 στρέφει
2481 3167 2532 3241 ἒξ
2562 3169 2738 3243 ἧσπερ
2793 3171 2884 3227 καὶ
2935 3173 3153 3254 ἐλήφθη
3213 3183 3326 3250 (62)
3382 3182 3477 3237 καὶ
3527 3167 3850 3261 φθειρόμενον

2233 3254 2560 3313 διαλύεται·
2621 3263 2656 3330 ἡ
2717 3259 2774 3316 δὲ
2829 3263 3005 3337 ψυχὴ.
3068 3265 3330 3334 ἂθάνατος
3383 3270 3541 3343 οὖσα,
3599 3271 3851 3340 πορεύεται

2227 3343 2352 3412 ἔνθα
2381 3346 2592 3404 κελεύει
2627 3351 2654 3404 ὁ
2687 3355 3063 3430 Δημιουργὸς,
3127 3356 3340 3430 μᾶλλον
3393 3358 3454 3417 δὲ
3513 3360 3690 3427 καθὼς
3737 3359 3849 3428 αὐτὴ

2225 3435 2638 3512 προητοίμασεν
2697 3439 2862 3516 ἑαυτῇ
2922 3443 3215 3519 κατάλυμα
3271 3442 3348 3503 ἔτι
3379 3451 3463 3524 τῷ
3497 3451 3697 3528 σαρκίῳ
3747 3471 3850 3504 συν-

2227 3530 2382 3584 οὖσα.
2417 3528 2605 3591 Καθὼς
2651 3530 2753 3607 γὰρ
2808 3553 2894 3598 τις
2943 3531 3340 3610 πολιτεύσηται
3402 3541 3650 3615 ἐνταῦθα,
3684 3535 3852 3615 μέλλει

2223 3613 2410 3672 ἀπολα
2417 3610 2492 3690 μϐ
2499 3617 2638 3675 άνειν
2673 3617 2896 3686 ἐκεῖθεν.

2294 3978 2428 4037 Εἶτα
2483 3979 2618 4055 μετᾶ
2673 3981 2966 4053 πλείστους
3020 3989 3258 4066 χρόνους
3305 3988 3583 4052 ἐλεύσεται
3634 3989 3850 4092 Ξζριστὸς

2223 4071 2251 4126 δ
2285 4071 2415 4134 Θεὸς
2452 4074 2616 4146 ἡμῶν
2659 4080 2833 4151 κρῖναι
2890 4079 2983 4134 τὸν
3042 4080 3248 4155 κόσμον
3283 4081 3336 4138 ἐν
3371 4082 3500 4162 δόξῃ
3556 4082 3751 4182 φοϐερᾷ
3775 4075 3851 4182 διξῖ

2234 4157 2382 4182 ,ηδ
2506 4164 2520 4182 1
2694 4165 2718 4182 ν
2825 4167 2851 4180 -
2964 4165 3014 4182 ,ρ
3133 4169 3312 4182 ...
3522 4181 3543 4182 η

2223 4157 2625 4238 ἀνεκδιηγήτῳ,
2661 4165 2722 4220 οὗ
2778 4167 2857 4241 τῷ
2908 4165 3066 4248 φόϐῳ
3097 4173 3152 4226 αὶ
3185 4157 3583 4250 δυνάμεις-
3635 4171 3852 4271 οὖρανὶξὶν

2222 4249 2652 4324 σαλευθήσονται
2713 4259 2876 4332 (63),
2934 4259 3025 4314 καὶ
3104 4266 3268 4318 πᾶσαι
3355 4266 3411 4320 αἱ
3474 4261 3710 4340 στρατιαὶ
3760 4276 3853 4313 των

2223 4340 2471 4417 ἀγγέλων
2529 4345 2724 4420 τρόμῳ
2780 4349 3132 4424 παρίστανται
3193 4352 3422 4411 ἐνώπιον
3499 4355 3660 4412 αὐτοῦ
3716 4349 3852 4457 (tif)-

2223 4431 2349 4457 φλ--
2384 4431 2415 4457 2,
2473 4456 2494 4457 η
2593 4439 2620 4451 ~
2666 4437 2680 4452 ς
2889 4439 2931 4457 ος
3114 4442 3128 4457 ι
3167 4441 3182 4457 9
3318 4443 3355 4457 η
3581 4452 3604 4457 _
3671 4445 3696 4456 ο
3810 4455 3826 4457 ,_

2219 4431 2351 4487 Τότε
2381 4431 2434 4488 ἐν
2468 4439 2622 4512 φωνῇ
2655 4437 3012 4514 ἀρχαγγέλου
3041 4442 3130 4497 καὶ
3163 4441 3215 4498 ἐν
3267 4443 3527 4524 σάλπιγγι
3573 4445 3700 4502 Θεοῦ
3745 4435 3854 4539 ἂναὶ

2223 4523 2510 4592 στήσονται
2570 4526 2623 4581 οἱ
2681 4529 2865 4603 νεκροὶ
2924 4533 3085 4605 (65),
3168 4535 3259 4589 καὶ
3308 4539 3738 4614 παραστήσονται
3787 4544 3853 4595 τῳ

2230 4606 2450 4688 φοϐερῷ
2509 4616 2678 4673 αὐτοῦ
2744 4617 2942 4694 θρόνῳ.
3005 4624 3160 4680 ’Ἐστι
3219 4621 3277 4680 δὶ
3323 4606 3698 4696 ή’ἀνάστασις
3749 4634 3853 4672 συν-

1217 4845 1379 4903 Ὂταν
1409 4846 1466 4905 δὲ
1522 4849 1656 4932 ἔλθῃ
1691 4860 1719 4915 ὸ
1751 4861 1876 4927 Υἱὸς
1927 4870 2026 4921 τοῦ
2082 4865 2375 4945 ἀνθρώπου
2433 4869 2484 4927 ἓν
2537 4875 2608 4948 τῇ
2668 4870 2794 4949 δόξῃ
2825 4875 3016 4954 αὐτοῦ,
3048 4877 3140 4934 καὶ
3169 4877 3367 4945 πάντες
3401 4881 3452 4939 οἱ
3483 4875 3696 4959 ἄγγελοι
3751 4865 3851 4946 μετ’

929 5054 1287 5122 Scholiastes
1313 5071 1453 5128 Nub.
1491 5075 1591 5132 159
1616 5095 1630 5134 :
1660 5075 1763 5134 Καὶ
1791 5078 1892 5158 γὰρ
1952 5079 2096 5141 ἔστιν

2234 5088 2324 5143 τῶν
2353 5089 2610 5167 τεττίγων
2640 5093 2804 5149 τοῦτο
2832 5092 2924 5150 καὶ
2956 5095 3062 5151 τῶν
3124 5093 3435 5173 ἐγκελάδων
3467 5094 3618 5154 ἰδεῖν.
3651 5091 3846 5150 Forsan

669 5267 962 5342 Respectu
991 5267 1067 5332 ad
1097 5281 1273 5340 verba
1299 5285 1514 5347 Christi
1547 5296 1705 5367 apud
1748 5300 1948 5360 Matth.
2005 5321 2124 5363 xxv:

2234 5310 2256 5363 2
2290 5325 2305 5365 :
2363 5304 2434 5366 Ei
2461 5307 2524 5366 οὗ
2555 5305 2775 5368 δύναται
2806 5315 2976 5372 τοῦτο
3027 5309 3092 5372 τὸ
3137 5315 3404 5396 ποτήριον
3456 5305 3736 5392 παρελθεῖν
3766 5293 3843 5354 ἀπ’

524 5409 635 5480 (64)
668 5411 909 5484 Lemma
939 5421 1253 5484 metricum
1283 5429 1346 5487 in
1378 5434 1425 5489 Α
1461 5452 1476 5492 τ
1508 5437 1569 5495 σο
1600 5437 1827 5510 θάνατος
1854 5445 1908 5502 τι
1939 5445 1987 5503 δ’
2017 5448 2124 5506 ἔστῖ

524 5480 639 5528 (62)
666 5485 784 5528 Cum
846 5505 907 5528 nr
965 5495 1028 5528 m
1062 5511 1076 5525 .
1109 5497 1253 5528 ενοι.-
1281 5504 1375 5528 ..-ε
1418 5504 1501 5528 1,,
1535 5527 1544 5528 ,
1629 5512 1675 5528 ο.
1898 5517 1913 5528 .
2020 5523 2033 5528 -

2234 5449 2377 5528 ιθάδε
2411 5452 2602 5528 βλέπε.

965 5495 1076 5605 199‘:
1109 5480 1253 5563 Ἕωξ
1281 5480 2390 5602 ἓῐδᾜτὶοέτεέἶῷἔὶἒέἒῖςᾟῆἷᾎξῖἶὲξαξῖ

524 5551 635 5627 (63)
665 5554 804 5627 Luc.
834 5551 951 5627 xxi,
985 5567 1072 5623 26.

545 5624 635 5695 64)
663 5625 797 5683 Luc.
830 5648 868 5698 ι,
904 5623 988 5688 i9.

522 5623 632 5768 (65)
660 5699 846 5768 Epist.
877 5707 952 5764 ad
981 5708 988 5725 '

542 5695 632 5771 65)
660 5695 952 5772 Episﬂad
981 5707 1243 5772 Thessal.
1271 5734 1348 5796 Iv,
1380 5727 1472 5785 46.
