4100 6392
446 406 558 464 927

2021 414 2395 468 ADDENDA.

3763 415 3859 473 928

442 532 504 590 in
536 534 811 591 abstruso
843 536 1224 605 delitescunt,
1249 538 1556 609 patefient.
1591 540 1718 593 Non
1745 537 1868 592 illic
1899 541 2089 609 patro-

2211 533 2302 590 καὶ
2335 531 2600 604 ἀληθινὸς
2659 530 2920 602 δικαστὴς
2956 537 3141 608 ζυγοῖς
3172 529 3527 603 δικαιοσύνης
3558 531 3727 590 πάντα
3754 534 3858 595 δια.

440 632 685 692 nus,aut
717 626 1028 683 verborum
1065 628 1428 683 lenocinium
1459 635 1562 683 aut
1589 628 1741 683 falsa
1772 627 2100 695 excusatio,

439 722 542 770 aut
570 733 750 786 opum
773 720 1035 788 polentia
1065 725 1167 772 aut
1196 717 1555 790 dignitatum
1573 719 1778 778 fastus.
1805 723 1907 772 aut
1932 733 2100 788 amp-

444 803 692 860 lissima:
710 824 1022 862 munerum
1044 807 1389 879 largitiones
1404 815 1632 862 rectum
1653 807 1948 877 judicium
1966 823 2104 878 sup—

442 893 702 964 primere
734 903 1011 966 poterunt
1037 914 1269 952 :verum
1299 899 1681 969 incorruptus
1714 897 1814 951 ille
1839 913 1905 952 ac
1928 912 2100 951 verus

431 982 616 1054 judex
640 984 713 1039 ad
737 985 986 1054 justitiae
1009 986 1247 1042 laudem
1267 989 1468 1043 omnia
1491 986 1962 1058 perpendet,hoc
1985 991 2096 1051 est,

440 1077 499 1126 et
527 1074 912 1142 actionem,et
941 1085 1374 1141 sermonem,et
1396 1077 1841 1150 cogitationem.
1862 1079 1942 1131 Ac
1966 1093 2102 1147 pro-

439 1160 783 1218 ﬁcisceutur
813 1166 914 1236 qui
940 1166 1512 1239 virtutibusoperam
1543 1166 1838 1222 dederunt
1853 1165 1925 1221 ad
1951 1182 2102 1220 sem-

436 1251 733 1324 piternam
763 1255 964 1323 vitam,
1019 1263 1074 1312 et
1125 1257 1320 1313 lucem
1378 1274 1617 1312 omnem
1662 1256 1951 1312 orationis
1983 1255 2100 1309 vim

441 1343 847 1411 excedentem,
881 1352 947 1400 ut
1013 1363 1147 1401 cum
1203 1348 1428 1419 angelis
1477 1347 1872 1413 oblectentur,
1923 1351 2100 1416 atque

440 1433 676 1488 arcanis
691 1433 862 1489 bonis
879 1435 1518 1508 fruantur,sanctaaque
1545 1437 1814 1492 Trinitati
1846 1452 1990 1507 pure
2005 1451 2101 1489 as-

441 1526 597 1589 tent;
620 1523 720 1594 qui
754 1531 954 1580 autem
970 1527 1244 1598 turpibus
1277 1528 1516 1600 ﬂagitiis
1548 1543 1678 1582 sese
1702 1526 2098 1593 devinxerint,

442 1617 620 1682 atque
674 1631 882 1669 omnes
907 1615 1074 1688 impii
1100 1624 1157 1671 et
1185 1623 1527 1689 peccatores
1559 1617 1633 1671 ad
1664 1616 2099 1686 sempiternum

441 1701 792 1759 cruciatum.
839 1705 939 1773 qui
975 1705 1212 1775 quidem
1255 1707 1528 1779 gehenna
1558 1705 1795 1770 dicitur,
1851 1710 1910 1759 et
1935 1710 2097 1759 exte-

438 1789 926 1856 riorestenebraa,
963 1795 1327 1850 etinsomnis
1344 1796 1583 1859 vermis,
1618 1802 1676 1851 et
1703 1793 1924 1850 stridor
1955 1794 2097 1848 den-

437 1878 1190 1952 tium.aliaqueinnumera
1207 1891 1521 1941 tormenta.
1543 1887 1804 1951 Quorum
1823 1884 2094 1938 omnium
2132 1919 2174 1983 Β

437 1968 672 2026 nullum
719 1989 890 2044 aeque
941 1991 1113 2046 grave
1166 1980 1222 2031 et
1254 1977 1534 2031 acerbum
1568 1981 1674 2038 est,
1705 1981 1882 2046 atque
1915 1991 1950 2028 a
1983 1975 2096 2028 Deo

436 2057 784 2130 abalienari,
807 2067 866 2117 et
885 2079 919 2119 a
946 2063 1296 2121 dulcissima
1326 2066 1514 2138 ipsius
1546 2065 1695 2121 facie
1718 2063 1920 2136 abjici,
1961 2063 2096 2135 glo-

435 2148 642 2220 riaque
669 2151 768 2208 illa
805 2169 938 2224 quae
961 2155 1146 2210 nullis
1164 2156 1360 2211 verbis
1397 2156 1614 2228 exponi
1648 2160 1841 2226 potest
1873 2153 2096 2222 orbari,

437 2243 614 2309 atque
645 2241 1020 2313 inspectante
1059 2245 1335 2300 universo
1378 2245 1520 2300 orbe
1553 2243 1803 2308 traduci,
1840 2248 1900 2297 et
1929 2242 2094 2314 igno-

437 2327 624 2383 minia
663 2346 795 2399 quaa
849 2347 1159 2403 nunquam
1219 2332 1401 2388 ﬁnem
1434 2333 1711 2388 habitura
1741 2331 1819 2386 sit
1873 2330 2091 2385 notari.

436 2418 829 2490 Posteaquam
853 2423 1012 2477 enim
1028 2423 1447 2480 horrendailla
1469 2423 1770 2479 sententia
1793 2420 2091 2477 editafue-

433 2506 532 2574 rit,
562 2509 763 2565 omnia
794 2509 1076 2583 deinceps
1107 2513 1528 2580 immutabilia,
1563 2519 1621 2569 et
1681 2510 2089 2568 conversionis

433 2598 630 2653 omnis
661 2601 926 2670 expertia
957 2602 1286 2658 manebunt
1316 2619 1329 2659 :
1393 2605 1478 2660 sic
1530 2603 1824 2670 videlicet,
1859 2608 1924 2656 ut
1977 2616 2089 2655 nec

2211 628 2407 698 κρινεῖ,
2439 622 2531 678 καὶ
2566 621 2758 698 πρᾶξιν
2799 621 2889 677 καὶ
2924 620 3086 696 λόγον
3148 622 3238 677 καὶ
3298 619 3582 694 διανόημα
3613 628 3738 696 (74η.
3770 629 3858 683 Καὶ

2210 713 2571 787 πορεύσονται
2638 713 2690 766 οἱ
2750 711 2816 766 τὰ
2873 711 3045 786 ἀγαθὰ
3101 713 3428 782 ποιήσαντες
3461 712 3700 783 (75)λείς
3731 717 3856 784 ζωὴν

2210 801 2563 872 αἰώνιον,εἶς
2606 802 2670 856 τὸ
2703 806 2817 878 φῶς
2874 801 2935 855 τὸ
2989 801 3372 878 ἀνέκφραστον,
3437 802 3581 873 μετὰ
3638 801 3859 876 ἀγγέλων

2210 893 2657 970 εὐφραινόμενοι,
2689 895 2798 946 -ιῶν
2829 889 3161 966 ἀπορρήτων
3198 889 3418 965 ἀγαθῶν
3482 887 3854 960 ἀπολαύοντες,

2207 982 2298 1037 καὶ
2338 985 2406 1056 τῇ
2453 981 2579 1057 ἁγίᾳ
2625 977 2819 1057 Τριάδι
2880 982 3128 1055 καθαρῶς
3187 981 3288 1038 66
3337 981 3763 1056 παριστάμενοι·
3815 985 3858 1038 οἱ

2211 1069 2269 1126 δὲ
2298 1073 2366 1126 τὰ
2410 1070 2592 1149 φαῦλα
2649 1071 2945 1147 πράξαντες
3005 1071 3095 1125 καὶ
3146 1071 3346 1142 ,πάντες
3402 1071 3456 1125 οἱ
3517 1064 3731 1133 ἀσεϐεῖς
3782 1073 3858 1127 καὶ

2210 1161 2536 1238 ἁμαρτωλοὶ
2594 1160 2672 1223 εἰς
2721 1158 2948 1215 κόλασιν
3034 1159 3256 1215 αἶ’ώνιον
3319 1163 3455 1232 (76),
3518 1156 3644 1230 ἥτις
3697 1159 3858 1236 γέεννα

2211 1249 2430 1325 λέγεται
2460 1250 2547 1304 καὶ
2575 1250 2766 1312 σκότος
2823 1248 3082 1326 ἐξώτερον
3123 1252 3257 1324 (77),
3319 1249 3411 1305 xui
3474 1249 3700 1324 σκώληξ
3732 1251 3858 1306 ἀκοί-

2212 1362 2386 1413 μητος
2417 1344 2547 1414 (78),
2579 1339 2667 1396 xui
2706 1341 2955 1416 βρυγμὸς
3003 1337 3239 1395 ὀδόντων
3271 1342 3403 1413 (79),
3432 1340 3528 1395 καὶ
3590 1338 3734 1395 ἃλλᾶ
3763 1363 3857 1414 μυ-

2210 1431 2297 1508 ρία
2327 1429 2688 1506 κολαστήρια,
2727 1427 2941 1503 μᾶλλον
2997 1427 3074 1502 δὲ,
3105 1430 3168 1485 τὸ
3200 1430 3417 1484 πάντων
3452 1429 3855 1505 χαλεπώτατον,

2206 1520 2268 1574 τὸ
2353 1518 2801 1594 ἀλλοτριωθῆναι
2862 1519 2968 1574 ἀπὸ
3025 1523 3159 1575 Θεοῦ
3216 1519 3307 1574 καὶ
3389 1517 3725 1597 ἀπερρῖφθαι
3778 1525 3856 1576 τοῦ

2206 1611 2547 1685 γλυκυτάτου
2579 1609 2878 1684 προσώπου
2910 1608 3095 1677 αὐτοῦ,
3151 1609 3238 1664 καὶ
3295 1615 3396 1678 τῆς
3430 1606 3601 1682 δόξης
3659 1607 3846 1682 ἐκείνης

2207 1702 2534 1771 στερηθῆναι
2566 1707 2667 1769 τῆς
2720 1696 3149 1774 ἀνεκδιηχήτου,
3181 1699 3270 1754 καὶ
3329 1698 3392 1753 τὸ
3437 1695 3859 1775 παραδειγματι-

2206 1790 2396 1858 σθῆναι
2426 1788 2512 1844 ἐπὶ
2556 1791 2736 1859 πάσης
2786 1791 2886 1859 τῆς
2944 1789 3196 1852 κτίσεως,
3245 1788 3336 1844 καὶ
3394 1789 3462 1842 τὸ
3519 1787 3855 1864 αἷσχυνθῆναι

2205 1876 2474 1953 αἰσχύνην
2505 1881 2674 1954 πὲρας
2707 1877 2807 1933 οὐκ
2859 1876 3118 1953 ἔχουσαν.
3178 1879 3332 1935 Μετὰ
3389 1877 3595 1953 γὰρτὸ
3651 1876 3854 1944 δοθῆναι

2206 1968 2306 2035 τὴν
2337 1968 2567 2046 φρικτήν
2627 1966 2835 2037 ἐκείνην
2889 1967 3184 2040 ἀπόφασιν,
3240 1969 3416 2022 πάντα
3478 1965 3715 2039 ἄτρεπτα
3771 1988 3854 2041 με-

2207 2062 2290 2112 νεῖ
2319 2057 2409 2112 καὶ
2441 2056 2813 2129 ἀναλλοίωτα,
2851 2059 2990 2130 μήτε
3046 2065 3146 2127 τῆς
3201 2061 3307 2112 τῶν
3372 2054 3606 2112 δικαίων
3640 2053 3850 2133 φαιδρᾶς

2208 2145 2492 2224 διαγωγῆς
2522 2148 2762 2225 ἐχούσης
2793 2147 2974 2218 τέλος,
3039 2152 3179 2222 μήτε
3220 2155 3322 2218 τῆς
3373 2153 3486 2204 τῶν
3519 2147 3845 2223 ἁμαρτωλῶν

2200 2236 2580 2314 ταλαιπωρίας
2619 2239 2708 2294 καὶ
2758 2236 3038 2301 κολάσεως
3103 2234 3501 2311 Ιαμῗανούσης
3532 2239 3720 2312 πὲραςο
3744 2237 3848 2294 οὕτε

2201 2328 2302 2404 γὰρ
2336 2329 2528 2404 κριτὴς
2564 2331 2678 2402 μετ’
2731 2328 2935 2384 ἐκεῖνον
2975 2327 3342 2404 ὑψηλότερος,
3406 2326 3534 2384 οὕτε
3592 2326 3845 2402 ἀπολογία

2202 2415 2274 2472 δι’
2333 2415 2507 2492 ἔργων
2569 2415 2856 2488 δευτέρων,
2909 2417 2970 2474 ού
3028 2418 3340 2493 προθεσμία
3430 2419 3843 2492 μεταποιήσεως,

2201 2505 2300 2562 οὐκ
2330 2504 2477 2577 ἄλλη
2509 2529 2592 2569 τις
2628 2504 2859 2580 μέθοδος
2886 2512 3005 2569 τοῖς
3058 2506 3491 2581 κολαζομένοις,
3527 2504 3844 2562 συνδιαιωνι-

2201 2597 2400 2667 ζούσης
2432 2597 2618 2659 αὐτοῖς
2657 2604 2757 2666 τῆς
2785 2595 3079 2671 τιμωρίας.

430 2689 548 2744 vita
569 2689 704 2744 laeta
725 2692 906 2761 justis
939 2692 1120 2747 finem
1153 2693 1449 2762 habitura,
1475 2711 1584 2749 nec
1614 2693 1856 2750 afflictio
1881 2698 1939 2746 et
1968 2705 2140 2763 pugna
2167 2689 2578 2761 peccatoribus
2604 2689 2925 2745 terminum
2949 2695 3268 2760 acceptura
3317 2691 3420 2745 sit.
3471 2691 3669 2760 Neque
3704 2689 3842 2744 enim

435 2778 752 2833 sublimior
773 2785 908 2851 post
938 2797 1070 2835 eum
1104 2781 1256 2836 alter
1276 2783 1465 2854 judex
1486 2789 1596 2850 est,
1621 2799 1731 2838 nec
1760 2799 1866 2855 per
1899 2778 2210 2851 sequentia
2258 2795 2439 2850 Opera
2487 2779 2778 2851 purgatio,
2834 2795 2943 2834 nec
2998 2779 3366 2850 prarstitutus
3433 2777 3845 2834 emendationis

435 2867 752 2934 terminus,
786 2886 896 2924 nec
925 2870 1042 2926 alia
1072 2871 1198 2926 ulla
1223 2872 1294 2926 iis
1317 2873 1415 2944 qui
1440 2873 1501 2928 in
1525 2873 1790 2928 cruciatu
1822 2869 2215 2926 versabuntur
2261 2884 2358 2924 ars
2409 2874 2469 2924 et
2515 2869 2690 2938 ratio,
2728 2868 2946 2940 quippé
2992 2885 3128 2924 cum
3161 2868 3536 2941 supplicium
3594 2884 3711 2924 una
3730 2883 3843 2923 cum

436 2956 593 3028 ipsis
627 2957 691 3012 in
713 2959 1147 3030 sempiternum
1182 2960 1375 3017 duret.

510 3048 648 3111 Quae
672 3065 805 3103 cum
839 3050 920 3104 ita
951 3049 1090 3116 sint,
1128 3051 1335 3122 quales
1364 3052 1605 3108 tandem
1627 3069 1737 3108 nos
1769 3051 1830 3107 in
1869 3049 2089 3107 sanctis

2274 3045 2496 3104 Τούτων
2531 3047 2705 3109 οὕτως
2738 3047 3001 3122 ἐχόντων,
3035 3047 3316 3110 ποταποὺς
3338 3051 3463 3120 (80)
3487 3045 3572 3104 δεῖ
3605 3045 3842 3121 ὑπάρχειν

439 3138 990 3194 conversationibus
1022 3155 1089 3195 ac
1118 3141 1233 3212 piis
1265 3142 1598 3197 actionibus
1627 3159 1757 3198 esse
1774 3145 2101 3214 oportet,ut

438 3224 600 3297 digni
635 3226 964 3282 habeamur
992 3235 1274 3285 venturas
1307 3232 1503 3288 minas
1529 3234 1809 3304 ell‘ugere,
1843 3235 2023 3303 atque
2065 3247 2100 3286 a

437 3315 662 3372 dextris
697 3319 827 3372 Filii
860 3319 959 3374 Dei
995 3325 1152 3375 stare
1185 3323 1260 3392 (11
1281 3324 1399 3377 Pet.
1437 3325 1518 3393 111)
1548 3322 1575 3377 ‘2
1604 3324 1748 3378 Nam
1771 3322 2100 3393 haacjusto-

433 3422 567 3460 rum
590 3407 766 3462 statio
792 3410 1418 3479 est,quemadmodum
1450 3418 1659 3467 contra
1673 3411 2010 3467 m1serrima
2024 3411 2098 3467 ad

435 3495 738 3552 sinistram
763 3514 900 3569 pars
924 3501 1337 3570 peccatoribus
1363 3502 1664 3575 assignata
1695 3507 1803 3559 est.
1838 3504 2093 3557 Postau-

432 3589 553 3641 tem
585 3586 1083 3660 Dominusjustos
1113 3591 1305 3646 Patris
1339 3592 1428 3647 sui
1482 3591 1832 3647 benedictos
1876 3609 2092 3648 vocans

434 3676 886 3749 (Matth.xxv),in
921 3686 1273 3751 perpetuum
1299 3698 1546 3754 regnum
1570 3682 1936 3747 introducet;
1953 3699 2090 3754 pec-

434 3772 664 3822 calores
686 3774 884 3824 autem
930 3787 1065 3824 cum
1094 3771 1181 3825 ira
1232 3777 1290 3826 et
1339 3771 1746 3827 exsecratione
1777 3789 1811 3827 a
1842 3773 2002 3828 suavi
2035 3778 2093 3827 et

433 3856 757 3928 tranquilla
785 3858 936 3914 facie
969 3875 1077 3914 sua
1105 3859 1370 3932 abjectos
1401 3863 1541 3933 (quo
1593 3861 1744 3917 nihil
1775 3862 2007 3934 gravius
2033 3867 2093 3918 et

429 3946 702 4003 acerbius
731 3949 1048 4020 excogitari
1067 3953 1282 4022 potest)
1297 3951 1370 4006 ad
1403 3953 1827 4024 sempiternam
1852 3969 2088 4025 pmnam

429 4033 747 4108 ablegabit.

456 4127 688 4182 CAPJX.
721 4160 783 4168 ——
807 4128 1024 4200 Jasaph
1056 4135 1255 4185 autem
1271 4129 1362 4186 his
1375 4131 1447 4186 ad
1463 4149 1599 4186 eum
1612 4131 1806 4187 verbis
1821 4150 1962 4188 usus
1976 4137 2084 4189 est:

428 4215 666 4289 Magnas
678 4218 965 4288 quasdam
985 4227 1042 4274 et
1054 4219 1437 4275 admirandas
1452 4238 1828 4292 res,magnoq
1840 4239 1908 4277 ue
1923 4228 2084 4277 metu

427 4322 496 4362 ac
511 4313 769 4362 tremore
800 4306 1008 4380 dignas
1031 4309 1201 4376 mihi,
1230 4327 1262 4364 ο
1295 4311 1492 4377 hemo,
1522 4327 1750 4380 narras,
1772 4312 1820 4366 si
1841 4312 2084 4382 quidem

2199 3140 2351 3210 ἡμᾶς
2381 3137 2433 3193 ἐν
2467 3138 2646 3212 ἁγίαις
2696 3137 3058 3213 ἀναστροφαῖς
3116 3139 3206 3194 καὶ
3262 3134 3512 3194 εὐσεϐέσι
3544 3135 3842 3204 πολιτείαις,

2195 3229 2286 3286 ἳνα
2315 3232 2740 3302 καταξιωθῶμεν
2784 3228 3036 3308 ἐκφυγεῖν
3091 3231 3195 3298 τήν
3257 3228 3578 3304 μέλλουσαν
3635 3225 3840 3296 ἀπειλὴν

2197 3321 2288 3376 καὶ
2322 3322 2578 3384 σταθῆναι
2638 3318 2695 3374 ἐκ
2747 3316 2935 3390 δεξιῶν
2992 3324 3090 3376 τοῦ
3149 3320 3278 3375 Υἷοῦ
3334 3324 3441 3376 τοῦ
3502 3324 3677 3388 Θεοῦ;
3711 3316 3837 3385 Αὕτη

2195 3409 2298 3486 γὰρ
2330 3413 2365 3479 ἡ
2402 3410 2584 3470 στάσις
2614 3412 2724 3463 τῶν
2766 3405 3014 3463 δικαίων’
3047 3415 3167 3472 τοῖς
3217 3406 3275 3464 δὲ
3332 3408 3696 3485 ἁμαρτωλοῖς

2198 3499 2494 3572 εὐωνύμων
2525 3502 2634 3571 (81)
2665 3495 3131 3572 ἀποκεκλήρωται
3189 3497 3473 3563 παναθλία
3533 3501 3626 3555 67
3689 3493 3840 3568 μερίςο

2197 3590 2434 3654 Ἐκεῖθεν
2465 3587 2522 3644 δὲ
2576 3588 2706 3654 τοὺς
2737 3590 2834 3663 μὲν
2882 3586 3127 3653 δικαίους
3180 3589 3602 3666 εὖΛογημὲνους
3657 3587 3839 3642 ἀποκα-

2197 3676 2310 3734 λῶν
2346 3679 2374 3733 6
2403 3679 2679 3750 Δεσπότης
2729 3678 2809 3742 εἷς
2865 3681 2965 3748 τὴν
3017 3678 3376 3750 ἀτελεύτητον
3440 3675 3712 3756 βασιλείαν
3745 3673 3836 3743 (82)

2195 3767 2419 3844 εἰσάγει,
2466 3767 2593 3830 τοὺς
2628 3765 2685 3824 δὲ
2744 3768 3133 3844 ἁμαρτωλοὺς,
3189 3769 3306 3843 μετ’
3358 3769 3533 3846 ὀργῆς
3587 3765 3673 3822 καὶ
3722 3764 3834 3836 ἀρᾶς

2192 3853 2442 3913 ἐκϐαλὼν
2467 3862 2562 3913 τοῦ
2592 3858 2896 3933 προσώπου
2928 3857 3094 3913 αὐτοῦ
3141 3861 3238 3912 τοῦ
3295 3857 3514 3934 ἡμέρου
3569 3857 3652 3911 καὶ
3682 3850 3837 3926 γαλη-

2191 3952 2307 4021 νοῦ,
2365 3947 2428 4003 τὸ
2489 3947 2704 4003 πάντων
2761 3948 3089 4021 πικρότατον
3146 3947 3260 4022 ἅμα
3307 3948 3396 4003 καὶ
3437 3945 3832 4024 χαλεπώτατον,

2192 4037 2270 4099 εἷς
2303 4035 2524 4093 κόλασιν
2561 4036 2827 4110 ἐκπέμπει
2859 4036 3110 4097 αἰώνιον.

2262 4129 2420 4182 ΚΕΦ.
2455 4132 2528 4184 9'.
2560 4127 2622 4184 Ὁ
2654 4125 2971 4205 δὲἺωάσαφ
3025 4126 3162 4200 πρὸς
3218 4125 3380 4182 αύτὸν
3443 4125 3569 4204 ἔφη.
3631 4114 3827 4196 Μεγάλα

2188 4217 2427 4271 τινὰκαὶ
2461 4218 2746 4289 θαυμαστά
2803 4218 3097 4291 πράγματα
3157 4215 3335 4292 λέγεις
3398 4238 3518 4290 μοι,
3578 4210 3824 4286 ἄνθρωπε,

2190 4301 2364 4386 φόϐου
2396 4305 2615 4361 πολλοῦ
2638 4306 2728 4360 καὶ
2757 4307 2970 4382 τρόμου
3004 4309 3117 4379 (83)
3149 4308 3292 4380 ἄξια,
3323 4305 3369 4361 εἷ
3399 4305 3569 4361 ταῦτά
3587 4323 3644 4380 γε
3673 4298 3824 4356 οὕτως

428 4395 650 4452 ὶιαιοίιδ,
665 4414 725 4452 se
746 4396 1175 4469 habent,atque
1209 4405 1526 4472 postquam
1543 4400 1679 4456 fatis
1703 4402 2079 4457 concesseri-

2203 4397 2332 4473 ἔχει,
2362 4396 2453 4450 καὶ
2483 4393 2597 4450 ’ἐστι
2628 4395 2819 4463 πάλιν,
2859 4394 2996 4468 μετά
3044 4395 3106 4451 τὸ
3156 4395 3449 4451 ἀποθανεῖν
3509 4392 3596 4450 καὶ
3655 4390 3723 4451 εἷς
3751 4387 3825 4440 τέ·

427 4488 650 4549 mus,et
675 4484 735 4538 in
761 4484 1021 4540 cinerem
1042 4502 1110 4540 ac
1143 4486 1445 4558 pulverem
1472 4487 1741 4543 dissoluti
1771 4490 2078 4562 fuerimus,

427 4573 754 4627 resurectio
769 4579 828 4628 et
840 4577 1209 4647 regeneratio
1224 4576 1424 4632 futura
1438 4583 1876 4649 est,rerumque
1889 4581 1950 4634 in
1966 4581 2080 4637 vita

2192 4510 2327 4568 φραν
2356 4489 2447 4544 xui
2479 4489 2624 4543 κόνιν
2687 4484 3033 4557 διαλυθῆναι,
3094 4488 3383 4551 ἀνάστασις
3439 4487 3528 4543 καὶ
3587 4480 3829 4568 παλιγγεέ

2191 4566 2360 4649 νεσία,
2392 4572 2623 4652 ἀμοιϐαί
2653 4598 2710 4632 τε
2738 4576 2828 4632 καὶ
2862 4576 3075 4633 εύθύναι
3102 4582 3207 4633 τῶν
3245 4573 3622 4654 βεϐιωμένων.
3667 4566 3824 4628 Ἀλλά

492 4698 608 4769 (74)
639 4699 870 4754 Prmivit
904 4701 1215 4774 Gregorius
1247 4705 1377 4758 Naz.
1415 4708 1562 4759 orat.
1603 4708 1687 4769 15,
1721 4722 1777 4776 p.
1816 4707 1959 4762 230:
1996 4708 2089 4762 ’Ex

492 4767 555 4822 μία
585 4771 880 4822 πιθανότπε
910 4769 1179 4822 ἔντεννος,
1206 4773 1286 4822 τίς
1312 4773 1526 4822 ἐπίνοια
1552 4777 1689 4822 κατὰ
1715 4783 1818 4822 ti:
1839 4776 2089 4822 Atlantida:

2203 4706 2229 4760 ὲ
2258 4704 2339 4767 τίς
2369 4707 2698 4778 συνήγορος,
2730 4702 2863 4758 ποία
2894 4707 3117 4778 σκῆψις,
3169 4704 3251 4767 τίς
3309 4702 3517 4778 ψευδὴς
3547 4693 3815 4822 ἀπολογίᾳ,

2203 4776 2574 4822 αοαληνιςῖται
2608 4778 2670 4822 τὸ
2731 4774 3082 4822 Sauariam-1
3165 4778 3256 4822 καὶ
3288 4778 3479 4822 κλέὼεε
3534 4775 3630 4822 σιτ-ἢν
3670 4771 3724 4822 δῦ
3761 4785 3815 4822 ην

423 4767 555 4853 ποιία
585 4767 880 4841 ἀπιθανότης
910 4767 1181 4853 ἐπεξενος,
1206 4773 1286 4835 τίς
1312 4773 1526 4853 ἐπίνοια
1552 4767 1690 4830 κατά
1715 4767 1818 4853 τῆς
1839 4776 2122 4849 ἀληθείας,
2157 4767 2697 4853 παραλογιεῖταίτδ
2731 4767 3115 4853 δικαστήριον,
3165 4778 3256 4833 καὶ
3288 4767 3481 4852 κλέψει
3534 4775 3630 4843 τὴν
3670 4767 3816 4844 ὀρθὴν

423 4797 555 4824 πυιοι
585 4797 880 4841 πιυπνυτης
910 4797 1181 4848 εντεχνος,
1206 4797 1286 4835 τις
1312 4797 1526 4827 επινοια
1552 4797 1690 4830 κατα
1715 4797 1818 4843 της
1839 4797 2122 4849 αΛηυειας,
2157 4797 2578 4853 παραλογιειται
2608 4798 2670 4831 το
2731 4797 3018 4904 οικαστηρι

419 4841 618 4926 κρίσιν,
639 4848 760 4926 τοῖς
790 4848 920 4926 πᾷσι
951 4846 1122 4926 πάντα
1147 4846 1198 4926 ἐν
1234 4848 1667 4926 ζυγῷπιθεῖσαν,
1699 4848 1787 4926 καὶ
1812 4854 2007 4926 *πρᾶξιν
2037 4849 2326 4926 καὶγλόγον
2355 4849 2445 4926 καὶ
2473 4847 2769 4926 διανοημα,
2801 4869 2854 4904 κ.
2887 4869 2935 4926 τ.
3004 4894 3019 4909 .

513 4919 599 4997 ῖῖέ)
631 4917 795 4997 1.9a".-
831 4919 870 4974 ιο
899 4935 948 4972 οε
981 4936 994 4973 τ
1029 4919 1126 4997 iis?
1158 4916 1588 4997 ἐμπριέεύῖονιαι
1622 4916 1673 4975 οἳ
1705 4916 1977 4997 radiate?!
2011 4916 2343 4997 «omnia;
2371 4922 2452 4997 sic
2479 4916 2970 4997 maxime.

517 4990 607 5065 76)
640 4990 840 5065 Matth.
865 5007 996 5056 xxv,
1032 4993 1098 5065 56
1131 5007 1144 5045 :
1182 4989 1286 5065 Καὶ
1311 4988 1704 5065 ἀπελεύσονται
1733 4988 1882 5049 οὗτόι
1911 4988 2250 5065 εἰς-κόλασιν
2285 4994 2533 5061 αἰώνιον,
2569 4995 2621 5048 o't
2654 4991 2712 5048 δὶ
2743 4988 2944 5050 δίκαιοι
2980 4991 3056 5056 εἷς
3093 4995 3238 5065 ζωὴν
3272 4993 3515 5050 αίώνιον.

636 5062 836 5142 Matth.
864 5079 992 5142 xxv,
1129 5079 1142 5116 :
1174 5061 1270 5142 [fui
1299 5063 1390 5142 τον
1427 5063 1652 5142 ἀχρεῖον
1687 5062 1886 5122 δοῦλον
1917 5063 2084 5124 ἐκϐάλ

2203 5088 2215 5123 ι
2244 5066 2323 5131 είς
2353 5068 2416 5122 τὸ
2447 5057 2640 5129 σκότος
2666 5067 2729 5121 τὸ
2758 5065 3044 5142 ἐξώτερον.
3095 5057 3206 5125 De.
3235 5065 3424 5142 γεὲννᾳ
3477 5062 3672 5123 confer
3700 5057 3813 5113 loca

420 5132 676 5188 Matthaai
709 5150 871 5197 χχιιι,
903 5136 987 5201 15,
1020 5135 1086 5187 33
1130 5152 1144 5199 ;
1180 5136 1354 5190 Marci
1388 5132 1579 5204 ιιι,”43.

511 5207 604 5275 78)
641 5207 813 5260 Marc.
859 5222 936 5266 ιι,
969 5207 1035 5258 43
1062 5223 1075 5260 :
1120 5204 1403 5261 Ἀπελθεῖν
1438 5208 1516 5270 είς
1544 5209 1643 5275 τήν
1666 5207 1904 5284 γέενναν,
1939 5211 2017 5276 είς
2045 5213 2149 5286 πὸρ
2179 5212 2243 5267 τὸ
2275 5205 2559 5277 ἄσϐεστον,
2583 5209 2724 5266 ὅπου
2755 5212 2783 5265 6
2815 5210 3043 5338 σκώληξἶ
3069 5210 3246 5267 αὐτῶν
3279 5214 3344 5267 οὐ
3375 5209 3614 5267 τελευτᾶ.

516 5281 602 5338 79)
637 5278 838 5333 Matth.
864 5294 985 5338 xm,
1017 5281 1105 5338 42,
1130 5298 1275 5338 xxw.
1314 5284 1402 5338 51.
1428 5300 1557 5338 xxv.
1592 5285 1659 5338 30
1693 5302 1706 5338 :
1739 5285 1872 5338 Luc.
1909 5304 2029 5338 xm.
2062 5288 2130 5338 28
2162 5303 2175 5338 :
2221 5286 2365 5338 Ἐκεῖ
2397 5281 2545 5338 ἔσται
2578 5285 2606 5338 6
2637 5283 2921 5338 κλαυθμὸς
2953 5305 3022 5338 κα
3098 5285 3125 5338 ὁ
3158 5285 3404 5338 Βουνμὸε
3429 5287 3534 5338 τῶν
3569 5273 3804 5333 ὀδόντωΨ

491 5273 602 5418 (79⁷)
637 5278 838 5354 Matth.
864 5294 985 5345 χιιι,
1017 5281 1105 5345 42,
1130 5298 1275 5342 XXIV,
1314 5284 1402 5346 51,
1428 5300 1557 5351 xxv,
1592 5273 1706 5351 30';
1739 5285 1872 5341 Luc.
1894 5273 2029 5356 'xui,
2062 5290 2089 5341 2

515 5351 602 5417 80)
637 5353 792 5406 Petr.
823 5350 871 5404 ll
910 5351 1093 5418 Epist.
1128 5370 1214 5418 ιιι,
1252 5358 1336 5409 11.

2221 5286 2365 5341 Ἐκεῖ
2397 5273 2557 5340 ἔσται’
2578 5285 2606 5340 6
2637 5283 2921 5358 κλαυθμὸς
2953 5273 3043 5339 καῖ
3098 5285 3125 5339 ὁ
3157 5285 3404 5362 βρυγμὸς
3429 5287 3534 5340 τῶν
3569 5273 3785 5333 ὀδόντων

515 5351 602 5417 80)
637 5353 792 5406 Petr.
823 5350 871 5404 ll
910 5351 1093 5421 Epist.
1128 5370 1214 5422 ιιι,
1252 5358 1336 5409 11.

485 5422 598 5492 (81)
630 5423 831 5477 Matth.
857 5439 986 5490 xxv,
1020 5425 1108 5478 33.

632 5496 832 5574 Matth.
865 5511 994 5574 xxav,
1028 5497 1382 5574 34._Confer,
1413 5498 1592 5566 infra,
1622 5517 1754 5574 pag.
1790 5501 1879 5556 71.

489 5561 824 5642 (88))Ιιιιιιιξι
851 5561 1022 5642 φοϐον
1049 5566 1138 5642 xui
1168 5568 1400 5642 τρόμον,
1430 5561 1660 5626 memor
1690 5561 1891 5629 forsan
1943 5574 2089 5630 Psall

2207 5589 2318 5642 Liv,
2349 5578 2379 5628 5

2442 5592 2462 5650 εΔ
2490 5567 2663 5650 φόϐος
2717 5573 2810 5630 καὶ
2838 5571 3044 5650 τρόμος
3073 5573 3243 5643 ἦλθεν
3275 5573 3356 5629 ἐπ’
3399 5570 3516 5650 ἐμὲ,
3546 5567 3630 5650 vel
3651 5557 3800 5650 ‘Isaia?

415 5648 532 5730 ξιξ
569 5637 632 5730 ip
667 5654 688 5730 ;ζ
711 5637 802 5730 ζςΙ
823 5637 976 5720 alius
1011 5640 1146 5721 lo_ci.
1176 5637 1667 5730 Pseudo-abdias
1690 5661 1802 5730 νιιιζ
1830 5649 1876 5730 ἐξ
1893 5662 1904 5698 :
1941 5668 1970 5696 «
2004 5647 2246 5730 Factus-
2266 5637 2604 5730 .estntiriior
2634 5653 2692 5702 et
2712 5637 2952 5730 tremor.
2977 5637 3387 5730 superﬁomnes
3408 5637 3798 5730 ίξιὶςῐθνᾷξξοξίχ

415 5704 614 5782 Sedet
643 5706 828 5782 οίξξω
860 5709 944 5765 sic
969 5711 1341 5782 scripserunt
1373 5729 1386 5768 :
1419 5712 1532 5768 vid.
1571 5721 1692 5770 not.
1729 5704 1804 5770 ad
1836 5718 2000 5773 Euna

419 5776 597 5834 1332:
635 5798 664 5829 ιι
693 5781 1004 5852 Metuoque
1035 5776 1108 5839 et'
1124 5782 1303 5840 timeo
1333 5801 1409 5841 ne
1431 5783 1544 5843 hoc
1575 5786 1819 5846 tandem
1839 5806 1986 5864 prop

2004 5698 2300 5802 ᾖῗξῖξθᾷ
2311 5698 2695 5802 Eine—{fauni
2718 5698 2940 5780 Ξᾶῖιᾶἰ.
2977 5698 3154 5794 ὲῇἷέιῖ
3184 5698 3674 5795 tisanana.
3695 5698 3796 5760 Mil.

1991 5790 2149 5850 alain
2176 5790 2283 5850 ﬁat
2309 5790 2512 5849 nimis.
2541 5815 2571 5847 »
