4100 6408
328 329 438 386 929

1520 336 1694 391 VITA
1729 337 2085 394 BARLAAM
2122 343 2216 396 ET
2250 344 2595 404 JOASAPH.

3654 361 3764 417 930

321 452 409 516 τίς
441 454 477 523 ἠ
504 448 715 506 τούτων
765 448 1043 522 ἀποδειξις
1074 468 1089 521 ;
1121 449 1211 507 καὶ
1248 455 1392 523 πῶς,
1422 453 1487 508 τὸ
1515 449 1653 518 τέως
1687 458 1761 529 μή
1798 460 1980 521 θεαθέν

2098 470 2399 539 gestarum
2420 485 2668 526 examen
2694 487 2762 528 ac
2782 478 3259 534 merces.Verum
3277 497 3393 551 quo
3406 490 3757 557 argumento

330 544 615 618 μαθόντες,
672 540 847 603 οὕτως
907 542 1189 617 ἀραρότως
1246 545 1337 597 καὶ
1400 543 1822 622 ἀναμφιλέκτως
1868 549 1990 604 ἐπι-

330 634 637 702 ere-Sorte;
687 634 769 689 Τά
828 633 924 703 μὲν
964 633 1066 707 γὰρ
1120 630 1228 703 ἤδη
1291 637 1605 711 πραχθέντα
1662 638 1753 692 καὶ
1813 633 1990 714 ἔργοις

329 725 726 802 φανερωθέντα,
758 719 856 777 κᾶν
890 721 1043 777 αὐτοὶ
1103 722 1202 777 οὐκ
1234 722 1425 790 εἷ’δετε,
1459 724 1605 781 ἀλλά
1635 732 1742 782 τῶν
1773 730 1992 804 ἱστορηο

327 815 539 871 σάντων
572 814 859 884 ἠκούσατε
891 818 1010 874 πῶς
1064 811 1141 883 δὲ,
1193 814 1283 867 καὶ
1331 817 1454 889 περί
1505 821 1610 871 τῶν
1670 817 1987 891 μελλόντων

325 910 556 962 τοιαῦτα
609 904 818 981 μεγάλα
868 902 957 957 καὶ
1019 904 1291 979 ὑπέρογκα
1348 905 1734 981 κηρύττοντες,
1769 910 1987 987 ἀσφαλῆ

317 1009 427 1079 τὴν
461 1006 586 1082 περὶ
620 1005 795 1060 αὐτῶν
824 1015 1087 1075 κεκτησθε
1118 1002 1505 1080 πληροφορίαν
1542 1026 1555 1076 ;

399 1280 505 1336 Καὶ
548 1297 710 1356 φησιν
745 1277 772 1331 6
806 1275 1094 1350 Βαρλαάμ’
1150 1278 1246 1334 Ἐκ
1297 1276 1406 1332 τῶν
1462 1276 1573 1349 ἤδη
1633 1282 1989 1356 πραχθέντων

316 1368 645 1440 ἐκτησάμην
686 1367 777 1422 καὶ
824 1371 933 1422 τῶν
987 1365 1304 1439 μελλόντων
1352 1369 1451 1436 τήν
1503 1369 1909 1447 πληροφορίαν·
1941 1374 1993 1427 οὶ

319 1461 433 1535 γάρ
484 1463 653 1513 ταῦτα
710 1457 1039 1529 κηρύξαντες
1087 1456 1137 1511 ἐν
1201 1455 1378 1513 οὐδενὶ
1433 1466 1532 1528 τῆς
1590 1460 1850 1530 ἀληθείας
1909 1461 1996 1517 δι-

322 1548 690 1623 αμαρτόντες,
724 1544 869 1600 ἀλλά
900 1566 1151 1616 σημειοις
1191 1547 1283 1601 καὶ
1336 1550 1522 1624 τέρασι
1571 1551 1658 1604 καὶ
1711 1552 1991 1615 ποικίλαις

330 1636 590 1711 δυνάμεσι
650 1640 755 1707 (84)
810 1635 878 1690 τὰ
953 1633 1219 1711 λεχθέντα
1277 1635 1729 1711 έμπεδωσάμενοι
1764 1683 1777 1709 ,
1837 1641 1990 1696 αὐτοὶ

334 1730 442 1785 68
475 1728 559 1781 καὶ
608 1726 733 1799 περὶ
793 1730 898 1780 τῶν
964 1725 1284 1798 μελλόντων
1346 1726 1726 1803 εἰσηγήσαντο.
1786 1733 1989 1808 ’Ώσπερ

2098 555 2223 611 haec
2248 558 2463 628 probas
2486 560 2513 614 ?
2535 567 2867 632 etquonam
2895 566 2946 619 ei
2982 566 3066 621 rei
3101 585 3231 638 qme
3264 555 3529 627 nonduin
3562 576 3751 630 oculis

2098 653 2408 718 perspecta
2439 656 2529 704 est
2554 652 2768 707 auditae
2802 661 2978 725 atque
3031 658 3349 713 intellecta:
3378 678 3565 732 usque
3598 665 3746 721 adeo

2097 736 2328 791 firmam
2356 744 2413 793 et
2436 739 2827 797 indubitatam
2848 744 3024 800 tidem
3047 747 3408 803 adhibuistis
3424 750 3605 807 ?Nam
3623 772 3754 824 quae

2088 826 2214 898 jam
2237 833 2399 899 gesta
2422 845 2488 882 ac
2508 847 2569 883 re
2594 831 2723 900 ipsa
2742 833 3040 890 declarata
3064 844 3221 904 sunt,
3246 839 3481 894 etiamsi
3507 842 3616 911 ipsi
3646 844 3755 897 mi-

2096 916 2257 971 nime
2294 917 2574 981 videritis,
2600 921 2826 975 atabiis
2849 926 2947 992 qui
2998 942 3065 979 ea
3111 927 3404 995 viderunt,
3430 946 3497 984 ac
3529 948 3746 987 memo-

2095 1005 2198 1059 ria:
2222 1006 3246 1079 prodiderunt,aud1vistis.Quonam
3262 1024 3463 1073 autem
3486 1021 3662 1075 modo
3679 1022 3752 1077 de

2096 1094 2502 1151 rebusfuturis
2523 1108 2642 1152 tam
2668 1116 2880 1172 magna
2894 1106 3319 1174 etprwtumida
3332 1109 3749 1180 praedicantes,

2096 1191 2319 1240 certam
2354 1186 2426 1241 de
2460 1187 2533 1242 iis
2566 1188 2741 1243 ﬁdem
2778 1193 2935 1246 nacti
2967 1194 3150 1249 estis?

2169 1366 2494 1437 Respondit
2516 1367 2787 1423 Barlaam
2808 1386 2820 1423 :
2844 1372 2925 1425 Ex
2945 1372 3019 1426 iis
3042 1390 3172 1443 quae
3189 1374 3317 1445 jam
3350 1378 3747 1449 contigerunt,

2096 1454 2168 1509 de
2190 1454 2405 1510 futuris
2428 1458 2608 1512 etiam
2632 1466 2859 1514 certam
2884 1461 3063 1515 ﬁdem
3086 1471 3296 1519 nactus
3320 1482 3472 1520 sum.
3492 1469 3632 1522 Nam
3648 1471 3752 1538 qui

2098 1543 2224 1599 hazc
2245 1546 2666 1615 praedicarunt,
2693 1566 2802 1604 nec
2825 1551 2948 1605 ulla
2970 1552 3030 1606 in
3054 1569 3115 1606 re
3147 1570 3181 1607 a
3212 1571 3344 1609 vero
3375 1556 3751 1628 aberrarunt,

2093 1649 2295 1688 verum
2323 1652 2427 1706 per
2450 1637 2618 1709 signa
2644 1644 2703 1692 et
2725 1640 3014 1713 prodigia,
3035 1643 3343 1715 variasque
3368 1645 3614 1702 virtutes
3629 1666 3753 1704 ser-

2094 1724 2374 1778 monibns
2398 1727 2519 1780 suis
2542 1727 2724 1781 robur
2742 1731 3159 1797 conciliarunt,
3182 1734 3361 1788 iidem
3383 1736 3561 1791 etiam
3577 1737 3649 1792 de
3666 1739 3757 1795 fu-

331 1818 432 1873 οὗν
460 1818 679 1881 ἐνταῦθα
712 1814 864 1871 οὐδὲν
910 1816 1095 1871 σκαιὸν
1151 1816 1241 1870 καὶ
1301 1816 1686 1890 πεπλασμένον
1720 1817 1980 1891 ἐδίδαξαν,

2098 1814 2245 1868 turis
2278 1830 2387 1869 nos
2418 1815 2877 1874 admonuerunt.
2912 1821 3423 1885 Quemadmodum
3458 1826 3636 1895 igitur
3655 1828 3752 1884 hic

322 1908 477 1963 ἀλλα
502 1909 669 1962 πάντα
717 1904 1074 1983 φαιδρότερον
1128 1905 1293 1975 ἡλίου
1344 1904 1592 1980 ἔλαμψαν
1642 1912 1751 1982 (85)
1803 1910 1902 1965 ὅσα
1930 1932 1989 1966 τε

319 1998 477 2052 εἶπον
510 1997 597 2051 καὶ
631 1996 916 2065 ἐποίησαν,
978 1994 1152 2057 οὕτως
1184 2000 1341 2049 κακεῖ
1402 1994 1642 2065 ἀληθινά
1700 1995 1991 2073 έδογμιίτι·

321 2106 448 2140 σαν·
483 2088 637 2140 ἅτινα
688 2085 778 2140 καὶ
839 2084 999 2145 αὐτὸς
1033 2085 1060 2138 6
1094 2083 1292 2153 Κύριος
1350 2086 1511 2155 ἡμῶν
1571 2086 1664 2139 καὶ
1722 2084 1990 2159 δεσπότης

315 2173 537 2246 Ἰησοδς
592 2175 825 2249 Χριστὸς
906 2172 1056 2249 λόγῳ
1121 2193 1178 2227 τε
1245 2172 1334 2227 καὶ
1392 2168 1539 2248 ἔργῳ
1600 2173 1936 2231 ἐπιστώσατο
1972 2221 1985 2235 .

319 2265 505 2337 Ἀμὴν
533 2265 657 2340 γάρ,
691 2263 825 2340 φησὶ
854 2265 991 2335 (86),
1024 2263 1172 2337 Λέγω
1209 2260 1336 2334 ὑμῖν
1372 2261 1455 2316 ὅτι
1503 2261 1725 2339 ἔρχεται
1762 2265 1900 2338 ὥρα,
1934 2266 1985 2320 έν

303 2354 345 2431 ᾖ
384 2356 581 2418 πάντες
612 2355 664 2409 οἱ
710 2353 762 2409 έν
793 2358 910 2415 τοῖς
967 2353 1263 2426 μνημείοις
1317 2353 1637 2409 ἀκούσονται
1668 2359 1770 2420 τῆς
1802 2364 1990 2431 φωνῆς

307 2450 416 2501 τοῦ
469 2446 596 2500 Υἳοῦ
625 2448 723 2499 τοῦ
767 2448 924 2509 Θεοῦ,
978 2444 1143 2497 καῖοἱ
1196 2443 1520 2506 ἀκούσαντες
1572 2446 1849 2514 ζήσονται·
1896 2440 1986 2502 καὶ

307 2537 496 2599 αὖθις.
528 2537 791 2611 Ἔρχεται
827 2530 965 2609 ὥρα,
1018 2530 1110 2589 ὅτε
1164 2534 1215 2588 οἱ
1275 2535 1454 2607 νεκροὶ
1517 2536 1833 2592 ἀκούσονται
1885 2545 1988 2607 τῆς

299 2634 500 2707 φωνῆς
533 2626 721 2694 αὐτοῦ,
757 2624 848 2680 καὶ
905 2623 1325 2698 ἐκπορεύσονται
1385 2625 1437 2679 οἱ
1492 2626 1558 2679 τὰ
1616 2626 1785 2699 ἀγαθὰ
1816 2629 1982 2699 ποιή-

300 2738 497 2779 σαντες
535 2716 611 2778 εἷς
670 2714 958 2769 ἀνάστασιν
1010 2718 1177 2783 ζωῆς,
1213 2714 1263 2767 οἱ
1321 2710 1378 2767 δὲ
1431 2714 1500 2769 τὰ
1531 2713 1715 2789 φαῦλα
1746 2717 1985 2791 πράξαν-

306 2831 402 2872 τες
462 2807 540 2870 εἷς
600 2806 885 2861 ἀνάστασιν
948 2803 1178 2881 κρίσεως
1214 2822 1225 2834 ·
1306 2804 1394 2857 καὶ
1478 2802 1643 2859 πάλιν
1700 2806 1824 2876 περὶ
1880 2808 1979 2873 τῆς

306 2898 660 2958 ἀναστάσεως
693 2916 824 2973 φησι
856 2898 964 2949 τῶν
1027 2897 1251 2966 νεκρῶν’
1286 2892 1395 2947 Οὐκ
1454 2894 1725 2968 ἀνέγνωτε
1782 2895 1846 2949 τὸ
1878 2894 1978 2969 ῥη·

307 2991 399 3045 θὶν
436 2990 566 3062 ὑμῖν
620 2986 723 3041 ὑπὸ
772 2989 868 3039 τοῦ
914 2987 1047 3039 Θεοῦ
1102 2982 1377 3058 λεγοντος’
1414 2984 1556 3058 Ἐγώ
1606 2983 1721 3055 εῗμι
1771 2985 1799 3038 6
1848 2985 1980 3046 Θεὸς

311 3075 571 3154 ’Λϐραᾶμ
622 3078 712 3132 καὶ
746 3077 774 3131 6
814 3076 945 3137 Θεὸς
1003 3073 1187 3130 Ἰσαὰκ
1238 3074 1327 3127 καὶ
1360 3074 1387 3128 6
1444 3076 1573 3135 Θεὸς
1629 3070 1846 3130 Ἰακώϐο
1876 3076 1979 3130 οὐκ

306 3169 456 3226 ἔστιν
489 3170 517 3223 6
549 3169 676 3229 Θεὸς
720 3166 847 3227 Θεὸς
895 3169 1125 3236 νεκρῶν,
1159 3162 1305 3217 ἀλλά
1345 3164 1561 3232 ζώντων
1622 3168 1751 3238 (87)·
1789 3163 1969 3239 ὥσπερ

2096 1905 2247 1958 nihil
2266 1912 2693 1977 praeposterum
2718 1924 2785 1962 ac
2809 1909 3012 1964 ﬁctum
3036 1910 3592 1981 docuerunt,verum
3619 1935 3753 1973 om-

2096 1995 2195 2049 nia
2220 2012 2285 2050 ea
2307 2013 2438 2066 qua:
2462 1996 2533 2050 ab
2554 1997 2696 2067 ipsis
2723 1998 2880 2053 dicta
2903 2006 2961 2054 et
2982 2001 3135 2056 facta
3176 2010 3333 2064 sunt.
3374 2005 3497 2059 sole
3529 2007 3751 2063 clarius

2097 2085 2470 2152 effulserunt,
2507 2087 2716 2141 eodem
2751 2106 2988 2159 quoque
3022 2091 3196 2145 modo
3229 2092 3353 2148 illic
3385 2112 3517 2150 vere
3550 2098 3752 2153 omnia

2096 2175 2637 2240 tradiderunt.Quae
2653 2177 2893 2247 quidem
2919 2180 3095 2235 etiam
3118 2182 3534 2251 ipseDominus
3549 2193 3755 2243 noster

2095 2281 2161 2319 ac
2186 2266 2364 2319 herus
2388 2266 2556 2319 Jesus
2583 2266 2872 2336 Christus,
2908 2275 3032 2323 tum
3079 2287 3377 2333 sermone.
3420 2278 3544 2329 tum
3572 2293 3751 2347 opere

2094 2355 2485 2409 confirmavit.
2521 2359 2709 2409 Amen
2743 2358 2925 2423 enim,
2979 2359 3195 2429 inquit,
3230 2360 3361 2416 dico
3390 2362 3576 2430 vobis,
3612 2366 3755 2435 quia

2094 2444 2437 2505 venithora.
2464 2445 2703 2515 quando
2725 2447 2941 2501 mortui
2974 2448 3221 2503 audient
3249 2467 3451 2507 vocem
3482 2453 3590 2508 Flii
3624 2455 3750 2523 Dei,

2092 2539 2150 2588 et
2172 2535 2270 2605 qui
2296 2534 2621 2595 audierint.
2655 2536 2849 2590 vivent
2876 2540 3055 2599 (Joan.
3085 2550 3201 2603 xm.
3228 2542 3308 2595 Ac
3331 2558 3566 2597 rursum
3593 2560 3606 2597 :
3643 2546 3752 2599 Ve-

2090 2624 2181 2677 nit
2200 2624 2364 2689 hora,
2394 2624 2452 2677 in
2473 2641 2588 2695 qua
2612 2642 2821 2679 omnes
2842 2627 2946 2696 qui
2966 2628 3026 2680 in
3052 2631 3458 2686 monumentis
3491 2638 3753 2689 suntau-

2092 2711 2259 2766 dient
2272 2728 2470 2766 vocem
2486 2712 2617 2767 Filii
2639 2714 3173 2785 Dei.Etprocedent
3188 2717 3288 2787 qui
3311 2718 3463 2773 bona
3476 2720 3752 2778 fecerunt

2088 2800 2149 2855 in
2172 2802 2671 2856 resurrectionem
2704 2803 2868 2867 vitae;
2896 2804 2997 2873 qui
3027 2822 3161 2859 vero
3192 2808 3351 2861 mala
3383 2815 3648 2879 egerunt,
3684 2811 3747 2867 in

2086 2891 2586 2945 resurrectionem
2613 2891 2825 2962 judicii
2878 2894 3056 2961 (Luca:
3088 2899 3203 2963 xx).
3239 2903 3319 2950 Ac
3351 2915 3588 2953 rursum
3622 2900 3744 2957 ait:

2087 2982 2167 3035 De
2201 2986 2575 3034 mortuorum
2620 2989 2818 3036 autem
2851 2984 3288 3039 resurrectione
3338 3002 3458 3041 non
3515 2988 3742 3061 legistis

2084 3070 2245 3141 quod
2274 3070 2496 3124 dictum
2531 3078 2622 3125 est
2650 3072 2815 3126 vobis
2862 3088 2894 3126 a
2944 3074 3084 3141 Deo,
3117 3074 3391 3129 dicente:
3452 3079 3566 3149 Ego
3610 3096 3744 3133 sum

2085 3161 2237 3215 Deus
2271 3159 2589 3225 Abraham,
2626 3162 2778 3215 Deus
2810 3163 2992 3225 Isaac,
3026 3169 3086 3216 et
3128 3164 3283 3218 Deus
3321 3166 3543 3220 Jacob?
3582 3168 3737 3223 Deus

304 3261 414 3337 γὰρ
474 3257 788 3333 συλλέγεται
839 3256 903 3309 τὰ
955 3255 1164 3324 ζιζάνια
1210 3252 1299 3307 καὶ
1349 3254 1480 3325 πυρὶ
1532 3252 1765 3318 καίεται,
1798 3253 1973 3316 οὕτως

2092 3267 2264 3321 porro
2298 3255 2668 3304 mortuorum
2702 3251 2856 3304 Deus
2879 3267 2996 3305 non
3017 3258 3124 3312 est.
3153 3252 3256 3306 sed
3287 3254 3628 3313 viventium.
3664 3258 3735 3313 Ut

304 3347 456 3406 ἔσται
516 3347 568 3403 ἐν
628 3349 699 3420 τῇ
760 3342 1038 3414 συντελείᾳ
1099 3342 1303 3405 αἰῶνος
1369 3344 1572 3397 τούτου
1607 3366 1619 3377 ·
1680 3343 1978 3400 ἀποστελεῖ

304 3442 334 3496 6
368 3440 493 3501 Υἱὸς
523 3442 620 3493 τοῦ
651 3440 785 3492 Θεοῦ
813 3433 939 3495 τοῦς
988 3430 1259 3509 ἀγγέλους
1309 3433 1477 3487 αὐτοῦ
1529 3433 1619 3487 καὶ
1652 3432 1974 3504 συλλέξουσι

307 3531 487 3585 πάντα
516 3528 584 3582 τά
613 3522 892 3581 σκάνδαλα
921 3522 1011 3577 καὶ
1061 3521 1190 3583 τοὺς
1239 3526 1527 3583 ποιοῦντας
1572 3524 1673 3591 τήν
1722 3523 1974 3596 ἀνομίαν,

308 3620 403 3674 καὶ
469 3615 728 3693 βαλοῦσιν
788 3613 987 3673 αὐτοὺς
1044 3611 1119 3671 εἷς
1173 3611 1273 3679 τὴν
1328 3610 1561 3682 κάμινον
1616 3615 1715 3665 τοῦ
1781 3612 1972 3685 πυρός·

310 3710 424 3765 ἐκεῖ
481 3704 625 3763 ἔσται
660 3706 687 3759 6
718 3702 1002 3775 κλαυθμὸς
1060 3699 1149 3754 καὶ
1184 3701 1212 3753 6
1248 3700 1495 3774 βρυγμὸς
1552 3704 1661 3753 τῶν
1723 3698 1970 3755 έδόντων·

302 3799 433 3854 τότε
466 3797 517 3851 οἱ
551 3794 751 3851 δίκαιοι
779 3792 1153 3864 ἐκλάμψουσιν
1187 3790 1259 3851 ὡς
1286 3789 1314 3842 6
1347 3788 1510 3857 ἣλιος
1542 3786 1596 3842 έν
1620 3792 1686 3863 τῇ
1723 3788 1976 3865 βασιλείᾳ

301 3894 403 3945 τοῦ
440 3887 645 3963 Πατρὸς
692 3885 872 3940 αὐτῶν
907 3886 994 3955 (88
1023 3924 1036 3938 .

379 3980 567 4035 Ταῦτα
621 3974 828 4043 εῗπὼν,
890 3971 1207 4047 προσέθετο·
1269 3970 1329 4027 Ὁ
1387 3965 1531 4044 ἔχων
1592 3969 1705 4023 ὦτα
1762 3969 1976 4024 ἀκούειν

308 4066 574 4125 ἀκουέτω.
624 4063 910 4124 ’τοιούτοις
949 4061 1045 4132 μὲν
1102 4059 1291 4135 λόγοις
1346 4059 1437 4113 καὶ
1492 4057 1699 4133 έτέροις
1755 4058 1975 4114 πλείοσι

307 4159 411 4227 τὴν
470 4159 569 4213 09
623 4158 731 4209 τῶν
799 4152 1070 4223 σωμάτων
1128 4152 1292 4222 ἡμῶν
1343 4149 1629 4203 ἀναστασιν
1690 4150 1718 4204 6
1777 4149 1978 4225 Κύριος

307 4248 671 4327 ἐφανέρωσεν·
721 4238 863 4320 ἔργῳ
897 4240 953 4296 δῖε
996 4239 1125 4301 τοὺς
1177 4240 1380 4327 λόγους
1436 4238 1797 4327 ἐπιστώσατο,
1830 4237 1974 4293 πολ-

306 4325 441 4399 Λοὺς
475 4333 689 4410 ἐγείρας
720 4330 968 4407 νεκροὺς,
1004 4329 1142 4403 πρὸς
1173 4325 1231 4383 δὶ
1259 4332 1338 4399 τῷ
1389 4325 1538 4382 τέλει
1588 4334 1688 4396 τῆς
1748 4327 1835 4382 ἐπὶ
1868 4335 1974 4403 γῆς

306 4428 478 4483 αὐτοῦ
528 4421 834 4484 πολιτείας,
877 4420 966 4475 καὶ
1024 4423 1343 4493 τεταρταῖον
1403 4415 1512 4487 ἤδη
1568 4419 1976 4493 καταφθαρέντα

306 4517 401 4574 καὶ
435 4512 680 4570 ὀδωδότα
741 4509 983 4587 Λάζαρόν
1035 4529 1156 4563 τινα
1215 4511 1327 4581 (89)
1362 4504 1523 4581 φίλον
1557 4507 1751 4561 ἑαυτοῦ
1790 4505 1849 4561 ἐκ
1877 4511 1975 4562 τοῦ

2083 3340 2244 3395 enim
2271 3339 2636 3411 colliguntur
2664 3340 2901 3407 zizania,
2931 3346 2990 3394 et
3020 3342 3473 3412 comburuntur,
3508 3347 3591 3401 sic
3625 3348 3739 3402 erit

2083 3430 2146 3484 in
2161 3429 2678 3484 consummatione
2701 3429 2902 3483 saeculi
2927 3430 3321 3500 hujus(Matth
3358 3436 3530 3503 xxiv).
3553 3436 3741 3491 Mittet

2082 3519 2266 3575 Filius
2291 3519 2389 3573 Dei
2421 3518 2665 3590 angelos
2697 3535 2854 3585 suos,
2891 3525 2950 3573 et
2986 3519 3269 3591 colligent
3298 3521 3369 3575 de
3403 3540 3585 3595 regno
3610 3526 3739 3597 ejus

2083 3610 2287 3663 omnia
2318 3608 2619 3668 scandala.
2654 3613 2711 3661 et
2743 3624 2843 3661 eos
2876 3609 2976 3678 qui
3009 3608 3648 3680 faciuntiniquitatem.
3670 3616 3741 3670 Et

2082 3699 2322 3752 mittent
2353 3714 2453 3752 eos
2486 3697 2547 3751 in
2579 3697 2881 3752 caminum
2915 3698 3103 3767 ignis:
3138 3698 3263 3752 illic
3312 3700 3425 3753 erit
3474 3701 3648 3757 ﬂetus
3680 3707 3739 3758 et

2082 3786 2304 3842 stridor
2332 3786 2620 3842 dentium.
2658 3788 2818 3841 Tunc
2841 3786 2991 3857 justi
3023 3787 3337 3860 fulgebunt
3366 3790 3519 3845 sicut
3548 3792 3637 3847 sol
3672 3793 3736 3849 in

2082 3892 2296 3948 regnos
2330 3876 2520 3929 Patris
2550 3892 2775 3930 eorum.

2154 3966 2286 4018 Haac
2312 3964 2518 4019 dicens
2544 3964 2812 4020 addidit:
2847 3965 2954 4030 Qui
2988 3965 3167 4021 habet
3204 3983 3377 4023 aures
3428 3970 3732 4036 audiendi.

2080 4053 2287 4109 audiat
2342 4057 2488 4112 «Luc.
2526 4058 2604 4120 ιι).
2639 4055 2742 4109 His
2795 4054 2975 4128 igitur
3004 4056 3396 4127 pluribusque
3445 4059 3578 4115 aliis
3609 4078 3738 4116 ver-

2084 4146 2176 4202 bis
2209 4147 2494 4202 Dominus
2526 4163 2840 4217 corporum
2874 4149 3371 4204 resurrectionem
3396 4150 3736 4209 declaravit.

2082 4237 2297 4308 Reipsa
2336 4243 2535 4291 autem
2567 4237 2947 4291 sermonibus
2964 4237 3087 4292 suis
3112 4238 3289 4293 ﬁdem
3321 4242 3738 4309 astruxit,cum

2084 4332 2353 4382 mortuos
2384 4325 2456 4380 ad
2487 4326 2663 4381 vitam
2698 4328 3010 4392 revocavit,
3043 4344 3110 4383 ac
3146 4328 3252 4382 sub
3286 4332 3584 4386 terrestris
3608 4332 3737 4388 vitm

2084 4431 2204 4469 suaa
2219 4415 2634 4486 catastrophen
2652 4416 2926 4471 Lazarum
2945 4417 3263 4488 quemdam
3275 4419 3527 4476 amicum
3542 4438 3737 4492 suum,

2084 4506 2184 4577 qui
2200 4506 2327 4577 jam
2356 4506 2674 4576 quatriduo
2696 4514 2964 4561 mortuus
2988 4511 3136 4571 erat,
3164 4524 3231 4563 ac
3261 4508 3523 4578 foetebat,
3547 4528 3576 4566 e
3611 4529 3737 4567 mo-

315 4608 607 4679 μνήματος
646 4602 901 4670 καλέσας,
934 4599 1024 4654 καὶ
1082 4603 1254 4667 ζῶντα
1282 4600 1374 4652 τὸν
1432 4596 1641 4650 ἄπνουν
1695 4617 1980 4671 παραστη-

2092 4602 2377 4650 ηιιωρῐιίο
2401 4596 2909 4667 vocavit,eumque
2934 4597 3032 4667 qui
3050 4597 3314 4653 animam
3338 4600 3745 4669 efﬂaverat,vi-

311 4697 569 4770 σάμενος.
624 4695 748 4750 Ἐπὶ
805 4691 1025 4750 τούτοις
1084 4686 1141 4743 δὲ
1190 4689 1277 4743 καὶ
1313 4687 1475 4749 αὐτὸς
1535 4689 1563 4742 6
1624 4686 1821 4760 Κύριος
1871 4688 1971 4742 ἀπ-

308 4787 459 4863 αρχὴ
497 4786 609 4857 (90)
639 4789 739 4851 τῆς
768 4778 978 4841 τελείας
1029 4778 1118 4832 καὶ
1156 4778 1351 4850 μηκέτι
1385 4775 1600 4848 θανάτῳ
1634 4776 1977 4830 ὑποπιπτού-

315 4895 417 4944 σης
446 4872 787 4932 ἀναστάσεως
836 4868 1043 4945 γέγονε,
1078 4866 1236 4935 σαρκὶ
1292 4868 1389 4919 τοῦ
1444 4864 1675 4927 θανάτου
1705 4862 1977 4939 γευσάμε-

311 4984 406 5029 νος
436 4966 570 5036 (91),
602 4960 832 5021 ἀναστὰς
866 4956 924 5013 δί
950 4956 1255 5032 τριήμερος
1283 4954 1372 5009 καὶ
1423 4957 1532 5008 τῶν
1584 4957 1789 5027 νεκρῶν
1823 4973 1976 5027 πρω-

2086 4701 2221 4739 vum
2239 4685 2466 4740 exibuit
2494 4687 2677 4755 (Joan.
2710 4687 2812 4755 XI).
2847 4687 2998 4750 Quin
3032 4687 3157 4757 ipse
3190 4704 3427 4758 quoque
3456 4690 3743 4747 Dominus

2086 4773 2549 4845 perfectam,nec
2558 4774 2685 4845 jam
2705 4775 2879 4829 morti
2895 4774 3225 4846 subjectam
3240 4780 3743 4835 resurrectionem

2086 4863 2427 4929 auspicatus
2450 4864 2794 4935 estzquippe
2817 4864 2918 4935 qui
2946 4864 3205 4919 mortein
3220 4867 3742 4939 carnedegustata,

2086 4952 2283 5009 triduo
2306 4957 2441 5025 post
2460 4953 2533 5009 ad
2556 4954 2735 5009 vitam
2760 4953 2960 5022 rediit,
2986 4970 3053 5011 ac
3068 4960 3441 5011 mortuorum
3454 4957 3745 5029 primoge-

386 5147 493 5219 (84)
524 5147 650 5200 Act.
684 5144 793 5219 Ap.
825 5158 886 5208 II,
919 5142 988 5195 22
1020 5154 1034 5194 :
1065 5131 1277 5209 Ἄνδρα
1306 5132 1415 5188 ἀπὸ
1443 5136 1541 5188 τοῦ
1572 5135 1708 5188 Θεοῦ
1740 5128 1980 5187 ἀποδεδει

2092 5131 2191 5186 ἐνον
2226 5128 2306 5193 εἷς
2338 5131 2478 5204 ὑμᾶς
2524 5128 2779 5206 δυνάμεσι
2809 5130 2900 5185 καὶ
2930 5130 3111 5209 τέρασι
3164 5131 3254 5187 καὶ
3287 5132 3540 5207 σημείοις
3571 5137 3739 5200 Conf.

304 5216 569 5297 ρειεςβεξν
604 5232 666 5271 ιι·
809 5286 823 5297 .
854 5286 863 5296 .

384 5278 500 5361 (85)
529 5278 768 5361 Locutio
809 5283 1061 5361 biblica.
1082 5280 1435 5361 conferatur
1462 5294 1596 5334 mox
1628 5282 1769 5333 nota
1790 5278 1881 5333 88.

383 5356 499 5435 (86)
524 5359 693 5432 Apud
722 5359 893 5435 Joan.
917 5358 1086 5435 γ,
1119 5356 1210 5408 28.

384 5423 500 5508 (87}
534 5423 707 5508 Marc.
740 5448 839 5497 xu,
872 5431 1101 5508 26.27”:
1136 5423 1291 5482 conf.
1326 5424 1460 5479 Luc.
1494 5440 1594 5478 xx.
1627 5424 1716 5491 37,
1750 5424 1837 5477 38.

384 5500 499 5582 (88)
534 5506 734 5582 Matth.
773 5519 892 5582 ιιιιιιἐ
928 5500 1100 5582 iii/:3
1148 5564 1206 5582 "ﬂ
1540 5568 1561 5580 ν
1708 5565 1718 5582 ν

381 5562 497 5652 (89)
524 5579 689 5652 Jo_an_'
723 5592 803 5639 χι,
832 5576 937 5652 3_9_:
968 5566 1108 5639 Ἤδη
1143 5564 1275 5652 ὅςειο
1304 5568 1629 5652 τεταρτίαξοσ
1656 5565 1757 5652 γάρ
1789 5562 1922 5652 ἐστι.

384 5637 496 5720 “9Ο)
529 5651 550 5703 1
577 5647 759 5720 Epist.
791 5637 869 5701 ad
889 5644 1021 5731 Cor:
1052 5637 1145 5732 xv,
1179 5643 1245 5729 2‘3
1273 5637 1519 5731 τάπαρχή
1543 5637 1797 5765 Χριστός.
1830 5637 1915 5694 Cf.
1947 5652 1980 5694 n

380 5656 503 5798 i9!)
534 5722 674 5779 Luc.
706 5735 784 5774 Ix.
816 5720 884 5773 27
910 5732 925 5773 :
947 5720 1018 5771 υι
1046 5733 1111 5769 ου
1145 5733 1225 5786 μη
1257 5729 1559 5787 γευσωνται
1621 5709 1845 5767 ανάτου.

2114 5654 2176 5694 n.
2207 5640 2264 5695 ι.

407 5709 503 5795 91)
534 5709 674 5779 L116.
706 5735 784 5774 Ix.
816 5720 884 5773 27
910 5732 925 5773 :
947 5711 1018 5771 Οἳ
1046 5713 1111 5769 οὐ
1145 5712 1225 5786 μή
1257 5709 1559 5787 γεύσωνται
1588 5709 1845 5767 θανάτου.
