4100 6384
420 414 524 471 931

1982 403 2225 458 ADDEN
2237 405 2350 461 DA.

3713 418 3805 477 932

422 512 585 598 nitus
609 538 856 595 effectus
886 496 1050 611 estC
1084 535 1207 594 Cor.
1240 532 1375 600 xu).
1408 530 1760 600 Quanquam
1786 528 1949 586 enim
1977 527 2080 585 alii

2202 526 2422 597 τότοκος
2471 530 2766 608 γενόμενος
2823 537 2988 609 (92).
3045 533 3379 610 Ἠγέρθησαν
3444 533 3538 608 μὶν
3588 538 3683 616 γὰρ
3731 547 3810 603 καὶ

429 646 667 706 quoque
684 646 719 687 a
736 635 925 686 morte
942 626 1015 683 ad
1038 626 1217 681 vitam
1241 621 1479 678 excitati
1507 625 1864 688 sunt,morte
1883 626 2086 676 tamen

429 738 640 780 rursus
669 719 856 775 functi
889 723 1046 782 sunt,
1079 731 1190 770 nec
1217 712 1434 769 futuras
1459 728 1605 767 veras
1629 710 2087 767 resurrectionis

427 812 752 879 imaginem
778 808 1055 865 exhibere
1080 808 1421 878 potuerunt.
1446 802 1617 858 Solus
1632 807 1827 857 autem
1852 801 1977 873 ipse
1999 817 2085 856 re-

429 899 818 958 surrectionis
841 898 1001 952 illius
1025 900 1233 952 auctor
1250 910 1317 950 ac
1337 893 1612 966 priuceps
1634 892 1878 947 exstitit.
1904 890 2085 961 utqui

424 988 749 1047 immortali
774 985 1210 1041 resurrectione
1240 984 1315 1039 ad
1333 984 1509 1038 vitam
1533 981 1777 1037 redierit
1833 982 1965 1037 Haec
1996 978 2087 1035 illi

426 1082 603 1137 etiam
631 1077 727 1150 qui
749 1076 822 1133 ab
845 1076 1015 1131 initio
1042 1080 1407 1147 spectatores
1425 1089 1493 1128 ac
1517 1071 1772 1131 ministri
1787 1070 1945 1125 verb:
1964 1070 2089 1125 fue-

424 1163 1290 1241 runt,prwdicarunt.Aitenim
1306 1161 1863 1233 beatusPaulus.qui
1878 1177 1999 1217 non
2012 1159 2085 1216 ab

428 1257 800 1325 hominibus,
830 1256 935 1311 sed
966 1272 996 1310 e
1027 1254 1173 1311 coelo
1206 1259 1445 1309 vocatus
1476 1258 1565 1307 est
1596 1252 1721 1315 {Gal
1776 1252 1838 1322 1):
1872 1252 2087 1306 Notum

429 1349 598 1405 vobis
613 1348 783 1407 facio.
804 1346 1037 1409 fratres.
1057 1344 1437 1417 Evangelium
1453 1342 1610 1415 quod
1623 1341 1973 1398 aununtiavi
1986 1357 2088 1395 vo-

429 1436 789 1496 bis.Tradidi
803 1435 964 1492 enim
980 1434 1144 1491 vobis
1159 1434 1218 1490 in
1234 1433 1442 1507 primis
1458 1432 1615 1505 quod
1630 1430 2089 1503 etaccepi.quod

432 1528 703 1586 Christus
727 1532 996 1583 mortuus
1011 1532 1100 1581 est
1122 1542 1225 1598 pro
1246 1524 1503 1596 peccatis
1526 1523 1746 1579 nostris
1760 1520 2089 1578 secundum

433 1619 855 1690 Scripturas,et
876 1615 1034 1688 quod
1058 1614 1328 1687 sepultus
1351 1619 1528 1677 est,et
1556 1611 1716 1685 quod
1738 1611 2087 1681 resurrexit,

434 1707 767 1764 secundum
785 1705 1121 1776 Scripturas
1168 1706 1340 1765 (Rom.
1386 1704 1478 1774 ιν).
1506 1703 1562 1757 Si
1593 1708 1792 1758 autem
1823 1703 2092 1758 Christus

431 1796 792 1869 prmdicatur
804 1795 963 1868 quod
984 1794 1308 1849 resurrexit
1328 1810 1362 1848 a
1381 1793 1655 1859 mortuis,
1677 1790 1976 1864 quomodo
2001 1791 2091 1847 di-

2195 616 2360 677 ἃλλοι
2392 620 2452 677 ἐκ
2478 625 2587 679 τῶν
2636 628 2869 701 νεκριῖν,
2922 620 3051 680 ἀλλ’
3104 624 3256 688 αὖθις
3305 620 3567 683 ἀπέθανον
3609 629 3695 686 καὶ
3722 632 3808 694 οὐκ

2196 708 2426 788 ἔφθασαν
2456 711 2634 769 εἰκόνα
2681 720 2783 783 τῆς
2816 711 3136 787 μελλούσης
3188 711 3457 785 ἀληθινῆς
3508 716 3810 789 ἀναστάσεως

2195 809 2558 876 παραστῆσαι·
2594 804 2756 877 μόνος
2799 802 2856 860 δί
2886 804 3047 867 αὐτὸς
3095 810 3197 875 τῆς
3251 804 3586 870 dilucidum:
3631 808 3815 883 ὶκείνης

2195 892 2448 969 ἀρχηγὸς
2508 893 2719 969 ἐγίνετο
2751 941 2768 964 ,
2826 898 3047 968 πρῶτος
3123 894 3225 963 τήν
3301 893 3559 970 ἀθάνατον
3610 896 3814 975 ἐγερθεὶς

2195 981 2479 1038 ἀνάστασιν
2507 1026 2521 1041 .
2574 985 2756 1040 Ταῦτα
2809 984 2900 1040 καὶ
2957 984 3014 1039 οἱ
3068 982 3163 1039 ἀπ’
3213 982 3393 1059 ἀρχῆς
3452 984 3705 1042 αὐτόπται
3742 990 3816 1046 καὶ

2198 1072 2464 1148 ὑπηρέται
2499 1074 2780 1152 γενόμενοι
2829 1078 2926 1131 τοῦ
2974 1073 3142 1151 λόγου
3200 1074 3461 1150 ἐκήρυξαν
3512 1079 3640 1151 (93).
3687 1082 3812 1151 Φησῖ

2195 1162 2300 1239 γάρ
2352 1164 2381 1218 6
2430 1165 2697 1239 μακάριος
2751 1164 2987 1235 Ιιαῦλος,
3043 1165 3105 1220 οὗ
3160 1167 3197 1235 ἡ
3254 1163 3455 1235 κλῆσις
3511 1166 3613 1222 οὐκ
3664 1167 3816 1242 ἐξάν-

2196 1253 2453 1329 θρώπων,
2484 1253 2610 1311 ἀλλ’
2657 1254 2945 1328 ούράνόθεν
3004 1257 3119 1328 (94)
3172 1255 3378 1331 γέγονε·
3436 1256 3685 1332 Γνωρὶζω
3718 1262 3815 1335 (95)

2197 1342 2352 1418 ὑμῖν,
2381 1340 2636 1419 ἀδελφοὶ,
2675 1345 2738 1400 τὸ
2785 1343 3125 1421 Εὗαγγέλιον
3159 1345 3189 1401 ’ὁ
3220 1342 3653 1421 εὐηγγελισάμην
3685 1347 3815 1420 ὑμῖν·

2196 1431 2487 1506 παρέδωκα
2515 1433 2617 1509 γάρ
2667 1434 2792 1509 ὑμῖν
2829 1433 2881 1492 ἰν
2940 1435 3183 1509 πρώτοις
3215 1434 3244 1490 ὀ
3272 1434 3363 1490 καὶ
3393 1429 3715 1507 παρέλαϐον,
3745 1439 3814 1495 ὅτι

2198 1524 2430 1599 Χριστὸς
2480 1525 2739 1580 ἀπέθανεν
2802 1525 2934 1599 ὑπὲρ
2990 1528 3098 1581 τῶν
3158 1526 3439 1599 ἁμαρτιῶν
3499 1527 3823 1598 ἡμῶν,κατά

2196 1616 2292 1678 τάς
2322 1614 2558 1692 Γραφάς·
2616 1614 2665 1671 εἴ
2723 1612 2780 1671 δὲ
2838 1615 3071 1688 Χριστὸς
3122 1615 3475 1689 κηρύσσεται,
3509 1615 3592 1671 ὅτι
3648 1615 3706 1671 ἑκ
3752 1638 3822 1673 νε-

2198 1709 2345 1777 κρῶν
2397 1704 2711 1781 ἐγήγερται,
2758 1709 2857 1764 πο
2888 1710 3007 1771 πῶς
3058 1705 3303 1781 λέγουσί.
3339 1725 3482 1768 τινες
3511 1705 3592 1762 ὅτι
3623 1705 3824 1762 ἀνάστα-

2201 1817 2283 1859 σις
2316 1796 2420 1851 οὐκ
2467 1792 2662 1865 ἕστινς
2721 1794 2773 1851 εἷ’
2815 1794 2919 1874 γάρ
2975 1796 3157 1871 νεκροὶ
3219 1794 3320 1852 οὐκ
3376 1795 3695 1872 ἐγείρονται,
3718 1793 3825 1853 οὐδὲ

432 1891 575 1941 cunt
596 1885 862 1958 quidam.
889 1883 1050 1956 quod
1072 1883 1398 1939 resurectio
1420 1888 1791 1938 mortuorum
1814 1899 1935 1938 non
1962 1880 2094 1937 est?

2202 1886 2435 1961 Χριστὸς
2494 1884 2807 1961 ἐγήγερται·
2873 1885 2923 1941 εἴ
2979 1883 3039 1941 δὲ
3094 1886 3327 1959 Χριστὸς
3387 1885 3493 1941 οὐκ
3541 1882 3826 1961 ἐγήγερται,

432 1978 578 2033 Nam
610 1977 658 2032 si
691 1976 909 2032 mortui
941 1991 1062 2031 non
1094 1980 1431 2048 resurgunt,
1451 1990 1525 2029 ne
1556 1974 1823 2030 Christus
1843 1973 2091 2045 quidem

426 2066 841 2123 resurrexit.Si
864 2071 1064 2121 autem
1087 2064 1357 2121 Christus
1377 2081 1499 2121 non
1521 2065 1867 2121 resurrexit.
1892 2063 2091 2120 inanis

434 2161 525 2211 est
548 2154 696 2213 ﬁdes
718 2160 928 2211 vestra.
957 2153 1164 2210 Adhuc
1182 2153 1330 2229 estis
1352 2154 1413 2209 in
1428 2154 1687 2225 peccatis
1699 2154 1929 2210 vestris.
1956 2154 2013 2209 Si
2031 2153 2092 2210 in

435 2245 549 2303 hac
577 2251 805 2303 tantum
831 2245 947 2301 vita
968 2249 1277 2317 sperantes
1294 2244 1577 2300 sumusin
1594 2243 2096 2311 Christo,misera-

433 2335 681 2392 biliores
712 2351 919 2392 sumus
969 2333 1248 2390 omnibus
1298 2334 1663 2390 hominibus.
1692 2336 1856 2389 Nunc
1895 2340 2096 2390 autem

434 2425 707 2482 Christus
736 2424 1065 2481 resurrexit
1094 2440 1128 2479 a
1176 2423 1448 2479 mortuis.
1484 2423 1762 2495 primitiae
1793 2423 2094 2479 dormien-

440 2516 609 2571 tium.
644 2513 936 2582 Quoniam
950 2511 1194 2586 quidem
1212 2512 1636 2585 perhominem
1652 2529 1834 2575 mors.
1868 2514 2089 2584 perho.

438 2605 666 2661 minem
689 2609 889 2660 autem
922 2602 1280 2659 resurrectio
1312 2609 1700 2658 mortuorum.
1740 2603 1811 2657 Ut
1842 2603 2002 2658 enim
2033 2602 2097 2660 in

437 2693 626 2751 Adam
641 2710 850 2749 omnes
868 2693 1227 2755 moriuntur.
1260 2692 1415 2748 itain
1438 2693 1668 2747 Christo
1683 2709 1891 2748 omnes
1909 2693 2092 2748 vivifi-

435 2783 733 2841 cabuntur
767 2784 819 2853 (Ι
836 2782 955 2840 Cor.
990 2790 1101 2844 xv).
1131 2784 1200 2835 Et
1227 2781 1431 2853 paucis
1451 2782 1819 2854 interjectis:
1853 2784 2098 2854 Oportet

438 2872 621 2933 enim.
643 2870 860 2943 inquit.
895 2870 1284 2943 corruptibile
1299 2871 1409 2926 hoc
1435 2870 2095 2945 induereincorruptio-

437 2978 602 3027 nem,
626 2961 946 3018 etmortale
970 2962 1081 3017 hoc
1111 2960 1361 3017 induere
1392 2962 1927 3022 immortalitatem.
1950 2964 2098 3019 Cum

444 3057 643 3109 autem
677 3051 928 3107 mortale
955 3053 1069 3107 hoc
1101 3051 1365 3107 induerit
1395 3051 1929 3111 immortalitatem.
1955 3058 2100 3109 tunc

444 3142 754 3199 ﬂetsermo
769 3141 870 3214 qui
885 3142 1143 3214 scriptus
1157 3142 1837 3213 est.Absorptaestmors
1852 3142 1911 3197 in
1926 3142 2101 3198 victo-

2201 1976 2403 2051 ματαία
2441 1977 2477 2045 ἡ
2517 1974 2697 2038 πίστις
2755 1977 2941 2048 ἡμῶν,
3001 1971 3080 2031 ἔτι
3138 1974 3257 2031 ἐστὶ
3313 1974 3365 2031 ἰν
3423 1980 3543 2037 ταῖς
3598 1975 3824 2047 ἀνομίαις

2200 2067 2377 2141 ὑμῶν·
2411 2064 2459 2121 ἐί
2491 2064 2544 2121 ἐν
2587 2069 2656 2138 τῇ
2690 2066 2804 2137 ζωῇ
2857 2064 3028 2141 ταύτῃ
3089 2064 3392 2135 ἠλπικότες
3447 2062 3602 2138 ἐσμὲν
3631 2061 3681 2118 ἐν
3711 2065 3822 2137 Χριι

2200 2161 2313 2229 στῷ
2367 2156 2567 2230 μόνον,
2624 2154 2980 2232 ἐλεεινότεροι
3038 2155 3253 2212 πάντων
3312 2153 3611 2226 ἀνθρώπων
3664 2152 3824 2227 ἐσμὲν.

2201 2245 2334 2303 Νυνὶ
2365 2242 2424 2302 δὲ
2454 2246 2685 2321 Χριστὸς
2744 2245 3032 2321 ἐγήγερται
3087 2244 3146 2301 ὲκ
3200 2248 3429 2312 νεκεῶν,
3489 2243 3707 2318 ἀπαρχή
3731 2246 3825 2298 τῶν

2200 2335 2621 2409 κεκοιμημένων
2677 2335 2988 2412 γενόμενος·
3047 2331 3238 2403 ἐπειδή
3273 2334 3375 2411 γάρ
3439 2330 3512 2391 δι’
3568 2332 3827 2407 ἀνθρώπου

2203 2426 2231 2483 6
2291 2428 2568 2494 θάνατος,
2620 2425 2711 2481 καὶ
2769 2422 2840 2481 δι’
2906 2424 3196 2501 ἀνθρώπου
3264 2423 3550 2486 ἀνάστασις
3608 2425 3825 2497 νεκρῶν·

2204 2516 2385 2591 ὥσπερ
2416 2516 2519 2592 γὰρ
2551 2514 2601 2570 ἐν
2632 2520 2713 2588 τῷ
2753 2511 2931 2588 Ἀδάμ
2974 2514 3169 2578 πάντες
3218 2513 3677 2583 ἀποθνήσκουσιν,
3707 2511 3828 2567 οὕτω

2202 2606 2294 2663 καὶ
2350 2603 2403 2661 ἕν
2462 2609 2542 2676 τῷ
2598 2606 2818 2680 Χριστῷ
2875 2604 3071 2667 πάντες
3125 2605 3650 2674 ζωοποιηθήσονται
3694 2601 3827 2674 (96).

2206 2694 2303 2751 Καὶ
2336 2695 2451 2768 μετ’
2481 2692 2661 2769 ὀλίγα·
2697 2699 2788 2750 Δεῖ
2814 2694 2919 2769 γὰρ
2951 2694 3014 2749 τὸ
3044 2693 3279 2772 φθαρτὸν
3327 2695 3495 2747 τοῦτο
3545 2686 3833 2746 ἐνδύσασθαι

2206 2784 2505 2864 ἀφθαρσίαν
2546 2784 2637 2840 καὶ
2688 2784 2751 2838 τὸ
2809 2783 3005 2852 θνητὸν
3061 2786 3227 2839 τοῦτο
3289 2778 3605 2845 ἐνδύσασθαι
3660 2778 3832 2842 ἀθανα-

2206 2873 2346 2932 σίαν·
2379 2873 2504 2930 ὅταν
2536 2870 2594 2929 δί
2620 2873 2683 2929 τὸ
2713 2874 2948 2951 φθαρτὸν
2995 2875 3160 2937 τοῦτο
3220 2868 3509 2942 ἐνδύσηται
3566 2866 3832 2949 ἀφθαρσίαν

2204 2965 2294 3021 καὶ
2325 2966 2389 3020 τὸ
2419 2964 2615 3034 θνητὸν
2660 2967 2823 3019 τοῦτο
2876 2960 3164 3033 ἐνδύσηται
3218 2960 3533 3030 ἀθανασίαν,
3560 2959 3680 3016 τότε
3707 2956 3833 3027 πλη-

2209 3057 2514 3134 ρωθήσεται
2546 3054 2575 3109 6
2606 3050 2775 3129 λόγος
2808 3054 2836 3109 6
2868 3051 3273 3129 γεγραμμένος·
3330 3050 3613 3121 Κατεπόθη
3646 3050 3674 3106 6
3701 3046 3834 3103 θάνα·

2204 3167 2300 3210 τος
2329 3145 2405 3208 εἷς
2446 3150 2615 3207 νῖκος·
2648 3148 2753 3199 ποῦ
2793 3164 2915 3211 σου,
2966 3142 3181 3210 θάνατε,
3212 3142 3274 3198 τὸ
3303 3142 3527 3219 κέντρον
3561 3159 3577 3209 ς
3608 3142 3708 3195 ποῦ
3734 3156 3833 3193 σου.

439 3232 773 3307 ria.Ubiest
801 3231 2095 3297 mors.victoriatua?Ubiest.mors,stimulus

2210 3233 2339 3309 ᾆδη,
2366 3233 2430 3290 τὸ
2461 3239 2611 3297 νῖκος
2640 3252 2655 3301 ;
2691 3235 3056 3306 Καταργεῖται
3084 3233 3189 3309 γάρ
3217 3230 3407 3288 τέλεον
3440 3233 3478 3303 ἡ
3507 3233 3603 3286 τοῦ
3631 3227 3835 3284 θανάτου

438 3327 577 3380 tuus
599 3322 627 3378 ?
646 3324 997 3379 Destruetur
1010 3327 1208 3379 autem
1224 3339 1469 3394 prorsus
1489 3338 1557 3378 ac
1578 3322 2099 3378 delebiturmortis

437 3412 727 3487 potentia,
746 3417 816 3468 ut
835 3413 1114 3485 quaejam
1158 3429 1275 3469 vun
1309 3427 1479 3468 suam
1521 3428 1642 3467 non
1670 3417 2102 3479 exerat,verum

442 3503 726 3575 deinceps
744 3503 1093 3560 hominibus
1107 3503 1531 3560 immortalitas
1554 3502 2101 3576 atqueincorrupti-

443 3592 1030 3666 bilitassempiterna
1050 3593 1433 3650 concedatur.
1467 3592 1592 3648 Erit
1612 3593 1812 3665 igitur.
1843 3593 1975 3654 erit.
2010 3593 2106 3649 in-

444 3699 648 3756 quam.
668 3684 796 3739 sine
812 3683 936 3740 ulla
949 3683 1321 3739 dubitatione
1336 3689 1705 3738 mortuorum
1724 3684 2104 3752 resurrectio,

445 3772 627 3847 idque
640 3774 972 3830 certissime
991 3772 1148 3829 credi
1160 3790 1311 3829 mus.
1336 3773 1672 3839 Quinetiam
1690 3789 1888 3830 rerum
1908 3775 1973 3830 in
1988 3776 2106 3830 vita

439 3871 1025 3937 gestarum.examen
1041 3881 1110 3919 ac
1124 3866 1439 3936 praemiaet
1452 3880 1655 3935 poenas
1677 3863 1803 3920 fore
1826 3881 2104 3936 perspec-

442 3958 567 4011 tum
582 3954 963 4022 habemus,in
979 3954 1298 4010 metuendo
1313 3952 1671 4010 videlicetad
1681 3955 2108 4013 ventusChristi

2210 3323 2435 3398 δύναμις
2461 3324 2586 3379 τότε
2612 3322 2705 3379 καὶ
2754 3322 3087 3401 ἀφανίζεται,
3122 3323 3321 3396 μηκέτι
3369 3320 3522 3385 ὅλως
3553 3318 3836 3393 ἐνεργοῦσα,

2201 3413 2330 3472 ἀλλ’
2360 3412 2619 3470 ἀθανασία
2647 3410 2843 3471 λοιπὸν
2873 3411 2965 3468 καὶ
3022 3410 3297 3490 ἀφθαρσία
3355 3406 3571 3467 δίδοται
3598 3413 3733 3475 τοῖς,
3760 3404 3840 3460 ἀν-

2204 3505 2448 3582 θρώποις
2494 3501 2733 3565 κῖώνιος.
2793 3504 2984 3559 Ἔσται
3032 3501 3146 3573 οῦν,
3181 3497 3330 3558 ἔσται
3377 3500 3496 3573 (97)
3527 3494 3839 3575 ἀναμφιλέκ-

2202 3616 2313 3658 τως
2343 3597 2379 3665 ἡ
2432 3597 2539 3649 τῶν
2599 3596 2802 3667 νεκρῶν
2862 3592 3170 3659 ἀνάστασις,
3228 3589 3321 3647 καὶ
3376 3594 3543 3646 τοῦτο
3599 3583 3842 3645 ἀνενδοιά-

2206 3706 2345 3749 στως
2380 3682 2727 3756 πιστεύομεν·
2786 3680 2938 3740 ἀλλά
2987 3681 3077 3736 καὶ
3108 3675 3347 3753 ἀμοιϐάς
3378 3680 3472 3737 καὶ
3504 3678 3723 3744 εὐθύνας
3750 3678 3842 3731 τῶν

2210 3770 2543 3851 βεϐωμὲνων
2604 3772 2933 3848 γινόσκομεν
3008 3769 3145 3826 κατά
3191 3770 3294 3841 τὴν
3350 3764 3589 3847 φοϐερὰν
3662 3759 3845 3841 ἡμέραν

2203 3874 2305 3937 τῆς
2333 3868 2431 3921 τοῦ
2461 3865 2694 3939 Χριστοῦ
2753 3858 3076 3931 παρουσίας,
3110 3857 3180 3916 δι’
3206 3859 3275 3929 ἧς
3303 3858 3528 3935 ούρανοῖ
3583 3854 3841 3931 πυρούμε-

2204 3978 2291 4013 νοι
2324 3954 2654 4025 λυθήσονται
2683 3950 2775 4008 καί
2832 3955 3087 4025 στοιχεῖα
3142 3947 3462 4023 καυσύμενα
3517 3950 3755 4018 τήκεται,
3779 3941 3843 4002 ὥς

443 4043 600 4116 die(1
618 4046 736 4101 Pet.
758 4048 844 4116 ιι),
868 4044 928 4099 in
953 4044 1213 4116 quocmli
1240 4044 1376 4117 igne
1397 4043 1702 4100 solventur
1721 4051 1781 4100 et
1811 4044 2095 4103 elementa

2208 4045 2342 4126 φησί
2370 4064 2453 4107 τις
2484 4048 2599 4117 (98)
2627 4045 2738 4098 τῶν
2785 4039 3093 4115 θεηγόρων,
3131 4042 3222 4096 71
3262 4039 3486 4101 καινοὺς
3520 4036 3578 4093 δὲ
3614 4029 3849 4126 οὖρανρὺς

439 4133 652 4191 ardore
674 4133 1131 4195 contabescent.
1184 4140 1250 4190 ut
1281 4134 1538 4203 theologi
1570 4134 1883 4208 cujusdam
1914 4135 2095 4191 verbis

2207 4118 2298 4192 καὶ
2327 4133 2519 4202 καινὴν
2565 4139 2691 4207 γῆν,
2744 4129 2974 4186 κατὰτὸ
3030 4127 3350 4204 ἐπάγγελμα
3408 4127 3580 4183 αὐτοῦ
3630 4118 3843 4208 προσδο-

445 4224 797 4281 utar.Novos
810 4229 1010 4281 autem
1025 4224 1304 4288 ccelos,ac
1317 4241 1528 4281 novam
1545 4229 1764 4280 terram
1778 4225 2043 4280 secunda
2053 4242 2095 4281 ιι]

2207 4229 2413 4298 κῶμεν.
2448 4202 2719 4296 Ὀτιτγάρ
2775 4213 3009 4291 ἀμοιϐαὶ
3064 4202 3433 4274 καίγεύθύναι
3494 4214 3598 4272 εἰσὶ
3621 4218 3725 4269 τῶν
3773 4202 3848 4283 ἔρ·

442 4312 634 4386 ipsius
648 4312 1044 4386 promissione
1058 4316 1643 4386 exspectamus.Nam
1660 4314 1817 4384 quod
1833 4314 1956 4371 illic
1968 4331 2095 4387 ope-

2210 4336 2322 4391 γων
2356 4312 2487 4377 ἐκεῖ,
2517 4313 2608 4367 καὶ
2640 4306 2798 4366 οὐδὲν
2830 4307 2978 4372 ὅλως
3004 4312 3112 4364 τῶν
3150 4308 3366 4382 ἀγαθῶν
3394 4308 3430 4378 ἢ
3456 4311 3566 4363 τῶν
3611 4302 3845 4391 πονηρῶγ

448 4384 585 4459 rum
600 4384 846 4475 prmmia
858 4410 917 4460 et
929 4421 1117 4477 paenae
1132 4384 1253 4460 sint
1279 4404 1549 4475 nihilque
1565 4403 1804 4459 omnino
1815 4384 2095 4460 bonorum

2216 4384 2622 4479 παροφθήσεται
2654 4447 2671 4470 ,
2729 4397 2877 4455 ἀλλὰ
2930 4397 3023 4453 καὶ
3090 4393 3266 4472 ἔργων
3324 4396 3416 4452 καὶ
3476 4395 3723 4474 ῥηματον
3771 4384 3847 4479 κα)

456 4492 549 4549 vel
569 4493 863 4550 malorum
884 4494 1239 4569 negligatur.
1263 4511 1465 4550 verum
1488 4494 1886 4563 etactionum,
1910 4500 1969 4549 et
1985 4511 2105 4553 ver-

444 4582 683 4645 borum.
715 4589 775 4639 et
793 4584 1216 4657 cogitationum
1243 4601 1473 4641 merces
1495 4582 1805 4643 recondita
1817 4583 1990 4640 sit.ex
2012 4584 2107 4641 his

448 4672 667 4729 Christi
689 4672 883 4730 verbis
896 4680 1157 4731 constat:
1175 4675 1525 4745 Quicunque
1539 4679 1747 4745 potum
1761 4673 2107 4731 dederituni

451 4778 521 4818 ex
541 4763 809 4819 minimis
822 4764 951 4821 istis
968 4764 1219 4822 calicem
1236 4780 1405 4835 aqum
1417 4762 1904 4843 frigidaetantum
1928 4765 1988 4821 in
2004 4782 2105 4822 no-

450 4854 613 4913 mine
630 4855 910 4929 discipuli
924 4862 1046 4914 nan
1060 4855 1271 4929 perdet
1282 4853 1622 4913 mercedem
1634 4857 2110 4931 suam(Matth.x).

2211 4473 2562 4568 ἑνθυμήσεων
2621 4485 3009 4550 ἀνταποδόσεις
3067 4485 3425 4555 ἀπόκεινται,
3480 4473 3680 4555 δῆλον·
3729 4473 3846 4558 φησῖ

2210 4585 2314 4662 γὰρ
2347 4584 2376 4640 6
2407 4582 2624 4656 Κύριος·
2658 4580 2756 4642 ’ος
2790 4579 2904 4651 (99)
2936 4575 3024 4633 ἰὰν
3081 4596 3281 4651 ποτισῃ
3340 4571 3436 4631 ἕνα
3490 4578 3601 4631 τῶν
3660 4569 3844 4645 μικρῶν

2215 4674 2425 4734 τούτων
2458 4673 2722 4745 ποτήριον
2762 4672 3011 4744 ψυχροῦν
3060 4670 3135 4741 (1)
3170 4667 3340 4741 μόνον
3368 4665 3450 4728 εἷς
3496 4662 3669 4736 ὄνομα
3691 4669 3849 4745 μαθη-

2218 4768 2338 4833 τοῦ,
2369 4764 2437 4819 οὗ
2470 4762 2549 4834 μὴ
2590 4759 2837 4833 ἀπολέσῃ
2893 4758 2987 4814 τόν
3050 4755 3241 4830 μισθὸν
3298 4754 3485 4813 αὐτοῦ.
3544 4752 3651 4810 Καὶ
3703 4742 3848 4803 πάλιν

2222 4851 2391 4930 λέγει·
2452 4850 2619 4908 Ὅταν
2679 4850 2758 4922 (2)
2814 4844 2948 4921 ἔλθῃ
2982 4846 3011 4901 ὁ
3042 4845 3166 4901 Υἱὸς
3224 4848 3322 4900 τοῦ
3377 4842 3668 4919 ἀνθρώπου
3719 4834 3849 4906 tua

518 5093 632 5166 (92)
662 5091 849 5166 Epist.
886 5091 959 5148 ad
991 5089 1217 5166 Coloss.
1251 5108 1292 5157 ι,
1324 5092 1412 5166 19.
1448 5090 1520 5147 de
1549 5093 1688 5166 Jesu
1721 5091 1877 5166 :A'Q;
1898 5089 2042 5147 ἐστιν
2072 5091 2095 5147 ἆ

2202 5091 2248 5166 ἦ,
2275 5085 2627 5166 πρωτότοκος
2660 5083 2720 5166 ἐκ
2750 5085 2978 5166 νεκρῶν,

456 5189 469 5199 ε
519 5149 632 5249 ltiti
663 5149 821 5249 ἔςίιρι
841 5180 880 5224 ιο
912 5160 1173 5249 ἓτξαεέῲς
1202 5149 1675 5249 Raetiarum“
1706 5162 1757 5249 et
1789 5149 1878 5249 ir“
1910 5166 2089 5249 ἀρχῆς

2202 5149 2385 5218 ξόπται
2413 5160 2503 5215 καὶ
2542 5157 2808 5229 ὑπηρέται
2838 5149 3126 5249 γενόμενοι
3157 5155 3265 5207 τοῦ
3285 5149 3479 5227 λόγου.
3829 5212 3850 5223 _

2251 5236 2267 5249 .
2320 5235 2333 5249 .
2401 5233 2416 5249 9
2460 5232 2485 5249 Α
2550 5231 2563 5249 1
2750 5225 2861 5249 ΑΜ
2915 5223 2955 5249 ιν
3042 5226 3078 5249 θη
3103 5223 3321 5249 Δ-.ι--.,
3383 5221 3524 5249 λη).
3557 5215 3640 5249 LA
3694 5216 3850 5249 Ἰορινι

540 5165 632 5236 93)
666 5165 801 5219 Luc.
841 5180 880 5224 ι.
912 5165 1173 5224 22Καθὼς
1202 5165 1511 5237 παρέδοσαν
1539 5165 1675 5235 ἡμῖν
1706 5165 1757 5217 οἳ
1789 5165 1878 5218 ἀπ’
1910 5166 2089 5238 ἀρχῆς

519 5165 634 5307 (94)
662 5236 849 5310 Epist.
882 5236 955 5292 ad
987 5236 1180 5310 Galat._
1209 5253 1247 5304 ι,
1285 5240 1308 5292 1
1338 5252 1352 5292 :
1412 5233 1656 5308 Παῦλος,
1715 5233 2025 5299 ἀπόστολος
2082 5257 2095 5289 ι

2202 5165 2385 5218 εόπται
2413 5165 2503 5215 καὶ
2542 5165 2808 5229 ὑπηρέται
2838 5165 3126 5249 γενύμενοι
3157 5165 3265 5207 τοῦ
3287 5165 3479 5227 λόγου.
3620 5218 3635 5237 κ
3694 5216 3707 5237 ν
3829 5212 3850 5223 _

2239 5235 2333 5291 ἀπ’
2391 5231 2685 5307 ἀνθρώπου
2740 5225 2868 5283 οὐδὲ
2910 5223 2962 5282 δι
3037 5223 3348 5301 ἀνθρώπου,
3379 5221 3526 5280 ἀλλά
3555 5215 3644 5275 δια
3709 5220 3853 5285 Ιησον

446 5306 685 5380 Χριστοῦ
712 5306 970 5381 καὶΫΘεοῦ
994 5306 1233 5381 Πατρός.

522 5382 635 5444 (95ι
665 5382 688 5435 Ι
721 5380 903 5452 Epist.
940 5380 1012 5453 ad
1044 5380 1155 5438 Cor
1214 5397 1305 5437 xv.
1333 5381 1358 5436 1
1388 5397 1523 5453 sqq.

522 5430 639 5523 (ὃὸ)
665 5430 1307 5523 ᾖῆιῖβᾏιιῖἷιιῦξερῆὶξ
1322 5430 1754 5523 adiusonium
1782 5453 2127 5523 2,,Christus
2150 5452 2345 5511 dictus
2367 5454 2480 5518 est,
2508 5469 2537 5500 ‹‹
2558 5432 2933 5505 Mortalitatis
2960 5443 3083 5502 vita
3106 5447 3326 5501 nostra
3356 5446 3416 5500 et
3441 5453 3602 5498 mors
3630 5430 3799 5492 necis.
3824 5447 3843 5475 ι

450 5517 897 5594 παροιμιῶδες...
933 5525 1071 5581 Cod.
1095 5517 1286 5579 "2720:
1319 5517 1466 5577 ἔσται
1498 5543 1587 5579 σοι
1617 5519 1764 5579 ἔσται
1797 5517 1969 5584 οὐκ...

549 5596 639 5668 98)
673 5597 831 5668 Petr.
865 5596 912 5651 lI
942 5597 1128 5668 Epist.
1160 5613 1242 5667 ιιι,
1274 5599 1361 5667 12,
1396 5598 1484 5657 13.

549 5666 638 5731 99)
675 5667 875 5722 Matth.
910 5683 966 5734 Χ,
992 5666 1082 5723 όι2.

556 5736 609 5796 ll
636 5736 733 5791 Sic
764 5736 999 5794 codices
1022 5739 1131 5796 AC.
1378 5785 1383 5790 .

531 5807 613 5879 (2)
647 5807 856 5865 Matth.
888 5823 1019 5880 xxv,
1046 5810 1111 5867 31
1147 5825 1315 5884 seqq.
