4100 6378
317 416 431 473 933

1515 412 1688 469 VITA
1722 406 2075 465 ΒΛΒῙιΔΔΜ
2110 407 2206 463 ΕΤ
2240 404 2585 463 JOASAPH.

3648 412 3762 473 934

324 540 462 619 δόξῃ
495 542 691 611 αὐτοῦ,
720 540 813 595 καῖ
869 538 1066 601 πᾶντες
1118 538 1171 593 οἱ
1228 533 1371 613 ἅγιοι
1430 533 1661 612 ἄγγελοι
1724 535 1838 609 μετ’
1897 531 2034 612 αὐολ

2149 550 2191 589 .c
2213 549 2453 588 rursum
2509 550 2580 589 ex
2622 534 2747 590 his:
2773 536 2918 591 Cum
2944 537 3371 595 veneritFilius
3400 540 3663 600 hominis
3695 546 3755 604 in

324 638 450 704 τοῦ,
479 632 611 688 τότε
656 631 1097 705 συναχθήσονται
1146 625 1447 701 ἔμπροσθεν
1503 624 1669 681 αὐτοῦ
1717 623 1888 679 πάντα
1930 623 1995 677 τὰ

327 718 463 794 ἔθνη
496 722 592 777 καὶ
623 721 838 798 ἀφοριεῖ
878 716 1073 782 αὐτοὺς
1121 716 1211 771 ἀπ’
1258 714 1549 787 ἀλλήλων,
1602 720 1784 788 ῶσπερ
1820 715 1847 767 6
1878 733 2000 767 ποι-

337 817 451 889 μήν
485 813 735 891 ἀφορίζει
763 810 829 865 τὰ
860 804 1107 885 πρόϐατα
1136 808 1242 862 ἀπὸ
1290 811 1395 861 τῶν
1449 804 1673 883 ἐρίφων,
1718 805 1804 859 καὶ
1859 804 1998 871 6113-

2102 628 2557 694 majestatesua.
2584 630 2861 681 etomnes
2878 628 3071 700 angeli
3088 646 3223 684 cum
3238 646 3329 695 eo,
3364 636 3504 687 tunc
3527 634 3761 690 sedebit

2106 730 2285 784 super
2299 714 2497 768 sedem
2525 718 2853 785 majestatis
2866 722 3609 793 suas,etcongregabuntur
3622 731 3764 780 ante

2110 819 2243 857 eum
2273 820 2481 858 omnes
2495 810 3211 878 gentesetseparabiteos
3226 811 3298 865 ab
3315 812 3567 867 invicem
3584 856 3595 877 ,
3614 814 3770 869 sicut

331 925 416 959 οει
448 904 517 958 τά
554 904 651 975 μὲν
685 894 933 975 πρόϐατα
976 899 1036 953 ἐκ
1093 896 1279 968 δεξιῶν
1337 897 1526 963 αὐτοῦ,
1581 897 1648 949 τὰ
1704 892 1761 949 δὲ
1820 892 2004 968 ἐρίφια

2151 900 2312 948 astor
2326 900 2739 965 segregatoves
2752 897 2823 949 ab
2840 898 3024 953 hedis
3056 901 3122 954 Et
3135 907 3356 956 statuet
3372 920 3507 957 oves
3522 904 3767 974 quidem

333 992 388 1068 ἐξ
422 993 753 1065 εὐωνύμων
786 990 911 1044 τότε
940 987 1051 1062 ἐρεῖ
1102 988 1130 1043 6
1194 985 1451 1063 βασιλεὺς
1510 991 1627 1049 τοῖς
1698 984 1757 1040 ἐκ
1815 981 2001 1056 δεξιῶν

333 1083 530 1140 αὐτοῦ·
568 1085 747 1147 Δεῦτε,
781 1078 833 1133 οἰ
864 1078 1232 1153 εὐλογημὲνοι
1265 1081 1361 1132 τοῦ
1422 1076 1631 1151 Πατρός
1687 1095 1815 1148 μου,
1868 1071 2007 1142 κλη-

339 1174 697 1251 ρονομήσατε
743 1170 842 1239 τὴν
901 1168 1317 1239 ἡτοιμασμένην
1381 1167 1509 1240 ὑμῖν
1566 1163 1844 1242 βασιλείαν
1903 1160 2009 1216 ἀπὸ

336 1257 669 1329 καταϐολῆς
716 1258 948 1331 κόσμου’
1014 1256 1266 1311 ἐπείνασα
1311 1256 1413 1333 γὰρ
1470 1256 1557 1311 καὶ
1615 1251 1852 1309 ἐδώκατέ
1913 1272 2009 1325 μοι

337 1357 568 1433 φαγεῖν,
597 1348 831 1424 ἐδίψησα
861 1347 952 1402 καὶ
1012 1346 1294 1403 ἐποτίσατέ
1355 1366 1443 1419 με,
1503 1345 1652 1419 ξένος
1712 1343 1863 1417 ἢμην
1922 1339 2013 1396 καὶ

340 1431 688 1517 συνηγάγετέ
741 1458 829 1513 με,
890 1438 1100 1514 γυμνὸς
1156 1437 1247 1491 καὶ
1305 1431 1657 1509 περιεϐάλετέ
1718 1455 1805 1507 με,
1848 1432 2014 1503 ἧσθο-

338 1553 491 1605 νησα
546 1531 639 1586 καὶ
699 1528 1067 1602 ἐπεσκέψασθέ
1127 1548 1217 1601 με,
1280 1526 1331 1581 ἐν
1395 1526 1615 1604 φυλακῇ
1695 1524 1848 1597 ἢμην
1926 1522 2013 1577 καὶ

346 1622 557 1693 ἤλθετε
586 1619 726 1693 πρός
765 1638 848 1691 με.
885 1617 951 1675 Τί
980 1622 1141 1672 τοῦτο
1175 1613 1348 1692 λέγων
1381 1635 1395 1685 ;
1426 1618 1523 1677 τὰς
1553 1613 1844 1691 γινομένας
1893 1612 2020 1687 παρ’

354 1713 526 1787 ἡμῶν
561 1708 636 1772 εἷς
664 1705 794 1769 τούς
827 1704 1123 1779 δεομένους
1174 1706 1418 1768 εὐποιῖας
1472 1706 1648 1777 ἑαυτῷ
1694 1702 2019 1776 οἶκειούμε-

358 1823 477 1866 νος.
512 1800 615 1857 Καὶ
646 1798 697 1853 ἐν
732 1796 902 1871 ἑτέρῳ
948 1793 1117 1872 λέγει·
1179 1802 1287 1858 Πᾶς
1346 1799 1424 1868 (3)
1473 1797 1623 1856 ὅστις
1681 1793 2020 1868 ὁμολογήσει

360 1892 416 1949 ἐν
447 1889 572 1964 ἐμοὶ
605 1887 911 1963 ἔμπροσθεν
941 1892 1050 1941 τῶν
1080 1886 1431 1961 ιάνθρώπων,
1482 1882 1824 1959 ὁμολογήσω
1872 1880 2023 1958 κάγὼ

358 1979 416 2037 ἐν
443 1979 592 2049 αὐτῷ
622 1976 929 2052 ἔμπροσθεν
960 1979 1058 2030 τοῦ
1090 1974 1300 2049 Πατρός
1339 1996 1443 2047 μου
1469 1978 1567 2028 τοῦ
1600 1972 1650 2028 ἐν
1676 1972 1950 2045 οὐρανοῖς.

440 2066 585 2127 Ἰδοὺ
647 2065 737 2123 διὰ
794 2066 1007 2121 πάντων
1090 2064 1301 2121 τούτων
1359 2064 1447 2119 xai
1512 2061 1700 2119 ἄλλων
1757 2060 2025 2118 πλειόνων

373 2163 478 2219 72
510 2156 761 2229 ἐδήλωσε
794 2152 1013 2234 βεϐαίας
1044 2156 1177 2211 εἶναι
1208 2155 1297 2211 καὶ
1330 2154 1588 2233 ἀσφαλεῖς
1642 2154 1739 2215 τάς
1794 2146 2030 2225 ἀμοιϐὰς

370 2255 486 2305 τῶν
516 2249 729 2326 ἀγαθῶν
764 2244 953 2323 ἔργων·
990 2244 1139 2302 ἀλλά
1194 2244 1286 2299 καὶ
1337 2249 1444 2300 τῶν
1495 2243 1750 2300 ἐναντίων
1808 2240 2030 2305 εὐθύνας

378 2341 705 2401 ἀποκεῖσθαι
736 2336 1173 2413 προκατήγγειλε
1203 2332 1293 2390 διά
1323 2328 1655 2409 παραϐολῶν
1715 2330 2031 2405 θαυμασίων

374 2430 468 2485 καὶ
500 2427 769 2501 ἐξαισίων,
802 2428 861 2488 ἃς
909 2428 944 2496 ἡ
1002 2426 1154 2500 πηγή
1210 2431 1313 2493 τῆς
1368 2423 1557 2501 σοφίας
1613 2426 1689 2495 (4)
1746 2420 2035 2498 πανσόφως

382 2516 709 2596 διηγήσατο·
770 2516 905 2571 ποτὶ
964 2516 1059 2588 μὲν
1146 2512 1410 2569 πλούσιόν
1488 2533 1611 2568 τινα
1693 2512 2033 2588 παρεισάγων

380 2608 668 2689 πορφύραν
725 2607 815 2662 καὶ
896 2607 1092 2683 βύσσον
1176 2603 1530 2679 ἐνδεδυμένον
1592 2608 1690 2677 (5),
1748 2602 1839 2658 καὶ
1919 2602 2039 2657 καθ’

382 2697 599 2775 ⁴ἡμέραν
634 2697 906 2769 λαμπρῶς
947 2694 1392 2773 εὐφραινόμενον,
1452 2691 1784 2766 ἁμετάδοτον
1844 2689 1901 2746 δέ
1948 2689 2038 2746 καὶ

390 2786 600 2859 ἀνηλεῆ
660 2784 797 2862 πρὸς
855 2784 986 2847 τοὺς
1045 2781 1336 2857 δεομένους
1420 2784 1758 2858 ὑπάρχοντα,
1820 2780 1896 2845 ὡς
1948 2779 2039 2835 καὶ

386 2872 617 2953 πτωχόν
648 2894 770 2931 τινα
801 2875 1045 2949 Λάζαρον
1082 2873 1311 2946 ὀνόματι
1340 2873 1475 2949 πρὸς
1528 2874 1619 2926 τὸν
1674 2870 1901 2927 πυλῶνα
1946 2869 2039 2924 αὐ-

384 2972 484 3025 τοῦ
528 2961 871 3044 βεϐλημένον
926 2958 1323 3039 παραϐλέπειν,
1379 2963 1468 3018 καὶ
1528 2960 1657 3017 οὐδὲ
1714 2960 1889 3016 αὐτῶν
1930 2964 2038 3015 τῶν

385 3064 489 3128 τῆς
516 3058 792 3133 τραπέζης
826 3054 989 3109 αὐτοῦ
1020 3053 1227 3128 ψιχίων
1262 3049 1565 3109 ἐπιδιδόναι
1614 3051 1780 3123 αὐτῷ·
1832 3051 2042 3106 ἀποθα-

382 3148 589 3204 νόντων
654 3142 747 3201 οὖν
804 3145 1157 3219 ἀμφοτέρων,
1213 3144 1240 3197 6
1299 3144 1394 3216 μὶν
1448 3143 1614 3213 πένης
1693 3140 1896 3202 ἐκεῖνος
1951 3138 2043 3195 καὶ

388 3235 719 3310 ἡλκωμένος
743 3232 1056 3309 ἀπηνέχθη,
1081 3234 1263 3311 φησὶν,
1290 3232 1366 3296 εἷς
1386 3234 1477 3287 τὸν
1528 3229 1739 3286 κόλπον
1768 3226 2044 3303 Ἀϐραὰμ,

2056 1932 2104 1997 Β

2112 1001 2146 1039 a
2168 983 2389 1038 dextris
2412 983 2555 1039 suis.
2586 984 2787 1038 haedos
2818 994 3015 1042 autem
3048 1005 3081 1042 a
3113 991 3391 1046 sinistris.
3420 994 3579 1049 Tunc
3612 994 3773 1049 dicet

2114 1077 2235 1130 Rex
2257 1075 2349 1129 his
2370 1074 2523 1145 quia
2543 1075 2764 1129 dextris
2788 1084 2957 1131 erunt
2983 1095 2994 1132 :
3025 1081 3551 1147 Venite,benedicti
3576 1086 3770 1141 Patris

2116 1165 2233 1221 mei
2264 1164 2563 1235 possidete
2578 1181 2825 1236 regnum
2840 1167 3003 1221 vobis
3018 1176 3285 1239 paratum
3302 1189 3333 1226 a
3347 1175 3772 1232 constitutione

2118 1255 2346 1311 mundi.
2382 1256 2606 1309 Esurivi
2633 1256 2814 1322 enim,
2840 1262 2897 1312 et
2929 1258 3177 1313 dedistis
3199 1262 3344 1315 mihi
3374 1264 3772 1334 manducare;

2120 1346 2296 1409 sitivi,
2320 1350 2379 1399 et
2398 1344 2646 1400 dedistis
2668 1346 2814 1400 mihi
2830 1346 3064 1413 bibere;
3089 1349 3305 1420 hospes
3327 1360 3575 1419 eram,et
3596 1355 3775 1409 colle-

2120 1434 2287 1507 gistis
2318 1450 2412 1489 me
2438 1451 2451 1501 ;
2485 1435 2701 1497 nudus.
2733 1441 2792 1489 et
2821 1438 3212 1508 cooperuistis
3244 1455 3338 1493 me
3364 1440 3694 1508 ;inﬁrmus,
3721 1447 3779 1498 et

2121 1524 2403 1579 visitastis
2437 1540 2529 1579 me
2561 1542 2574 1589 ;
2608 1525 2670 1579 in
2705 1541 2940 1581 carcere
2970 1543 3153 1595 eram,
3188 1534 3246 1584 et
3275 1530 3522 1585 venistis
3553 1530 3626 1586 ad
3686 1547 3781 1586 me

2125 1615 2342 1684 (Matth.
2379 1619 2528 1683 xxv).
2558 1616 2675 1669 Cur
2700 1616 2996 1672 hisverbis
3012 1618 3217 1685 utitur,
3241 1619 3355 1673 nisi
3381 1621 3523 1691 quia
3553 1619 3784 1677 beneﬁ-

2127 1704 2237 1766 cia,
2273 1721 2403 1774 qua}
2436 1720 2471 1758 a
2499 1704 2673 1759 nobis
2696 1705 2755 1759 in
2776 1713 3017 1778 egentes
3040 1709 3451 1779 conferuntur,
3474 1711 3585 1765 sibi
3606 1711 3787 1767 ascis-

2129 1793 2250 1848 cit?
2276 1795 2344 1847 Et
2375 1793 2492 1848 alio
2526 1793 2655 1849 loco
2688 1796 2803 1849 ait:
2840 1796 3045 1852 Omnis
3078 1798 3423 1870 quicunque
3467 1801 3787 1856 conﬁtebi-

2132 1888 2229 1938 tur
2258 1900 2351 1938 me
2384 1899 2581 1938 coram
2632 1884 2997 1953 hominibus,
3049 1889 3381 1944 contitebor
3406 1895 3465 1945 et
3512 1908 3615 1963 ego
3648 1906 3785 1946 eum

2136 1990 2334 2028 coram
2367 1975 2537 2029 Patre
2570 1990 2724 2035 meo,
2761 1975 2861 2045 qui
2896 1982 2985 2031 est
3016 1977 3076 2032 in
3107 1979 3272 2033 cmlis
3304 1982 3481 2049 (Luca:
3512 1983 3633 2051 xu).

2207 2065 2290 2118 En
2324 2080 2429 2135 per
2457 2070 2582 2119 haec
2613 2066 2835 2132 omnia,
2869 2083 2936 2121 ac
2970 2068 3140 2139 plura
3171 2069 3309 2134 alia,
3344 2070 3515 2125 firma
3539 2078 3597 2125 et
3627 2076 3791 2129 certa

2138 2170 2267 2208 esse
2301 2153 2593 2208 bonorum
2616 2172 2864 2226 operum
2888 2159 3135 2228 praemia
3158 2158 3795 2225 declaravit.Quemad-

2137 2242 2377 2301 modam
2403 2243 2580 2297 etiam
2604 2250 2812 2300 contra
2832 2246 3240 2317 improbarum
3266 2250 3567 2305 actionum
3587 2267 3793 2321 pmnas

2140 2332 2262 2388 illic
2277 2333 2516 2387 recondi
2529 2340 2613 2388 tas
2629 2350 2756 2390 csse
2776 2335 3279 2409 denuntiavit,per
3291 2338 3676 2395 admirandas
3690 2340 3799 2395 sci-

2140 2422 2283 2477 licet
2314 2428 2371 2476 et
2398 2423 2645 2478 eximias
2673 2424 2985 2495 parabolas
3010 2443 3156 2497 quas
3198 2428 3300 2483 ille
3324 2429 3631 2499 sapientia:
3664 2429 3797 2486 fons

2143 2529 2386 2584 prorsus
2424 2513 2727 2583 sapienter
2757 2515 3047 2586 exposuit.
3074 2517 3304 2571 Etenim
3322 2518 3563 2573 divitem
3584 2536 3794 2591 quem-

2144 2602 2278 2657 dam
2306 2601 2539 2656 inducit
2564 2604 2743 2671 (Lucae
2772 2606 2901 2674 xvx),
2937 2623 3198 2677 purpura
3216 2614 3273 2661 et
3294 2608 3468 2678 bysso
3492 2609 3792 2677 indutum,

2145 2708 2212 2746 ac
2244 2691 2509 2762 quotidie
2543 2692 2852 2763 splendide
2886 2696 3263 2766 epulantem;
3292 2703 3562 2754 tenacem
3594 2706 3796 2756 autem

2145 2788 2322 2853 atque
2353 2798 2387 2835 a
2420 2782 2828 2837 misericordia
2858 2791 3175 2853 remotum,
3204 2787 3351 2842 adeo
3379 2794 3443 2843 ut
3473 2806 3797 2862 pauperem

2148 2869 2489 2943 quemdam,
2521 2871 2796 2927 Lazarum
2829 2874 3095 2934 nomine.
3128 2874 3201 2929 ad
3233 2875 3390 2931 fores
3431 2895 3567 2932 suos
3591 2880 3803 2949 jacen-

2149 2969 2269 3016 tem
2302 2961 2651 3033 despiceret,
2687 2979 2754 3018 ac
2786 2980 2860 3018 ne
2905 2964 3065 3035 ipsas
3115 2966 3356 3036 quidem
3405 2984 3625 3023 mensas
3679 2987 3800 3025 sum

2151 3052 2335 3106 micas
2368 3050 2420 3105 ei
2450 3050 2801 3122 impertiret.
2838 3054 3096 3125 Utroque
3150 3056 3330 3127 igitur
3379 3065 3640 3112 extremo
3671 3060 3802 3113 vita:

2151 3142 2245 3197 die
2278 3142 2500 3204 functo,
2537 3159 2763 3214 pauper
2784 3143 3025 3214 quidem
3050 3144 3150 3200 ille
3174 3152 3353 3216 atque
3397 3146 3705 3203 ulcerosus
3743 3150 3805 3205 in

2152 3232 2406 3287 Abrahaa
2431 3233 2626 3287 sinum
2643 3232 2875 3287 delatus
2898 3241 3129 3306 estiquo
3152 3252 3368 3307 nempe
3382 3237 3665 3292 vocabulo
3681 3255 3812 3310 pro-

387 3329 492 3396 τήν
525 3308 635 3382 τῶν
660 3322 884 3380 δικαίων
919 3322 1208 3378 συναυλίαν
1239 3321 1381 3377 οὕτω
1414 3319 1692 3391 δηλώσας·
1724 3321 1751 3375 6
1783 3317 1839 3375 δὲ
1870 3317 2034 3374 πλού-

2158 3323 2305 3378 boru
2316 3340 2367 3376 m
2383 3323 2641 3377 virorum
2658 3322 2856 3377 sedem
2882 3324 3412 3393 declaraviti,dives
3426 3334 3635 3383 contra
3656 3345 3816 3384 acer-

388 3438 510 3479 σιος
567 3415 845 3485 παρεδόθη
901 3410 1071 3492 φλογὶ
1128 3418 1326 3488 πικρᾶς
1379 3411 1614 3486 βασάνου
1670 3409 1723 3465 ἐν
1781 3414 1863 3483 τῷ
1919 3406 2045 3484 ᾅδῃ*

390 3508 533 3583 πρὸς
588 3504 647 3562 ὅν
712 3500 958 3577 Ἀϐραὰμ
1010 3500 1212 3578 ἔλεγεν·
1276 3495 1579 3562 ’Λπέλαϐες
1638 3498 1700 3555 οὐ
1757 3500 1826 3554 τὰ
1881 3498 2052 3573 ἀγαθά

392 3619 494 3654 σου
526 3596 578 3652 ἐν
608 3599 679 3669 τῇ
725 3592 839 3669 ζώῇ
901 3614 1019 3662 σου,
1070 3592 1160 3649 καὶ
1211 3590 1457 3668 Λᾶζαρος
1501 3588 1711 3664 ὁμοίως
1768 3590 1836 3643 τὰ
1888 3589 2046 3643 κακά·

391 3692 488 3745 νῦν
521 3684 581 3743 δὶ
612 3686 770 3747 οὗτος
804 3685 898 3757 μὲν
931 3682 1349 3757 παρακαλεῖται,
1382 3681 1445 3736 σὺ
1479 3678 1537 3737 δὶ
1566 3677 1843 3736 ὀδυνᾶσαι.

465 3777 724 3851 Ἑτέρωθι
758 3771 817 3829 δὲ
864 3772 1203 3847 παρεικάζων
1262 3774 1365 3843 τὴν
1417 3775 1524 3826 τῶν
1582 3769 1827 3845 οὐρανῶν
1893 3769 2049 3844 βασι-

393 3866 546 3925 λείαν
589 3864 861 3940 ἀνθρώπῳ
923 3861 1161 3939 βασιλεῖ,
1222 3861 1373 3925 ὅστις
1430 3860 1656 3931 ἐποίησε
1706 3859 1919 3934 γάμους
1975 3855 2054 3931 τῷ

402 3958 509 4030 οἱῷ
538 3954 706 4011 αὐτοῦ
739 3956 837 4027 (6),
866 3954 965 4023 τὴν
1023 3950 1331 4027 μέλλουσαν
1392 3949 1727 4028 εὐφροσύνην
1773 3946 1862 4005 καί
1906 3946 2055 4021 λαμ-

398 4046 653 4123 πρότητα
684 4042 827 4099 οὕτω
860 4038 1069 4113 δηλῶν.
1106 4042 1247 4115 Πρὸς
1278 4042 1603 4117 ανθρώπους
1634 4039 1738 4115 γάρ
1767 4036 2056 4099 ταπεινοὺς

396 4136 489 4194 καὶ
519 4134 586 4190 τὰ
616 4132 830 4208 ἐπίγεια
878 4136 1211 4209 φεονοῦντας
1260 4131 1353 4187 τόν
1405 4129 1571 4208 λόγον
1618 4130 1952 4203 ποιούμενος
2000 4126 2059 4183 ἐκ

396 4230 511 4283 τῶν
541 4225 791 4294 συνήθων
824 4221 1011 4286 αὐτοῖς
1040 4222 1131 4277 καὶ
1163 4220 1463 4298 γνωρίμων
1512 4218 1696 4275 ἐδίδου
1736 4221 1835 4281 τὰς
1885 4238 2058 4293 παρα-

400 4313 596 4378 ϐολας.
629 4313 710 4372 Οὐ
745 4311 931 4387 μέντοι
965 4308 1023 4368 δὲ
1060 4312 1279 4386 γάμους
1331 4311 1423 4366 καὶ
1471 4312 1741 4384 τραπέζας
1783 4308 1835 4364 ἐν
1865 4306 2058 4381 ἐκείνῳ

402 4402 721 4483 παρεδήλου
749 4409 830 4477 τῷ
860 4403 1018 4458 αίῶνι
1047 4403 1201 4458 εἶναι’
1257 4401 1403 4459 ἀλλά
1448 4404 1519 4474 τῆ
1566 4400 1743 4457 αὐτῶν
1790 4419 2061 4475 συγκατα-

406 4492 611 4553 ϐαίνων
644 4492 1244 4571 παχύτητι,τοιούτοις
1295 4492 1528 4566 ἀνόμασι
1581 4492 1874 4567 κέχρηται,
1920 4512 2061 4565 γνω-

406 4588 557 4664 ρίσαι
586 4584 772 4647 αὐτοῖς
810 4584 879 4639 τὰ
935 4580 1211 4657 μέλλοντα
1270 4582 1634 4659 βουλόμενος.
1693 4584 1791 4640 73
1850 4580 2060 4641 Ιιάντας

2160 3412 2407 3467 bissimo
2440 3411 2697 3467 ﬂamma)
2729 3413 3021 3485 supplicio
3054 3415 3114 3469 in
3138 3415 3371 3470 inferno
3403 3415 3675 3473 addictus
3702 3422 3814 3474 est.

2161 3502 2250 3558 Ad
2286 3518 2463 3573 quem
2492 3502 2667 3557 etiam
2703 3502 3001 3558 Abraham
3034 3504 3127 3559 his
3148 3504 3342 3559 verbis
3365 3506 3670 3561 utebatur:
3705 3510 3817 3564 Re-

2163 3592 2371 3663 cepisti
2404 3591 2560 3647 bona
2590 3592 2649 3646 in
2684 3592 2799 3647 vita
2832 3598 2949 3661 tua,
2985 3599 3042 3647 et
3066 3594 3311 3650 Lazarus
3334 3594 3609 3650 similiter
3636 3597 3810 3653 mala.

2164 3683 2329 3736 Nunc
2360 3686 2558 3735 autem
2595 3681 2721 3752 ipse
2754 3682 3117 3748 consolatur,
3153 3690 3213 3739 tu
3244 3700 3377 3739 vero
3409 3686 3715 3741 cruciaris.

2235 3771 2491 3824 Rursum
2518 3770 2635 3825 alio
2670 3771 2798 3826 loco
2830 3771 3113 3828 cmlorum
3144 3791 3394 3847 regnum
3429 3774 3661 3830 homini
3692 3775 3815 3850 regi

2166 3858 2361 3914 simile
2377 3876 2504 3913 esse
2517 3861 2601 3914 ait
2622 3861 2723 3931 qui
2749 3860 2871 3915 lilio
2887 3878 2993 3917 suo
3018 3863 3256 3934 nuptias
3271 3864 3411 3919 fecit
3432 3866 3819 3934 (Matth.xxu).

2166 3951 2277 4005 Per
2290 3950 2528 4020 nuptias
2540 3968 2716 4021 porro
2736 3951 3156 4008 futuralzetitia
3170 3954 3479 4010 etclaritas
3499 3954 3823 4011 indicatur.

2165 4040 2397 4096 Etenim
2412 4040 2485 4095 ad
2501 4040 2760 4095 humiles
2771 4058 2837 4097 ac
2855 4044 3106 4098 terrenis
3120 4043 3429 4098 affectibus
3444 4044 3702 4099 imbutos
3716 4045 3821 4098 ho-

2166 4132 2360 4189 mines
2382 4130 2559 4185 verba
2579 4130 2825 4195 faciens,
2859 4132 2931 4185 ab
2965 4133 3037 4187 iis
3066 4133 3245 4188 rebus
3271 4151 3401 4205 qum
3427 4134 3571 4206 ipsis
3590 4134 3819 4189 u~itataa

2167 4238 2235 4277 ac
2268 4220 2589 4276 lamiliares
2620 4228 2808 4279 erant.
2842 4222 3154 4293 parabolas
3187 4224 3476 4279 ducebat:
3509 4241 3629 4279 non
3661 4224 3821 4296 quod

2169 4312 2408 4384 nuptias
2436 4313 3070 4369 etmensasinaevoillo
3092 4332 3221 4369 esse
3251 4314 3596 4370 ostenderet
3625 4314 3727 4370 sed
3744 4315 3818 4370 ad

2168 4418 2374 4458 eorum
2401 4403 2731 4458 crassitiem
2757 4420 2885 4458 sese
2908 4403 3351 4471 demittens,his
3368 4405 3670 4461 vocabulis
3693 4411 3821 4461 ute-

2168 4492 2435 4559 batur,ut
2449 4492 2804 4565 futuraipsis
2818 4494 3130 4565 perspicua
3143 4495 3609 4551 faceret.0mnes
3624 4496 3824 4568 itaque

2168 4583 2492 4654 inquitrex
2512 4584 2614 4638 ille
2628 4583 2867 4638 sublimi
2884 4584 3181 4655 praeconio
3197 4584 3270 4639 ad
3286 4586 3523 4656 nuptias
3537 4586 3653 4641 invi
3666 4587 3825 4657 tavit,

404 4678 507 4754 μὶν
540 4672 655 4743 οὖν,
689 4674 846 4753 φησὶ,
879 4670 1231 4729 συνεκάλεσεν
1264 4674 1293 4729 6
1328 4671 1584 4747 βασιλεὺς
1646 4669 1848 4745 ὑψηλῷ
1891 4670 2031 4745 ιιηρύ

2172 4680 2350 4745 atque
2372 4679 2438 4729 ut
2457 4673 2631 4729 bonis
2649 4673 2769 4728 illis
2790 4672 2864 4729 ad
2892 4674 3225 4729 satietatem
3250 4691 3439 4747 usque
3465 4676 3824 4733 fruerentur.

398 4786 573 4847 γματι
604 4768 681 4839 (Ἰ)
712 4761 987 4820 συνελθεῖν
1023 4762 1101 4827 εἲς
1128 4762 1256 4825 τοὺς
1287 4759 1503 4835 λάμους
1528 4761 1618 4817 καὶ
1676 4761 2059 4839 ἐμφορηθῆναι

403 4862 513 4915 τῶν
546 4852 875 4931 ἀπορρήτων
908 4851 1123 4929 ἀγαθῶν
1179 4850 1421 4907 ἐκείνωνο
1476 4848 1684 4907 πολλοὶ
1715 4847 1774 4906 δὶ
1802 4854 1911 4906 τῶν
1968 4870 2058 4906 κε·

404 4946 702 5020 κλημένων
732 4942 1103 5017 ἀμελήσαντες
1138 4941 1239 4997 οὐκ
1268 4941 1544 5013 ἀπῆλθον,
1597 4939 1747 5009 ἀλλ’,
1798 4939 2059 5016 ἀπασχο-

409 5033 677 5106 λήσαντες
708 5032 950 5104 ἑαυτοὺς,
983 5032 1035 5088 οἱ
1088 5032 1184 5105 μὶν
1214 5030 1292 5095 είς
1339 5028 1563 5106 ἀγροὺς,
1610 5031 1663 5085 οἱ
1722 5027 1781 5086 δὶ
1833 5029 1911 5093 εἷς
1960 5028 2058 5104 ἐμ-

406 5124 625 5201 πορίας,
659 5123 711 5179 οἱ
742 5121 802 5179 δὶ
858 5122 933 5186 είς
976 5121 1315 5199 νεονύμφους
1361 5124 1636 5196 γυναῖκας,
1686 5119 2055 5191 ἀπεστέρησαν

407 5213 634 5277 δαυτοὺς
663 5219 765 5283 τῆς
822 5211 1223 5288 λαμπρότητος
1278 5213 1376 5266 τοῦ
1434 5207 1748 5287 νυμφῶνος.
1801 5210 2055 5267 Ἐκείνων

408 5302 472 5361 δὶ
500 5302 739 5360 ἐθελοντὶ
774 5298 1258 5382 ἀλλοτριωθέντων
1287 5306 1389 5370 τῆς
1414 5306 1651 5376 τερπνῆς
1693 5299 2056 5379 εὐφροσύνης,

489 5509 568 5580 (3)
598 5508 731 5565 Luc.
762 5528 864 5578 xu,
895 5513 950 5572 8.

488 5575 566 5657 (ᾗ)
597 5580 817 5657 ξίνδοὴ.
849 5575 890 5653 i,
921 5589 952 5641 5
981 5600 995 5638 :
1025 5582 1181 5657 πηγὴ
1214 5575 1403 5657 σοφίας
1436 5576 1603 5655 λόγος
1637 5578 1792 5634 Θεοῦ.

515 5655 571 5721 5)
605 5653 737 5711 Luc.
769 5672 888 5721 xvx,
926 5660 991 5713 19
1015 5653 1182 5726 seqq.

510 5727 565 5797 6)
598 5727 801 5785 Matth.
834 5745 975 5796 xxii,
1006 5731 1041 5783 2
1071 5742 1237 5797 seqq.

514 5801 569 5873 Ἰ)
608 5798 777 5860 Prov.
811 5817 892 5875 ιι,
926 5802 1001 5862 3:
1034 5799 1097 5862 Ἀ

2172 4764 2335 4819 Multi
2368 4770 2567 4819 autem
2600 4780 2804 4819 eorum
2835 4764 2937 4835 qui
2971 4764 3196 4819 invitati
3229 4767 3483 4833 fuerant,
3511 4766 3594 4820 ire
3628 4766 3830 4838 negle-

2168 4860 2422 4909 xerunt:
2464 4870 2671 4909 verum
2705 4871 2765 4910 se
2798 4855 2957 4925 ipsos
2988 4856 3207 4924 partim
3230 4854 3292 4909 in
3326 4854 3504 4926 agris,
3528 4854 3743 4927 partim
3766 4855 3828 4909 in

2170 4942 2694 5017 negotiationibus,
2727 4943 2944 5015 partim
2966 4944 3027 4999 in
3054 4943 3337 4999 uxoribus
3355 4959 3545 5015 nuper
3568 4943 3829 5015 acceptis

2170 5039 2550 5105 occupantes,
2574 5033 2861 5106 nuptialis
2878 5033 3124 5090 thalami
3143 5031 3461 5106 splendore
3484 5039 3827 5089 caruerunt.

2167 5122 2294 5178 Illis
2307 5129 2505 5178 autem
2528 5139 2635 5178 sua
2657 5130 2865 5195 sponte
2884 5141 2919 5179 a
2935 5124 3283 5180 suavissima
3304 5122 3625 5179 illalaatitia
3640 5122 3836 5177 exclu'

2170 5213 2381 5279 sis,alii
2394 5214 2581 5269 vocati
2599 5220 2941 5286 sunt.atque
2959 5214 3218 5287 impleta;
3234 5220 3371 5269 sunt
3384 5212 3573 5285 epulze
3586 5212 3835 5270 discum-

2166 5304 2468 5363 bentibus.
2500 5305 2809 5378 Ingressus
2850 5311 3047 5362 autem
3088 5309 3270 5361 rexut
3306 5303 3533 5361 videret
3571 5302 3834 5362 discum-

1232 5794 1348 5854 ειλι
1373 5792 1504 5861 τοὺς
1534 5792 1736 5869 ἑαυτῆς
1772 5790 2029 5871 δοῦλους,
2060 5791 2408 5878 συγκαλοῢσα
2438 5798 2577 5877 μετά
2606 5796 2825 5877 ὑψηλοῦ
2851 5795 3232 5878 κηρῦγματος.
