4100 6390
434 348 544 405 935

1966 348 2330 402 ΑΒΒΕΝΟΑ.
3729 372 3818 430 936

436 474 669 542 bentes,
700 474 848 530 vidit
878 475 1003 530 illic
1032 473 1340 529 hominem
1360 488 1479 526 non
1499 472 1775 527 vestitum
1800 474 1960 526 veste
1978 485 2092 525 nu-

2211 471 2878 548 ἅλλοιπροσεκλήθησανο
2933 476 3025 532 καὶ
3075 473 3324 548 ἐπλήσθη
3358 477 3386 532 6
3415 479 3589 553 γάμος
3639 488 3823 552 tivam.

438 566 609 639 ptiali
639 565 936 620 Etdixitei
959 561 1516 633 :Amice,quomodo
1533 562 1650 616 huc
1681 561 1939 620 intrasti,
1974 577 2096 615 non

441 657 672 712 habens
703 662 925 710 vestem
956 653 1285 724 nuptialem
1309 652 1336 706 ‘7
1365 654 1437 706 At
1469 651 1570 705 ille
1589 652 1891 706 obmutuit
1935 652 2097 705 Tunc

443 747 591 802 dixit
607 763 705 801 rex
727 745 1045 800 ministris:
1071 742 1284 815 Ligatis
1298 741 1550 813 pedibus
1563 758 1629 796 ac
1646 741 1922 796 manibus
1945 741 2096 812 ejus.

441 837 631 892 tollite
665 853 821 892 eum.
858 840 916 889 et
949 834 1161 887 mittite
1197 833 1257 886 in
1281 832 1560 887 tenebras
1591 833 1934 887 exteriores.
1971 831 2098 885 Illic

443 926 747 982 eritﬂetus
794 931 852 978 et
889 923 1110 978 stridor
1167 923 1435 977 dentium
1493 923 1604 976 Per
1633 922 1741 976 hos
1774 938 1950 992 porro
1997 920 2099 992 qui

441 1015 666 1086 nuptiis
697 1014 987 1068 interesse
1039 1019 1411 1072 recusarunt,
1468 1028 1576 1066 nec
1622 1013 1740 1066 eia
1788 1029 1904 1082 quo
1935 1028 2098 1066 voca-

441 1104 660 1159 bantur
687 1104 808 1158 ullo
840 1101 1015 1158 modo
1047 1119 1274 1156 morem
1296 1107 1629 1169 gesserunt,
1657 1101 1740 1155 illi
1765 1101 2102 1174 signiﬁcan-

442 1197 539 1247 tur
564 1193 665 1264 qui
683 1193 757 1248 ad
781 1191 998 1247 Christi
1019 1191 1198 1246 {idem
1225 1191 1469 1245 minime
1485 1197 2100 1255 accurrerunt,verum

444 1289 546 1339 aut
577 1284 638 1337 in
673 1283 971 1338 idolorum
1003 1281 1186 1344 cultu,
1223 1286 1325 1335 aut
1355 1281 1416 1334 in
1449 1281 1650 1351 aliqua
1680 1280 1890 1335 hmresi
1924 1295 2101 1351 pers-

445 1371 716 1427 titerunt.
747 1373 858 1426 Per
888 1387 1026 1426 eum
1058 1376 1253 1424 autem
1289 1370 1387 1440 qui
1411 1376 1568 1423 veste
1596 1370 1818 1440 nuptiis
1850 1386 2105 1425 consen-

447 1465 624 1516 tanea
655 1460 913 1525 carebat,
948 1461 996 1514 is
1028 1459 1270 1514 demum
1301 1459 1670 1529 intelligitur,
1696 1459 1796 1530 qui
1830 1458 1946 1514 ﬁde
1968 1459 2102 1529 qui-

451 1550 588 1606 dem
619 1550 904 1622 przeditus
935 1549 1065 1618 fuit,
1134 1556 1412 1604 casterum
1459 1549 1830 1622 spiritualem
1881 1555 2102 1604 vestem

447 1640 704 1712 impuris
737 1640 975 1713 ﬂagitiis
1007 1640 1440 1710 conspurcavit,
1487 1640 1821 1710 meritoque
1853 1638 2102 1710 proinde

446 1745 483 1786 θ.
508 1728 794 1801 nuptialis
815 1729 1060 1784 thalami
1091 1729 1299 1783 laetitia
1329 1729 1638 1784 submotus
1671 1734 1780 1785 est.

517 1927 668 1992 Quin
699 1927 875 1983 aliam
901 1943 1138 1999 quoque
1161 1926 1503 1998 hujusmodi
1531 1927 1870 1999 parabolam
1892 1927 2101 1984 eodem

444 2020 844 2094 pertinentem
870 2018 1418 2090 attulit,propositis
1441 2019 1726 2073 nimirum
1750 2019 1954 2074 decem
1980 2020 2106 2091 qui-

444 2109 700 2166 busdam
741 2108 1089 2180 virginibus.
1149 2125 1401 2179 quarum
1453 2108 1718 2180 quinque
1779 2110 2103 2180 prudentes

444 2205 635 2260 erant,
669 2205 729 2254 et
757 2199 1022 2269 quinque
1052 2197 1228 2252 fatuas
1260 2198 1461 2262 {Matth
1513 2199 1669 2270 xxv).
1702 2201 1839 2264 Quae
1860 2199 2102 2270 quidem

441 2288 645 2351 fatuas,
680 2288 942 2359 acceptis
974 2286 1352 2358 lampadibus
1385 2288 1530 2354 suis,
1567 2304 1686 2343 non
1719 2295 2105 2360 sumpserunt

445 2379 647 2435 oleum
681 2395 907 2442 secum,
940 2379 1266 2450 prudentes
1296 2384 1494 2433 autem
1526 2386 1930 2450 sumpserunt.
1985 2382 2103 2437 Hoc

447 2475 649 2526 autem
681 2469 810 2524 loco
842 2485 947 2540 per
967 2468 1166 2522 oleum
1199 2468 1521 2539 probarum
1552 2470 1853 2524 actionum
1875 2487 2103 2542 posses-

447 2560 678 2616 sionem
711 2558 1083 2631 signiﬁcavit.

517 2665 706 2720 Media
724 2670 922 2720 autem
939 2664 1591 2736 nocte,inquit.clamor
1603 2664 1791 2720 factus
1806 2670 1896 2720 est
1920 2683 1932 2720 :
1953 2668 2100 2722 Ecce

443 2771 696 2827 sponsus
710 2755 1050 2818 venit,exite
1065 2754 1566 2810 obviamei.Porro
1583 2772 1686 2826 per
1699 2755 1955 2812 mediam
1971 2773 2100 2812 noc-

443 2849 562 2900 tem
593 2844 886 2899 dieiillius
932 2843 1418 2899 incertitudinem
1452 2845 1752 2901 indicavit.
1778 2848 1936 2903 Tunc
1967 2866 2098 2903 sur-

441 2939 728 2989 rexerunt
748 2949 956 2988 omnes
977 2932 1233 3006 virgines
1256 2933 1405 2999 illa);
1431 2940 1488 2988 et
1510 2951 1639 3005 qua:
1664 2941 1882 3006 parata)
1907 2943 2097 3005 erant,

444 3024 720 3080 exierunt
749 3022 981 3078 obviam
1017 3039 1256 3093 sponso,
1295 3028 1352 3076 et
1382 3023 1748 3079 intraverunt
1772 3042 1907 3080 cum
1934 3043 2002 3081 eo
2024 3027 2099 3081 ad

443 3113 706 3183 nuptias,
738 3117 794 3167 et
818 3111 1023 3166 clausa
1045 3113 1354 3180 estjanua.
1390 3115 1527 3178 Qum
1559 3119 1759 3169 autem
1791 3115 2098 3186 imparataa

2207 561 2402 633 μένων.
2439 564 2717 629 Εἰσελθὼν
2748 564 2804 621 δέ
2837 568 2864 622 6
2899 565 3156 643 βασιλεὺς
3212 567 3496 632 θεάσασθαι
3545 574 3672 638 τοὺς
3715 581 3824 641 ἀνα,

2203 655 2513 726 κειμένους,
2577 655 2711 711 εἶδεν
2758 655 2872 712 ἐκεῖ
2955 654 3239 733 ἄνθρωπον
3332 656 3430 712 οὐκ
3511 659 3824 741 ἐνδεδυμένον

2206 737 2411 814 ἔνδυμα
2441 743 2642 816 γάμου,
2693 743 2784 800 καὶ
2845 744 2989 820 λέγει
3051 745 3222 817 αὐτῷ·
3279 745 3510 819 Ἑταῖρε,
3569 737 3697 816 πῶς⁷
3733 759 3823 815 eia-

2205 829 2372 898 ἦλθες
2403 831 2509 888 ὧδε
2565 835 2642 906 μή
2702 832 2848 910 ἔχων
2895 831 3104 905 ἔνδυμα
3141 834 3353 910 γάμους
3385 835 3445 891 Ὀ
3479 834 3534 891 δὲ
3578 838 3822 920 ἐφιμώθη,

2204 920 2342 976 Τότε
2371 923 2510 977 εἶπεν
2547 925 2574 978 ὁ
2610 921 2866 998 βασιλεὺς
2911 929 3029 987 τοῖς
3087 920 3381 987 διακόνοις
3443 927 3698 994 Δήσαντες
3747 936 3826 990 αὖ..

2204 1014 2300 1064 τοῦ
2331 1017 2521 1087 χεῖρας
2549 1014 2637 1068 καὶ
2673 1011 2863 1083 πόδας,
2915 1013 3076 1088 ἂρατε
3122 1012 3306 1078 αὐτὸν,
3349 1015 3440 1068 καὶ
3489 1013 3742 1089 ἐμϐάλετε
3767 1029 3825 1098 (8)

2207 1098 2283 1163 sic
2312 1102 2372 1154 τὸ
2413 1101 2606 1163 σκότος
2663 1103 2725 1156 τὸ
2782 1101 3060 1178 ἐξώτερον·
3123 1101 3235 1157 ἐκεῖ
3292 1099 3438 1172 ἔσται
3498 1105 3524 1157 ὁ
3579 1105 3825 1182 κλαυθμὸς

2207 1189 2294 1243 καὶ
2329 1191 2357 1244 6
2388 1191 2633 1266 βρυγμὸς
2662 1196 2769 1246 τῶν
2807 1189 3066 1248 ὀδόντων.
3109 1191 3178 1248 Οἱ
3231 1191 3328 1265 μὲν
3377 1189 3468 1246 οῦν
3519 1199 3826 1269 παραιτησά-

2213 1300 2364 1353 μενοι
2395 1279 2483 1334 καὶ
2520 1279 2784 1353 μηδόλως
2811 1283 2910 1351 τῆς
2967 1278 3222 1352 κλήσεως
3285 1281 3675 1346 ὑπακούσαντες
3715 1286 3824 1342 είσὶν

2209 1370 2262 1423 οἱ
2297 1371 2373 1442 μή
2406 1367 2851 1446 προσδραμόντες
3025 1375 3122 1426 τοῦ
3190 1371 3425 1445 Χριστοῦ
3482 1370 3674 1441 πίστει,
3722 1375 3829 1432 ἀλλ’

2208 1456 2315 1514 εἷ’τε
2342 1463 2411 1533 τῇ
2445 1457 2896 1535 εἶδωλολατρείᾳ,
2930 1458 3038 1515 εἷ’τε
3067 1460 3272 1534 αἱρέσει
3325 1459 3435 1514 τινὶ
3490 1459 3826 1533 ἐμμείναντες·

2209 1549 2237 1603 ὁ
2270 1546 2328 1603 δὲ
2361 1549 2436 1622 μή
2470 1544 2615 1623 ἔχων
2647 1549 2708 1604 τὸ
2736 1553 2835 1605 τοῦ
2865 1551 3049 1626 γάμου
3080 1547 3283 1623 ἔνδυμα
3330 1547 3472 1604 ἐστὶν
3507 1550 3534 1604 6
3575 1551 3830 1616 πιστεύσας

2212 1637 2331 1711 μὲν,
2365 1638 2584 1713 πράξεσι
2609 1635 2668 1693 δὶ
2700 1637 2965 1713 ῥυπαραῖς
2996 1639 3059 1693 τὸ
3116 1639 3314 1709 νοητὸν
3370 1635 3570 1711 ἔνδυμα
3611 1637 3831 1710 κηλιδώ-

2210 1748 2327 1794 σας,
2361 1729 2537 1790 ὅςκαὶ
2572 1725 2797 1790 δικαίως
2849 1723 3117 1800 ἐξεϐλήθη
3175 1733 3276 1798 τῆς
3337 1732 3513 1804 χαρᾶς
3569 1732 3661 1782 τοῦ
3713 1751 3829 1802 νυμ-

2128 1839 2174 1904 B
2211 1822 2411 1896 φῶνος.

2284 1926 2378 1982 Καὶ
2409 1923 2585 1996 ἄλλην
2619 1923 2676 1981 δὲ
2720 1919 3043 2001 παραϐολὴν
3099 1925 3268 2000 ταύτῃ
3331 1921 3657 1995 συνᾴδουσαν
3710 1947 3829 2000 παρ-

2211 2015 2390 2086 έθηκε,
2424 2013 2550 2071 δέκα
2578 2016 2728 2081 ma;
2774 2018 3072 2089 παρθένους
3123 2016 3376 2076 τυπώσας
3399 2017 3498 2089 (9),
3534 2015 3607 2069 ὧν
3654 2016 3704 2070 αἱ
3751 2017 3827 2090 μὲν

2211 2105 2369 2160 πέντε
2418 2108 2552 2175 ἦσαν
2614 2106 2898 2182 φρόνιμοι,
2959 2107 3013 2160 αἱ
3072 2103 3130 2160 δὲ
3185 2104 3340 2160 πέντε
3390 2103 3590 2180 μωραί.
3648 2103 3829 2168 Α’ίτινες

2215 2198 2314 2251 74
2374 2195 2579 2270 μωραὶ,
2639 2189 2907 2250 λαϐοῦσαι
2965 2194 3061 2259 τὰς
3120 2191 3416 2266 λαμπάδας
3489 2193 3682 2257 αὐτῶν,
3750 2194 3830 2249 οὐκ

2211 2280 2408 2340 ἔλαϐον
2444 2287 2563 2358 μεθ’
2593 2286 2795 2341 ἑαυτῶν
2855 2284 3061 2340 ἔλαιον·
3123 2285 3178 2340 αἱ
3227 2282 3285 2340 δὲ
3343 2284 3603 2363 φρόνιμοι
3660 2279 3827 2340 ἔλαϐον

2209 2373 2416 2433 ἔλαιον·
2453 2374 2542 2432 διά
2571 2381 2667 2432 τοῦ
2699 2375 2887 2432 ἐλαίου
2913 2379 3012 2449 τήν
3045 2378 3151 2432 τῶν
3186 2377 3400 2452 ἀγαθῶν
3450 2374 3617 2452 ἔργων
3665 2382 3828 2444 κτῆσιν

2211 2469 2517 2542 σημαίνων.

2280 2665 2465 2737 Μέσης
2496 2663 2552 2722 δὲ
2580 2669 2679 2732 τῆς
2711 2667 2930 2736 νυκτὸς,
2963 2667 3117 2744 φησὶ,
3172 2666 3383 2741 κραυγὴ
3448 2665 3681 2740 γέγονεν’
3712 2659 3829 2718 ’1δοῦ

2209 2756 2237 2811 6
2263 2756 2498 2834 νυμφίος
2529 2755 2770 2832 ἔρχεται·
2803 2755 3088 2832 ἐξέρχεσθε
3144 2759 3256 2830 (10)
3308 2755 3387 2820 εἷς
3447 2755 3706 2825 ἀπάντησι
3750 2752 3829 2806 αὐ-

2207 2851 2323 2901 τοῦ·
2375 2843 2465 2901 διὰ
2520 2851 2618 2902 τοῦ
2674 2846 3028 2920 μεσονυκτίου
3087 2847 3149 2902 τὸ
3208 2842 3423 2918 ἄδηλον
3479 2851 3580 2914 τῆς
3650 2842 3830 2917 ἡμέρας

2209 2935 2418 3008 ἐκείνης
2442 2939 2814 3007 παραστήσας.
2847 2936 2983 2992 Τότε
3014 2935 3318 3013 ἠγέρθησαν
3379 2939 3550 2990 πᾶσαι
3607 2933 3659 2987 αἱ
3711 2950 3829 3005 παρ’

2209 3028 2364 3091 θένωι
2399 3025 2618 3084 ἐκεῖναι.
2658 3027 2719 3083 Αἱ
2754 3031 2848 3101 μὶν
2883 3025 2972 3081 οὖν
3006 3023 3222 3099 ἕτοιμοι
3282 3023 3513 3098 ἐξῆλθον
3572 3022 3645 3086 ε“ς
3689 3019 3830 3076 ἁπάν-

2205 3139 2360 3188 τησιν
2391 3121 2488 3171 τοῦ
2517 3116 2778 3192 νυμφίου,
2810 3115 2899 3172 καῖ
2930 3113 3186 3185 εἶ’σῆλθον
3223 3116 3342 3188 μετ’
3399 3114 3564 3170 αὐτοῦ
3610 3112 3679 3174 εἷς
3725 3108 3829 3170 τοὺς

444 3203 798 3272 erant(quas
821 3201 996 3256 etiam
1020 3201 1239 3256 idcirco
1263 3218 1382 3256 non
1398 3202 1501 3257 abs
1526 3219 1588 3257 re
1611 3204 1822 3258 stultas
1835 3205 2096 3276 appella-

2211 3209 2441 3284 γάμους,
2494 3206 2584 3260 καὶ
2641 3206 2893 3275 ἐκλείσθη
2926 3207 2961 3277 ἡ
2995 3204 3151 3280 θύρα·
3215 3206 3270 3260 αἱ
3324 3202 3382 3260 δὲ
3444 3205 3734 3275 ἀνέτοιμοι,
3781 3195 3830 3258 ἇς

439 3291 566 3358 vit),
594 3306 728 3345 cum
753 3289 1061 3361 lampades
1085 3307 1223 3346 suas
1243 3292 1536 3364 exstingui
1558 3294 1987 3365 perspicerent,
2021 3295 2094 3350 ad

440 3381 640 3436 oleum
669 3380 988 3435 emendum
1013 3398 1142 3435 sese
1165 3382 2094 3454 contuleruut.Posteaque,clau-

442 3471 660 3542 sisjam
677 3469 1966 3536 foribus.accedentes,clamabant,dicentes:
1983 3476 2093 3530 Do-

439 3560 894 3627 mine,domiue,
926 3563 1088 3632 aperi
1117 3561 1309 3616 nobis.
1336 3564 1465 3634 lpse
1488 3569 1686 3617 autem
1703 3565 2095 3634 respondens,

439 3650 588 3705 dixit
617 3651 702 3705 eis
729 3666 741 3704 :
776 3652 965 3705 Amen
997 3649 1129 3705 dico
1161 3651 1347 3717 vobis,
1381 3652 1582 3706 nescio
1609 3670 1725 3708 vos.
1759 3655 1835 3708 Ex
1863 3654 1953 3708 his
1977 3671 2098 3709 om-

441 3739 618 3796 nibus
651 3740 965 3812 perspicue
1000 3747 1254 3807 constat,
1288 3741 1574 3813 improbis
1615 3743 1972 3804 actionibus.
2004 3751 2091 3800 at.

439 3846 555 3901 que
587 3829 731 3884 adeo
766 3829 1166 3891 sermonibus,
1203 3830 1468 3902 ipsisque
1501 3831 1683 3886 etiam
1711 3833 2094 3905 cogitationi—

435 3915 568 3984 bus,
605 3934 771 3972 suam
808 3935 937 3973 esse
969 3918 1309 3974 mercedem
1340 3919 1743 3975 constitutam.

507 4043 666 4098 Dixit
695 4043 857 4098 enim
880 4043 1170 4099 Salvator:
1199 4044 1336 4099 Dico
1363 4044 1547 4112 vobis,
1583 4046 1742 4116 quod
1762 4063 1938 4102 omne
1968 4063 2095 4102 ver-

435 4131 583 4187 bum
599 4133 854 4188 otiosum
871 4133 1028 4203 quod
1043 4133 1220 4187 locuti
1238 4133 1746 4191 fuerintbomines
1762 4137 2012 4192 reddent
2025 4137 2094 4192 de

444 4223 820 4278 eorationem
843 4223 904 4276 in
927 4222 1024 4276 die
1044 4221 1258 4292 judicii
1290 4224 1514 4285 (Matth.
1550 4229 1667 4292 xu).
1703 4228 1784 4281 Ac
1817 4243 2048 4282 rursum
2081 4244 2093 4256 ·

443 4312 633 4366 Vestri
669 4328 804 4366 vero
838 4317 896 4364 et
926 4311 1124 4381 capilli
1158 4313 1369 4383 capitis
1401 4330 1608 4368 omnes
1641 4316 1937 4370 numerati
1961 4322 2100 4370 sunt

441 4401 641 4472 (Matth
692 4404 771 4468 x).
796 4401 918 4464 Quo
939 4399 1166 4454 scilicet
1187 4401 1314 4456 loco
1339 4420 1446 4474 per
1476 4404 1724 4474 capillos
1753 4406 2097 4461 minutissi-

441 4507 571 4546 mas
606 4490 784 4543 etiam
821 4489 1330 4546 considerationes
1362 4493 1667 4564 animique
1711 4496 2097 4567 cogitationes

2205 3297 2431 3358 εἶκότως
2465 3296 2654 3370 μωρὰς
2714 3295 2959 3366 ἐκάλεσε,
3021 3290 3388 3368 οϐεννυμένας
3436 3295 3530 3356 τάς
3573 3285 3830 3362 λαμπάδας

2204 3387 2406 3444 ἑαυτῶν
2452 3387 2676 3461 ὁρῶσαι,
2726 3383 2975 3454 ἀπῆλθον
3035 3386 3296 3461 ἀγοράσαι
3357 3382 3564 3440 ἔλαιον.
3623 3386 3832 3454 Παραγε-

2202 3474 2512 3549 νόμεναιδέ
2542 3473 3026 3545 κλεισθείσηςῆδη
3084 3479 3185 3540 τῆς
3243 3473 3433 3549 θύρας,
3488 3471 3703 3547 ἔκραζον
3756 3465 3832 3522 λέ·

2201 3587 2410 3642 γουσαι·
2449 3565 2637 3640 Κύριε,
2699 3565 2874 3637 κύριε,
2931 3563 3142 3638 ἄνοιξον
3205 3566 3364 3637 ἡμῖν·
3429 3565 3492 3620 Ὀ
3559 3559 3614 3616 δὶ
3670 3558 3831 3638 φησὶν,

2201 3655 2519 3732 ἀποκριθεὶς
2550 3656 2714 3710 εἶπεν·
2751 3655 2948 3728 Ἀμήν,
2983 3651 3130 3729 λέγω
3167 3655 3320 3728 ὑμῖν,
3377 3653 3481 3710 οὐκ
3529 3648 3646 3708 οἶδα
3692 3649 3830 3720 ὑμεῖς·

2203 3747 2299 3802 Διά
2346 3745 2552 3801 τούτων
2610 3746 2698 3800 οὖν
2757 3746 3009 3800 ἁπάντων
3067 3741 3240 3810 δῆλόν
3299 3743 3448 3799 ἐστιν
3505 3736 3832 3796 ἀνταπόδοσιν

2203 3838 2335 3892 εἶναι
2397 3835 2459 3891 οὐ
2517 3835 2678 3907 μόνον
2737 3839 2845 3889 τῶν
2905 3832 3167 3889 ἐναντίων
3233 3834 3506 3910 πράξεων,
3571 3827 3708 3886 ἀλλὰ
3755 3824 3830 3880 καὶ

2203 3925 2467 4003 ῥημάτων
2498 3925 2588 3980 καὶ
2619 3923 2794 3980 αὐτῶν
2825 3929 2933 3980 τῶν
2968 3923 3341 3994 ἐνθυμήσεων.

2275 4051 2436 4108 Εἶπεν
2469 4051 2574 4126 γὰρ
2607 4050 2634 4104 6
2670 4051 2891 4125 Σωτήρ’
2928 4050 3089 4125 Λέγω
3121 4050 3236 4122 (Η)
3268 4049 3400 4122 ὑμῖν
3432 4046 3518 4104 ὅτι
3547 4050 3646 4100 πᾶν
3705 4039 3835 4116 ῥῆμα

2202 4141 2368 4215 ἀργὸν
2427 4140 2457 4194 6'
2514 4139 2601 4194 ἐὰν
2659 4139 2979 4210 λαλήσωσιν
3035 4140 3088 4194 οἱ
3149 4135 3453 4214 ἄνθρωποι,
3516 4129 3832 4190 ἀποδώσουσι

2201 4231 2325 4305 περὶ
2385 4228 2550 4284 αὐτοῦ
2612 4227 2776 4304 λόγον
2837 4227 2888 4283 ἐν
2945 4228 3129 4303 ἡμέρᾳ
3185 4229 3439 4302 κρίσεως.
3528 4223 3628 4282 Καὶ
3680 4217 3831 4305 αὖθις

2202 4304 2382 4394 Ὑμῶν
2439 4316 2518 4386 δὲ,
2577 4318 2712 4396 φησί
2770 4320 2909 4389 (12),
2961 4318 3051 4372 καὶ
3112 4316 3167 4371 αἱ
3219 4316 3411 4392 τρίχες
3467 4321 3567 4383 τῆς
3623 4304 3836 4386 κεφαλῆς

2203 4409 2586 4484 ἠριθμημέναι
2620 4407 2743 4462 ετσίο
2777 4405 2869 4462 διὰ
2898 4412 3004 4462 τῶν
3037 4410 3251 4482 τριχῶν
3281 4406 3348 4461 τὰ
3405 4402 3704 4460 λεπτότατα
3745 4398 3834 4449 τῶν

2205 4496 2581 4572 διαλογισμῶν
2657 4500 2749 4556 75
2837 4497 2926 4552 καὶ
3015 4495 3364 4566 ἐνθυμήσεων
3434 4487 3832 4568 πσραδηλώσας-

439 4579 812 4650 signiﬁcavit.
849 4580 1265 4636 Consentanea
1295 4589 1494 4638 autem
1518 4584 1609 4637 his
1633 4586 2093 4654 quoquebeatus

2211 4584 2430 4660 Συνῳδὰ
2460 4584 2518 4642 δέ
2542 4586 2763 4647 τούτοις
2793 4587 2886 4641 καὶ
2919 4588 2947 4641 ὁ
3005 4585 3272 4660 μακάριος
3321 4581 3564 4639 διδάσκει
3621 4573 3833 4636 ΙΙαῦλος⁹

438 4669 654 4726 Paulus
680 4669 892 4723 tradit:
918 4669 1091 4725 Vivus
1115 4677 1224 4738 est,
1254 4671 1467 4742 inquit,
1495 4689 1689 4727 sermo
1714 4675 1836 4740 Dei,
1863 4681 1920 4728 et
1949 4676 2088 4731 effi-

438 4775 640 4826 cax,ac
654 4757 1083 4831 penetrabilior
1097 4761 1259 4815 omni
1279 4761 1476 4833 gladio
1491 4763 1756 4833 ancipiti.
1787 4771 1847 4819 et
1867 4766 2089 4836 pertin-

436 4867 582 4924 gens
600 4865 784 4922 usque
799 4848 871 4904 ad
887 4848 1235 4905 divisionem
1252 4850 1468 4905 animas
1482 4858 1539 4906 et
1555 4854 2094 4926 corporis,spir1tus

438 4956 676 5013 quoque
709 4943 767 4994 et
798 4955 1154 5012 compagum
1186 4956 1253 4995 ac
1285 4939 1706 5010 medullarum,
1728 4950 1786 4999 et
1805 4944 2097 5002 discretor

507 5067 584 5137 (8)
615 5069 683 5128 Α.
723 5062 935 5140 βάλετε.
969 5066 1031 5120 C.
1064 5057 1352 5136 ἐμϐάλετε.
1380 5066 1584 5140 Vulgo,
1619 5064 1895 5126 ἐκϐάλετε.

438 5174 459 5187 ο
527 5142 578 5209 9)
611 5139 793 5194 Matth
847 5155 977 5192 xxv.

505 5142 621 5282 110)
654 5213 722 5278 Α,
757 5207 977 5282 ἐξέρχεσ

2202 4681 2316 4732 Ζῶν
2345 4677 2468 4752 γὰρ,
2503 4677 2666 4753 φησὶν
2701 4679 2833 4750 (13),
2866 4677 2894 4729 6
2928 4673 3091 4750 λόγος
3139 4677 3237 4729 τοῦ
3290 4678 3424 4730 Θεοῦ
3471 4671 3559 4727 καὶ
3608 4663 3834 4753 ἐνεργὴς,

2200 4767 2288 4822 καὶ
2317 4766 2632 4840 τομώτερος
2676 4765 2808 4841 ὑπὲρ
2867 4771 3042 4820 πᾶσαν
3098 4766 3376 4840 μάχαιραν
3432 4759 3706 4832 δίστομον,
3757 4749 3833 4806 καὶ

2205 4853 2584 4928 διΐκνούμενος
2612 4851 2746 4930 ἄχρι
2784 4857 3057 4931 μερισμοῦ
3086 4857 3276 4929 ψυχῆς
3304 4874 3364 4909 τε
3391 4851 3482 4908 καὶ
3530 4846 3834 4931 πνεύματος,

2207 4948 2398 5022 ἁρμῶν
2429 4953 2489 4999 τέ
2516 4943 2610 4999 καὶ
2667 4929 2908 5018 μυελων,
2956 4944 3052 4999 καὶ
3094 4944 3338 5020 κριτικὸς
3381 4940 3720 5014 ἐνθυμήσεων
3759 4929 3836 4984 καὶ

534 5200 621 5281 t0)
654 5213 722 5278 A,
757 5207 1092 5291 ἐξέρχεσθαι.
1118 5211 1328 5265 Posset
1359 5211 1599 5291 quidem
1631 5214 1962 5291 infinitivus
1992 5217 2482 5291 proiimperativo
2533 5215 2687 5272 sumi
2733 5215 2855 5291 tcf._
2881 5220 2922 5270 t.
2975 5216 3073 5284 111,
3124 5233 3182 5287 p.
3243 5215 3411 5291 424);
3470 5209 3572 5267 sed
3623 5200 3837 5291 praes-tat

436 5283 752 5363 ἐξέργεσθεε-
777 5288 836 5336 et
864 5283 1115 5363 varietas
1148 5297 1179 5334 e
1210 5286 1647 5363 permutatione
1681 5288 1935 5363 solemni
1957 5283 2256 5363 vocalium
2288 5309 2340 5342 αι
2378 5294 2438 5344 et
2466 5295 2661 5363 enata
2691 5294 2796 5342 est.
2827 5289 3012 5363 Quam
3046 5283 3546 5363 permutationem
3585 5293 3699 5360 npn
3730 5285 3833 5363 Eli“

435 5345 698 5434 {ninerat
719 5353 1049 5408 Brunckius
1081 5345 1238 5434 curn,
1267 5356 1340 5411 ad
1368 5356 1681 5434 Electram.
1715 5363 1838 5434 459,
1869 5361 1966 5416 ubi
2003 5359 2390 5434 ἀφνεωτέραις,
2424 5345 2924 5434 animadverteret
2945 5345 3260 5414 lectionem
3287 5356 3510 5434 codicis
3545 5345 3831 5434 cujusdam

433 5426 830 5510 ἀφναιξυτέραις
857 5441 990 5508 esse
1024 5442 1126 5496 pro
1160 5410 1545 5502 dh'vsthtépai;
1569 5410 1966 5488 habendam:-
1990 5410 2091 5488 hic

2219 5410 2311 5490 egi.
2345 5410 2587 5488 inomen
2641 5427 3034 5506 ἀφναιωτὲραις
3091 5438 3269 5503 atque
3327 5410 3701 5510 ἀφνεωτέραις,
3746 5410 3832 5471 sed

438 5499 725 5554 mendose
755 5499 1064 5568 scriptum.

535 5574 622 5635 u)
655 5569 854 5624 Matth.
889 5585 989 5635 xu,
1025 5570 1115 5624 36.

538 5643 624 5707 is)
654 5640 858 5695 Matth.
891 5657 949 5707 ι,
981 5640 1072 5694 3o.

517 5643 604 5710 με
654 5643 858 5695 Matth.
891 5657 949 5707 ι,
981 5643 1072 5694 30.

517 5643 624 5782 (131
653 5710 842 5780 Epist.
874 5710 951 5766 ad
976 5708 1152 5766 Hebr.
