4100 6368
359 412 467 469 937

1538 414 1709 465 νιτΔ
1751 408 2100 465 BARLAAM
2136 409 2232 462 ΕΤ
2266 406 2609 461 JOASAPH.

3680 413 3788 469 938

359 540 579 597 ἐννοιῶν
614 534 871 611 καρδίαςο
910 537 1001 591 καὶ
1034 533 1141 591 οὐκ
1196 530 1310 590 ἔστι
1352 533 1525 599 κτίσις
1554 534 1761 612 ἀφανὴς
1793 533 2020 589 ἐνώπιον

2142 533 2563 605 cogitationum
2587 538 2646 589 et
2665 535 3070 593 intentionum
3086 536 3298 594 cordis.
3325 540 3396 594 Et
3413 556 3534 596 non
3559 548 3648 598 est
3664 544 3788 600 ulla

359 631 551 702 αὐτοῦ,
601 631 775 684 πάντα
833 625 891 681 δὲ
958 627 1140 701 γυμνά
1210 625 1300 680 καὶ
1359 624 1845 701 τετραχηλισμένα
1899 627 2019 685 τοῖς

359 721 676 800 ἀφθαλμοῖς
709 720 898 786 αὐτοῦ,
932 719 1068 793 πρὸς
1104 717 1162 772 δν
1208 719 1345 789 ἡμῖν
1377 718 1404 771 6
1437 716 1627 791 λόγος.

429 903 611 959 Ταῦτα
643 901 729 954 καὶ
760 900 816 953 οἱ
849 900 1127 975 προφῆται
1160 897 1267 973 πρὸ
1310 896 1527 973 χρόνων
1562 894 1790 951 πολλῶν
1822 898 1889 967 τῇ
1920 897 2018 948 τοῦ

361 989 676 1062 [Ινεύματος
739 987 1091 1059 λαμπόμενοι
1147 990 1334 1061 χάριτι
1384 983 1757 1061 ἀριδηλότατα
1814 985 2019 1058 κατήγ-

354 1076 565 1154 γειλαν.
628 1077 775 1147 Φησὶ
836 1077 938 1151 γὰρ
998 1077 1025 1129 6
1078 1074 1324 1137 Ἠσαίας·
1390 1075 1532 1151 Ἐγὼ
1578 1078 1647 1129 τα
1677 1073 1810 1149 ἔργα
1838 1071 2016 1127 αὐτῶν

355 1168 449 1223 καὶ
480 1166 609 1229 τοῦς
660 1164 965 1241 λογισμοὺς
1022 1164 1319 1238 ἐπίσταμαι
1369 1166 1458 1219 xui
1519 1160 1892 1218 ἀνταποδώσω
1924 1160 2016 1215 αὖ·

354 1264 494 1319 τοῖς
556 1255 677 1310 ΐδοὺ
739 1260 1060 1330 συναγαγεῖν
1122 1251 1365 1329 ἔρχομαι
1416 1253 1589 1308 πάντα
1636 1253 1701 1307 τὰ
1751 1247 1876 1320 ἔθνη
1928 1249 2018 1303 καὶ

354 1347 451 1408 τὰς
508 1345 785 1419 γλώσσας,
843 1345 932 1399 καὶ
991 1342 1207 1417 ἥξουσι,
1271 1346 1362 1398 καὶ
1421 1340 1648 1417 ὄψονται
1704 1344 1803 1410 τήν
1866 1337 2020 1409 δόξαν

362 1458 466 1508 μου
500 1439 629 1505 (14).
664 1434 752 1488 καὶ
786 1432 931 1488 ἔσται
982 1435 1009 1487 6
1061 1432 1283 1507 οὐρανὸς
1325 1433 1510 1496 καινὸς
1539 1433 1628 1486 καὶ
1668 1434 1703 1499 ἡ
1734 1436 1802 1506 γῆ
1836 1430 2019 1497 καινὴ,

358 1525 530 1601 ἃὲγὼ
581 1528 726 1579 ποιῶ
792 1525 885 1595 μὲν
942 1522 1176 1577 ἐνώπιόν
1238 1542 1363 1595 μου·
1422 1521 1513 1575 καὶ
1568 1520 1686 1591 ἥξει
1716 1523 1860 1573 πᾶσα
1892 1519 2018 1590 σὰρξ

354 1613 456 1670 τοῦ
514 1615 886 1689 προσκυνῆσαι
946 1612 1177 1667 ἐνώπιόν
1249 1634 1375 1685 μου,
1437 1609 1585 1685 λέγει
1646 1609 1869 1683 Κύριος,
1929 1606 2017 1662 καὶ

361 1706 755 1777 ἐξελεύσονται,
816 1706 906 1759 καὶ
949 1700 1174 1777 ὄψονται
1231 1704 1299 1758 τά
1355 1702 1513 1757 κῶλα
1559 1707 1667 1756 τῶν
1697 1700 2017 1775 ἀνθρώπων,

354 1803 467 1852 τῶν
498 1790 968 1871 παραϐεϐηκότων
1029 1793 1080 1848 ἐν
1142 1794 1289 1865 ἐμοί·
1355 1794 1383 1847 6
1430 1794 1531 1869 γάρ
1592 1791 1813 1861 σκώληξ
1845 1790 2019 1845 αὐτῶν

356 1886 423 1939 οὐ
477 1882 815 1953 τελευτήσει,
874 1884 965 1936 καὶ
1018 1879 1080 1936 τδ
1141 1887 1247 1955 πῦρ
1293 1880 1469 1935 αὐτῶν
1525 1880 1586 1935 οὐ
1642 1875 2015 1949 σῦεσθήσεται,
2051 1914 2096 1978 Β

1999 1968 2014 1988 κ

354 1975 447 2029 καὶ
510 1970 721 2028 ἔσονται
783 1971 859 2034 εἰς
920 1972 1105 2047 ὅρασιν
1168 1970 1311 2044 πάσῃ
1370 1970 1545 2044 σαρκί.
1582 1968 1858 2029 Καὶαῦθις
1891 1968 2015 2043 περῖ

351 2071 457 2132 τῆς
488 2064 699 2135 ἡμέρας
760 2060 968 2129 ἐκείνης
1026 2059 1203 2135 λέγει·
1272 2058 1378 2114 Καὶ
1439 2063 1547 2131 (15)
1604 2057 2014 2127 εἷληθήσεταιὸ

354 2154 591 2229 οὐρανὸς
641 2152 713 2211 ὡς
773 2146 1011 2226 βιϐλίον,
1062 2149 1152 2205 xui
1195 2149 1368 2203 πάντα
1417 2148 1482 2203 τὰ
1514 2146 1679 2222 ἄστρα
1730 2151 2017 2201 πεσοῦνται

355 2243 435 2307 ὡς
466 2239 649 2317 φύλλα
701 2241 750 2313 ἐξ
804 2240 1077 2313 ἀμπέλου’
1136 2236 1253 2293 ἰδοὺ
1303 2242 1410 2309 (Ιῦ)
1468 2238 1573 2313 γὰρ
1604 2239 1788 2310 ἡμέρα
1821 2236 2016 2309 Κυρίου

354 2327 599 2407 ἔρχεται,
636 2329 846 2391 ἀνίατος
895 2332 1072 2401 θυμοῦ
1129 2328 1217 2382 καὶ
1280 2328 1470 2401 ὀργῆς,
1506 2333 1676 2390 θεῖναι
1708 2328 1807 2393 τὴν
1837 2325 2017 2379 οἰκου-

361 2421 529 2494 μένην
565 2420 700 2490 ὅλην
763 2417 969 2493 ἔρημον
1028 2417 1116 2472 καὶ
1170 2416 1300 2477 τοῦς
1359 2414 1723 2490 ἁμαρτωλοὺς
1755 2409 2017 2468 ἀπολέσαι

363 2511 420 2583 ἐξ
454 2512 642 2582 αὐτ-ἧς’
699 2512 749 2565 οἱ
807 2510 911 2584 γὰρ
971 2510 1186 2583 ἀστὲρες
1243 2513 1339 2563 τοῦ
1397 2508 1633 2582 οὐρανοῦ
1690 2509 1786 2563 76
1839 2505 1929 2560 καὶ
1989 2506 2016 2559 6

358 2602 561 2677 Ὠρίων
590 2600 678 2655 καὶ
711 2605 817 2661 πᾶς
850 2600 878 2653 6
907 2598 1115 2671 κόσμος
1170 2601 1266 2651 τοῦ
1323 2598 1555 2667 οὐρανοῦ
1600 2597 1662 2650 τὸ
1695 2600 1810 2670 φῶς
1839 2594 2017 2649 αὐτῶν

356 2691 422 2746 οὗ
456 2688 713 2757 δώσουσι,
746 2689 832 2742 καὶ
870 2689 1277 2757 σκοτισθήσεται
1334 2689 1433 2740 τοῦ
1484 2683 1653 2753 ἡλίου
1694 2682 2018 2738 ἀνατέλλον-

356 2767 479 2847 τος,
511 2780 600 2833 καὶ
632 2781 667 2847 ἡ
702 2776 907 2847 σελήνη
946 2776 1006 2830 οὐ
1041 2773 1201 2829 δώσει
1234 2776 1295 2829 τὸ
1327 2778 1440 2851 φῶς
1476 2773 1666 2842 αὐτῆς·
1699 2772 1789 2827 xui
1824 2769 2019 2825 ἀπολῶ

356 2866 518 2943 ὕϐριν
584 2867 802 2941 ἀνόμων
874 2867 961 2920 καὶ
1042 2860 1195 2937 ὓϐριν
1260 2864 1618 2939 ὑπερηφάνων
1675 2862 2016 2916 ταπεινώσω.

362 2960 466 3014 Καὶ
519 2956 688 3012 πάλιν
748 2954 924 3031 λέγει·
1006 2954 1140 3011 Οὐαὶ
1224 2957 1335 3023 (l7)
1392 2953 1444 3006 οἱ
1501 2952 1871 3023 ἐπισπώμενοι
1925 2950 2022 3011 τὰς

359 3047 631 3123 ἁμαρτίας
691 3044 867 3100 αὐτῶν
921 3045 996 3107 ὼς
1051 3043 1284 3117 σχοινίῳ
1346 3046 1539 3116 μακρῷ
1596 3040 1684 3095 καὶ
1735 3040 1809 3103 ὡς
1859 3042 2019 3115 ζυγοῦ

361 3138 556 3211 ἱμάντι
617 3133 908 3209 δαμάλεως
963 3133 1056 3194 τὰς
1116 3130 1366 3203 ἀνομίας·
1425 3129 1566 3187 Οὐαὶ
1594 3131 1645 3184 oi
1678 3127 1928 3203 λέγοντες
1956 3129 2019 3181 τὸ

358 3227 606 3301 πονηρὸν
640 3224 806 3280 καλὸν
852 3224 942 3278 καὶ
994 3222 1058 3277 τὸ
1114 3220 1281 3276 καλὸν
1315 3221 1578 3293 πονηρὸν,
1611 3220 1661 3273 οἱ
1692 3220 1928 3282 τιθέντες
1955 3219 2019 3274 16

2134 629 2406 679 creatura
2427 624 2741 680 invisibilis
2766 628 2824 682 in
2847 634 3171 699 conspectu
3196 629 3346 700 ejus,
3371 634 3572 687 omnia
3586 641 3785 688 autem

2136 713 2297 769 nuda
2318 721 2374 768 et
2393 721 2596 785 aperta
2614 723 2751 771 sunt
2767 716 2828 772 in
2846 718 3035 774 oculis
3053 718 3286 790 ejus,ad
3298 736 3476 791 quem
3499 722 3672 777 nobis
3698 730 3787 778 est

2134 820 2328 858 sermo
2360 806 2547 875 (Hebr.
2582 812 2679 871 iv),

2207 893 2340 948 Haec
2364 894 2543 948 etiam
2566 895 2869 965 prophetae
2891 897 3082 971 longis
3112 899 3183 954 ab
3217 900 3355 955 hinc
3388 902 3780 973 temporibus,

2135 983 2385 1053 Spiritus
2410 985 2598 1038 sancti
2622 986 2809 1056 gratia
2831 987 3131 1056 illustrati,
3148 991 3522 1061 apertissime
3545 993 3781 1047 nuntia-

2132 1078 2359 1128 verunt.
2387 1073 2483 1127 Ait
2506 1074 2667 1127 enim
2692 1075 2871 1130 Isaias
2894 1092 2905 1130 2
2932 1078 3045 1146 Ego
3072 1096 3251 1149 opera
3274 1080 3515 1136 illorum
3542 1083 3699 1146 novi,
3729 1088 3787 1135 et

2132 1162 2374 1217 reddam
2402 1164 2504 1218 eis.
2534 1164 2681 1218 Ecce
2704 1164 2872 1219 venio
2890 1172 2954 1219 ut
2976 1183 3327 1239 congregem
3357 1176 3785 1242 omnesgentes

2134 1258 2190 1306 et
2212 1252 2446 1324 linguas
2466 1258 2546 1318 ;et
2567 1254 2891 1321 venient,et
2912 1255 3192 1310 videbunt
3206 1258 3454 1328 gloriam
3479 1276 3702 1325 meam;
3729 1266 3787 1314 et

2132 1342 2246 1397 erit
2275 1344 2491 1399 coelum
2522 1359 2761 1409 novum,
2795 1349 2853 1397 et
2884 1348 3038 1399 terra
3067 1362 3233 1412 nova,
3269 1364 3399 1417 quae
3433 1364 3535 1420 ego
3570 1348 3783 1403 faciam

2131 1449 2374 1487 manere
2398 1450 2597 1489 coram
2622 1449 2736 1487 me.
2759 1434 2826 1486 Et
2847 1434 3045 1488 veniet
3061 1436 3255 1489 omnis
3274 1443 3497 1506 caro,et
3517 1437 3787 1492 adorabit

2133 1539 2227 1577 me
2254 1524 2316 1577 in
2339 1530 2660 1594 conspectu
2679 1540 2835 1587 meo,
2862 1524 3004 1579 dicit
3028 1526 3344 1593 Dominus;
3373 1533 3429 1581 et
3446 1527 3710 1591 exibunt,
3728 1532 3786 1579 et

2130 1611 2415 1667 videbunt
2433 1612 2716 1668 cadavera
2732 1612 3173 1685 hominum,qui
3193 1616 3558 1685 praevaricati
3573 1616 3783 1670 suntin

2132 1704 2397 1757 me.Nam
2417 1702 2632 1758 vermis
2646 1719 2852 1758 eorum
2877 1720 2995 1758 non
3021 1704 3562 1777 morietur,etignis
3578 1721 3782 1760 eorum

2132 1808 2251 1847 non
2266 1792 3155 1863 eXstingueturEteruntusque
3170 1792 3241 1847 ad
3260 1794 3593 1847 satietatem
3607 1794 3783 1848 visio-

2131 1880 2224 1933 nis
2242 1880 2403 1935 omni
2424 1880 2585 1935 carni
2608 1881 2736 1948 (lsa..
2763 1881 2929 1951 LXVI).
2955 1883 3035 1935 Ac
3068 1898 3306 1935 rursum
3338 1882 3410 1936 de
3438 1881 3531 1936 die
3550 1881 3653 1936 illo
3668 1882 3777 1936 ait:

2126 1972 2196 2023 Et
2212 1969 2540 2024 involvetur
2561 1969 2774 2024 coelum
2790 1970 2943 2023 sicut
2963 1968 3350 2036 liber,omnes
3365 1970 3553 2025 stella:
3567 1970 3781 2026 cadent

2128 2060 2280 2115 sicut
2301 2060 2507 2114 folium
2531 2059 2601 2113 de
2634 2058 2820 2114 vinea.
2854 2060 2999 2114 Ecce
3029 2060 3189 2114 enim
3211 2059 3339 2114 dies
3362 2061 3594 2115 Domini
3619 2062 3780 2119 venit

2126 2148 2339 2218 plenus
2361 2150 2557 2203 furore
2580 2155 2637 2202 et
2660 2149 2765 2212 ira,
2790 2148 2864 2203 ad
2882 2150 3218 2219 ponendam
3246 2156 3465 2205 terram
3488 2150 3548 2205 in
3572 2150 3776 2205 solitu-

2128 2238 2352 2305 dinem,
2394 2244 2451 2291 et
2474 2245 2812 2309 peccatores
2839 2239 2967 2309 ejus
2985 2239 3380 2294 conterendos
3405 2256 3473 2293 ex
3497 2256 3583 2293 ea.
3618 2240 3769 2304 Quo-

2130 2329 2290 2383 niam
2322 2328 2510 2381 stellas
2536 2328 2665 2382 οωΙί
2686 2334 2743 2381 et
2767 2327 3049 2397 splendor
3067 2345 3269 2383 earum
3294 2346 3414 2383 non
3439 2328 3776 2399 expandent

2129 2417 2331 2472 lumen
2348 2416 3117 2472 suumEtobtenebrabitur
3134 2418 3217 2472 sol
3234 2418 3294 2471 in
3310 2422 3440 2473 ortu
3456 2434 3583 2483 suo,
3608 2418 3774 2472 etlu-

2132 2524 2207 2563 na
2221 2524 2338 2561 non
2356 2506 2691 2577 splendebit
2707 2506 2765 2560 in
2780 2506 3004 2561 lumine
3018 2508 3219 2561 sno.Et
3233 2508 3537 2578 quiescere
3559 2507 3773 2563 faciam

2131 2597 2467 2669 superbiam
2484 2596 3314 2669 inﬁdelium,etarrogantiam
3329 2598 3569 2652 fortium
3585 2598 3776 2654 humi-

2128 2687 2403 2757 liabo(Isa
2428 2686 2569 2756 xm).
2592 2688 2672 2739 Ac
2685 2703 2891 2740 rursus
2905 2687 3004 2740 ait:
3026 2688 3116 2740 Vae
3131 2686 3231 2755 qui
3246 2687 3477 2741 trahitis
3492 2687 3776 2757 iniquita-

2131 2783 2247 2831 tem
2264 2776 2322 2829 in
2338 2776 2618 2830 funiculis
2631 2776 3170 2845 vanitatis,etquasi
3187 2776 3490 2830 vinculum
3504 2776 3778 2847 plaustri,

2129 2870 2457 2937 peccatum.
2486 2864 2578 2917 Vae
2604 2864 2705 2933 qui
2729 2863 2923 2918 dicitis
2953 2864 3179 2919 malum
3209 2864 3455 2934 bonum,
3490 2870 3779 2935 ponentes

2129 2973 2399 3013 amarum
2423 2956 2484 3011 in
2507 2956 2701 3023 dulce,
2728 2961 2784 3010 et
2805 2955 2979 3011 dulce
2999 2956 3059 3010 in
3082 2972 3371 3012 amarum.
3412 2957 3508 3012 Vas
3540 2957 3639 3027 qui
3674 2974 3781 3028 po-

2132 3054 2322 3102 tentes
2341 3046 2481 3101 estis
2501 3045 2574 3100 ad
2598 3044 2923 3099 bibendum
2938 3045 3224 3111 vinum,et
3247 3046 3352 3099 viri
3371 3046 3553 3100 fortes
3572 3046 3645 3100 ad
3664 3047 3776 3099 mi-

2130 3137 2410 3193 scendam
2429 3134 3259 3205 ebrietatem.Quijustificatis
3273 3135 3523 3206 impium
3539 3152 3641 3206 pro
3659 3152 3781 3189 mu-

2130 3226 2396 3293 neribus,
2452 3230 2510 3279 et
2548 3222 2849 3295 justitiam
2894 3223 3043 3295 justi
3094 3223 3341 3279 aufertis
3398 3224 3471 3279 ab
3524 3241 3615 3281 eo.
3665 3226 3772 3290 Qui

364 3317 561 3377 σκότος
590 3319 705 3393 ιρῶς
732 3313 822 3368 καὶ
858 3312 921 3367 τὸ
976 3315 1088 3389 φῶς
1136 3309 1351 3379 σκότος,
1385 3310 1441 3363 οἱ
1468 3308 1699 3370 τιθέντες
1730 3309 1793 3363 τὸ
1823 3310 2014 3383 πικρὸν

2135 3288 2749 3385 declinatisjudicium
2764 3288 3113 3383 pauperum,
3148 3317 3207 3367 et
3226 3312 3483 3385 diripitis
3497 3288 3778 3369 substan-

357 3404 535 3480 γλυκὶ
565 3404 653 3459 xui
679 3403 743 3457 16
764 3400 937 3477 γλυκὺ
984 3399 1199 3473 πικρόν·
1261 3398 1380 3453 οὐαὶ
1443 3399 1494 3452 οἱ
1552 3398 1835 3474 ἰσχύοντες
1865 3397 2017 3470 ὑμῶν

360 3496 418 3550 οἱ
451 3493 725 3563 δυνάσται,
782 3492 836 3545 οἱ
889 3494 1177 3563 κιρνῶντες
1230 3488 1294 3543 τὸ
1353 3488 1559 3563 σίκερα,
1591 3488 1645 3543 οἱ
1688 3484 2021 3550 δικαιοῦντες

360 3585 460 3639 τὸν
494 3578 660 3651 ἀσεϐῆ
692 3578 870 3635 ἕνεκεν
924 3577 1115 3654 δώρων
1167 3578 1253 3631 καὶ
1310 3578 1373 3631 τὸ
1424 3575 1633 3632 δίκαιον
1684 3581 1780 3631 τοῦ
1812 3574 2023 3630 δικαίου

364 3672 615 3749 αἴροντες
648 3675 785 3744 (18),
837 3670 888 3723 οἱ
941 3666 1281 3727 ἐκκλίνοντες
1312 3667 1425 3739 (19)
1455 3665 1631 3739 κρίσιν
1665 3670 1905 3739 πτωχῶν
1933 3665 2023 3720 xui

366 3764 700 3839 ἁρπάζοντες
732 3758 904 3835 κρίμα
951 3759 1224 3827 πενήτων,
1275 3755 1413 3810 ὥστε
1462 3756 1594 3810 εἶναι
1628 3752 1809 3815 αὐτοῖς
1844 3756 2021 3828 χήραν

362 3853 443 3917 εἷς
471 3851 720 3927 ὁρπαγὴν
752 3849 840 3903 xui
872 3848 1104 3924 ὀρφανὸν
1157 3845 1237 3906 εἷς
1289 3846 1606 3919 προνομήν.
1642 3844 1737 3897 Καὶ
1767 3844 1819 3897 τί
1848 3844 2023 3912 ποιή-

366 3963 522 3998 σουσι
580 3944 649 4013 τῇ
710 3937 893 4011 ἡμέρᾳ
969 3938 1066 4003 τῆς
1134 3936 1480 4005 ἐπισκοπῇς
1554 3934 1644 3987 xui
1710 3935 1846 4008 πρὸς
1904 3933 2050 3987 τίναη

365 4029 789 4108 καταφεύξονται
818 4030 914 4080 τοῦ
949 4025 1288 4099 βοηθηθῆναι
1316 4042 1330 4092 ;
1374 4022 1462 4077 καὶ
1504 4027 1608 4077 ποῦ
1641 4021 2027 4095 καταλείψουσι

2134 3405 2275 3460 tiam
2291 3420 2633 3476 egenorum,
2658 3408 2723 3457 ut
2736 3401 2986 3457 sitvobis
3000 3402 3302 3473 orphanus
3326 3404 3385 3457 in
3400 3402 3683 3475 praedam.
3711 3404 3780 3457 Et

2132 3494 2274 3567 quid
2289 3494 2515 3549 facietis
2535 3493 2595 3546 in
2610 3492 2705 3545 die
2721 3490 3261 3546 visitationis?etad
3278 3509 3453 3567 quem
3469 3492 3743 3564 confugie
3756 3522 3777 3533 —

2134 3586 2207 3641 tis
2222 3586 2281 3640 in
2296 3582 2784 3640 auxilium?etubi
2802 3582 3492 3654 derelinquetisgloriam
3510 3589 3784 3651 vestram,

2133 3690 2207 3729 ne
2225 3674 2285 3727 in
2303 3670 3026 3727 visitationemincidatis?
3050 3672 3297 3741 Propter
3310 3671 3439 3739 hoc,
3456 3670 3788 3725 sicutdevo«

2136 3752 2521 3823 ratstipulam
2539 3752 2739 3823 lingua
2755 3751 2992 3823 ignis,et
3016 3750 3178 3805 calor
3198 3750 3453 3804 flammae
3474 3751 3791 3817 exurit,sic

2136 3843 2304 3898 radix
2327 3859 2532 3897 eorum
2562 3842 2729 3912 quasi
2756 3841 2955 3895 favilla
2978 3841 3107 3905 erit,
3135 3846 3191 3895 et
3212 3858 3455 3912 germen
3490 3858 3695 3896 eorum
3727 3845 3795 3895 ut

2135 3931 2720 4003 pulvis.Abjecerunt
2741 3930 2900 3984 enim
2919 3930 3110 4000 legem
3135 3930 3371 3984 Domini
3398 3930 3786 3992 exercituum.

2139 4027 2197 4076 et
2226 4019 2531 4090 eloquium
2563 4019 2751 4073 sancti
2782 4018 2964 4074 Israel
2991 4018 3689 4090 blasphemaverunt(Isa.
3709 4019 3784 4087 v).

364 4123 468 4191 την
519 4103 681 4191 δόξαν
740 4117 918 4171 αὐτῶν
978 4118 1074 4168 τοῦ
1139 4114 1214 4185 μὴ
1276 4112 1527 4185 ἐμπεσεῖν
1586 4112 1661 4174 εἰς
1724 4112 2065 4187 ἀπαγωγήν;
2123 4111 2214 4163 Ὃν
2268 4108 2470 4183 τρόπον
2526 4108 2850 4177 καυθήσεται
2908 4104 3133 4179 καλάμη
3190 4107 3292 4161 ὑπὸ
3326 4103 3586 4181 ἄνθρακος
3618 4105 3790 4180 πυρὸς

366 4210 459 4266 καὶ
521 4208 954 4280 συγκαυθήσεται
1017 4203 1120 4257 ὑπὸ
1177 4200 1385 4278 φλογὸς
1438 4201 1760 4273 ἀνημμένης
1824 4203 1958 4271 (20),
2016 4200 2051 4268 ἠ
2113 4198 2232 4273 ῥίζα
2289 4196 2462 4251 αὐτῶν
2524 4196 2599 4258 ὡς
2655 4198 2825 4270 χνοῦς
2878 4191 3044 4260 ἔσται,
3079 4194 3264 4249 καὶτὸ
3309 4192 3468 4258 ἄνθος
3498 4194 3675 4249 αὐτῶν
3710 4196 3787 4255 ὡς

366 4297 658 4373 κονιορτὸς
720 4290 1067 4365 ἀναϐήσεται*
1129 4290 1190 4345 οὐ
1248 4290 1354 4367 γάρ
1408 4289 1687 4360 ἠθέλησαν
1741 4291 1832 4345 τὸν
1889 4284 2060 4362 νόμον
2119 4286 2323 4361 Κυρίου
2385 4280 2636 4354 Σαϐαὼθ,
2697 4282 2843 4339 ἀλλά
2897 4284 2959 4337 τὸ
3020 4282 3210 4358 λόγιον
3248 4287 3346 4337 τοῦ
3378 4284 3534 4359 ἁγίου
3563 4280 3788 4359 Ἰσραὴλ

370 4386 715 4462 παρώξυναν,

446 4502 645 4573 Τούτῳ
696 4498 936 4571 συνᾴδων
970 4500 1060 4554 καὶ
1118 4493 1302 4573 ἕτερος
1362 4498 1654 4575 προφήτης
1684 4494 1847 4575 φησίν
1890 4497 2020 4568 (21)·

2214 4494 2432 4550 Eodem
2457 4492 2704 4557 accedit,
2729 4491 2887 4564 quod
2908 4492 2990 4547 ait
3011 4491 3164 4547 alius
3182 4493 3677 4564 prOphetatluxta
3708 4500 3799 4548 est

375 4598 465 4652 77
531 4590 731 4667 Ἐγγὺς
785 4593 819 4659 ἡ
880 4587 1065 4663 ἡμέρα
1125 4587 1332 4660 Κυρίου
1386 4589 1421 4655 ἡ
1481 4584 1720 4661 μεγάλη,
1754 4584 1910 4661 ἐγγυς
1941 4584 2030 4638 καὶ

368 4683 573 4759 ταχινή
634 4677 863 4756 σφόδρα·
924 4678 1078 4756 φωνὴ
1138 4678 1172 4745 ἡ
1230 4675 1442 4749 ἡμέρας
1490 4674 1695 4749 Κυρίου
1745 4674 1914 4747 πικρᾶ
1941 4674 2030 4727 καὶ

373 4771 593 4846 σκληρά
668 4770 936 4824 τέτακται·
1002 4764 1201 4835 δυνατὴ
1265 4766 1448 4838 ἡμέρα
1501 4764 1668 4838 ὀργῆς
1745 4767 1779 4833 ἡ
1850 4764 2035 4837 ἡμὲρα

374 4861 578 4930 ἐκείνη,
639 4858 822 4932 ἡμέρα
872 4856 1111 4927 θλίψεως
1158 4855 1249 4909 καὶ
1296 4854 1556 4929 ἀνάγκης,
1612 4854 1793 4927 ἡμέρα
1839 4850 2031 4907 ταλαι-

374 4950 589 5027 πωρίας
645 4946 736 5001 καὶ
795 4946 1127 5023 ἀφανισμοῦ,
1173 4945 1357 5019 ἡμέρα
1410 4942 1636 5005 σκότους
1684 4941 1772 4997 xui
1811 4942 2031 5019 γνόφου,

476 5132 561 5197 14)
586 5131 696 5185 lsa.
724 5144 873 5195 LXVI,
894 5130 981 5186 l8.

482 5206 565 5271 15)
600 5201 746 5255 Ibid.
778 5218 969 5267 χχχιιι,
1000 5202 1053 5255 4·

478 5278 561 5341 16)
590 5274 735 5327 lbid.
771 5291 889 5335 xm,
920 5277 972 5340 9,
1010 5274 1096 5340 10,
1132 5272 1218 5326 11.

454 5349 566 5415 (l7)
598 5347 708 5401 lsa.
743 5362 791 5407 ν,
833 5346 961 5399 18...

2146 4585 2271 4641 dies
2292 4585 2527 4640 Domini
2554 4601 2767 4655 magna
2792 4590 2851 4638 et
2875 4584 3040 4638 velox
3070 4584 3399 4640 nimis.Vox
3422 4584 3539 4639 diei
3563 4585 3799 4639 Domini

2144 4692 2366 4739 amara,
2393 4674 2779 4729 tribulabitur
2800 4673 3133 4729 fortis.Dies
3158 4674 3260 4729 iraa
3284 4674 3411 4729 dies
3431 4673 3801 4737 illa,diestri-

2142 4764 2467 4819 bulationis
2491 4770 2548 4817 et
2571 4763 2879 4835 angustiae,
2907 4761 3033 4817 dies
3057 4762 3416 4819 calamitatis
3442 4769 3499 4818 et
3520 4763 3799 4824 miserim,

2144 4852 2271 4906 dies
2287 4852 2665 4907 tenebrarum
2682 4850 3180 4923 etcaliginis.dies
3199 4852 3433 4907 nebulas
3450 4858 3508 4906 et
3523 4850 3797 4916 turbinis,

2147 4944 2275 4999 dies
2290 4943 2443 4998 tubas
2464 4948 2522 4997 et
2542 4942 2837 5015 clangoris
2863 4958 3041 5014 super
3061 4942 3325 5000 civitates
3342 4942 3688 5009 munitas,et
3701 4957 3800 4994 su-

452 5408 564 5487 (18)
596 5418 686 5487 _Sic
719 5417 904 5487 codex
934 5420 974 5471 A
1008 5415 1191 5481 olim;
1221 5431 1382 5471 nunc
1404 5429 1434 5468 e
1467 5415 1861 5480 correctione,
1894 5412 1956 5466 τὸ
1983 5410 2016 5466 ἄ

2135 5434 2169 5467 ›ν
2199 5412 2295 5467 τοῦ
2327 5408 2376 5471 ὃ.
2410 5408 2518 5486 αἶ’ρ.
2552 5413 2719 5480 Quod
2750 5415 2884 5471 dedi
2918 5422 3008 5472 est
3038 5414 3167 5487 ipsa
3214 5414 3380 5471 Isaias
3424 5412 3600 5469 lectio
3628 5428 3684 5483 ν,
3713 5411 3804 5466 23.

376 5485 534 5561 c.6716
562 5485 725 5543 516.1.
761 5486 810 5543 δ.
844 5486 1185 5561 αἱρούμενοι.

488 5562 568 5631 19)
606 5563 717 5616 lsa.
749 5577 807 5621 ι,
832 5565 884 5615 2.

378 5705 455 5758 πῦ

455 5776 863 5850 (21)⁷⁷Ξορὴοιι.
897 5791 938 5843 ι,
972 5776 1037 5829 14
1068 5776 1236 5848 seqq.

670 5895 939 5955 Ρλτιιοι.
989 5894 1100 5954 Gn.
1154 5894 1363 5958 XCVI.

474 5626 564 5715 20)
597 5634 762 5715 Isaiae
794 5637 988 5715 textus
1019 5630 1259 5715 exhibet
1306 5650 1357 5700 v,
1406 5637 1497 5715 24ἱ
1556 5630 1867 5715 ἀνειμένης,
1896 5648 2020 5715 ,ιιιιι

2143 5647 2265 5687 non
2323 5631 2713 5715 praetulerim.
2759 5632 2957 5688 Poeta
2989 5630 3173 5688 Grmci
3207 5631 3490 5687 dixerunt
3518 5626 3810 5701 αῒθόμενον

461 5646 564 5715 [20)
598 5646 762 5688 lsaiae
794 5646 988 5715 textus
1019 5646 1259 5688 eminet
1306 5650 1357 5700 v,
1406 5646 1495 5699 211-,
1556 5646 1867 5705 ἀνειμένης,
1924 5648 2020 5706 qui

461 5720 675 5781 pj_1_p§e
710 5704 1083 5781 I_sa1asrv_,_5,
1107 5704 1277 5778 πυρὸς
1305 5706 1643 5781 καιομένους
1678 5721 1736 5774 x,
1772 5709 1857 5779 17,
1892 5704 1943 5760 ἐν
1976 5725 2020 5761 π

2143 5647 2265 5687 non
2280 5646 2359 5776 μὲ)

2142 5722 2270 5757 καιο
2348 5723 2359 5753 ι

2348 5722 2444 5774 νῳ,

3466 5896 3538 5953 30
