4100 6376
467 422 574 486 939
1736 452 1739 453 ν
2012 422 2086 477 ΔΙ

2248 422 2382 477 [ΒΔ.
3772 432 3867 490 940

468 577 578 634 per
598 559 847 635 angulos
870 558 1155 615 excelsos.
1176 557 1248 612 Et
1272 554 1565 611 tribulabo
1590 552 1970 626 malignos,et
1989 565 2085 606 am

2251 547 2413 621 ιιμέρα
2448 547 2685 623 νεφέλης
2737 549 2825 606 καὶ
2884 550 3162 629 ὁμίχλης,
3221 555 3406 631 ἠμξρα
3463 555 3870 635 σάλπιγγοςκαῖ

469 650 767 708 bulabunt
787 647 1348 719 cwci,quiaDomino
1366 649 1845 717 peccaverunt;et
1857 641 2088 697 eﬂ‘unde

2254 640 2492 712 ιραυγῆς·
2526 637 2617 693 καὶ
2660 636 2907 714 ἐκθλίψω
2954 641 3084 706 τοὺς
3141 643 3441 716 πονηροὺς,
3468 645 3559 701 καὶ
3589 649 3873 721 πορεύσον-

472 745 571 795 tur
585 740 825 813 sanguis
842 753 1044 793 eorum
1068 736 1222 790 sicut
1239 734 1544 803 humus,et
1556 750 1771 806 corpus
1785 748 1993 789 eorum
2008 731 2091 786 sic

2253 746 2320 779 rat
2342 726 2418 790 ὡς
2445 727 2666 805 τυφλοὶ,
2700 728 2783 784 ὅτι
2811 734 2891 802 τῷ
2921 732 3109 807 Κυρίῳ
3150 732 3476 808 ἐξήμαρτον*
3509 735 3599 791 καὶ
3628 738 3689 792 τὸ
3718 739 3872 814 ἀργύ.

472 835 539 885 ut
552 836 833 885 stercora.
860 826 970 882 Sed
985 831 1043 880 et
1056 830 1472 896 argumentum
1487 841 1714 893 eorum,
1732 828 2011 878 etaurum
2026 838 2091 877 eo

2254 833 2351 869 nav
2385 816 2564 871 αὐτῶν
2596 816 2687 873 καὶ
2717 819 2779 873 τὸ
2829 822 3059 896 χρυσίον
3111 821 3173 878 ού
3226 825 3303 896 μή
3355 822 3580 895 δύνηται
3613 814 3873 899 ἐξελέσθαι

470 936 605 975 rum
620 935 739 972 non
754 914 1236 988 poteritliberare
1251 930 1351 968 eos
1365 914 1427 968 in
1444 913 1538 969 die
1555 911 2034 968 furorisDomini.
2058 912 2089 965 Il

2256 903 2431 968 ιύτοὺς
2487 906 2539 961 ἰν
2598 906 2781 982 ἡμέρᾳ
2837 909 3011 986 ὀργῆς
3069 912 3288 987 Κυρίου·
3324 911 3377 969 ἐν
3411 916 3542 992 πυρὶ
3576 919 3682 993 γάρ
3715 916 3875 988 ζήλου

474 1008 608 1081 igne
623 1007 728 1061 zeli
747 1006 876 1077 ejus
890 1004 1270 1060 devorabitur
1280 1004 1477 1058 omnis
1493 1010 1669 1067 terra,
1696 1002 2093 1074 quiaconsum

2253 994 2397 1049 ιύτοῦ
2443 996 2958 1070 καταναλωθήσεται
3005 1007 3152 1057 πᾶσα
3180 1004 3217 1073 ἡ
3248 1005 3344 1078 γῆ,
3394 1001 3535 1061 διότι
3578 1004 3872 1062 συντέλειαν

469 1097 795 1151 mationem
811 1110 943 1149 cum
960 1092 1342 1149 festinatione
1356 1092 1533 1147 faciet
1557 1092 1789 1148 cunctis
1802 1090 2088 1146 habitanti

2252 1086 2451 1155 ποιήσει
2477 1085 2566 1141 ἐπὶ
2596 1087 2801 1152 πάντας
2852 1089 2981 1153 τοὺς
3038 1098 3426 1157 κατοικοῦντας
3452 1095 3555 1163 τήν
3583 1102 3708 1170 γῆν.
3742 1098 3871 1165 Πρὸς

468 1184 814 1241 busterram
841 1184 1101 1254 (Soph.i).
1126 1184 1377 1254 Insuper
1391 1182 1572 1237 etiam
1600 1181 1776 1236 David
1789 1197 1892 1235 rex
1905 1187 1963 1235 et
1987 1196 2087 1252 pro

2255 1173 2447 1239 τούτοις
2475 1176 2566 1231 καὶ
2618 1176 2784 1233 Δαυῖό
2837 1181 2866 1235 6
2924 1179 3178 1256 βασιλεὺς
3209 1184 3297 1239 καὶ
3343 1185 3634 1262 προφήτης
3670 1186 3788 1260 βοᾷ
3819 1188 3874 1244 Ὀ

468 1276 649 1347 pheta
666 1275 741 1330 ad
754 1276 911 1329 hunc
927 1271 1170 1328 modum
1184 1273 1420 1327 clamat:
1434 1273 1583 1326 Deus
1596 1270 1909 1326 manifeste
1928 1270 2087 1324 venie

2256 1263 2364 1328 9εὸς
2392 1271 2502 1338 (22)
2533 1265 2786 1345 ἰμφανῶς
2841 1271 2975 1344 ἣξει,
3033 1271 3062 1325 6
3120 1273 3250 1335 Θεὸς
3280 1275 3469 1347 ἡμῶν,
3500 1275 3590 1330 καὶ
3624 1274 3687 1330 ού
3719 1296 3875 1352 παρα-

470 1366 626 1421 Deus
640 1372 865 1431 noster,
886 1369 1079 1419 etnon
1104 1362 1321 1418 silebit.
1360 1362 1513 1435 Ignis
1544 1363 1605 1416 in
1638 1366 1961 1432 conspectu
1993 1360 2089 1432 eju

2254 1358 2589 1426 πιωπήσεται.
2665 1363 2773 1430 πῦρ
2848 1358 3080 1416 ἐνώπιον
3140 1361 3307 1418 αὑτοῦ
3380 1365 3731 1435 καυθήσεται,
3792 1366 3873 1421 καὶ

475 1455 841 1521 exardescet,
867 1459 925 1509 et
945 1453 1008 1507 in
1035 1452 1285 1507 circuitu
1300 1452 1429 1523 ejus
1453 1456 1774 1522 tempestas
1787 1448 2094 1505 valida..Ad

2256 1442 2422 1516 ιύκ).ῳ
2473 1446 2642 1502 αὐτοῦ
2698 1448 2942 1524 κπαιγίς
2997 1448 3226 1528 σφοδρά⁸
3306 1450 3740 1523 προσκαλέσεται
3790 1454 3875 1509 τὸν

471 1544 705 1601 vocabit
717 1543 929 1599 caelum
944 1541 1574 1607 desursum,etterram
1588 1540 1929 1595 discernere
1944 1554 2090 1610 popu

2259 1533 2465 1606 ιύρανὸν
2510 1534 2623 1592 ἅνω
2682 1535 2773 1592 καί
2825 1538 2924 1608 τήν
2979 1547 3107 1614 γῆν,
3168 1544 3265 1597 τοῦ
3325 1539 3601 1617 διακρῖναι
3629 1543 3724 1598 τὸν
3757 1541 3878 1599 λαὸν

472 1635 599 1690 lum
624 1650 796 1689 suum
820 1633 989 1702 (Psal.
1023 1631 1195 1703 χιιι),
1228 1633 1309 1685 Ac
1331 1646 1600 1685 rursum:
1633 1631 1916 1701 Exsurge,
1946 1628 2091 1683 Deus

2257 1622 2419 1682 ιῦτοῦ.
2454 1624 2552 1682 Καὶ
2610 1626 2785 1691 αὖθις·
2846 1628 3101 1699 Ἀνάστα,
3158 1630 3322 1707 φησὶν
3351 1636 3482 1704 (23),
3515 1632 3667 1702 Θεὸς,
3701 1638 3876 1707 κρῖνον

471 1724 689 1795 inquit,
714 1721 991 1794 etjudica
1010 1727 1251 1788 terram,
1272 1720 1557 1792 quoniam
1570 1718 1846 1791 cogitatio
1859 1716 2090 1773 homini

2257 1713 2334 1782 ςήν
2362 1715 2485 1788 γῆν,
2518 1713 2602 1770 δτι
2634 1713 2890 1790 ἐνθύμιον
3094 1720 3383 1793 ἀνθρώπου
3414 1719 3732 1796 ἐξομολογή
3745 1724 3876 1778 σεταί

469 1812 853 1869 confitebitur
871 1811 978 1866 tibi
1003 1811 1223 1875 (Psalm.
1247 1813 1474 1871 Lxxvn).
1500 1812 1581 1863 Ac
1605 1824 1844 1863 rursum
1863 1809 1972 1863 :Tu
1989 1805 2088 1861 red

2261 1820 2341 1857 ’σι’
2400 1804 2491 1860 καὶ
2545 1809 2661 1879 (25)
2717 1806 2781 1862 σὺ
2835 1808 3144 1872 ἀποδώσεις
3195 1808 3407 1885 ἑκάστῳ
3462 1811 3599 1867 κατά
3648 1811 3716 1867 τά
3763 1807 3880 1888 ἔργα

470 1902 575 1958 des
608 1902 929 1973 unicuique
951 1900 1123 1973 juxta
1153 1916 1336 1972 opera
1379 1915 1504 1955 sua.
1556 1897 1878 1971 Complura
1923 1902 2089 1954 autem

2260 1890 2415 1988 ιύτοῦτ
2466 1892 2662 1950 Πολλά
2718 1893 2776 1951 δὶ
2830 1897 2920 1953 καὶ
2972 1895 3128 1972 ἕτερα
3176 1903 3402 1955 τοιαῦτα
3431 1899 3550 1956 ἀτε
3577 1898 3879 1975 ψαλμῳδὸς

472 1994 649 2048 etiam
675 1992 794 2047 alia
830 1988 1197 2063 hujusmodi,
1234 1994 1360 2045 tum
1394 1988 1731 2055 Psalmista,
1762 1993 1886 2043 tum
1916 2002 2091 2043 omne

2255 1980 2319 2035 Lai
2345 1983 2538 2047 πάντες
2569 1985 2622 2040 οἱ
2651 1992 2930 2065 προφῆται
2984 1990 3097 2062 (26)
3149 1992 3228 2061 τῷ
3278 1990 3410 2062 θείῳ
3438 1996 3703 2064 πνεύματι
3743 2013 3874 2064 μυη-

469 2082 777 2156 Ρτορὶιθιω
800 2081 999 2135 divino
1023 2079 1244 2151 Spiritu
1261 2078 1476 2145 edocti,
1499 2078 1570 2133 de
1593 2077 1793 2132 futuro
1798 2076 2027 2149 judicio
2055 2092 2088 2132 a

2256 2070 2407 2133 .évtsc
2458 2074 2579 2146 περὶ
2641 2082 2742 2145 τῆς
2804 2074 3118 2150 μελλούσης
3175 2077 3408 2151 κρίσεως
3463 2078 3553 2135 καὶ
3584 2079 3875 2136 ἀνταποδό-

469 2173 745 2229 mercede
784 2172 1205 2243 prmdicarunt.
1239 2172 1501 2235 Quorum
1533 2185 1841 2223 sermones
1862 2168 2088 2224 Salvato

2255 2182 2362 2223 ἐως
2391 2160 2673 2239 ἐκήρυξαν
2735 2166 2809 2220 ὧν
2860 2166 2992 2229 τοὺς
3051 2165 3249 2244 λόγους
3302 2168 3391 2224 καὶ
3422 2169 3451 2224 6
3486 2171 3685 2245 Σωτὴρ
3708 2169 3874 2248 ἀσφα-

473 2279 709 2334 quoque
730 2261 1062 2316 certissime
1086 2260 1470 2326 confirmans,
1494 2275 1605 2313 nos
1627 2265 1997 2313 mortuorum
2027 2274 2091 2312 re

2250 2252 2460 2307 ιέστατα
2521 2255 2617 2310 78
2681 2249 3010 2330 βεϐαιώσας,
3085 2254 3323 2329 ἐδίδαξεν
3407 2260 3550 2331 ημᾶς
3606 2258 3869 2315 πιστεύειν

477 2352 931 2419 surrectionem,
977 2366 1297 2421 rerumque
1330 2349 1391 2404 in
1416 2348 1532 2403 vita
1562 2354 1862 2421 gestarum
1895 2363 2096 2403 merce

2249 2338 2509 2396 ινάστασιν
2556 2348 2762 2419 νεκρῶν
2812 2345 2902 2400 καί
2949 2343 3308 2403 ἀνταπόδοσιν
3357 2351 3463 2403 τῶν
3501 2343 3868 2425 βεϐιωμένων,

474 2442 818 2513 dem,atque
844 2440 1246 2497 immortalem
1267 2438 1451 2494 futuri
1469 2437 1672 2494 saaculi
1689 2438 1866 2493 vitam
1880 2437 2093 2494 crederi

1939 2437 2121 2494 ledere
2224 2431 2373 2501 ζωήν
2404 2451 2463 2486 τε
2492 2430 2851 2505 ἀτελεύτητον
2874 2439 2971 2490 τοῦ
3005 2434 3309 2509 μέλλοντος
3339 2436 3558 2507 αἰῶνος,

472 2531 696 2587 docuit.

538 2622 669 2676 CAP.
703 2620 772 2675 X.
805 2651 872 2659 —
895 2618 1179 2690 Josaphat
1207 2624 1407 2673 autem
1441 2616 1667 2690 ingenti
1692 2616 1765 2672 ob
1794 2618 1919 2672 hinc
1941 2616 2121 2673 verba

2292 2611 2462 2666 ΚΕΦ.
2498 2617 2556 2669 Ρ.
2588 2612 2649 2669 Ὀ
2682 2609 2741 2668 δὲ
2789 2613 3044 2690 Ἰωάσαφ,
3101 2614 3440 2689 κατανύξεως
3503 2615 3726 2682 πολλῆς
3788 2615 3864 2672 ἐπὶ

463 2709 645 2766 animi
663 2709 1125 2781 compunctione
1158 2707 1392 2778 plenus,
1418 2706 1698 2778 lacrymis
1720 2706 2082 2778 perfundeba

2243 2699 2436 2762 εούτοις
2490 2699 2831 2776 πληρωθεὶς,
2890 2700 3190 2776 σύνδακρυς
3249 2704 3382 2768 ὅλος
3437 2704 3523 2776 ἦν.
3586 2706 3689 2763 Καὶ
3741 2727 3862 2784 φησι

460 2804 577 2867 tur,
604 2804 782 2870 atque
798 2798 891 2853 his
904 2798 977 2853 ad
1003 2814 1208 2853 senem
1235 2795 1428 2851 verbis
1442 2812 1585 2851 usus
1611 2802 1718 2851 est:
1746 2796 2079 2851 Omniamil

2241 2788 2357 2864 πρὸς
2383 2788 2476 2844 τὸν
2506 2790 2753 2866 γέρονταο
2804 2793 2985 2848 Πάντα
3045 2814 3139 2866 μοι
3199 2798 3383 2872 σαφῶς
3427 2793 3749 2870 ἐγνώρισας,
3779 2794 3860 2850 καὶ

456 2891 770 2963 perspicue
785 2888 1195 2957 declarasti,ac
1206 2886 1568 2942 horrendam
1583 2887 1736 2943 hanc
1750 2886 2075 2943 etadmirar

2242 2880 2478 2955 ισφαλῶς
2533 2876 2813 2954 διεξῆλθες
2864 2883 2965 2951 τὴν
3044 2886 3276 2961 φρικτὴν
3340 2883 3541 2955 ταύτην
3592 2884 3683 2939 καὶ
3741 2886 3861 2939 θαυ-

458 2978 595 3036 dam
608 2979 1014 3036 narrationem
1036 2976 1345 3033 luculenta
1364 2976 1635 3032 oratione
1657 2976 2004 3048 complexus
2016 2992 2077 3032 es

2240 2969 2432 3039 ιαστήν
2462 2965 2741 3047 διήγησιν.
2793 2971 3010 3028 Τούτων
3051 2972 3145 3028 οῦν
3175 2972 3553 3049 προκειμένων
3607 2976 3771 3047 ἡμῖν,
3815 2972 3859 3028 τί

457 3068 559 3124 His
575 3070 775 3140 itaque
793 3066 965 3122 nobis
979 3066 1321 3138 propositis,
1346 3064 1491 3136 quid
1506 3064 1747 3121 tandem
1771 3064 2076 3121 faciendur

2240 3058 2330 3132 [ρή
2388 3063 2587 3129 ποιεῖν,
2647 3063 2745 3115 τοῦ
2816 3060 3063 3139 ἐκφυγεῖν
3134 3062 3231 3126 τὰς
3284 3061 3696 3136 ἡτοιμασμὲνας
3753 3068 3859 3126 τοῖς

457 3165 565 3227 est,
589 3164 736 3213 utea
751 3156 1045 3229 supplicia
1058 3172 1189 3227 quae
1214 3154 1519 3211 sceleratis
1542 3154 1886 3211 hominibus
1909 3161 2076 3227 parat

2235 3146 2570 3219 ἱμαρτωλοῖς
2599 3148 2878 3222 κολάσεις,
2917 3152 3005 3207 καὶ
3059 3149 3358 3225 ἀξιωθῆναι
3406 3156 3509 3219 τῆς
3548 3156 3725 3230 χαρᾶς
3756 3155 3854 3208 τῶν

457 3253 598 3304 sunt
628 3247 999 3320 en‘ugiamus,
1030 3261 1099 3301 ac
1121 3245 1427 3317 justorum
1456 3243 1740 3317 gaudium
1772 3261 2100 3317 consequa-
2133 3282 2176 3349 (π
2217 3233 2440 3294 δικαίων
2467 3257 2482 3309 ;

614 3336 641 3349 Λ
2163 3325 2177 3348 ⁸

453 3353 591 3393 mur
614 3336 642 3391 ?

522 3424 852 3497 Respondit
873 3423 1175 3479 Barlaam:
1200 3422 1436 3478 Litteris
1455 3423 1641 3478 sacris
1671 3422 1971 3495 proditum
2012 3441 2072 3480 es

2282 3420 2382 3475 Καὶ
2441 3420 2469 3475 6
2522 3419 2794 3496 Βαρλαάμ
2844 3420 3196 3496 ἀπεκρίνατο*
3266 3422 3574 3498 Γέγραπται
3633 3422 3718 3480 ὅτι
3772 3420 3849 3480 δι-

449 3517 596 3587 (Act.
623 3532 657 3569 ιι
676 3532 703 3582 ι,
721 3515 878 3586 quod
901 3531 1036 3569 cum
1051 3513 1388 3583 Petrus,qui
1404 3512 1805 3583 apostolorum
1823 3513 2066 3587 princep

2226 3506 2503 3572 Ξάσκοντός
2535 3530 2669 3565 ποτε
2724 3514 2823 3566 τοῦ
2881 3510 3087 3587 Πέτρου
3140 3510 3233 3567 τὸν
3294 3509 3450 3582 λαὸν,
3483 3511 3543 3576 ὅς
3573 3513 3665 3569 καὶ
3694 3535 3845 3591 κορυ-

445 3611 685 3660 vocatus
710 3610 819 3663 est.
843 3604 1078 3675 plebem
1098 3602 1725 3669 doctrinainstrueret,
1743 3603 1922 3657 corde
1936 3620 2064 3659 com

2226 3603 2367 3676 ραῖος
2402 3597 2611 3671 ἐκλήθη
2663 3604 2771 3655 τῶν
2829 3598 3179 3668 ἀποστόλων,
3230 3600 3602 3677 κατενύγησαν
3652 3605 3845 3678 (27)·ῐῇ

441 3695 647 3766 puncti
674 3700 833 3761 sunt,
857 3692 1364 3763 quemadmodum
1389 3691 1694 3746 scilicettu
1722 3708 1958 3763 quoque
1989 3692 2060 3747 ho

2225 3684 2422 3762 ιαρδίᾳ,
2455 3692 2695 3764 καθάπερ
2753 3690 2843 3745 καὶ
2902 3689 2965 3745 σὺ
3018 3693 3284 3767 σήμερον,
3331 3692 3445 3763 καὶ,
3476 3692 3739 3748 εἴπόντων
3766 3692 3844 3749 αύ-

440 3781 649 3838 dierno
673 3782 790 3838 die.
816 3783 1081 3851 Cumque
1116 3779 1435 3833 dixissent:
1469 3777 1618 3842 Quid
1648 3776 2059 3833 faciemus?Pe

2224 3782 2335 3832 τῶν·
2394 3779 2462 3835 Τί
2518 3782 2867 3854 ποιήσομεν;
2928 3781 2956 3835 6
3014 3780 3221 3857 Πέτρος
3278 3776 3380 3859 ἔφη
3441 3782 3579 3855 πρὸς
3640 3784 3843 3847 αὐτούς·

439 3875 567 3926 trus
591 3871 665 3927 ad
690 3888 791 3927 eos
815 3871 993 3926 dixit:
1029 3868 1447 3924 Paenitentiam
1478 3866 1652 3939 agite,
1681 3872 1739 3921 et
1767 3866 2058 3938 haptizetu

2223 3870 2610 3939 Ηετανοήσατε,
2696 3870 2783 3925 καὶ
2875 3870 3229 3945 βαπτισθήτω
3281 3868 3504 3934 ἕκαστος
3567 3873 3718 3946 ὑμῶν
3776 3873 3842 3936 εἰς

436 3962 854 4032 unusquisque
868 3965 1129 4015 vestrum
1161 3958 1222 4012 in
1244 3956 1661 4011 remissionem
1688 3962 2055 4028 peccatorum

2222 3956 2387 4036 ἔφεσιν
2462 3959 2765 4033 ἁμαρτιῶν,
2840 3960 2928 4015 καὶ
3003 3957 3242 4034 λήψεσθε
3323 3961 3424 4030 τὴν
3490 3958 3697 4034 δωρεὰν
3754 3966 3841 4017 τοῦ

437 4052 813 4124 etaccipietis
842 4049 1323 4121 donumSpiritus
1356 4048 1564 4103 sancti.
1603 4048 1779 4103 Vobis
1811 4051 1970 4103 enim
2003 4065 2056 4104 es

2219 4046 2381 4122 Λγίου
2437 4048 2771 4122 Ιινεύματος.
2832 4049 2959 4121 ὑμῖν
3018 4048 3124 4124 γὰρ
3175 4045 3317 4105 ἐστιν
3348 4048 3715 4127 ἡέπαγγελία
3758 4050 3838 4106 καὶ

433 4142 837 4215 promissio,et
852 4138 1299 4201 filiisvestris,et
1318 4136 1596 4191 omnibus
1609 4137 1710 4208 qui
1734 4136 1905 4209 longe
1928 4146 2052 4193 sum

2217 4141 2316 4199 τοῖς
2363 4135 2574 4200 τέκνοις
2627 4137 2780 4212 ὑμῶν
2828 4139 2919 4193 καὶ
2970 4144 3102 4193 πᾶσι
3151 4144 3269 4201 τοῖς
3322 4138 3399 4201 εἷς
3450 4140 3660 4216 μακρὰν
3689 4140 3836 4201 ὅσους

434 4248 826 4304 quoscunque
858 4228 1229 4285 advocaverit
1253 4227 1538 4282 Dominus
1570 4227 1725 4281 Deus
1754 4233 1977 4283 noster.
2003 4230 2053 4283 Et

2216 4226 2256 4282 iv
2289 4227 2697 4304 προκαλέσηται
2747 4228 2954 4305 Κύριος
2984 4229 3013 4283 6
3047 4228 3177 4292 Θεὸς
3225 4231 3409 4303 ἡμῶν.
3457 4228 3604 4287 Ἰδοὺ
3635 4231 3725 4287 οὗν
3755 4228 3835 4285 καὶ

429 4323 611 4396 igitur
640 4325 766 4395 ipse
798 4320 1225 4376 misericordiae
1258 4336 1378 4374 sum
1411 4318 1645 4373 divitias
1672 4317 1734 4373 in
1763 4323 1820 4373 te
1855 4319 2048 4375 eil‘udi1

2216 4317 2285 4372 mi
2325 4318 2383 4372 σὶ
2432 4315 2613 4394 ἐείχεε
2649 4319 2711 4373 τὸ
2767 4316 3036 4375 πλούσιον
3096 4316 3249 4381 ἔλεος
3296 4320 3488 4389 αὐτοῦ,
3537 4321 3627 4376 καὶ
3678 4339 3835 4396 προσ-

431 4419 606 4483 teque
630 4412 730 4483 qui
765 4412 964 4466 animo
984 4427 1051 4466 ac
1074 4409 1376 4464 voluntate
1398 4408 1608 4481 procul
1635 4407 1707 4463 ab
1740 4425 1807 4463 eo
1839 4409 2050 4465 dissitu

2216 4404 2487 4463 ualida-:6
2519 4427 2596 4477 σε,
2627 4408 2721 4463 τὸν
2756 4408 2963 4482 μακρὰν
2992 4407 3158 4464 αὐτοῦ
3196 4411 3265 4482 τῇ
3295 4409 3494 4485 γνώμῃ
3532 4410 3835 4486 ὑπάρχοντα

428 4518 582 4569 eras,
608 4506 666 4557 et
687 4500 1049 4569 alienis,non
1073 4497 1267 4554 dicam
1286 4496 1533 4564 diis,sed
1549 4496 1845 4569 pestiferis
1864 4498 2047 4555 daamo

2213 4497 2281 4553 ιαί
2311 4495 2634 4571 ἂλλοτρίοις
2692 4496 3023 4569 λατρεύοντα
3080 4498 3142 4554 ού
3201 4504 3369 4571 θεοῖς,
3416 4497 3566 4556 ἀλλά
3595 4497 3832 4573 δαίμοσιν

425 4591 624 4657 nibus,
650 4598 709 4647 et
731 4589 927 4645 surdis
945 4607 1012 4645 ac
1026 4605 1239 4645 sensus
1261 4585 1603 4658 expertibus
1625 4587 1836 4643 statuis
1848 4588 2044 4645 cultum

2209 4585 2469 4663 ἰλεθρίοις
2497 4588 2587 4643 καὶ
2636 4587 2847 4659 ξοάνοις
2901 4594 3110 4667 κωφοῖς
3173 4590 3282 4662 (28)
3339 4588 3429 4644 καὶ
3473 4588 3828 4661 ἀναισθήτοις.

424 4679 772 4746 adhibebas,
789 4679 1017 4734 accivit.
1043 4677 1330 4743 Quocirca
1350 4680 1490 4731 ante
1512 4675 1716 4731 omnia
1733 4675 1805 4731 ad
1820 4693 1956 4733 eum
1972 4696 2043 4749 qu

2209 4675 2280 4731 ιιὸ
2309 4677 2402 4732 καὶ
2459 4677 2567 4751 πρὸ
2625 4676 2840 4733 πάντων
2901 4663 3173 4752 πρόσελθε
3228 4676 3309 4749 τῷ
3368 4678 3685 4752 κεκγηκότι,
3712 4674 3828 4751 παρ’

421 4774 480 4823 te
503 4768 727 4824 vocavit
751 4769 980 4834 recede,
1002 4784 1037 4822 a
1061 4783 1178 4837 quo
1200 4782 1397 4819 veram
1425 4770 1545 4819 tam
1569 4781 1774 4819 eorum
1792 4783 1924 4837 qua:
1938 4784 2040 4823 ocu

2207 4764 2254 4819 »ὗ
2287 4763 2438 4839 λήψῃ
2466 4770 2573 4820 τῶν
2608 4765 2904 4842 ὁρωμένων
2932 4764 3023 4821 καὶ
3070 4770 3178 4821 τῶν
3222 4765 3468 4842 ἀοράτων
3501 4764 3707 4840 ἀψευδῆ
3735 4765 3826 4832 τήν

419 4859 493 4915 lis
508 4863 1047 4929 cernuntur,quam
1066 4872 1198 4926 qum
1223 4853 1296 4909 ab
1320 4853 1629 4908 oculorum
1655 4862 2038 4912 sensuremot

2208 4859 2413 4930 γνῶσιν.
2449 4854 2510 4912 Et
2541 4851 2599 4910 δὶ
2640 4858 2776 4930 μετά
2833 4857 2894 4911 τὸ
2949 4854 3227 4926 κληθῆναι
3259 4854 3321 4912 ού
3353 4855 3533 4919 Θέλεις
3566 4859 3602 4928 ἢ
3639 4851 3827 4933 βραδύ-

419 4948 986 5022 sunt,cognitionem
1009 4942 1592 5014 consequeris.Quod
1617 4943 1664 4999 si
1687 4951 2038 5018 posteaquai

2207 4966 2315 5014 ιεις,
2363 4942 2545 5019 δικαίᾳ
2589 4951 2723 5004 Θεοῦ
2765 4947 2938 5022 κρίσει
2989 4944 3309 5022 άπόκληρος
3365 4946 3483 5023 ἔσῃ,
3514 4952 3597 5020 τῷ
3631 4948 3722 5005 79
3757 4944 3826 5018 μὴ

415 5046 657 5096 vocatus
681 5045 772 5094 est
794 5036 1080 5093 accedere
1104 5036 2034 5108 recusas,autmorasnectis,just

2206 5035 2416 5105 ιελῇσαι
2448 5038 2525 5110 μή
2551 5036 2823 5108 θεληθείς’
2851 5036 2994 5093 οὕτω
3025 5037 3129 5113 γὰρ
3158 5036 3250 5092 καὶ
3281 5038 3310 5093 ὁ
3340 5036 3500 5099 αὐτὸς
3528 5033 3825 5094 ἀπόστολος

413 5128 764 5201 Deijudicio
791 5127 1064 5183 exhaares
1091 5124 1229 5181 eris.
1256 5140 1323 5179 ac
1347 5122 1929 5197 repudiaberis,quia
1950 5125 2032 5197 ips

2207 5127 2391 5202 Ιέτρος
2423 5127 2559 5203 πρός
2607 5147 2727 5182 τινα
2774 5130 2882 5182 τῶν
2936 5130 3195 5200 μαθητῶν
3230 5123 3562 5197 λελάληκεν.
3608 5125 3744 5201 Ἐγὼ
3773 5119 3826 5176 δὶ

410 5218 760 5291 repudiasti.
785 5216 873 5273 Ad
898 5217 1057 5272 hunc
1081 5215 1243 5270 enim
1258 5213 1503 5270 modum
1529 5214 1655 5285 ipse
1680 5231 1917 5287 quoque
1938 5232 2029 5288 apt

2203 5215 2421 5273 πιστεύω
2478 5215 2563 5271 ὅτι
2619 5217 2708 5273 καὶ
2769 5216 3083 5288 ὑπήκουσας
3138 5219 3237 5283 τῆς
3293 5214 3569 5289 κλήσεως,
3628 5215 3713 5274 καὶ
3749 5208 3822 5269 ἔτι

474 5366 589 5434 (22)
620 5362 776 5418 Psal.
809 5380 964 5429 χιιι,
995 5362 1049 5427 3,
1083 5362 1137 5419 4.

473 5436 585 5506 (23)
618 5435 774 5490 Psal.
807 5451 1001 5502 anl,
1030 5434 1085 5506 8.

473 5508 583 5575 (24)
618 5507 773 5561 Psal.
807 5523 971 5573 uxv,
1006 5505 1090 5560 10.

471 5577 585 5646 (25)
614 5577 770 5631 Psal.
804 5594 916 5642 LXI,
948 5578 1030 5630 12.

618 5648 769 5732 lmen
800 5666 830 5701 e.
866 5648 1086 5732 Vetere
1108 5643 1596 5732 Te‘stamento‘d‘e
1624 5650 2068 5732 resurrectione
2111 5653 2351 5728 collegit
2403 5653 2776 5718 Laubrussel.
2807 5659 2889 5716 De
2917 5656 3108 5716 abusu
3137 5657 3395 5727 critices,
3424 5662 3466 5714 t.
3498 5654 3545 5728 Ι,
3576 5674 3702 5732 pag.
3733 5651 3814 5709 30.

612 5720 731 5811 ἓξὲξ
762 5724 1041 5771 narratur
1074 5720 1133 5772 in
1168 5723 1294 5773 Act.
1329 5717 1599 5811 Apostol.
1634 5735 1699 5788 II,
1732 5720 1867 5776 37...

567 5802 573 5811 ι
665 5804 688 5811 ,ι
724 5805 803 5811 .....
864 5804 894 5811 ι.
963 5790 1058 5811 ιο.
1101 5793 1161 5811 I1,
1206 5795 1324 5811 5--..
1368 5784 1568 5811 _I§,.\--
1594 5791 1750 5811 -_-_.,L

470 5787 577 5854 (28)
612 5787 827 5839 Hahae.
862 5804 925 5852 ll,
957 5790 1061 5840 18:
1098 5793 1329 5855 Ποιήσαι
1364 5784 1570 5843 εἶ’δωλα
1593 5784 1770 5867 κωφά.

3990 5368 3991 5403 1

3988 5430 3989 5487 1

3984 5510 3987 5585 1

3982 5598 3985 5675 1

3980 5682 3983 5759 1

3978 5868 3979 5909 1

3976 5936 3977 5979 1
