4100 6380
403 458 509 514 943

1925 451 2297 506 ADDENDA.

3713 455 3808 513 9441

412 582 721 656 excepisti,
749 599 816 638 ac
846 581 1104 636 libenter
1133 576 1394 639 audiisti.
1426 573 1577 629 nihil
1612 589 1680 628 ex
1713 573 1800 628 eis
1831 573 2058 628 emolu-

2175 574 2531 646 ταμελεῖσθαι
2580 575 2667 632 ἐπὶ
2714 576 2994 654 πράγματι
3052 575 3401 650 παρελθόντιο
3435 579 3524 632 καὶ
3558 575 3673 634 ἰδοὺ
3705 601 3816 635 συν-

411 676 596 730 menti
623 679 976 728 consecutus
999 687 1078 723 es.
1104 665 1399 722 Admonui
1425 665 1582 718 enim
1618 669 1696 724 te,
1731 680 1804 718 ne
1833 663 1906 718 ob
1940 680 2068 718 rem

412 765 772 837 praiteritam
807 759 1152 832 pwnitentia
1179 755 1481 811 ducereris
1504 772 1516 820 ;
1539 760 1597 808 et
1619 770 1754 808 ecce
1808 769 2068 808 muarore

407 855 794 910 conturbatus
814 869 895 907 es.
920 855 1228 920 propterea
1248 845 1406 915 quod
1431 861 1460 898 e
1494 843 1772 898 manibus
1789 843 1907 897 tuis
1931 843 2067 914 fuga

405 964 500 1002 me
524 941 926 1005 subduxerim,
953 937 1302 1010 pwnitentia
1324 935 1601 990 videlicet
1622 935 1694 989 ob
1710 951 1833 989 rem
1853 939 2068 1004 prsete-

408 1037 581 1090 ritam
605 1034 871 1087 affectus.
897 1026 1158 1098 Praecepi
1193 1026 1296 1079 tibi
1331 1042 1405 1080 ne
1423 1041 1493 1079 ea
1521 1041 1653 1094 qum
1679 1023 1918 1094 assequi
1942 1040 2064 1078 non

407 1139 610 1195 posses
632 1118 1056 1191 aggredereris.
1082 1121 1140 1169 et
1161 1122 1362 1170 tamen
1386 1114 1648 1184 arripere
1682 1131 1775 1168 me
1805 1114 2060 1183 conaris,

409 1228 542 1266 cum
566 1212 678 1263 iter
691 1224 889 1263 meum
912 1206 1149 1276 assequi
1171 1203 1551 1275 nequeas.Ad
1567 1203 1691 1257 base
1710 1203 1769 1257 id
1784 1201 2060 1273 quodque

410 1301 512 1355 tibi
534 1299 713 1367 edixi,
733 1315 808 1352 ne
832 1295 1168 1352 incredibili
1188 1294 1449 1350 sermoni
1466 1293 1644 1348 fidem
1665 1298 2065 1363 arrogares,et

407 1397 606 1446 tamen
627 1389 688 1443 in
705 1387 1030 1443 visceribus
1047 1385 1196 1440 meis
1211 1385 1495 1440 unionem
1519 1387 1761 1437 statura:
1779 1398 1928 1436 mem
1943 1398 2064 1436 mo-

404 1481 547 1535 dum
571 1476 1167 1533 excedenteminesse
1187 1472 1524 1539 credidisti;
1543 1487 1741 1542 neque
1761 1471 2061 1526 tantulum

403 1569 511 1624 tibi
535 1567 869 1640 prudentia.»
893 1566 1022 1628 fuit,
1048 1569 1112 1618 ut
1134 1562 1501 1634 intelligeres
1526 1577 1620 1615 me
1645 1566 1829 1615 totam
1861 1559 1936 1614 ad
1969 1559 2060 1614 ovi

2182 665 2387 738 εχύθης
2418 669 2486 738 τῇ
2522 663 2668 741 λύπῃ
2699 667 2784 721 δτι
2834 689 2931 722 σου
2980 667 3075 729 τάς
3132 672 3324 742 χεῖρας
3357 666 3628 745 ἐξέφυγον,
3664 693 3814 742 μετα-

2180 751 2491 826 μελόμενος
2549 754 2636 810 ἐπὶ
2694 757 2972 832 πράγματι
3031 756 3380 832 παρελθόντι.
3441 757 3815 831 Ἐνετειλάμην

2177 863 2262 896 σοι
2316 845 2394 915 μὴ
2449 844 2752 919 ἐπιχειρεῖν
2817 850 2924 900 τῶν
3001 845 3299 923 ἀνεφίκτων
3361 847 3656 923 ἐφικέσθαι,
3731 850 3812 904 καὶ

2173 937 2333 1006 πειρᾷ
2363 940 2658 1008 κατασχεῖν
2719 955 2806 1008 με,
2869 935 2944 1009 μὴ
2997 932 3296 1008 δυνάμενος
3343 942 3444 1005 τῆς
3477 935 3615 1008 ἐμῆς
3651 935 3812 1015 ἐφικέ-

2173 1032 2292 1084 σθαι
2325 1022 2570 1096 πορείας.
2606 1024 2748 1096 Πρὸς
2777 1023 2998 1086 τούτοις
3053 1021 3110 1079 δὲ
3157 1024 3247 1078 καὶ
3303 1025 3529 1080 ἄπιστον
3564 1024 3712 1100 ῥῆμα
3742 1029 3811 1099 μὴ

2171 1112 2441 1167 πιστεύειν
2503 1134 2588 1168 σοι
2663 1111 3038 1187 διετειλάμην’
3127 1114 3254 1170 ἀλλ’
3341 1111 3460 1170 ῒδοὺ
3519 1116 3820 1183 ἐπίστευσας

2173 1201 2440 1276 ὑπάρχειν
2473 1201 2524 1256 ἐν
2555 1207 2672 1266 τοῖς
2729 1202 2978 1278 ἐγκάτοις
3036 1225 3143 1277 μου
3197 1203 3536 1281 μαργαρίτην
3575 1202 3819 1281 ύπερϐαί·

2169 1310 2332 1345 νοντα
2360 1291 2422 1344 τὸ
2453 1290 2648 1365 μέτρον
2679 1298 2779 1362 τῆς
2832 1291 3060 1362 ἡλικίας
3114 1313 3242 1366 μου,
3270 1292 3358 1347 καὶ
3401 1293 3501 1348 οὐκ
3530 1293 3820 1370 ἐφρόνησας

2173 1380 2407 1434 συνιέναι
2440 1381 2523 1434 ὅτι
2555 1379 2661 1450 ὅλη
2713 1379 2820 1457 έγὼ
2867 1380 2965 1436 οὐκ
3012 1381 3334 1459 ἐφικνοῦμαι
3365 1387 3444 1454 τῷ
3479 1383 3688 1459 μεγέθει
3720 1389 3816 1439 τῶν

2169 1473 2267 1523 τοῦ
2299 1468 2721 1544 στρουθομήλου
2764 1469 2910 1538 ώῶν,
2963 1471 3052 1527 καὶ
3100 1477 3218 1534 πῶς
3267 1471 3611 1549 μαργαρίτην
3642 1479 3819 1529 τοιοῦ-

2171 1579 2261 1613 τον
2296 1558 2559 1634 έχώρησα
2591 1559 2640 1614 έν
2672 1559 2821 1633 ἐμοί.

405 1657 759 1716 struthionis
786 1653 1260 1727 magnitudinem
1293 1651 1540 1706 minime
1569 1649 1872 1706 accedere.
1906 1651 2173 1714 Quonam
2204 1651 2405 1722 itaque
2431 1657 2602 1723 pacto
2634 1657 2866 1708 tantum
2897 1653 3182 1709 unionem
3215 1654 3637 1727 corpusculum
3668 1655 3820 1711 istud

404 1749 689 1822 caperet?

476 1839 564 1895 Ad
579 1841 737 1894 hunc
754 1838 932 1910 igitur
945 1835 1186 1891 modum
1202 1833 1291 1888 illi
1305 1849 1540 1904 quoque
1557 1831 1616 1886 in
1635 1847 1868 1886 summa
1880 1829 2058 1885 stulti-

2252 1828 2432 1892 Οὕτως
2492 1831 2580 1885 οὗν
2641 1831 3024 1902 ἀνοηταινουσι
3083 1832 3171 1886 καὶ
3251 1833 3303 1886 οἱ
3359 1832 3683 1897 πεποιθότες
3741 1834 3822 1891 ἐπὶ

405 1931 485 1986 tia
517 1935 845 1995 versantur,
871 1927 972 1998 qui
995 1927 1057 1980 in
1091 1923 1428 1979 simulacris
1459 1921 1791 1977 confidunt.
1818 1922 1961 1975 Nam
1993 1936 2063 1974 ea

404 2021 682 2076 manibus
700 2018 825 2073 suis
843 2017 1255 2079 effecerunt,et
1276 2030 1456 2085 opera
1477 2012 1800 2084 digitorum
1816 2026 2061 2064 suorum

407 2113 678 2178 adorant,
711 2109 1005 2164 dicentes:
1043 2107 1109 2160 Hi
1161 2105 1404 2175 opiﬁces
1435 2103 1624 2158 nostri
1665 2107 1822 2156 sunt.
1857 2101 1965 2166 Qui
1998 2100 2065 2155 ﬁt

407 2203 586 2275 igitur
605 2208 667 2256 ut
688 2217 787 2256 eos
810 2215 960 2270 quos
973 2198 1300 2252 etlecerunt
1316 2200 1374 2248 et
1393 2191 2063 2262 condiderunt,opiﬁces

415 2309 556 2347 suos
574 2308 702 2346 esse
727 2286 1047 2344 censeant?
1067 2286 1218 2351 Quin
1237 2284 1416 2338 etiam
1434 2299 1569 2337 cum
1604 2298 1673 2336 ea
1696 2297 1910 2352 magno
1939 2285 2066 2334 stu-

413 2382 509 2436 dio
529 2379 888 2442 custodiant,
912 2394 984 2432 ne
1007 2393 1040 2431 a
1059 2373 1288 2430 furibus
1306 2371 1943 2442 subripiantur,tamen
1967 2385 2064 2424 sa-

406 2473 549 2527 lutis
573 2489 692 2525 sua;
715 2467 992 2524 custodes
1019 2468 1388 2535 nuncupant.
1413 2461 1752 2532 Atqui,qua3
1776 2460 1903 2514 haac
1917 2458 2064 2513 stul-

405 2563 535 2617 titia
557 2566 664 2624 est,
689 2557 838 2613 illud
861 2574 979 2612 non
1006 2554 1338 2626 intelligere
1363 2552 1490 2607 fieri
1514 2568 1634 2606 non
1657 2566 1849 2622 posse,
1873 2555 1938 2603 ut
1961 2548 2062 2618 qui

405 2652 515 2706 sibi
543 2650 688 2722 ipsis
701 2647 1045 2720 opemferre
1068 2662 1135 2700 ac
1155 2660 1215 2699 se
1239 2643 1389 2698 tueri
1410 2639 1893 2711 nequeunt,alios
1909 2638 2062 2692 tueri

397 2756 465 2795 ac
492 2754 723 2793 servare
741 2734 1004 2808 possint?
1019 2737 1098 2788 Ac
1112 2738 1397 2803 praeterea
1410 2745 1553 2800 Opes
1568 2744 1704 2782 suas
1718 2725 2056 2792 eﬂ‘undunt,

397 2829 541 2883 dum
561 2832 784 2882 statuas
805 2830 864 2879 et
879 2821 1198 2878 simulacra
1212 2817 1586 2874 diemonibus
1609 2817 1892 2882 excitant,
1923 2830 2058 2868 eos-

399 2933 514 2988 que
528 2917 820 2971 bonorum
837 2914 1074 2968 datores
1090 2927 1219 2965 esse
1232 2913 1534 2980 nugantur
1548 2907 1620 2962 ab
1637 2907 1708 2961 iis
1723 2921 1792 2960 ea
1808 2903 1919 2960 sibi
1935 2901 2061 2958 dari

400 3024 532 3077 quae
557 3023 666 3060 nec
685 3005 797 3075 ipsi
822 3017 1087 3072 unquam
1106 2999 1586 3061 habuerunt,nec
1607 3011 1872 3064 unquam
1892 2991 2062 3047 habi-

398 3095 517 3149 turi
543 3100 700 3149 sunt.
728 3095 929 3162 quue
951 3089 1195 3145 nomine
1218 3089 1506 3158 scriptum
1533 3091 1654 3140 est:
1690 3084 1914 3139 Similis
1939 3081 2059 3136 illis

403 3185 568 3250 ﬁant,
599 3183 699 3254 qui
724 3181 950 3236 faciunt
971 3196 1059 3245 ea,
1085 3183 1144 3232 et
1163 3193 1369 3232 omnes
1402 3174 1501 3246 qui
1535 3173 1848 3229 conﬁdunt
1876 3172 1937 3226 in
1971 3170 2058 3225 eis

401 3275 567 3342 (Psal.
593 3273 765 3342 cxm).
787 3271 893 3335 Qui
923 3267 1166 3340 quidem
1193 3266 1435 3320 aurifice
1467 3263 1741 3319 mercede
1773 3261 2073 3318 conduct0

409 3363 796 3418 simulacrum
832 3375 1010 3414 manu
1035 3359 1379 3420 eﬂ‘ecerunt,
1405 3371 1471 3409 ac
1495 3370 1680 3424 prono
1701 3367 1948 3423 corpore
1975 3351 2062 3422 ip-

402 3469 534 3508 sum
551 3452 892 3508 adorarunt.
906 3447 1176 3503 Humeris
1191 3445 1340 3500 illud
1357 3444 1576 3498 tollunt
1589 3460 1655 3498 ac
1671 3442 2062 3514 proﬁciscun-

395 3547 522 3606 tur;
545 3540 590 3593 si
608 3544 808 3593 autem
826 3537 1021 3608 ipsum
1038 3535 1269 3605 uspiam
1286 3531 1656 3597 collocarint,
1684 3531 1806 3586 illic
1829 3535 2054 3598 manet,

395 3647 505 3684 nec
528 3627 745 3683 moveri
763 3632 978 3698 potest.
996 3621 1666 3695 thuantumlibetquis
1693 3619 1803 3690 ipsi
1829 3620 2055 3674 clama-

388 3720 683 3780 verit,non
700 3717 1112 3777 exaudiet,nec
1127 3730 1196 3767 ex
1210 3710 1648 3766 calamitatibus
1665 3726 1800 3763 eum
1816 3708 2047 3778 eripiet.

389 3810 786 3875 Quamobrem
811 3803 1368 3873 confundanturqui
1387 3803 1445 3855 in
1463 3799 1842 3870 sculptilibus
1861 3799 2048 3853 conﬁ-

390 3901 577 3955 dunt:
604 3906 658 3953 et
681 3899 781 3969 qui
811 3897 1016 3952 dicunt
1048 3895 1122 3948 iis
1154 3910 1286 3964 quze
1319 3891 1580 3946 conflata
1611 3895 1750 3944 sunt
1776 3907 1788 3943 :
1824 3890 1936 3943 Vos
1965 3888 2046 3943 dii

388 3989 576 4044 nostri
604 3989 766 4044 estis.
791 3985 1255 4040 lmmolaverunt
1283 3982 1443 4036 enim
1476 3979 1810 4049 daemoniis,
1837 3984 1897 4034 et
1925 3993 2046 4033 non

391 4081 532 4142 Deo,
566 4077 680 4131 diis
711 4093 860 4147 quos
892 4073 1262 4147 ignorabant.
1296 4072 1434 4126 Novi
1457 4075 1848 4140 recentesque
1869 4084 2044 4122 vene-

389 4173 547 4232 runt,
573 4183 722 4237 quos
744 4182 864 4219 non
888 4163 1201 4218 coluerunt
1221 4166 1420 4232 patres
1460 4176 1684 4214 eorum.
1727 4156 2041 4212 Generatio

387 4259 548 4313 enim
571 4270 846 4328 perversa
872 4259 980 4324 est,
1014 4268 1123 4306 nec
1147 4251 1274 4323 jam
1300 4249 1448 4306 ﬁdes
1489 4249 1634 4320 ipsis
1666 4248 1824 4302 inest
1853 4249 2037 4318 (Deut.

385 4348 600 4418 xxxu).

452 4617 535 4669 Ex
559 4615 670 4668 hac
701 4612 879 4685 igitur
907 4624 1184 4681 perversa
1217 4610 1275 4662 et
1318 4603 1629 4661 incredula
1659 4603 2043 4676 generatione
2072 4605 2120 4670 Ι)

394 4705 683 4761 Dominus
715 4708 769 4756 te
804 4704 988 4767 vocat,
1017 4699 1110 4753 his
1132 4696 1324 4752 verbis
1359 4700 1534 4750 utens
1560 4710 1572 4748 :
1615 4693 1718 4747 Exi
1747 4693 1819 4747 de
1849 4691 2047 4747 medio

390 4811 617 4860 eorum,
641 4810 708 4848 ac
733 4796 1097 4863 separare,et
1118 4785 1494 4842 immundum
1525 4783 1653 4838 noli
1678 4790 2046 4856 tangere,ve-

385 4902 517 4942 rum
541 4902 575 4940 a
595 4883 978 4957 generatione
1002 4881 1110 4935 hac
1133 4893 1409 4949 perversa
1434 4880 1489 4929 te
1506 4874 1666 4946 eripe
1691 4877 1873 4944 (Num.
1903 4875 2039 4940 xw).

389 4977 569 5048 Surge
594 4980 650 5028 et
671 4970 1081 5041 ambula,quia
1099 4983 1220 5022 non
1245 4964 1429 5020 habes
1443 4963 1541 5017 hic
1564 4963 1829 5034 requiem
1849 4962 2038 5033 (Mieh.

375 5066 705 5137 11).Etenim
733 5061 1045 5132 multiplex
1069 5054 1453 5125 deorum,qui
1487 5070 1520 5108 a
1541 5053 1706 5108 vobis
1739 5053 2036 5120 coluntur,

2180 1924 2296 1983 τοῖς
2349 1917 2631 1982 εἷδώλοις³
2683 1920 2998 1997 εἰργάσαντο
3064 1923 3165 1998 γὰρ
3239 1926 3407 1976 ταῦτα
3462 1928 3583 1984 ταῖς
3642 1925 3823 1998 χερσὶν

2169 2007 2370 2076 αὐτῶν,
2429 2008 2518 2064 καὶ
2573 2015 2969 2084 προσκυνοῦσιν
3029 2009 3060 2064 ἃ
3139 2010 3397 2081 ἐποίησαν
3459 2012 3512 2066 οἱ
3569 2009 3821 2069 δάκτυλοι

2171 2097 2345 2153 αὐτῶν
2377 2102 2509 2173 (36),
2546 2099 2815 2177 λέγοντες·
2877 2103 3041 2159 Οὗτοι
3103 2101 3153 2156 οἱ
3211 2101 3586 2178 πλαστουργοὶ
3640 2105 3817 2176 ἡμῶν.

2175 2193 2299 2250 Πῶς
2331 2190 2422 2243 οὖν
2449 2187 2866 2266 πλαστουργοὺς
2926 2191 3052 2253 τοὺς
3113 2191 3202 2245 ὑπ’
3251 2191 3426 2246 αὐτῶν
3463 2189 3818 2270 δημιουργη-

2172 2279 2360 2341 θέντας
2410 2281 2500 2336 καὶ
2586 2278 3015 2344 διαπλασθέντας
3093 2281 3446 2356 νομίζουσιν;
3507 2283 3688 2340 Ἀλλὰ
3736 2287 3818 2340 καὶ

2171 2375 2466 2445 τηροῦντες
2529 2370 2661 2426 αὐτὰ
2718 2369 2773 2426 ἐν
2833 2370 3125 2444 ἀσφαλείᾳ,
3185 2377 3280 2427 τοῦ
3335 2374 3412 2445 μή
3447 2373 3551 2428 ὑπὸ
3580 2373 3825 2430 κλεπτῶν

2173 2459 2506 2532 συληθῆναι,
2564 2461 2808 2538 φύλακας
2868 2461 3271 2517 ἀποκαλοῦνται
3320 2465 3420 2531 τῆς
3464 2468 3614 2541 σφῶν
3659 2487 3830 2536 σωτη-

2173 2548 2316 2624 ρίας*
2351 2550 2442 2604 καὶ
2473 2548 2558 2605 τοί
2603 2571 2663 2626 γε
2715 2551 2890 2622 πόσης
2949 2556 3117 2606 ταῦτα
3176 2551 3507 2629 ἀφροσύνης,
3540 2555 3631 2607 καὶ
3662 2556 3725 2608 τὸ
3758 2556 3826 2626 μή

2173 2638 2460 2713 γινώσκειν
2522 2634 2627 2706 ὅτι,
2685 2640 2787 2694 ούκ
2844 2638 3191 2714 ἐξαρκοῦντες
3263 2640 3487 2702 ἑαυτοὺς
3545 2641 3830 2716 φυλάσσειν

2174 2727 2265 2782 καὶ
2301 2729 2541 2802 βοηθεῖν,
2595 2733 2715 2790 πῶς
2769 2730 2868 2787 82
2930 2727 3125 2792 ἀλλοις
3173 2730 3412 2806 γένοιντο
3471 2729 3712 2808 φύλακες
3743 2733 3822 2787 καὶ

2175 2823 2459 2890 σωτῆρες;
2499 2816 2568 2874 Τί
2626 2817 2752 2893 γὰρ,
2813 2817 2967 2889 θησὶν
3029 2823 3163 2890 (37),
3221 2818 3508 2889 ἐκζητοῦσι
3561 2821 3684 2894 περὶ
3733 2827 3831 2876 τῶν

2177 2905 2396 2975 ζώντων
2449 2906 2577 2968 τοὺς
2628 2908 3296 2981 νεκρούςςΚατακενοῦσι
3364 2910 3650 2982 χρήματα,
3709 2913 3832 2981 στή-

2177 2993 2278 3056 λάς
2306 3000 2424 3058 τοῖς
2457 2993 2679 3069 δαίμοσι
2738 2996 2830 3051 καὶ
2888 2995 3176 3072 ἀγάλματα
3232 2996 3457 3072 ἐγεῖραι,
3497 2999 3589 3052 καὶ
3621 2999 3828 3077 φληνα-

2179 3088 2370 3160 φοῦσιν
2434 3084 2647 3159 ἀγαθῶν
2703 3085 2986 3161 παρόχους
3040 3085 3239 3148 αὐτοὺς
3304 3088 3597 3162 ὑπάρχειν,
3629 3089 3830 3144 αἰτοῦνο

2188 3194 2273 3234 τες
2329 3174 2456 3249 παρ’
2516 3175 2692 3230 αὐτῶν
2755 3169 2941 3230 λαϐεῖν
3021 3176 3153 3250 ἅπερ
3230 3172 3352 3231 οὕτε
3395 3177 3621 3234 πώποτε
3678 3179 3827 3250 ἐκτήο

2189 3284 2368 3333 σαντο,
2425 3261 2548 3318 οὕτε
2611 3266 2719 3336 μὴν
2802 3259 2880 3320 ἔτι
2966 3267 3278 3336 κτήσονται.
3343 3267 3437 3321 Διὸ
3517 3266 3825 3344 γέγραπται·

2175 3354 2396 3426 Ὀμοιοι
2428 3356 2537 3423 (38)
2592 3354 2782 3416 αὐτοῖς
2837 3353 3084 3430 γένοιντο
3146 3356 3198 3410 οἱ
3251 3359 3539 3419 ποιοῦντες
3581 3359 3717 3413 αὐτα
3744 3359 3822 3414 καί

2171 3443 2364 3504 πάντες
2394 3442 2446 3496 οἱ
2476 3442 2797 3504 πεποιθότες
2856 3441 2940 3498 ἐπ’
3000 3443 3204 3520 αὐτοῖς·
3263 3443 3482 3514 οἵτινες,
3528 3447 3662 3524 φησὶ
3697 3452 3814 3522 (39),

2173 3531 2582 3604 μισθωσάμενοι
2658 3531 2999 3607 χρυσοχόον,
3076 3532 3334 3604 ἐποίησαν
3439 3535 3816 3610 χειροποίητα,

2164 3621 2252 3674 καὶ
2358 3620 2621 3694 κύψαντες
2725 3622 3132 3695 προσεκύνησαν
3249 3625 3456 3686 αὐτοῖς.
3563 3624 3816 3701 Αῗρουσιν

2165 3707 2299 3762 αύτά
2344 3706 2432 3762 ἐπὶ
2488 3713 2595 3762 τῶν
2658 3705 2826 3782 ὣμων
2881 3710 2969 3764 καὶ
3032 3710 3379 3786 πορεύονται·
3441 3712 3530 3766 ἑὰν
3595 3711 3651 3768 δὲ
3709 3715 3818 3768 θῶ-

2163 3818 2245 3851 σιν
2305 3798 2444 3852 αύτά
2502 3797 2590 3852 ἐπὶ
2645 3802 2742 3852 τοῦ
2799 3799 2996 3872 τόπου,
3059 3806 3211 3873 μενεῖ
3273 3799 3325 3855 έν
3387 3802 3558 3874 αὐτῷ,
3618 3804 3682 3858 ού
3747 3805 3815 3876 μή

2156 3888 2380 3956 κινηθῇ.
2419 3886 2515 3940 Καὶ
2557 3887 2614 3950 ὅς
2677 3885 2738 3942 ἃν
2801 3889 2980 3964 βοησῃ
3039 3889 3177 3964 πρὸς
3236 3891 3391 3959 αὐτὰ,
3449 3891 3510 3946 ού
3573 3894 3649 3965 μή
3712 3894 3812 3946 εἰσ·

2155 3975 2358 4050 ακούσῃ
2386 3976 2571 4048 αὐτοῦ,
2600 3977 2707 4032 ἀπὸ
2737 3983 2918 4033 κακῶν
2975 3977 3036 4034 οὐ
3090 3981 3168 4053 μὴ
3220 3982 3370 4053 σώσῃ
3404 3981 3585 4039 αὐτόν.
3621 3990 3713 4038 Διὸ
3741 3981 3817 4037 αἶ-

2154 4066 2432 4141 σχύνθητε
2481 4069 2594 4139 (40)
2654 4065 2918 4143 αἰσχύνην
2975 4068 3222 4143 αἰώνιον,
3275 4071 3325 4124 οἱ
3375 4072 3696 4136 πεποιθότες
3729 4072 3810 4127 ἐπὶ

2149 4161 2266 4216 τοῖς
2317 4153 2608 4231 γλυπτοῖς,
2667 4156 2716 4211 οἷ
2780 4156 3026 4232 λέγοντες
3086 4163 3204 4221 τοῖς
3254 4159 3582 4224 χωνευτοῖςο
3633 4163 3811 4236 Ὑμεῖς

2151 4243 2270 4300 ἐστὶ
2299 4244 2416 4299 θεοὶ
2459 4247 2644 4319 ἡμῶν.
2699 4249 2934 4311 ’Έθυσαν
2992 4247 3117 4324 γὰρ,
3179 4250 3308 4325 φησί
3350 4253 3481 4324 (41),
3512 4248 3814 4325 δαιμονίοις

2147 4337 2238 4391 καὶ
2267 4335 2327 4391 οὐ
2355 4341 2495 4410 Θεῷ,
2529 4343 2674 4401 θεοῖς
2719 4339 2804 4402 οἷς
2861 4337 2962 4394 οὐκ
3017 4335 3241 4414 ᾔδεισαν
3275 4341 3326 4395 οἱ
3356 4343 3585 4418 πατέρες
3618 4342 3810 4398 αὐτῶν·

2147 4423 2328 4479 καινοὶ
2385 4425 2476 4480 καὶ
2535 4425 2843 4501 πρόσφατοι
2902 4427 3122 4498 ἠκασιν,
3183 4426 3266 4482 ὅτι
3322 4429 3478 4506 γενεά
3529 4429 3814 4508 ἐξεστραμ-

2151 4514 2282 4586 μένη
2317 4512 2428 4568 ἐστὶ
2460 4515 2550 4568 καὶ
2587 4514 2690 4568 οὐκ
2721 4508 2832 4569 ἔστι
2864 4514 3046 4578 πίστις
3081 4515 3132 4570 έν
3166 4515 3370 4581 αὐτοῖς.

2226 4604 2318 4658 Ἐκ
2367 4603 2572 4674 ταύτης
2637 4604 2730 4659 οὗν
2785 4611 2886 4674 τῆς
2946 4611 3194 4682 πονηρᾶς
3251 4613 3433 4682 γενεᾶς
3464 4610 3552 4665 καὶ
3589 4611 3810 4666 ἀπίστου

2154 4693 2547 4765 προσκαλεῖταί
2607 4713 2663 4748 σε
2720 4693 2939 4768 Κύριος,
3030 4693 3202 4771 λέγων
3290 4716 3398 4752 σοι’
3479 4699 3701 4771 Ἔξελθε
3753 4699 3806 4755 ἐκ

2157 4785 2324 4854 μέσου
2383 4781 2561 4837 αὐτῶν
2637 4782 2726 4836 καὶ
2803 4783 3154 4859 ἀφορίσθητι,
3213 4787 3304 4840 καὶ
3364 4785 3671 4865 ἀκαθάρτου
3729 4789 3798 4862 μὴ

2152 4873 2262 4946 ἅψῃ
2299 4874 2434 4946 (42),
2481 4871 2629 4928 ἀλλὰ
2687 4872 2899 4944 σώθητε
2953 4873 3011 4928 ἐκ
3068 4880 3170 4944 τῆς
3226 4881 3410 4950 γενεᾶς
3449 4885 3551 4948 τῆς
3587 4879 3800 4940 σκολιᾶς

2147 4961 2356 5033 ταύτης
2412 4964 2546 5036 (43)·
2608 4961 2864 5034 ἀνάστηθι
2922 4963 3012 5019 καὶ
3069 4964 3328 5040 πορεύου,
3389 4966 3472 5022 ὅτι
3543 4970 3644 5025 ούκ
3699 4967 3800 5023 ἔστι

2147 5072 2232 5106 σοι
2294 5052 2429 5123 αὕτη
2491 5052 2814 5116 ἀνάπαυσις’
2877 5054 2911 5123 ἡ
2969 5052 3071 5130 γὰρ
3140 5053 3460 5132 πολυαρχία
3517 5064 3627 5114 τῶν
3685 5077 3800 5133 παρΔ

440 5245 552 5316 (36)
587 5246 700 5298 Isa.
735 5257 870 5316 X_Vll,
906 5241 938 5292 8
965 5255 995 5316 z‘
1013 5234 1117 5291 Καὶ
1149 5231 1239 5316 ‘01:)
1299 5231 1375 5304 μὴ
1435 5229 1757 5295 πεποιθότες
1809 5229 1942 5285 ὦσιν
2001 5227 2089 5284 ἐπὶ
2145 5234 2264 5293 τοῖς
2316 5230 2554 5306 βωμοῖς,
2585 5225 2709 5285 οὐδὲ
2743 5227 2830 5285 ἐπὶ
2862 5235 2981 5293 τοῖς
3014 5224 3196 5308 ἔργοις
3226 5236 3335 5287 τῶν
3371 5240 3575 5309 χειρῶν
3607 5237 3794 5308 αὐτῶν,

367 5313 396 5369 ἃ
427 5305 690 5384 ἔποίησαν
727 5313 778 5364 οἳ
808 5305 1070 5364 δάκτυλοι
1104 5305 1303 5360 αύτῶν.

440 5392 552 5460 (37)
584 5393 835 5460 lsa.rvm,
874 5387 958 5438 19.

434 5450 550 5530 (38}
583 5459 735 5514 Psal.
773 5450 931 5522 enim,
958 5456 1028 5521 8;
1061 5469 1282 5519 cxxnv,
1319 5450 1404 5504 18.

441 5534 547 5602 (39)
577 5532 687 5585 Isa.
721 5546 868 5592 XLVI,
901 5530 956 5590 6,
987 5530 1040 5580 7.

440 5601 553 5672 (40)
584 5603 694 5657 Isa.
722 5617 859 5662 χιιι,
886 5601 971 5653 17.

463 5661 554 5743 41)
585 5673 754 5726 Deut.
785 5661 975 5743 χχιιι,
1006 5669 1142 5743 1-7...
1177 5669 1266 5721 20.
1290 5662 1491 5743 ΔΧίθιιιὶδ.
1521 5661 1573 5716 οῖ
1602 5680 1731 5719 πατ.
1763 5662 1885 5720 αὐτ.
1919 5663 2057 5721 addi

2174 5665 2237 5724 in
2257 5666 2318 5723 C.
2341 5681 2555 5725 manus
2583 5668 2902 5727 recentior.

469 5735 560 5813 42')
590 5744 657 5796 Η.
691 5742 874 5812 Epist.
907 5740 981 5795 ad
1010 5740 1140 5795 Cor.
1171 5753 1248 5800 vx,
1282 5735 1367 5792 17.

471 5816 554 5882 43)
589 5816 718 5866 Act.
751 5816 952 5878 Apost.
977 5825 1037 5875 ιι,
1060 5813 1148 5862 40.
