4100 6378
372 429 481 486 947

1911 414 2282 468 ΔΒΒΕΝΒΔ.

3681 402 3780 459 948

378 557 620 614 ιὶωιοοο
633 555 741 612 tibi
756 552 1390 625 undiqueaﬂ‘undetur.
1415 547 1631 604 Anima
1657 562 1793 602 vero
1817 550 1918 602 tua
1941 545 2031 600 in-
2066 544 2115 610 Α
2145 543 2268 617 γῆς,
2300 537 2352 594 ἒν
2382 542 2452 614 τῇ
2482 533 2748 625 καταδίκῃ
2801 537 2898 625 τοῦ
2955 529 3138 625 ἒᾲδου,Δ
3169 526 3284 625 ἕως
3329 533 3450 625 τῆς,
3479 525 3779 625 τελευταίας

373 647 544 703 ferno
559 645 880 709 addicta,in
894 643 1206 698 inferiores
1226 646 1393 695 terra:
1406 643 1605 709 partes
1617 653 1804 707 usque
1819 635 1891 690 ad
1906 652 2038 706 pos-

379 743 634 794 tremam
665 733 1164 790 resurrectionem
1205 728 1580 799 conjicietur.
1633 728 1756 792 Quo
1812 725 2042 781 scilicet

2150 615 2511 696 ἀναστάσεως,
2566 624 2732 697 ἡνίκα
2785 623 2952 679 πάλιν
3012 615 3369 677 ἀπολαϐοῦσα
3427 620 3463 687 ἡ
3521 619 3672 694 ψυχὴ
3725 622 3784 676 τὸ

2151 721 2246 778 85
2284 719 2477 782 ἑαυτῆς
2508 722 2669 790 σῶμα
2714 713 3064 792 ἐκριφήσεται
3125 710 3185 766 ἐκ
3240 709 3543 785 προσώπου
3576 709 3786 783 Κυρίου,

379 835 647 898 tempore
671 824 871 879 anima
893 825 1132 892 recepto
1157 835 1403 890 corpore
1439 834 1543 873 suo
1568 833 1601 872 a
1628 817 1864 872 Domini
1889 814 2039 870 facie

2161 808 2238 863 ιιαὶ
2284 805 2722 884 παραδοθήσεται
2780 803 2912 879 πυρὶ
2968 802 3189 878 γεὲννης
3243 797 3577 867 ἀτελεύτητα
3606 796 3790 874 φλογι-

381 915 754 988 projicietur,
778 929 847 966 ac
867 910 1180 982 gehennaa,
1205 909 1378 979 cujus
1410 907 1653 962 flamma
1679 905 2046 976 sempiterna

382 1012 492 1072 est,
522 1002 978 1074 mancipabitur.
1008 1002 1142 1056 Haec
1180 999 1506 1070 tibi,atque
1543 998 1716 1052 etiam
1750 997 1922 1067 longe
1951 996 2044 1051 his

379 1095 646 1169 graviora
673 1091 1041 1164 contingent,
1078 1091 1126 1145 si
1158 1089 1219 1144 in
1250 1089 1607 1145 inﬁdelitate
1638 1085 1996 1159 perstiteris.

451 1184 508 1239 Si
541 1187 743 1238 autem
794 1181 846 1236 ei
891 1180 994 1252 qui
1029 1186 1083 1236 te
1115 1179 1188 1235 ad
1221 1179 1476 1234 salutem
1506 1177 1734 1245 invitat,
1767 1180 2040 1248 prompto

391 1274 591 1332 animo
614 1271 903 1344 parueris,
929 1275 1106 1341 atque
1129 1268 1204 1324 ad
1221 1285 1353 1323 eum
1375 1267 1588 1338 cupido
1604 1272 1663 1322 et
1683 1266 1818 1320 layto
1842 1265 2042 1319 animo

389 1380 733 1428 accurrens,
771 1361 958 1433 ipsius
985 1360 1210 1414 lumine
1243 1359 1508 1431 signatus
1539 1356 1723 1412 fueris
1752 1356 1921 1424 (Psal.
1949 1355 2044 1425 IV),

388 1452 745 1524 eumqueita
768 1449 1063 1520 sequaris,
1086 1455 1151 1503 ut
1181 1465 1214 1503 a
1245 1455 1406 1520 tergo
1439 1446 1686 1501 minime
1721 1449 2045 1516 respectes,

399 1548 601 1614 atque,
632 1539 911 1595 omnibus
941 1538 1118 1593 rebus
1150 1537 1397 1610 abjectis
1432 1541 1491 1590 et
1519 1535 1899 1606 contemptis.
1934 1533 2045 1605 ipsi

391 1632 504 1690 soli
537 1632 862 1697 adhaareas,
891 1635 1175 1700 quantam
1207 1627 1344 1682 inde
1379 1627 1657 1681 fiduciam
1682 1643 1750 1682 ac
1779 1625 2047 1680 lmtitiam

393 1719 804 1792 consequeris,
828 1719 965 1775 audi
990 1735 1003 1772 :
1029 1718 1085 1773 Si
1116 1717 1362 1785 sederis,
1387 1732 1632 1772 securus
1660 1715 1809 1770 eris:
1843 1715 1890 1770 si
1916 1714 2048 1769 dor-

391 1808 888 1880 mieris,jucunde
916 1807 1305 1878 conquiesces
1327 1823 1339 1861 :
1365 1823 1474 1862 nec
1498 1805 1734 1861 timebis
1759 1810 2047 1861 terrorem

2153 899 2371 969 ζούσης.
2427 897 2611 954 Ταῦτά
2667 916 2750 949 σοι
2806 887 3143 966 συμϐήσεται
3202 889 3293 945 καὶ
3352 887 3553 960 πολΛῷ
3599 887 3790 944 τούτων

2151 987 2392 1062 χείρονα,
2426 986 2472 1042 εί
2503 984 2768 1061 ἐμμείνῃς
2797 987 2867 1058 τῇ
2898 982 3144 1053 ἀπιστίᾳ.

2224 1169 2285 1224 El
2346 1164 2404 1222 δὶ
2459 1163 2760 1241 προθύμως
2825 1159 3150 1222 ὑπακούσεις
3207 1163 3287 1232 τῷ
3315 1155 3577 1213 καλοῦντί
3609 1161 3714 1227 (54)
3744 1178 3796 1212 σι

2151 1257 2228 1320 είς
2262 1255 2558 1328 σωτηρίαν,
2615 1253 2730 1323 καὶ,
2789 1249 3160 1328 προσδραμὼν
3217 1247 3364 1318 αὐτῷ
3394 1246 3550 1318 πόθῳ
3581 1246 3669 1300 καὶ
3700 1266 3799 1322 χα-

2152 1352 2238 1423 ρᾷ,
2297 1350 2376 1418 τῷ
2436 1345 2576 1424 φωτὶ
2634 1343 2799 1399 αὐτοῦ
2860 1341 3220 1416 σημειωθήσῃ
3276 1342 3407 1411 (55),
3468 1334 3558 1392 καὶ
3607 1336 3800 1408 ἀμετα-

2152 1438 2370 1514 στρεπτὶ
2404 1438 2553 1510 αὐτῷ
2584 1435 2998 1505 ἀκολουθήσεις,
3047 1431 3220 1487 πάντα
3273 1430 3366 1503 μὶν
3415 1427 3799 1501 ἀπαρνησάμε-

2151 1550 2243 1592 νος
2302 1530 2435 1600 (56),
2493 1527 2640 1598 αὐτῷ
2714 1523 2868 1599 μόνῳ
2951 1518 3366 1594 κεκολλημένος
3426 1521 3561 1591 (5⁸1),
3619 1518 3801 1578 ὁποίας

2151 1619 2312 1695 τεύξῃ
2393 1615 2692 1696 ἀσφαλείας
2770 1614 2862 1670 καὶ
2942 1609 3282 1690 εὐφροσύνης
3369 1606 3622 1662 ἄκουσον·
3684 1606 3799 1660 Ἐὰν

2151 1691 2296 1784 κάθῃ
2355 1691 2487 1782 (58),
2545 1700 2752 1782 ἄφοϐος
2804 1699 2917 1777 ἔσῃ·
2997 1701 3086 1756 ἐὰν
3162 1697 3219 1753 δὲ
3285 1694 3578 1773 καθεύδῃς,
3637 1691 3806 1764 ἡδέως

2157 1783 2444 1866 ὑπνώσεις,
2502 1795 2591 1851 καὶ
2664 1795 2728 1850 οὐ
2814 1786 3106 1871 φοϐηθήσῃ
3164 1789 3398 1859 πτόησιν
3457 1783 3805 1854 ἐπελθοῦσαν,

390 1897 931 1972 supervenientem,
953 1914 1060 1952 nec
1090 1896 1410 1968 impiorum
1425 1895 1764 1950 daamonum
1786 1894 2045 1965 impetus

2161 1886 2280 1945 οὐδὲ
2339 1888 2516 1962 ὁρμὰς
2573 1889 2680 1941 τῶν
2766 1878 2976 1939 ἀσεϐῶν
3064 1878 3339 1954 δαιμόνων
3410 1873 3802 1951 ἐπερχομένας

396 1992 581 2059 (Prov.
609 1988 712 2059 ιιι),
745 2003 949 2043 verum
980 1986 1352 2042 confidenter
1381 1985 1559 2040 utleo
1591 1983 1832 2040 incedes
1856 1985 2041 2055 (Prov.

394 2079 610 2149 xxvm),
642 2094 710 2133 ac
739 2093 875 2132 cum
906 2076 1115 2132 laetitia
1155 2081 1212 2130 et
1250 2075 1618 2147 sempiterna
1648 2074 2044 2129 exsultatione

393 2168 567 2224 vives.
594 2167 828 2223 Etenim
852 2182 1030 2238 super
1050 2170 1230 2237 caput
1253 2170 1420 2220 tuum
1446 2163 1729 2220 exultatio
1762 2169 1820 2219 et
1842 2163 1971 2218 laus
1989 2167 2048 2218 et

395 2259 602 2316 lmtitia
624 2264 679 2312 te
703 2257 1189 2329 comprehendet.
1214 2256 1464 2328 Effugiet
1495 2254 1684 2318 dolor,
1718 2260 1776 2309 et
1804 2271 2046 2317 mceror,

392 2353 451 2404 et
470 2347 744 2422 gemitus.
767 2348 927 2402 Tunc
948 2352 1223 2418 erumpet
1242 2345 1412 2415 quasi
1431 2361 1606 2400 mane
1629 2345 1829 2399 lumen
1856 2350 2045 2408 tuum,

394 2443 452 2494 et
471 2437 696 2494 sanitas
715 2442 815 2492 tua
831 2436 1006 2491 citius
1028 2436 1272 2490 orietur.
1299 2437 1368 2489 Et
1391 2434 1642 2490 anteibit
1657 2434 1870 2490 faciem
1885 2440 2046 2489 tuam

385 2528 625 2601 justitia
648 2532 770 2592 tua,
796 2532 855 2582 et
878 2526 1065 2599 gloria
1083 2526 1316 2582 Domini
1336 2525 1575 2598 colliget
1591 2531 1646 2580 te
1700 2526 1860 2581 Tunc
1892 2525 2047 2579 invo-

395 2619 580 2682 cabis,
599 2623 658 2673 et
679 2617 966 2673 Dominus
983 2616 1290 2672 exaudiet:
1316 2616 1689 2680 clamabis,et
1704 2615 1881 2671 dicet:
1901 2617 2046 2672 Ecce

396 2709 607 2764 adsum
629 2711 737 2770 (Isa
766 2719 937 2776 Lvm).
968 2710 1083 2781 Ego
1116 2708 1275 2762 enim
1310 2725 1462 2775 sum,
1497 2707 1599 2778 qui
1624 2707 1794 2762 deleo
1827 2707 2050 2777 iniqui-

393 2802 543 2854 tates
562 2803 714 2866 tuas,
737 2802 796 2852 et
816 2814 940 2852 non
959 2795 1354 2852 memorabor.
1377 2797 1460 2851 Tu
1482 2811 1617 2850 vero
1640 2811 1870 2851 memor
1901 2800 2047 2861 esto,

395 2893 454 2943 et
466 2887 828 2958 iudicemur.
850 2887 951 2942 Dic
984 2892 1044 2941 tu
1068 2886 1416 2958 iniquitates
1440 2890 1592 2953 tuas,
1615 2891 1683 2940 ut
1699 2883 2050 2956 justiﬂceris

397 2977 527 3048 (Isa.
576 2983 748 3032 me).
800 2976 857 3030 Si
907 2975 1130 3031 fuerint
1169 2981 1411 3046 peccata
1452 2979 1555 3030 tua
1605 2979 1671 3030 ut
1717 2974 2049 3040 coccinum,

404 3065 574 3136 quasi
608 3066 709 3120 nix
740 3064 1198 3120 dealbabuntur.
1234 3067 1303 3119 Et
1334 3065 1380 3118 si
1412 3063 1635 3118 fuerint
1672 3063 1851 3118 rubra
1881 3064 2051 3133 quasi

402 3153 783 3219 vermiculus,
815 3152 976 3209 velut
1004 3153 1142 3209 lana
1165 3153 1300 3210 alba
1324 3156 1518 3209 erunt.
1542 3155 1616 3209 Os
1635 3153 1793 3209 enim
1817 3153 2052 3209 Domini

405 3243 670 3300 locutum
702 3247 792 3302 est
819 3243 948 3315 (Isa.
981 3243 1044 3314 ι).

473 3424 604 3479 CAP.
629 3423 724 3478 XI.
756 3453 822 3463 —
843 3423 938 3478 Ait
966 3421 1042 3477 ad
1075 3438 1211 3478 eum
1238 3423 1492 3495 Joasaph
1519 3438 1530 3477 :
1567 3423 1700 3478 Haac
1732 3427 1832 3478 tua
1871 3421 2053 3478 verba

399 3512 688 3586 praeclara
708 3516 767 3568 et
785 3511 1137 3568 admiranda
1158 3517 1511 3584 sunt;eaque
1524 3511 1837 3579 credidi,et
1853 3512 2050 3578 credo,

399 3619 760 3673 omnemque
784 3601 1083 3658 idolorum
1102 3602 1328 3658 cultum
1352 3603 1635 3658 exanimo
1662 3602 1759 3658 odi
1790 3620 1858 3658 ac
1889 3602 2050 3659 dete-

399 3697 544 3748 stor.
581 3691 810 3747 Etenim
842 3693 1008 3763 prius
1041 3692 1218 3748 etiam
1252 3708 1431 3762 quam
1482 3692 1555 3748 ad
1586 3709 1680 3748 me
1711 3691 2050 3761 accederes,

398 3781 639 3852 oblique
654 3781 1094 3852 quodammodo
1116 3798 1184 3836 ac
1211 3781 1555 3838 dubitanter
1576 3799 1714 3854 erga
1732 3799 1802 3837 ea
1822 3782 2050 3838 afﬁcie-

396 3871 573 3927 batur
586 3871 822 3926 animus
835 3873 1196 3928 meus.Nunc
1219 3877 1417 3927 autam
1437 3877 1824 3944 posteaquam
1843 3888 2049 3927 eorum

396 3959 736 4025 vanitatem,
754 3960 1187 4030 hominumque
1211 3960 1311 4031 qui
1335 3976 1403 4015 ea
1425 3959 1630 4016 colunt
1647 3959 1960 4016 stultitiam
1980 3976 2051 4015 ex

393 4053 450 4104 te
473 4049 762 4116 intellexi,
788 4050 1049 4121 perfecto
1080 4049 1214 4105 odio
1245 4067 1314 4105 ea
1343 4051 1624 4116 insector,
1657 4067 1724 4106 ac
1752 4052 1868 4105 Deo
1912 4066 2048 4104 vero

395 4155 489 4194 me
512 4139 574 4193 in
606 4139 948 4194 servitutem
967 4139 1243 4195 addicere
1259 4140 1650 4213 gestio,modo
1664 4157 1755 4195 me
1787 4139 2048 4210 ipse,ho-

393 4228 618 4284 minem
642 4228 972 4301 indignum,
1001 4227 1074 4284 ob
1096 4228 1443 4300 iniquitates
1467 4245 1629 4285 meas
1642 4228 1890 4285 minime
1906 4227 2043 4284 sub-

2155 1979 2302 2036 ἀλλά
2355 1977 2595 2053 πορεύσῃ
2656 1973 2934 2039 πεποιθὼς
2994 1975 3069 2034 ὡς
3134 1970 3275 2026 λὲων
3331 1970 3463 2042 (59),
3524 1965 3614 2021 καῖ
3677 1967 3807 2053 ζήσῃ

2157 2070 2272 2144 μετ’
2303 2052 2639 2147 εὓφργοσύνης
2694 2063 2784 2120 καὶ
2839 2059 3251 2138 ἀγαλλιάματος
3307 2055 3554 2113 αἷωνίου’
3591 2053 3683 2147 ἐπὶ
3710 2052 3806 2147 γάρ

2152 2142 2252 2229 τῆς
2303 2142 2550 2235 κεῲαλῆς
2605 2177 2700 2211 σου
2777 2151 3100 2230 ἀγαλλίασις
3156 2149 3246 2205 καί
3296 2147 3520 2215 αἴνεσις,
3573 2143 3667 2200 καὶ
3726 2142 3806 2198 εύ·

2155 2232 2396 2328 φροσύνη
2430 2243 2803 2319 καταλήψεταί
2862 2264 2938 2298 σε·
2992 2236 3116 2304 ἔνθα
3173 2235 3382 2328 ἀπέδρα
3432 2232 3803 2328 ὄδύνη,λύπη

2155 2323 2243 2394 καὶ
2303 2336 2601 2410 στεναγμός
2660 2337 2788 2408 (66)·
2853 2334 2953 2390 80
3008 2329 3132 2384 τότε
3198 2327 3486 2404 ῥαγήσεται
3549 2323 3804 2397 πρώϊμον

2155 2429 2217 2484 τὸ
2249 2428 2364 2507 φῶς
2398 2449 2514 2496 σου,
2547 2426 2637 2481 καὶ
2694 2424 2762 2480 τά
2820 2423 3023 2497 ίάματά
3076 2441 3171 2475 σου
3227 2416 3370 2493 ταχὺ
3420 2411 3695 2481 ἀνατελεῖ,
3725 2411 3808 2466 καὶ

2156 2519 2587 2596 προπορεύσιιαι
2620 2511 2924 2589 ἔμπροσθέν
2976 2533 3071 2567 σου
3121 2512 3157 2581 ἡ
3209 2503 3527 2575 δικαιοσύνη
3562 2524 3691 2572 σου,
3721 2499 3806 2596 καί

2157 2589 2355 2682 η’δόξα
2408 2611 2504 2662 τοῦ
2563 2609 2698 2660 Θεοῦ
2755 2599 3066 2679 περιστελεῖ
3122 2615 3197 2654 σε·
3257 2597 3380 2652 τότε
3425 2595 3630 2682 βοήσῃ,
3664 2589 3811 2682 xIx-io

2159 2700 2289 2762 Θεὸς
2320 2693 2689 2754 είσακούσεταί
2743 2711 2860 2748 σου’
2906 2687 2984 2746 ἔτι
3034 2685 3338 2747 λαλοῦντός
3372 2704 3471 2738 σου
3504 2680 3634 2756 ἐρεῖ·
3676 2677 3810 2736 Ἰδοὺ

2159 2788 2386 2865 πάρειμι
2439 2788 2570 2860 (61)·
2633 2782 2743 2859 ἐγὼ
2798 2780 2900 2858 γὰρ
2955 2778 3074 2852 εἶμι
3129 2772 3509 2865 ὁ-ἐξαΛε-ίφων
3559 2769 3814 2865 τὰς-ἀνο-

2164 2858 2290 2953 μίας
2321 2858 2565 2931 σου-καὶ
2620 2858 2681 2928 οὗ
2745 2872 2989 2945 μνησθῶ·
3052 2865 3115 2920 σὺ
3165 2858 3814 2953 δὶῃμνήσθητιᾼκαίικριη

2163 2947 2365 3039 θῶμενο
2401 2961 2532 3038 λέγε
2563 2961 2624 3016 σὺ
2654 2959 2751 3024 τὰς
2781 2958 3011 3032 ἀνομίας
3061 2975 3179 3021 σου,
3227 2950 3313 3006 ἵνα
3343 2947 3645 3017 δικαιιυθῆς

2164 3055 2266 3114 Καὶ
2325 3053 2411 3108 ἐὰν
2471 3035 2600 3107 ὦσιν
2661 3051 2715 3105 αἱ
2776 3046 3034 3122 ἁμαρτίαι
3093 3064 3189 3099 σου
3247 3041 3321 3103 ὡς
3380 3040 3684 3116 φοινικοῦν,
3743 3035 3812 3096 ὡς

2165 3144 2328 3221 χιόνα
2359 3143 2620 3199 λευκανῶ·
2677 3139 2763 3195 ἐὰν
2823 3135 2880 3193 δί
2933 3133 3064 3191 ὦσιν
3125 3133 3200 3195 ὡς
3258 3130 3532 3221 κόκκινον,
3564 3122 3810 3221 ¹ξριον

2164 3213 2407 3292 λτευκανῶ
2483 3235 2614 3307 (63).
2690 3229 2762 3284 Τὸ
2835 3228 2936 3306 γὰρ
3015 3225 3189 3298 στόμα
3290 3216 3494 3296 Κυρίου
3578 3213 3814 3284 ὲλάλησε

2081 3303 2126 3371 C
2161 3330 2349 3383 ταῦτα.

2237 3420 2396 3472 ΚΕΦ.
2456 3417 2559 3470 IA'.
2618 3413 2776 3486 Αέγει
2829 3409 2966 3484 πρὸς
3023 3404 3182 3462 αὐτὸν
3238 3403 3267 3458 ὁ
3315 3401 3571 3476 Ἰωάσαφ·
3637 3394 3809 3486 Πάντα

2164 3528 2260 3562 σου
2332 3505 2400 3559 τά
2474 3484 2716 3580 ῥήματα.
2765 3497 2910 3556 καλά
2981 3495 3071 3552 καὶ
3149 3489 3431 3565 θαυμαστά
3484 3488 3613 3556 εἰσι,
3663 3484 3804 3559 κάγὼ

2163 3576 2589 3653 ἐπίστευσα-καὶ
2647 3590 2908 3659 πιστεύω,
2985 3591 3159 3642 πᾶσαν
3223 3582 3317 3657 μὲι
3379 3576 3806 3650 είδωλολατρίαν

2160 3687 2267 3742 ἀπὸ
2323 3682 2548 3760 καρδίας
2611 3683 2869 3757 μισήσας⁶
2920 3677 3033 3748 καὶ,
3091 3674 3197 3748 πρὸ
3254 3676 3350 3728 τοῦ
3409 3668 3672 3725 εἰσελθεῖν
3712 3666 3808 3760 γάρ

2162 3798 2219 3832 σε
2265 3757 2403 3849 πρὸς
2458 3795 2544 3847 με,
2603 3772 2855 3848 πλαγίως
2914 3789 3033 3830 πως
3083 3765 3170 3819 καὶ
3229 3761 3493 3849 διστάζων
3533 3761 3647 3833 (64)
3679 3757 3811 3832 πρὸς

2158 3848 2359 3936 ταύτην
2395 3862 2624 3919 διέκειτό
2683 3881 2786 3934 μου
2843 3861 2879 3928 ἡ
2930 3857 3106 3932 ψυχή·
3141 3850 3258 3907 νυνῖ
3307 3848 3366 3906 δὲ
3405 3848 3618 3905 τέλειον
3657 3852 3812 3920 μῖσος

2159 3955 2398 4029 ἐμισησα
2479 3956 2613 4025 (65),
2702 3947 2886 4024 μαθὼν
2938 3945 3085 4022 παρὰ
3139 3946 3238 3997 σοῦ
3293 3941 3426 4029 τὴνᾼ
3475 3936 3813 4029 ματαιότητα

2156 4044 2368 4100 τούτων
2409 4043 2500 4097 καὶ
2529 4042 2626 4110 τὴν
2679 4035 2987 4117 ἀφροσύνην
3035 4037 3143 4089 τῶν
3189 4029 3374 4094 αὐτοῖς
3416 4025 3809 4103 λατρευόντων.

2159 4136 2319 4190 Ποθῶ
2363 4129 2422 4187 δὲ
2467 4135 2565 4186 τοῦ
2625 4113 2889 4200 ἀληθινοῦ
2940 4127 3074 4180 Θεοῦ
3120 4119 3320 4184 δοῦλος
3360 4119 3629 4195 γενέσθαι,
3663 4113 3810 4188 εἴπερ

2157 4223 2257 4279 οὐκ
2304 4219 2578 4277 ἀπώσεταί
2631 4239 2698 4292 με
2745 4216 2837 4272 τὸν
2891 4212 3100 4283 ἀνάξιον
3150 4208 3239 4266 διὰ
3265 4208 3361 4271 τὰς
3394 4207 3530 4281 ἐμὰς
3559 4203 3809 4278 ἀνομίας,

463 4427 576 4497 (54)
608 4429 674 4493 Α,
705 4428 801 4479 τοῦ
831 4421 1157 4486 καλοῦντός.
1209 4428 1271 4490 C,
1323 4423 1570 4497 ἀκούσείς
1619 4430 1699 4496 τῷ
1746 4423 1873 4480 καλ.
1927 4427 2047 4481 Phil

2161 4431 2323 4481 ratus
2374 4427 2436 4480 V.
2489 4427 2554 4479 A.
2604 4441 2641 4489 ι,
2689 4424 2794 4497 3i:
2848 4415 2951 4497 Καὶ
2995 4412 3246 4497 ἐκέλευεε
3293 4408 3444 4497 θύειν
3470 4406 3590 4497 μετ’
3621 4406 3810 4497 αὐτοῦ.

393 4478 674 4569 Ορίίἕιυξ
722 4478 907 4553 Codex
957 4478 1273 4569 1696ξΚάί
1333 4478 1681 4553 amemus]
1722 4478 2047 4569 Gregorius

2562 4478 2664 4550 396
2691 4511 2703 4549 :
2736 4493 2828 4569 Ἡ.
2855 4489 2956 4569 μὲν
2984 4487 3088 4569 γάρ
3118 4481 3296 4569 αἰδώς.
3321 4478 3626 4568 ἐρυθήματι
3660 4478 3812 4569 μέγῳ

393 4547 830 4643 ἐτξισημαίνεται,
884 4547 1263 4643 συμπαθόντος
1321 4589 1441 4630 πως
1496 4573 1566 4643 τῇ
1625 4572 1792 4643 ψμχῇ
1835 4547 1948 4622 Γ(τοῦ
2000 4547 2254 4640 σώμάτος
2302 4567 2437 4621 κατά
2473 4547 2609 4619 Γτινα
2640 4547 2869 4643 φυσικῂν
2930 4547 3298 4643 διάθεσινλιαὶ
3328 4557 3425 4643 τρῦ
3455 4547 3810 4643 περικαρδίαυ

393 4622 598 4716 θερμοῦ
655 4639 790 4708 πρὸς
843 4622 965 4707 τήνι
1004 4638 1312 4716 ἐπιφάνειαν
1358 4648 1459 4710 τῆς
1511 4622 1689 4714 διιεῴὲ
1717 4622 2047 4709 Αάναζὲσαντι

2181 4622 2374 4716 Cede;
2430 4641 2587 4716 i630,
2643 4622 2996 4716 συνδιάθξσιν·
3031 4650 3141 4714 nec
3169 4629 3231 4716 id
3259 4628 3413 4716 male
3441 4622 3808 4716 :7«__n_atura_l‘i

391 4701 648 4786 quadam
681 4701 748 4768 ac
781 4701 1080 4768 communi
1109 4701 1456 4769 affectione.
1485 4701 1758 4771 Habetet
1786 4701 1910 4783 περὶ
1940 4709 2185 4786 καρδίαν,
2210 4701 2812 4786 quodetiam-placet.
2846 4710 3072 4786 Rursus
3103 4705 3164 4758 in
3196 4701 3325 4786 loco
3349 4701 3595 4786 Nysseni
3632 4710 3809 4786 quem

390 4765 639 4858 Edisoéﬁi
668 4765 713 4858 ιζ
728 4765 838 4849 'II'I.
856 4765 1058 4856 15236;
1067 4765 1220 4840 *υἱέ
1238 4765 1773 4857 agamagam
1806 4765 1923 4846 τιέίξς
1971 4765 2047 4844 ἀι.

2161 4765 2526 4850 ποῖςηαῖδὼς,
2587 4765 2743 4836 idem
2775 4780 2960 4837 codex
2990 4770 3324 4844 ἀποκειμένη
3357 4765 3618 4836 eihibet,
3650 4765 3807 4822 inalo

389 4857 634 4912 absente
665 4856 854 4911 altera
882 4856 1321 4928 praepositione.

608 4909 771 4983 lin—tier
792 4909 1586 5000 varia'nroinina‘baptismus
1618 4927 1875 5000 φώτισμα
1905 4928 2099 4984 dictus
2132 4933 2253 4984 est:
2285 4927 2416 4983 vide
2476 4928 2713 4998 Gregor.
2747 4928 2877 4981 Naz.
2913 4928 3060 4979 orat.
3095 4920 3183 4990 40,
3208 4937 3264 4991 p.
3299 4917 3436 4982 638;
3470 4913 3698 4970 Fabric.
3730 4909 3806 4967 ad

389 5000 802 5074 Pseudo-Abd.
838 5016 958 5074 v_m,
991 5003 1044 5068 5,
1077 5002 1272 5074 p.678
1298 5018 1312 5066 ;
1343 5001 1486 5056 Toll.
1525 5002 1597 5056 ad
1628 5000 1848 5074 Insign.

1882 5018 1938 5072 p.
1977 5004 2094 5055 150.

460 5056 573 5146 (56)
592 5073 809 5146 _Innuit
837 5056 1444 5142 abrenuntiationem,
1479 5091 1611 5145 quas
1645 5075 1711 5129 fit
1740 5056 1798 5128 ἱῗ]
1830 5056 2148 5146 baptismo,
2183 5073 2412 5128 Satanan
2443 5071 2845 5142 operibusque
2875 5068 3006 5140 ejus
3034 5083 3101 5123 ac
3130 5063 3364 5137 pompis
3392 5079 3405 5130 ;
3438 5060 3511 5116 de
3543 5075 3660 5131 quo
3688 5056 3806 5112 ritu

385 5145 517 5201 vide
548 5143 886 5218 Zimmerm.
920 5146 1088 5200 Anal.
1122 5161 1253 5218 pag.
1283 5147 1386 5200 528
1414 5161 1427 5213 ;
1463 5143 1698 5201 Bussac.
1734 5143 1925 5202 Noctt.’
1952 5145 2227 5215 theologg.
2252 5161 2383 5217 pag.
2423 5146 2544 5199 110.

455 5221 571 5286 (57)
603 5219 626 5270 Ι
656 5217 788 5272 Cor.
818 5233 892 5285 v1,
930 5219 1014 5270 17.

457 5291 568 5360 (58)
603 5289 770 5343 Prov.
803 5304 888 5354 ιιι,
921 5289 1012 5358 24,
1044 5289 1132 5342 25.

456 5354 570 5430 (59)
601 5361 768 5435 l’rov.
801 5354 1100 5435 xxviii,
1136 5358 1349 5435 Δίκαιος
1381 5354 1438 5414 δὶ
1461 5357 1813 5435 ὣσπερ-λέων
1841 5361 2089 5435 πέποιθε.

598 5432 711 5510 Isa.
745 5448 819 5499 LI,
849 5434 951 5510 ΗΞ
986 5430 1239 5510 ’ίίξουσιν
1271 5429 1347 5492 είς
1379 5431 1525 5486 Σιὼν
1559 5429 1674 5505 μετ’
1705 5430 2086 5510 εὐφροσύνης..

478 5505 567 5568 61)
598 5504 710 5559 lsa.
745 5519 899 5569 Lvm,
924 5504 976 5568 8,
1000 5507 1054 5559 9.

481 5575 572 5644 62)
596 5575 706 5630 Isa.
739 5591 891 5642 mn,
923 5575 1013 5644 23,
1037 5577 1125 5630 26.

457 5645 565 5714 (63)
597 5645 707 5701 lsa.
740 5663 780 5715 ι,
814 5647 900 5715 ιδ.

461 5705 569 5788 (64)
603 5715 727 5788 alii,
748 5705 982 5788 codices
1011 5721 1293 5788 poterunt
1317 5718 1567 5775 mederi.
1600 5720 1821 5774 Forsan
1853 5713 2234 5787 δισταζόντως.

464 5785 571 5854 (65)
602 5785 686 5838 Cf.
717 5785 874 5839 Psal.
901 5785 1169 5854 animi,
1199 5792 1289 5846 22.
