4100 6428
387 382 496 440 949

1565 389 1737 444 νιτΑ
1773 389 2130 446 ΒΔΒῐιΔΛΜ
2166 391 2260 444 ΕΤ
2295 389 2640 445 JOASAPH.

3715 389 3824 447 950

386 509 534 566 ἀλλά
559 513 919 586 συγχωρήσει
971 531 1062 584 μοι
1125 511 1317 579 πάντα,
1374 509 1766 587 φιλάνθρωπος
1826 508 1899 564 ὤν
1957 531 2024 565 κα

2165 519 2413 582 moveat,
2439 531 2642 569 verum
2667 531 2773 586 pro
2803 530 2928 581 sua,
2962 520 3027 568 ut
3055 514 3254 582 doces,
3279 516 3643 589 benignitate
3667 519 3816 574 mihi

394 598 799 675 εῦσπλαγχνος,
828 601 966 655 καθά
997 598 1289 666 διδάσκεις,
1322 601 1410 654 καὶ
1448 600 1664 670 ἀξιώσει
1730 621 1797 673 με
1846 597 2042 656 δοῦλον

395 690 558 745 αὐτοῦ
586 691 846 764 γενέσθαι.
881 687 1023 759 Ἤδη
1086 688 1178 744 οῦν
1229 690 1466 762 ἑτοίμως
1524 687 1639 764 ἔχω
1686 689 1774 743 καὶ
1823 690 1885 744 τὸ
1947 689 2044 763 βά-

393 801 604 854 πτισμα
636 777 905 853 δέξασθαι,
937 779 1027 832 καὶ
1060 780 1234 834 πάντα
1284 777 1381 833 ὅσα
1432 779 1583 854 ε’ίπῃς
1639 800 1732 852 μοι
1786 778 2043 853 φυλάξαι.

389 870 452 924 Τί
486 868 543 925 δὲ
573 872 686 945 χρη
724 889 790 940 με
817 873 994 923 ποιεῖν
1033 868 1168 939 μετά
1221 869 1285 923 τὸ
1336 867 1656 942 βάπτισμας
1709 868 1799 922 καὶ
1852 868 1895 922 εἷ
1947 869 2046 942 ἀρ-

389 966 478 1016 κεῖ
504 965 663 1015 τοῦτο
699 958 868 1031 μόνον
919 959 1014 1014 87
1069 957 1206 1031 πρὸς
1266 958 1587 1031 σωτηρίαν·,
1646 959 1709 1012 τὸ
1762 962 2043 1013 πιστεῦσαι

390 1050 482 1105 καὶ
515 1051 898 1124 βάπτισθῆναι,
926 1045 962 1116 ἤ
987 1047 1077 1101 καὶ
1110 1044 1258 1101 ἄλλα
1285 1047 1411 1102 τινὰ
1441 1044 1523 1102 δεῖ
1561 1048 1932 1121 προστιθέναι.

464 1137 568 1195 Καί
619 1157 751 1215 φησι
810 1137 948 1210 πρὸς
1007 1135 1167 1190 αὐτὸν
1229 1137 1257 1190 6
1318 1137 1607 1211 Βαρλαάμ’
1668 1142 1938 1191 ’Ἄκουσον
1990 1134 2043 1190 τί

390 1225 474 1282 δεῖ
503 1231 677 1282 ποιεῖν
715 1227 851 1300 μετά
893 1227 954 1280 τὸ
1012 1227 1314 1302 βάπτισμα·
1375 1224 1552 1294 πάσης
1615 1225 1708 1299 μὶν
1774 1224 2040 1300 ἁμαρτίας

383 1317 472 1370 καὶ
505 1316 706 1376 παντὸς
752 1317 960 1379 πάθους
1017 1315 1337 1390 ἀπέχεσθαι,
1398 1313 1787 1388 ἐποικοδομεῖν
1839 1313 1897 1369 δὲ
1953 1313 2040 1370 ἐπὶ

380 1410 460 1478 τῷ
489 1404 732 1478 θεμελίῳ
762 1407 862 1473 τῆς
897 1401 1191 1479 ὁρθοδόξου
1240 1405 1475 1467 πίστεως
1523 1407 1623 1474 τήν
1677 1409 1784 1459 τῶν
1836 1406 2041 1480 ἀρετῶν

383 1495 657 1572 ἐργασίαν,
721 1491 910 1564 ἰπειδὴ
971 1493 1152 1556 πίστις
1213 1494 1390 1570 χωρὶς
1443 1498 1551 1549 τῶν
1633 1493 1803 1569 ἔργων
1883 1496 2041 1570 νεκρά

385 1585 527 1641 ἐστιν
557 1586 693 1658 (66),
728 1584 908 1658 ὥσπερ
942 1585 1029 1638 καὶ
1065 1578 1196 1660 ἔργα
1223 1583 1458 1646 πίστεως
1490 1581 1643 1660 δίχα.
1677 1585 1822 1654 Φησὶ
1878 1586 1978 1659 γὰρ
2011 1586 2039 1640 6

382 1673 744 1736 ’Δπόστολος.
774 1675 862 1730 Ἐν
894 1672 1163 1747 πνεύματι
1195 1676 1306 1746 (67)
1331 1678 1695 1747 περιπατεῖτε,
1727 1674 1816 1728 καὶ
1848 1674 2040 1739 ἐπιθο-

393 1765 517 1838 μίαν
578 1764 774 1837 σαρκὸς
831 1763 892 1819 οὐ
943 1764 1019 1837 μή
1072 1760 1352 1833 τελέσητε’
1413 1763 1614 1840 φανερά
1671 1761 1729 1818 δὲ
1809 1763 1920 1818 ἐστι
1971 1766 2039 1819 τά

2160 604 2362 657 omnia
2387 604 2705 670 condonet,
2744 621 2956 674 meque
2993 621 3225 658 servum
3261 605 3374 658 sibi
3408 608 3695 663 asciscere
3716 609 3814 662 di-

2158 695 2517 761 gneturJam
2540 694 2740 763 itaque
2753 694 3047 764 baptisma
3079 693 3379 764 suscipere
3403 702 3641 764 paratus
3656 714 3785 750 sum
3799 739 3811 762 ,

2158 785 2334 852 atque
2369 783 2566 837 omnia
2597 800 2727 852 qua)
2759 783 3196 854 praescripseris
3229 800 3482 838 servare.
3516 785 3813 848 Quidnam

2158 879 2356 928 autem
2388 875 2534 927 mihi
2568 879 2699 945 post
2731 875 3092 946 baptismum
3135 875 3473 929 faciendum
3533 875 3670 930 est?
3720 878 3816 931 Sa-

2159 963 2312 1018 tisne
2343 969 2433 1018 est
2453 963 2524 1017 ad
2545 964 2796 1018 salutem
2822 965 3061 1020 credere
3085 981 3150 1020 ac
3183 965 3510 1036 baptizari?
3536 982 3609 1019 an
3631 966 3812 1020 etiam

2157 1053 2275 1108 alia
2304 1053 2573 1121 quaedam
2606 1053 2933 1123 adjungere
2968 1071 3212 1108 necesse
3246 1055 3379 1109 est?

2228 1143 2384 1196 Dixit
2407 1147 2604 1196 autem
2627 1142 2698 1195 ad
2725 1157 2857 1196 eum
2884 1143 3149 1196 Barlaam
3175 1161 3186 1197 :
3214 1145 3364 1198 Audi
3390 1143 3652 1214 quidtibi
3678 1149 3815 1215 post

2155 1232 2517 1304 baptismum
2550 1232 2886 1286 faciendum
2924 1232 3034 1284 sit:
3070 1249 3284 1302 nempe
3308 1233 3459 1286 utab
3479 1235 3643 1287 omni
3669 1250 3812 1305 pec-

2155 1328 2306 1378 cato.
2337 1327 2395 1377 et
2425 1321 2496 1376 ab
2529 1322 2690 1376 omni
2723 1321 2930 1375 vitiosa
2958 1321 3271 1375 affectione
3305 1322 3809 1392 abstineas,atque

2154 1413 2496 1468 orthodoxae
2522 1412 2656 1466 fidei
2679 1411 3066 1466 fundamento
3099 1411 3381 1464 virtutum
3415 1413 3675 1466 studium
3708 1429 3805 1468 su-

2153 1509 2476 1574 perstruas.
2512 1501 2799 1567 Quoniam
2827 1501 2974 1555 ﬁdes
3006 1501 3134 1555 sine
3154 1500 3431 1570 operibus
3455 1508 3687 1556 mortua
3715 1507 3808 1557 est

2155 1594 2291 1667 (Jac.
2318 1592 2892 1664 1),quemadmodum
2917 1592 3095 1646 etiam
3118 1607 3297 1662 opera
3321 1596 3548 1646 remota
3566 1591 3806 1647 ﬁde.Ait

2153 1684 2313 1738 enim
2337 1682 2653 1753 Apostolus
2676 1681 2818 1752 (Gal.
2854 1681 2906 1751 v)
2937 1699 2949 1736 :
2985 1680 3206 1752 Spiritu
3234 1678 3555 1746 ambulate,
3611 1684 3670 1734 et
3700 1679 3804 1734 de-

2153 1771 2374 1827 sideria
2395 1771 2592 1826 carnis
2629 1787 2704 1825 ne
2734 1769 3077 1841 perﬁciatis.
3103 1768 3414 1823 Manifesta
3452 1773 3592 1822 sunt
3621 1784 3803 1839 opera

385 1852 522 1930 ἕργα
578 1860 679 1923 τῆς
736 1853 932 1930 σαρκὸς
991 1851 1144 1908 ’ἀτινά
1200 1852 1332 1923 ἐστι,
1423 1858 1691 1928 μοιχεῖαι,
1767 1860 2030 1929 πορνεῖαιΤ

2150 1862 2366 1929 carnis,
2388 1879 2519 1932 qua;
2553 1866 2691 1915 sunt
2712 1859 3093 1923 adulterium,
3121 1857 3455 1925 fornicatio,
3477 1857 3800 1913 immundi-

384 1943 728 2016 ἀκαθαρσίαι,
786 1943 1083 2018 ἀσέλγειαι,
1151 1939 1597 2019 είδωλολατρίαι,
1683 1949 2036 2021 φαρμακεῖαι,

382 2029 604 2111 ἔχθραι,
661 2029 798 2109 ἔρις,
854 2033 1041 2104 ζῆλοι,
1100 2033 1288 2106 θυμοὶ,
1339 2032 1588 2108 ἐρίθειαι,
1663 2032 2034 2110 διχοστασίαι,

381 2123 639 2197 αἱρέσεις,
672 2124 886 2201 φθόνοι,
921 2123 1098 2197 φόνοι,
1133 2121 1511 2200 φιλαργυρίαι,
1545 2121 1841 2200 λοιδορίαι,
1898 2123 2034 2202 φιλ-

379 2210 622 2284 ηδονίαι,
668 2215 850 2286 μέθαι,
907 2217 1113 2286 κῶμοι,
1174 2212 1559 2290 ὑπερηφανίαι,
1611 2215 1699 2268 καὶ
1752 2215 1819 2268 τὰ
1868 2213 2037 2288 ὅμοια

373 2305 616 2367 τούτοιςδ
651 2305 970 2380 ἅπροΛέγω
1015 2305 1166 2377 ὑμῖν,
1220 2306 1400 2368 καθὼς
1455 2305 1544 2359 καὶ
1601 2311 1888 2378 προεῖπον,
1950 2306 2032 2362 ὅτι

373 2397 428 2451 οἳ
457 2398 525 2451 τὰ
554 2401 779 2450 τοιαῦτα
811 2397 1144 2471 πράσσοντες
1205 2396 1482 2470 βασιλείαν
1525 2401 1658 2451 Θεοῦ
1710 2398 1775 2452 οὐ
1824 2405 2032 2473 κληρο-

371 2487 732 2559 νομήσουσιν·
769 2486 796 2540 6
829 2482 886 2539 δὲ
915 2486 1122 2560 καρπὸς
1155 2489 1251 2539 τοῦ
1293 2485 1600 2558 πνεύματός
1629 2485 1768 2540 ἐστιν
1823 2488 2029 2561 ἀγάπη,

375 2575 546 2648 χαρὰ,
590 2573 808 2650 εἰρήνη,
873 2574 1248 2649 μακροθημία,
1301 2575 1638 2650 χρηστότης,
1690 2576 2029 2651 ἀγαθωσύνη,

373 2664 578 2732 πίστις,
639 2663 908 2738 πραότης,
970 2662 1278 2738 ἐγκράτεια,
1337 2664 1608 2738 ἁγιασμὸς
1667 2668 1854 2740 ψυχῆς
1939 2665 2030 2720 καὶ

379 2752 661 2825 σώματος,
720 2751 1047 2816 ταπείνωσις
1105 2749 1331 2824 καρδίας
1385 2755 1474 2807 καί
1534 2750 1816 2829 συντριϐἠ,
1873 2753 2029 2825 ἐλεη·

386 2841 619 2916 μοσύνη,
712 2840 1104 2915 ἂμνησικακία,
1219 2841 1626 2920 φιλανθρωπία,
1735 2845 2029 2919 ἀγρυπνία,

386 2932 643 3004 μετάνοια
671 2927 907 3008 ἀκριϐἠς
953 2932 1168 2987 πάντων
1229 2936 1336 2987 τῶν
1394 2933 1806 3009 προγεγονότων
1859 2931 2030 3012 σφαλ-

385 3022 594 3094 μάτων,
655 3019 885 3098 δάκρυον
944 3022 1299 3093 κατανύξεως,
1353 3023 1544 3085 πένθος
1601 3021 1732 3099 ὑπέρ
1785 3043 1844 3078 τε
1920 3027 2029 3077 τῶν

382 3108 533 3166 ἰδίων
567 3112 849 3187 ἁμαρτιῶν
881 3112 972 3167 καὶ
1002 3116 1109 3168 τῶν
1137 3116 1234 3166 τοῦ
1265 3111 1526 3182 πλησίον,
1559 3113 1648 3167 καὶ
1705 3113 1773 3167 τὰ
1813 3111 2029 3174 τούτοις

2152 1949 2819 2019 tia,luxuria,idolorum
2843 1947 3113 2014 servitus,
3134 1946 3796 2014 veneficia,inimicitiaa,

2147 2039 3017 2107 contentiones,aamulationes,
3042 2038 3164 2102 ira),
3191 2037 3352 2104 rixw,
3375 2037 3798 2104 dtssentiones,

2148 2135 2344 2188 sectae.
2367 2129 2622 2199 invidia),
2649 2127 2994 2194 homicidia,
3023 2126 3288 2192 avaritia,
3320 2126 3798 2190 maledictiones,

2145 2236 2312 2274 amor
2336 2219 2723 2289 voluptatum,
2752 2202 3126 2279 ebrietates,‘
3155 2216 3707 2283 commessationes,
3741 2220 3801 2269 et

2145 2309 2238 2363 his
2261 2307 2500 2370 similia,
2527 2324 2657 2378 quae
2681 2307 2938 2378 praadico
2974 2305 3160 2369 vobis,
3187 2305 3336 2358 sicut
3362 2304 3625 2375 praedixi,
3653 2321 3797 2375 quo-

2144 2399 2306 2453 niam
2331 2398 2430 2468 qui
2448 2397 2586 2451 talia
2605 2402 2786 2468 agunt
2804 2411 3051 2468 regnum
3078 2395 3177 2448 Dei
3194 2412 3312 2448 non
3333 2400 3794 2463 consequentur.

2143 2488 2391 2543 Fructus
2417 2494 2617 2541 autem
2643 2486 2894 2556 Spiritus
2911 2491 3020 2544 est.
3050 2484 3209 2538 chari
3222 2491 3326 2537 tas.
3352 2483 3795 2554 gaudium,pax,

2144 2577 2582 2649 longanimitas,
2610 2576 2966 2646 benignitas,
2991 2574 3418 2637 bonitas,ﬁdes,
3448 2577 3796 2627 mansuetu-

2142 2667 2237 2734 do,
2277 2666 2669 2729 continentia,
2713 2664 3106 2720 sanctiﬁcatio
3148 2664 3363 2718 animae
3402 2669 3458 2717 et
3503 2662 3791 2733 corporis,

2142 2757 2338 2812 cordis
2361 2756 2667 2810 afflictatio
2693 2761 2751 2807 et
2775 2754 3076 2818 contritio,
3107 2752 3508 2822 eleemosyna,
3542 2752 3795 2822 injuria-

2141 2863 2273 2900 rum
2292 2844 2904 2912 oblivio,humanitas,
2930 2842 3146 2913 vigilia,
3162 2842 3397 2895 sincera
3418 2839 3490 2893 de
3513 2839 3792 2894 omnibus

2142 2935 2616 3007 praecedentibus
2643 2933 2902 3005 peccatis
2925 2931 3294 3002 poenitentia,
3315 2929 3793 3000 compunctionis

2145 3025 2645 3096 lacrymanuctus
2671 3030 2792 3078 tum
2817 3040 2923 3093 pro
2945 3021 3087 3086 suis,
3112 3026 3237 3074 tum
3260 3037 3366 3091 pro
3390 3019 3641 3074 aliorum
3659 3035 3792 3089 pec-

2143 3115 2312 3181 catis,
2347 3114 2580 3184 aliaque
2621 3113 2892 3183 ejusdem
2919 3109 3153 3182 generis
3181 3125 3192 3162 :
3219 3125 3350 3178 qua)
3383 3107 3626 3178 quidem
3665 3112 3797 3161 tan-

377 3199 568 3274 ὅμοια,
628 3198 802 3272 ἅτινα,
859 3202 1040 3277 ὥσπερ
1091 3202 1234 3263 τινὲς
1294 3199 1556 3276 βαθμίδες
1621 3203 1708 3256 καὶ
1761 3201 2028 3274 κλίμακες

2148 3222 2319 3276 quam
2340 3205 2550 3277 gradus
2568 3210 2625 3258 et
2641 3203 2813 3259 scala)
2827 3203 2983 3256 inter
3001 3216 3063 3255 se
3077 3198 3794 3268 cohaarentes,atquealise

379 3288 648 3361 ἀλλήλων
679 3291 940 3367 ἐχόμεναι
969 3293 1070 3349 88
1099 3293 1188 3346 καὶ
1241 3292 1328 3345 ὑπ’
1377 3289 1644 3362 ἀλλήλων
1695 3291 2026 3368 συγκροτού-

381 3401 558 3453 μεναι,
620 3379 697 3442 είς
757 3380 983 3456 οὐρανὸν
1037 3382 1135 3450 τήν
1195 3381 1382 3456 ψυχὴν
1441 3380 1816 3458 ἀναφέρουσιν.
1889 3378 2029 3438 Ἰδοὺ

375 3469 585 3524 τούτων
619 3469 1006 3544 ἐντετάλμεθα,
1042 3472 1174 3544 μετά
1215 3471 1278 3526 τὸ
1337 3470 1641 3546 βάπτισμα,
1685 3470 2026 3546 ἀντέχεσθαι,

377 3562 484 3613 τῶν
520 3556 564 3613 δ’
597 3557 850 3614 ἐναντίων
876 3560 1194 3635 ἀπέχεσθαι.

452 3646 521 3703 Ei
551 3646 607 3702 δὲ
635 3650 768 3722 μετά
796 3650 859 3703 τὸ
892 3644 1076 3704 λαϐεῖν
1107 3650 1208 3718 τήν
1255 3648 1541 3726 ἐπίγνωσιν
1591 3656 1692 3718 τῆς
1740 3649 2028 3722 ἀληθείας,

377 3741 484 3793 τῶν
514 3737 792 3814 προτέρων
825 3737 975 3801 αὖθις
1007 3735 1387 3812 ἐπιλαϐόμεθα
1416 3742 1620 3814 νεκρῶν
1674 3735 1843 3814 ἔργων
1895 3741 2026 3813 (68),

375 3831 466 3884 καὶ
501 3829 574 3891 ὡς
600 3829 743 3884 κύων
777 3829 863 3884 ἐπὶ
897 3831 988 3885 τὸν
1023 3826 1163 3884 ἴδιον
1208 3825 1399 3903 ἔμετον
1447 3827 1840 3905 ἐπιστρέψομεν
1891 3831 2026 3903 (69),

375 3914 716 3991 συμϐήσεται
773 3922 909 3991 ἡμῖν
969 3919 1031 3974 τὸ
1091 3919 1194 3975 ὑπὸ
1247 3924 1346 3974 τοῦ
1431 3918 1628 3992 Κυρίου
1712 3919 2027 3998 εἷ’ρημένον.

373 4009 540 4065 Ὅταν
573 4007 696 4084 γὰρ,
749 4010 882 4086 φησὶ
915 4011 1051 4082 (70),
1101 4009 1162 4064 τὸ
1217 4008 1519 4082 ἀκάθαρτον
1571 4014 1793 4082 Πνεῦμα
1843 4009 2029 4086 ἐξέλθῃ

374 4097 481 4152 ἀπὸ
511 4101 609 4152 τοῦ
635 4098 927 4173 ἀνθρώπου
961 4101 1045 4172 (τῇ
1080 4100 1267 4175 χάριτι
1305 4095 1519 4168 δηλαδῆ
1571 4102 1667 4152 τοῦ
1720 4100 2026 4174 βαπτίσπαο

372 4189 513 4260 τος),
549 4185 827 4263 διέρχεται
857 4185 925 4242 δι’
984 4186 1230 4262 ἀνύδρων
1272 4187 1481 4257 τόπων,
1542 4193 1738 4259 ζητοῦν
1793 4191 2028 4246 ἀνάπαυο

376 4297 483 4345 σιν,
517 4277 606 4333 καὶ
640 4279 753 4354 οὐχ
781 4277 1034 4352 εὑρίσκει·
1073 4280 1147 4350 μὴ
1181 4279 1344 4356 φέρον
1405 4278 1462 4333 δὲ
1514 4277 1600 4332 ἐπὶ
1649 4279 1794 4334 πολὺ
1845 4278 2028 4337 ἄοικον

376 4366 467 4419 καὶ
503 4365 739 4422 ἀνέστιον
799 4366 1260 4442 περιπλανᾶσθαι,
1319 4366 1488 4442 λέγει’
1551 4368 1894 4442 Ἐπιστρέψω
1952 4370 2030 4434 εἷς

377 4455 469 4511 τὸν
502 4454 648 4510 οἶκόν
705 4477 829 4528 μου,
890 4456 1009 4521 ὅθεν
1072 4454 1320 4530 ἐξῆλθον.
1377 4457 1498 4527 Καὶ,
1558 4454 1739 4527 ἐλθὸν,
1795 4457 2030 4534 εὑρίσκει

374 4546 751 4618 σεσαρωμένον
785 4546 874 4601 καὶ
933 4545 1372 4619 κεκοσμημένον,
1420 4546 1573 4600 κενὸν
1635 4543 1693 4602 δὲ
1739 4547 1826 4602 καὶ
1887 4567 2030 4624 σχο-

374 4633 626 4703 λάζοντα,
663 4636 739 4706 μὴ
773 4634 1170 4708 ὑποδεξάμενον
1197 4637 1297 4704 τήν
1332 4633 1578 4711 ἐργασίαν
1627 4642 1728 4704 τῆς
1775 4639 2023 4711 χάριτος,

376 4721 519 4799 μηδὲ⁹
549 4721 918 4799 πληρώσαντα
976 4725 1163 4779 ἑαυτὸν
1212 4728 1292 4796 τῷ
1347 4723 1572 4798 πλούτῳ
1631 4731 1740 4780 τῶν
1797 4727 2024 4802 ἀρετῶν,

369 4813 510 4872 Τότε
543 4815 654 4889 (71)
686 4813 973 4890 πορεύεται
1003 4815 1092 4869 καὶ
1140 4809 1408 4888 λαμϐάνει
1459 4816 1578 4888 μεθ’
1629 4815 1821 4871 ἑαυτοῦ
1868 4813 2028 4893 ἕτερα

370 4902 507 4959 ἐπτά
546 4903 837 4977 Πνεύματα
889 4904 1236 4981 πονηρότερα
1291 4905 1504 4961 ἑαυτοῦ·
1565 4905 1655 4960 καὶ
1715 4905 2028 4962 εἰσελθόντα

2141 3295 2212 3350 ab
2237 3295 2369 3351 aliis
2400 3294 2678 3360 suffultaa,
2699 3292 2967 3347 animum
2999 3290 3061 3343 in
3093 3289 3308 3344 coelum
3331 3287 3682 3343 subvehunt.
3707 3289 3793 3340 En

2139 3386 2265 3440 haac
2297 3390 2438 3440 sunt
2468 3401 2598 3454 quaa
2621 3388 2756 3454 post
2783 3381 3144 3452 baptismum
3171 3378 3451 3449 amplecti
3483 3376 3788 3448 jubemur,

2139 3480 2316 3547 atque
2345 3474 2418 3530 ab
2451 3473 2586 3529 aliis
2619 3489 2750 3544 quae
2781 3487 2918 3527 cum
2949 3470 3043 3524 his
3071 3473 3340 3540 pugnant
3357 3467 3679 3523 abstinere.

2209 3653 2375 3718 Quod
2410 3653 2457 3707 si
2517 3655 2651 3723 post
2707 3654 3009 3721 acceptam
3067 3647 3330 3703 veritatis
3387 3646 3791 3717 cognitionem

2138 3743 2337 3814 priora
2368 3747 2602 3796 mortua
2632 3755 2814 3812 Opera
2846 3755 3088 3793 rursum
3120 3736 3498 3806 arripiamus,
3533 3751 3599 3789 ac
3623 3735 3788 3790 canis

2139 3832 2328 3886 instar
2357 3831 2431 3886 ad
2463 3836 2736 3885 nostrum
2757 3828 3043 3883 vomitum
3066 3826 3521 3886 revertamurill
3559 3827 3675 3878 Pet.
3712 3823 3794 3894 ιι),

2139 3922 2289 3976 illud
2319 3922 2492 3976 nobis
2523 3937 2638 3976 usu
2669 3920 2883 3984 veniet,
2919 3918 3078 3989 quod
3111 3935 3145 3972 a
3176 3916 3424 3970 Domino
3459 3915 3686 3969 dictum
3711 3919 3801 3969 est

2141 4015 2318 4081 (Luca?
2348 4013 2466 4080 x1):
2500 4012 2643 4066 Cum
2679 4009 2860 4076 enim,
2895 4008 3108 4078 inquit,
3143 4006 3388 4061 exiverit
3443 4003 3796 4058 immundus

2140 4101 2385 4173 spiritus
2416 4100 2487 4156 ab
2520 4101 2761 4154 homine
2791 4103 2922 4170 (per
2950 4095 3229 4168 baptismi
3263 4094 3491 4150 scilicet
3518 4093 3790 4165 gratiam)

2141 4191 2407 4246 ambulat
2422 4207 2526 4261 per
2543 4190 2672 4244 loca
2693 4190 3286 4258 inaquosa,quzerens
3301 4184 3568 4253 requiem
3583 4235 3586 4238 .
3599 4188 3657 4236 et
3669 4198 3790 4236 non

2141 4281 2390 4336 invenit.
2418 4279 2781 4334 Permoleste
2799 4284 2996 4333 autem
3016 4277 3213 4330 ferens
3237 4293 3298 4329 se
3320 4274 3544 4327 diutius
3564 4273 3702 4326 tecti
3725 4288 3793 4326 ac

2141 4371 2284 4426 laris
2315 4375 2614 4442 expertem
2643 4368 2880 4435 esse,ait
2907 4368 3219 4421 :Revertar
3251 4365 3309 4417 in
3329 4363 3575 4417 domum
3598 4377 3793 4416 meam

2139 4461 2298 4516 unde
2333 4460 2502 4515 exivi.
2534 4462 2604 4513 Et
2632 4460 2880 4514 veniens
2911 4457 3140 4511 invenit
3166 4471 3295 4510 eam
3327 4452 3521 4523 scopis
3544 4451 3794 4506 munda-

2142 4557 2264 4607 tam
2283 4557 2340 4606 et
2366 4555 2658 4615 ornatam,
2683 4554 2964 4603 caeterum
2995 4548 3236 4601 inanem
3267 4561 3334 4599 ac
3365 4547 3694 4609 vacantem,
3725 4546 3793 4596 ut

2139 4658 2270 4712 quae
2301 4646 2503 4714 gratias
2563 4639 2788 4694 cultum
2846 4643 3024 4707 atque
3082 4634 3491 4707 operationem
3542 4631 3789 4687 minime

2139 4730 2487 4801 susceperit,
2520 4745 2630 4784 nec
2661 4744 2722 4782 se
2760 4728 2950 4798 ipsam
2980 4726 3268 4780 virtutum
3319 4722 3534 4794 Opibus
3583 4736 3788 4776 cumu-

2136 4819 2294 4874 larit.
2326 4821 2486 4874 Tunc
2512 4818 2685 4885 vadit,
2720 4822 2779 4872 et
2807 4815 3060 4872 assumit
3115 4830 3319 4869 secum
3363 4817 3590 4884 septem
3639 4809 3786 4864 alios

2138 4908 2381 4981 spiritus
2412 4907 2732 4978 nequiores
2764 4922 2847 4972 se,
2883 4909 2941 4959 et
2968 4905 3272 4976 ingressus
3297 4899 3525 4956 habitat
3546 4897 3688 4952 illic.
3723 4896 3794 4949 Et

407 5084 552 5174 J66)
583 5082 782 5139 Iacob.
817 5085 1000 5174 Epist.
1036 5089 1237 5174 11,36“:
1271 5083 1584 5174 dianapjcip
1609 5086 1672 5140 τὸ
1699 5088 1874 5174 adipi
1891 5086 2030 5162 χωρῖ

2148 5087 2439 5158 πνεύματος
2483 5085 2670 5159 νεκρόν
2724 5081 2887 5152 ἐστιν,
2949 5082 3093 5136 οὕτω
3141 5079 3231 5135 καὶ
3281 5080 3315 5148 ἡ
3367 5077 3546 5138 πίστις
3604 5075 3785 5150 χωρὶς

366 5149 488 5232 τῶν
511 5149 881 5232 ἔρῃυν-νεκράξ
905 5155 1036 5232 ἐστι.
1073 5149 1155 5213 Cf.
1192 5149 1427 5232 Gregorl

445 5230 556 5296 (67)
589 5229 770 5299 Epist.
809 5230 883 5284 ad
916 5230 1039 5287 Gal.
1072 5247 1122 5299 ι’,
1159 5229 1346 5286 16-22.

1512 5176 1592 5216 az.
1627 5165 1775 5216 orat.
1809 5159 1994 5232 40,'p.'
2024 5164 2146 5229 672,
2184 5163 2206 5212 1
2237 5177 2250 5227 ;
2285 5166 2344 5215 et
2374 5175 2509 5214 mox
2540 5163 2663 5214 not.
2697 5159 2784 5211 68.

442 5294 555 5374 (ϐξ)
587 5294 768 5371 Epist.
806 5301 879 5355 ad
916 5302 1085 5356 Hebr.
1108 5294 1196 5368 ιν,
1233 5307 1254 5357 1
1287 5321 1299 5357 :
1334 5301 1599 5374 Θεμέλιον
1632 5296 2030 5374 καταϐαλλόμετ

2149 5301 2564 5374 μετανοίας-ἀπὸ
2594 5302 2798 5374 νεκρῷν
2831 5294 3023 5374 ἔργων·
3060 5303 3118 5352 et
3147 5315 3243 5374 Ix_,_
3265 5299 3346 5350 14.

2610 5369 2698 5388 δι·
2756 5370 2768 5388 ν

442 5363 555 5442 (69)
589 5363 879 5447 Respectu
910 5374 982 5429 ad
1016 5363 1224 5447 notum
1256 5363 1452 5447 locum
1484 5377 1647 5447 Petrt
1679 5376 1721 5447 ll
1748 5375 1940 5447 Epist.
1961 5363 2030 5442 ἰι,

2149 5363 2167 5430 ἐ
2232 5369 2558 5447 Συμϐέϐηκε
2607 5369 2665 5447 δὲ.
2689 5363 2916 5447 ἀὐτοῖς’
2939 5372 3000 5425 τὸ
3028 5375 3142 5447 ’τῆς
3175 5366 3447 5447 ,ἀληθοῦςλ
3480 5363 3788 5447 Παροιμίας

395 5438 562 5520 Prov}
597 5438 905 5520 xxiii-di]:
929 5468 957 5495 «
989 5444 1144 5498 Κύων
1176 5443 1498 5520 ἐπιστρέψας
1532 5445 1616 5500 ἐπὶ
1649 5446 1711 5499 τὸ
1744 5438 1888 5500 ἷ¹δῖον
1922 5438 2175 5518 ἐξέραμα*
2215 5469 2241 5496 ››
2273 5438 2386 5515 καὶ,
2415 5471 2443 5495 ε(
2479 5438 2578 5505 γὟς
2630 5442 2942 5514 λουσαμένη
2999 5440 3074 5502 εἷς
3126 5438 3369 5520 κύλξσμέα

3421 5432 3715 5512 βορϐόρου.
3755 5458 3782 5484 ››

418 5511 869 5588 εβιιάο-Αὺάἰειέ
889 5517 972 5586 in,
1004 5521 1068 5575 6:
1099 5540 1126 5568 «
1161 5511 1419 5576 Prmstes'
1442 5525 1526 5587 ut,
1557 5520 1604 5574 si
1637 5519 1762 5576 hinc
1793 5511 2017 5575 mulier
2039 5511 2115 5575 ad
2144 5511 2384 5576 casuum
2413 5519 2701 5587 libidinis,
2735 5511 2851 5588 quo
2885 5517 3049 5588 prius
3075 5519 3202 5569 erat
3223 5511 3457 5578 faadata,
3486 5511 3666 5566 fuerit
3686 5527 3780 5564 re-

370 5586 590 5657 voluta,
624 5605 745 5644 non
777 5596 1022 5645 sanetur
1047 5591 1309 5647 omnino.
1347 5613 1376 5644 η

442 5659 558 5805 (70)
589 5661 725 5716 Luc.
761 5678 841 5730 ιι,
874 5664 962 5731 24,
989 5663 1080 5719 25.

445 5734 526 5803 (71
583 5731 735 5791 Ibid.
765 5735 854 5790 26.

445 5731 552 5803 (71)
583 5731 735 5791 Ibid.
765 5735 854 5790 26.
