4100 6396
415 360 524 418 955

1955 361 2323 418 ADDENDA.

3743 359 3856 419 956

416 502 660 556 me,non
684 490 882 542 estme
906 485 1216 559 dignus.Et
1228 484 1326 558 qui
1353 484 1546 558 diligit
1561 483 1751 542 filium
1769 491 1872 543 aut
1888 489 2074 546 filiam

2200 486 2314 551 Βδὸς
2360 490 2394 558 ἡ
2455 487 2737 564 ἀπάγουσα
2793 488 2868 551 είς
2925 489 3025 557 τήν
3089 489 3254 557 ζωὴν,
3313 489 3404 543 xui
3464 487 3651 564 ὀλίγοι
3715 487 3858 544 εἰσὶν

421 579 558 651 plus
589 594 766 649 quam
799 593 918 641 me,
969 593 1089 630 non
1137 582 1226 631 est
1265 592 1358 630 me
1402 575 1635 648 dignus.
1689 579 1759 631 Et
1803 579 1903 648 qui
1955 598 2075 636 non

423 669 638 739 accipit
669 684 907 722 crucem
939 682 1126 727 suam.
1159 676 1215 719 et
1238 665 1507 736 sequitur
1547 683 1662 724 me.
1709 684 1828 722 non
1863 676 1950 724 est
1982 687 2076 726 me

427 759 640 830 dignus
665 758 883 828 (Matth.
909 760 986 826 χ).
1011 759 1095 810 Εη
1139 757 1265 810 haec
1315 757 1536 820 omnia,
1591 764 1650 813 et
1696 759 1788 813 bis
1835 761 2075 815 similia.

433 849 694 903 Salvator
715 845 998 918 apostolis
1033 845 1353 910 mandavit,
1379 851 1442 899 ut
1466 845 1579 900 fide
1603 847 1882 916 prmditos
1908 847 2078 904 doce-

432 944 582 992 rent.
619 940 807 1006 Atque
849 937 972 989 haec
995 935 1198 990 omnia
1230 935 1403 989 nobis
1443 935 1808 990 observanda
1841 944 1998 999 sunt,
2033 939 2080 992 si

435 1024 672 1096 quidem
695 1024 866 1077 nobis
885 1023 1046 1076 cordi
1072 1023 1148 1077 sit
1168 1023 1592 1093 perfectionem
1630 1023 2082 1096 adipisci,etjuo

428 1113 602 1166 stitiae
617 1129 867 1167 coronas
881 1112 952 1166 ab
968 1112 1129 1166 omni
1149 1113 1762 1183 corruptionealienas
1776 1114 2085 1184 consequi,

433 1219 578 1272 quas
602 1201 811 1256 reddet
837 1202 1125 1257 Dominus
1157 1202 1217 1255 in
1236 1201 1332 1255 die
1355 1201 1871 1273 illajustusjudex
1901 1203 2090 1257 omni-

426 1291 537 1346 bus
567 1292 660 1346 his
693 1293 792 1362 qui
828 1292 1016 1362 ipsius
1047 1291 1364 1346 adventum
1394 1290 1713 1345 dilexerint
1734 1293 1955 1351 (IITim.
1991 1295 2087 1362 iv),

2187 578 2238 632 οἷ
2271 578 2611 652 εὑρίσκοντες
2665 577 2854 646 αὐτήν.
2911 578 2991 634 Οὐ
3051 581 3124 650 (1)
3161 599 3268 640 πας
3296 580 3324 633 6
3359 575 3538 652 λέγων
3592 599 3712 649 μοι,
3748 579 3860 634 Κύ-

2189 687 2291 739 ριε,
2337 667 2530 739 Κύριε,
2583 665 2941 721 εἰσελεύσεται
2998 665 3076 722 sic
3131 669 3232 735 τήν
3271 667 3550 742 βασιλείαν
3581 673 3691 721 τῶν
3751 667 3859 721 οὖ·-

2191 759 2388 828 ρανῶν,
2425 755 2552 808 ἀλλ’
2584 756 2612 809 6
2642 760 2813 808 ποιῶν
2845 756 2907 809 τὸ
2954 753 3173 826 θέλημα
3219 760 3316 809 τοῦ
3350 756 3562 828 Ματρὸς
3599 776 3705 827 μου
3754 759 3856 810 τοῦ

2191 844 2243 899 ἐν
2278 845 2551 919 οὐρανοῖς.
2603 845 2663 901 Ὀ
2720 843 2895 921 φιλῶν
2957 848 3031 916 (2)
3080 847 3285 918 πατέρα
3340 847 3376 915 ἢ
3439 846 3648 918 μητερα
3715 846 3852 918 ὑπὶρ

2193 933 2289 1006 ἐμὲ
2320 933 2423 987 οὐκ
2453 930 2562 988 ἔστι
2621 953 2726 1005 μου
2777 935 2945 1003 ἄξιος,
2977 932 3070 987 xui
3101 934 3128 988 6
3162 933 3337 1006 φιλῶν
3369 934 3484 987 υἱὸν
3519 932 3553 1002 ἢ
3587 935 3858 1007 θυγατέρα

2198 1024 2331 1098 ὑπὲρ
2382 1021 2478 1095 ἐμὲ
2537 1022 2634 1076 οὐκ
2692 1020 2802 1077 ἔστι
2866 1044 2970 1094 μου
3028 1023 3198 1092 ἄξιος·
3232 1023 3410 1084 καὶὃς
3461 1023 3523 1078 οὗ
3578 1020 3858 1096 λαμϐάνει

2194 1112 2283 1166 τὸν
2342 1112 2567 1187 σταυρὸν
2624 1113 2792 1166 αὐτοῦ
2849 1113 2934 1166 xui
2990 1110 3284 1175 ἀκολουθεῖ
3333 1111 3512 1166 ὀπίσω
3574 1135 3722 1185 μου,
3755 1113 3861 1167 οὐκ

2197 1200 2307 1256 ἔστι
2343 1222 2446 1274 μου
2496 1202 2660 1273 ἄξιος.
2723 1199 2862 1258 Ἰδοὺ
2919 1206 3086 1256 ταῦτα
3144 1202 3233 1255 καὶ
3289 1203 3358 1256 τὰ
3409 1202 3628 1264 τούτοις
3686 1201 3862 1274 ὅμοια

2199 1289 2502 1345 ἐνετείλατο
2553 1292 2581 1344 6
2621 1293 2722 1348 98
2757 1292 2953 1366 Σωτὴρ
3011 1296 3129 1352 τοῖς
3187 1288 3519 1353 ἀποστόλοις
3581 1289 3860 1346 διδάσκειν

424 1379 555 1439 τοὺς
587 1378 830 1440 πιστούς·
887 1379 977 1432 καὶ
1025 1383 1189 1431 ταῦτα
1247 1381 1420 1432 πάντα
1477 1377 1769 1457 ὀφείλομεν
1827 1379 2140 1456 φυλάττειν,
2201 1378 2349 1452 εἶ’περ
2405 1382 2680 1452 ποθοῦμεν
2730 1387 2831 1448 τῆς
2884 1380 3236 1450 τελειότητος
3292 1380 3572 1456 ἐπιτυχεῖν
3629 1383 3708 1455 (3)
3763 1380 3864 1435 xui

431 1473 541 1525 τῶν
575 1468 860 1544 ἀφθάρτων
897 1469 1171 1546 στεῳάνων
1206 1469 1501 1541 ἀξιωθῆναι
1532 1475 1632 1538 τῆς
1665 1465 2038 1540 δικαιοσύνης,
2075 1470 2165 1532 οὓς
2195 1467 2467 1524 ἀποδώσει
2502 1469 2700 1544 Κύριος
2732 1468 2781 1523 ἰν
2833 1468 3004 1543 ἐκείνῃ
3033 1474 3101 1544 τῇ
3134 1468 3316 1544 ἡμέρᾳ
3347 1471 3374 1524 6
3406 1468 3616 1534 δίκαιος
3666 1472 3867 1546 κριτὴς

429 1566 562 1617 πᾶσι
593 1566 708 1621 τοῖς
741 1558 1052 1634 ἠγαπηκόσι
1081 1559 1180 1627 τὴν
1215 1557 1525 1635 ἐπιφάνειαν
1560 1558 1746 1614 αὐτοῦ.

502 1655 657 1709 Dixit
677 1657 874 1706 autem
899 1650 972 1706 ad
999 1667 1133 1706 eum
1156 1650 1438 1722 Josaphat
1457 1652 1624 1723 :Ergo
1649 1668 1781 1706 cum
1804 1656 1921 1706 tam
1944 1669 2075 1723 per-

2261 1654 2414 1723 Λέγει
2467 1651 2494 1704 ὁ
2544 1649 2776 1723 Ἰωάσαφ
2834 1649 2970 1724 πρὸς
3020 1651 3111 1704 τὸν
3171 1651 3423 1724 γέροντα·
3487 1649 3708 1720 Ταύτης
3763 1651 3861 1704 οὗν

428 1745 582 1799 fecta
595 1741 866 1796 doctrina
878 1739 1260 1811 purissimam
1278 1739 1454 1794 vitam
1469 1739 2082 1811 desideret,dic,qu&a-

431 1831 573 1895 so,si
591 1831 735 1884 mihi
750 1829 822 1884 ab
835 1845 954 1883 uno
969 1829 1055 1882 vel
1073 1827 1306 1882 duobus
1321 1828 1616 1883 mandatis
1630 1828 1907 1883 aberrare
1938 1845 2082 1884 con-

429 1920 729 1994 tigerit,an
763 1923 1080 1991 propterea
1107 1923 1230 1973 toto
1265 1934 1440 1989 scapo
1473 1917 1782 1986 aberrabo,
1825 1935 2082 1990 spesque

431 2026 565 2066 mea
592 2009 788 2064 omnis
819 2009 1016 2064 inanis
1045 2007 1247 2064 futura
1276 2007 1414 2064 est?

501 2187 829 2259 Respondit
851 2187 1153 2243 Barlaam:
1178 2189 1305 2241 Non
1329 2192 1420 2242 est
1436 2186 1595 2258 quod
1627 2188 1710 2243 ita
1746 2187 2084 2255 existimet;

431 2293 569 2334 nam
590 2276 1134 2346 DeusVerbum,qui
1155 2275 1363 2331 salutis
1383 2283 1600 2331 nostrai
1625 2294 1803 2332 causa
1815 2278 2089 2332 humani-

432 2374 615 2422 tatem
635 2365 848 2433 induit,
883 2366 1181 2436 ingentem
1216 2372 1444 2420 natura:
1467 2372 1684 2421 nostrai
1709 2366 2088 2421 imbecillita-

433 2462 552 2512 tem
569 2463 967 2511 etzerumnam
993 2455 1355 2525 exploratam
1370 2456 1616 2522 habens,
1652 2458 1798 2511 nein
1815 2459 1923 2512 hac
1955 2457 2086 2528 qui-

435 2544 570 2600 dem
594 2552 757 2617 parte
785 2562 892 2599 nos
914 2545 1227 2599 incurabili
1249 2545 1454 2599 morbo
1481 2546 1750 2602 laborare
1773 2548 2046 2618 permisit
2070 2564 2084 2611 ;

433 2640 727 2701 verum,ut
741 2634 1216 2706 sapientissimus
1233 2635 1766 2703 medicus,lubricze
1782 2643 1999 2691 nostrm
2019 2655 2086 2693 ac

433 2724 716 2799 peccandi
739 2724 966 2795 cupidw
982 2723 1267 2779 voluntati
1287 2725 1651 2795 pmnitentize
1674 2725 2088 2782 medicamen-

432 2822 560 2871 tum
576 2814 914 2879 admiscuit,
935 2829 1064 2868 eam
1087 2814 1362 2869 videlicet
1382 2815 1455 2870 ad
1475 2822 1851 2886 peccatorum
1881 2818 2088 2872 remis-

437 2906 668 2961 sionem
682 2903 1033 2975 praadicans.
1060 2904 1452 2976 Posteaquam
1466 2906 1627 2960 enim
1642 2906 1904 2960 veritatis
1926 2907 2087 2979 agni-

2187 1746 2286 1808 τῆς
2343 1734 2623 1813 ἀκριϐείας
2679 1743 2788 1793 τῶν
2849 1736 3141 1813 δογμάτων
3200 1740 3517 1814 χρῃζούσης
3597 1740 3688 1794 καὶ
3744 1740 3849 1807 τήν

2190 1829 2457 1906 ἀκραιφνῆ
2498 1828 2698 1898 ταύτην
2759 1829 3063 1898 πολιτείαν,
3123 1827 3210 1883 ἐὰν
3274 1830 3412 1902 μετὰ
3463 1830 3527 1884 τὸ
3566 1829 3853 1904 βάπτισμα

2191 1915 2374 1992 συμϐῇ
2412 1940 2478 1991 με
2509 1919 2621 1980 ἑνὸς
2649 1920 2682 1988 ἧ
2719 1916 2814 1972 δύο
2844 1923 2952 1972 τῶν
2985 1917 3222 1974 ἐντολῶν
3255 1917 3467 1973 τούτων
3505 1915 3855 1995 διαμαρτεῖν,

2191 2009 2294 2084 ἄρα
2320 2007 2700 2084 διαμαρτάνων
2758 2003 2951 2079 ἔσομαι
2983 2007 3119 2062 ὅλου
3175 2011 3272 2062 τοῦ
3326 2011 3555 2079 σκοποῦ,
3603 2007 3694 2062 καὶ
3743 2029 3853 2081 μα-

2189 2099 2314 2153 ταία
2344 2096 2490 2152 ἔσται
2526 2103 2668 2150 πᾶσα
2699 2099 2733 2165 ἠ
2769 2095 2925 2158 ἐλπίς
2960 2116 2976 2166 ;

2261 2188 2325 2245 Ὀ
2357 2185 2414 2241 δὲ
2446 2185 2715 2260 Βαρλαᾶμ
2744 2184 2868 2263 ἔφη·
2917 2187 3004 2254 Μὴ
3059 2185 3234 2248 οὕτως
3270 2181 3631 2259 ὑπολάμϐανε
3659 2190 3850 2244 ταῦτα.

2191 2279 2254 2333 Ὀ
2296 2277 2397 2353 γάρ
2455 2275 2547 2330 ἐπὶ
2603 2278 2850 2349 σωτηρίᾳ
2902 2280 3000 2330 τοῦ
3046 2279 3237 2350 γένους
3284 2279 3446 2348 ἡμῶν
3503 2275 3852 2350 ἐνανθρωπή-

2193 2387 2287 2428 σας
2321 2367 2450 2427 Θεὸς
2486 2367 2684 2440 Λόγος,
2724 2363 2885 2426 εἷ’δὼς
2923 2367 3023 2433 τὴν
3055 2364 3277 2432 πολλὴν
3310 2365 3586 2428 ἀσθένειαν
3637 2365 3726 2420 xui
3754 2386 3858 2419 τα-

2193 2453 2504 2527 λαιπωρίαν
2533 2461 2633 2522 τῆς
2665 2453 2874 2531 φύσεως
2926 2457 3110 2526 ἡμῶν,
3160 2453 3284 2509 οὐδὲ
3329 2454 3382 2509 ἐν
3429 2454 3618 2526 τούτῳ
3647 2459 3728 2525 τῷ
3760 2455 3862 2527 μὲ-

2195 2565 2274 2621 ρει
2305 2544 2508 2622 ἀφῆκεν
2555 2547 2702 2616 ἡμᾶς
2760 2544 3080 2618 ἇνιάτρευτα
3134 2549 3330 2598 νοσεῖν·
3392 2542 3522 2598 ἀλλ’
3583 2544 3658 2607 ὡς
3715 2544 3855 2598 πάν-

2194 2655 2361 2712 σοφος
2392 2634 2576 2705 ἱατρὸς
2704 2631 2976 2707 ὁλισθηρᾷ
3022 2635 3183 2706 ἡμῶν
3242 2633 3331 2688 καὶ
3389 2632 3848 2711 φιλαμαρτήμονι

2192 2725 2389 2800 γνώμῃ
2424 2722 2670 2796 συνέμιξε
2716 2723 2780 2777 τὸ
2811 2724 3096 2800 φάρμακον
3153 2730 3253 2791 τῆς
3307 2727 3612 2795 μετανοίας,
3664 2724 3840 2797 κηρύ-

2195 2815 2284 2884 ξας
2340 2812 2543 2881 ταύτην
2606 2812 2682 2873 εἰς
2736 2811 2922 2890 ἄφεσιν
2981 2814 3264 2888 ἁμαρτιῶν
3324 2818 3421 2875 (5).
3483 2813 3630 2868 Μετὰ
3655 2813 3755 2889 γὰρ
3781 2814 3844 2868 τὸ

2196 2897 2382 2959 λαϐεῖν
2415 2904 2564 2975 ἡμᾶς
2594 2904 2694 2970 τήν
2753 2900 3048 2976 ἐπίγνωσιν
3101 2909 3201 2971 τῆς
3233 2901 3513 2972 ἀληθείας,
3546 2902 3636 2956 καὶ
3694 2904 3849 2978 ἁγια-

435 2995 660 3050 tionem
678 2993 1145 3064 suscepimus,ac
1160 3011 1267 3065 per
1279 3011 1496 3065 aquam
1511 2995 1857 3067 etSpiritum
1874 2998 2084 3051 sancti-

2201 2999 2395 3062 σθῆναι
2455 2989 2524 3046 δι’
2581 2989 2775 3053 ὕδατος
2831 2991 2922 3046 καὶ
2981 2991 3330 3064 πνεύματος,
3395 2993 3577 3062 πάσης
3633 3013 3694 3046 τε
3747 2995 3853 3050 94

438 3085 592 3140 ficati
605 3126 617 3149 ,
642 3090 818 3153 atque
841 3081 912 3135 ab
928 3082 1088 3137 omni
1105 3089 1344 3153 peccato
1360 3089 1417 3137 et
1429 3085 1623 3154 spurci
1635 3085 1712 3138 tie
1726 3084 1852 3139 sine
1867 3085 1988 3139 ullo
2001 3085 2086 3140 la-

439 3172 580 3228 bore
613 3173 843 3244 purgati
880 3189 1105 3238 sumus,
1126 3173 1173 3226 si
1198 3172 1370 3227 nobis
1393 3173 1455 3227 in
1487 3174 1688 3244 aliqua
1712 3180 1952 3244 peccata
1970 3174 2087 3228 labi

440 3260 771 3334 contigerit,
799 3278 920 3316 non
936 3261 1174 3331 quidem
1193 3263 1596 3334 superestjam
1621 3263 1808 3318 altera
1829 3263 2087 3335 perhap-

440 3352 685 3406 tismum
711 3350 1078 3424 regeneratio
1102 3352 1286 3420 (Hebr.
1311 3352 1405 3421 v1),
1431 3370 1563 3422 qua)
1586 3353 1645 3406 in
1669 3354 1913 3424 piscium
1934 3371 2092 3424 aqua

443 3459 549 3514 per
569 3441 853 3512 Spiritum
869 3445 1266 3510 comparatur,
1293 3458 1359 3496 ac
1384 3442 1639 3512 perfecte
1666 3459 1775 3498 nos
1798 3444 2093 3499 instaurat

443 3532 578 3602 (hoc
608 3531 766 3584 enim
799 3529 1156 3584 beneficium
1181 3531 1365 3584 semel
1388 3531 1675 3587 duntaxat
1695 3534 2088 3605 conceditur),

441 3637 641 3676 verum
666 3635 1054 3691 perasperam
1077 3619 1509 3692 pmnitentiam,
1545 3627 1601 3676 et
1622 3621 1884 3678 calentes
1901 3623 2093 3695 lacry-

440 3716 654 3776 mas,et
666 3709 902 3765 labores
917 3725 986 3764 ac
999 3710 1516 3783 sudores,propter
1527 3712 1750 3768 viscera
1763 3714 2094 3769 misericor-

443 3800 659 3856 dimDei
674 3800 1302 3872 nostri,purgationem
1319 3817 1387 3856 ac
1399 3808 1774 3873 peccatorum
1789 3805 2091 3859 remissio-

443 3907 580 3946 nem
595 3889 1276 3961 consequimur.Etenim
1291 3892 1631 3963 perDomini
1645 3894 1893 3965 gratiam
1909 3893 2093 3966 lacry-

443 3997 674 4036 marum
689 3979 821 4034 fons
835 3979 1164 4051 baptismus
1177 3981 1512 4052 appellatur
1525 3984 1924 4054 tametsialioq
1934 3984 1990 4038 ui
2005 3985 2090 4040 la-

442 4070 583 4127 bore
597 4089 662 4126 ac
677 4077 943 4143 tempore
967 4088 1114 4143 opus
1138 4071 1459 4127 habeat.Ac
1481 4073 1819 4144 complures
1844 4091 1872 4128 e
1887 4074 2093 4129 multis

432 4162 691 4234 peccatis
707 4164 787 4216 eri
800 4161 1241 4233 puit,quoniam
1258 4160 1491 4216 nullum
1507 4168 1814 4232 peccatum
1831 4169 1920 4218 est
1933 4162 2093 4233 quod

437 4251 536 4306 Dei
563 4250 993 4322 benignitatem
1017 4250 1290 4318 vincat,si
1319 4251 1560 4321 quidem
1584 4252 1750 4322 prius
1773 4253 2093 4323 resipueri-

435 4355 664 4401 mus,ac
695 4339 1047 4394 delictorum
1083 4338 1348 4394 maculas
1379 4338 1658 4410 lacrymis
1690 4339 1978 4409 eluamus,
2015 4355 2089 4394 ne

434 4428 657 4500 alioqui
679 4445 840 4484 mors
862 4433 1374 4494 antevertens,nos
1399 4427 1692 4483 scelerum
1716 4428 1969 4482 maculis
1996 4428 2087 4482 in-

439 4517 714 4588 quinatos
729 4518 868 4573 hinc
881 4518 1100 4590 ejiciat.
1135 4519 1260 4572 Non
1277 4517 1435 4573 enim
1452 4522 1542 4572 est
1568 4518 1630 4572 in
1653 4517 1886 4572 inferno
1909 4517 2093 4588 paeni-

437 4608 624 4663 tentia
653 4625 763 4662 nec
787 4608 1079 4664 confessio
1107 4611 1276 4678 (Psat.
1309 4611 1404 4679 vi).
1438 4607 1709 4673 Quandiu
1741 4614 1937 4664 autem
1961 4609 2093 4663 vita;

437 4714 620 4754 usura
635 4697 890 4752 fruimur
901 4697 1222 4753 dummodo
1238 4697 1580 4753 orthodoxae
1597 4697 1733 4753 ﬁdei
1749 4697 2102 4753 fundamen-

435 4795 560 4845 tum
581 4788 821 4842 ﬁrmum
835 4787 1336 4855 maneat,etiamsi
1353 4787 1610 4843 trabium
1625 4787 1852 4860 aliquid
1865 4795 1968 4844 aut
1979 4805 2104 4846 rec-

505 4924 580 4997 (1)
614 4922 813 4997 Mattb.
846 4937 945 4988 vn,
975 4924 1072 4997 2i.

507 4994 580 5066 (2)
616 4994 841 5050 Matth..
871 5011 928 5060 ι,
963 4996 1050 5063 37,
1084 4995 1173 5051 38.

2205 3081 2473 3153 ἁμαρτίας
2529 3081 2616 3135 καὶ
2694 3080 2895 3144 παντὸς
2974 3080 3145 3156 ῥύπου
3221 3081 3459 3156 ἀμογητὶ
3521 3085 3863 3156 καθαρθῆναι

2207 3171 2292 3226 ius;
2331 3167 2516 3244 συμϐῇ
2576 3170 2627 3225 ἔν
2685 3192 2795 3226 τισι
2853 3171 3291 3245 παραπτώμασιν
3325 3173 3474 3244 ἡμᾶς
3528 3172 3865 3248 ἁμαρτημά-

2203 3283 2311 3318 των
2345 3260 2621 3334 ἐμπεσεῖν,
2663 3261 2763 3316 οὗκ
2819 3259 2928 3315 ἔστι
2995 3262 3089 3334 μὲν
3152 3257 3241 3315 διὰ
3303 3260 3684 3334 βαπτίσματος
3743 3259 3866 3317 δευ-

2203 3357 2332 3427 τὲρα
2361 3349 2714 3426 ἀναγέννησις
2763 3349 2816 3404 ὲν
2875 3347 3028 3404 ὕδατι
3082 3357 3184 3419 τῆς
3215 3345 3616 3426 κολυμϐήθρας
3651 3349 3743 3406 διὰ
3769 3355 3864 3407 τοῦ

2203 3443 2511 3514 πνεύματος
2570 3439 2896 3515 ἐγγινομένη
2967 3439 3058 3494 καὶ
3145 3439 3372 3504 τελείως
3449 3443 3601 3512 ἡμᾶς
3643 3443 3865 3517 ἀναχω.

2204 3531 2452 3588 νεύουσα.
2501 3535 2662 3586 τοῦτο
2693 3531 2794 3606 γὰρ
2841 3531 2904 3585 τὸ
2956 3527 3193 3605 δώρημα
3252 3531 3388 3600 ἅπαξ
3445 3527 3685 3586 δέδοταιο
3722 3530 3867 3587 ἀλλὰ

2207 3619 2296 3676 δῖα
2331 3619 2614 3695 μετανοίας
2653 3618 2895 3692 ἐμπὸνου
2949 3618 3038 3674 xui
3099 3624 3311 3695 θερπῶν
3371 3617 3645 3695 δακρύων,
3677 3621 3863 3676 κόπων

2204 3733 2262 3766 τε
2285 3712 2375 3766 xui
2407 3709 2676 3786 ἱδρώτων,
2724 3709 2928 3786 γίνεται
2971 3709 3308 3784 καθαρισμός
3360 3709 3449 3764 καὶ
3503 3712 3866 3786 συγχώρησις

2204 3806 2312 3857 τῶν
2355 3799 2711 3872 πταισμάτων
2764 3797 2854 3853 διὰ
2885 3797 3178 3874 σπλάγχνα
3236 3797 3425 3862 ἐλέους
3481 3803 3622 3854 Θεοῦ
3679 3803 3864 3873 ἡμῶν.

2203 3891 2494 3962 Βάπτισμα
2541 3889 2644 3965 γαρ
2702 3887 2909 3958 ἐκλήθη
2969 3888 3058 3942 xui
3118 3891 3152 3958 ἡ
3211 3893 3319 3942 τῶν
3377 3885 3627 3964 δακρύων
3688 3891 3862 3965 πηγὴ,

2203 3982 2340 4037 κατᾶ
2372 3985 2534 4056 χάριν
2569 3982 2665 4032 τοῦ
2697 3977 2997 4042 Δεσπότου,
3030 3975 3174 4032 ἀλλὰ
3206 3977 3379 4032 πόνου
3409 3977 3499 4032 καὶ
3541 3979 3753 4054 χρόνου
3786 3982 3862 4051 (6)

2205 4069 2483 4143 δεόμενον*
2515 4065 2605 4122 xui
2634 4065 2884 4128 πολλοὺς
2912 4071 3020 4120 τῶν
3068 4064 3300 4122 πολλῶν
3362 4063 3663 4122 διεσώσατο
3694 4088 3858 4121 πται-

2206 4159 2446 4233 σμάτων·
2503 4157 2694 4220 καθότι
2743 4155 2841 4210 οὐκ
2893 4154 3032 4210 ἔστιν
3079 4155 3319 4231 ἁμαρτία
3365 4161 3573 4210 νικῶσα
3609 4157 3712 4224 τὴν
3765 4159 3859 4210 τοῦ

2207 4252 2340 4304 Θεοῦ
2370 4244 2805 4321 φιλανθρωπίαν,
2838 4243 2990 4318 εἷ’περ
3040 4243 3316 4320 φθάσομεν
3381 4251 3714 4316 μετανοῆσαι
3770 4242 3856 4297 καὶ

2208 4337 2432 4412 δάκρυσι
2489 4334 2840 4407 πταισμάτων
2901 4336 3098 4408 αἶσχος
3155 4333 3517 4406 ἀπονίψασθαι
3557 4381 3569 4398 ,
3629 4335 3717 4388 xui
3781 4333 3852 4406 μὴ

2201 4422 2498 4505 προλαϐὼν
2557 4427 2585 4480 6
2647 4424 2872 4488 θάνατος
2927 4422 3352 4498 ἐῤῥυπωμὲνους
3429 4426 3579 4498 ἡμᾶς
3639 4420 3858 4479 ἐκϐαλεῖ

2200 4524 2307 4574 τῶν
2362 4517 2618 4580 ἐντεῦθεν·
2683 4513 2783 4568 οὐκ
2839 4511 2948 4568 ἔστι
3007 4514 3108 4586 γὰρ
3163 4513 3216 4567 ἐν
3247 4518 3326 4585 τῷ
3357 4509 3460 4588 ’ᾄδῃ
3523 4513 3854 4588 ἐξομολόγη-

2206 4629 2288 4671 σις
2321 4611 2419 4681 (7),
2449 4602 2576 4660 οὐδὲ
2612 4605 2884 4676 μετάνοια·
2915 4598 3021 4664 ’ἕως
3072 4599 3130 4657 δὶ
3177 4602 3228 4657 ἐν
3286 4607 3403 4663 τοῖς
3459 4601 3629 4658 λῶσιν
3691 4603 3856 4674 ὦμεν,

2205 4700 2303 4752 τοῦ
2335 4693 2595 4768 θεμελίου
2623 4700 2724 4762 τῆς
2776 4689 3070 4766 ὁρθοδόξου
3128 4691 3360 4753 πίστεως
3414 4690 3685 4768 ἀρῥαγοῦς
3741 4688 3852 4746 δια-

2217 4787 2495 4861 μένοντος,
2545 4785 2640 4838 κᾶν
2697 4803 2752 4837 τι
2807 4788 2907 4851 τῆς
2954 4779 3241 4844 δοκώσεως
3289 4782 3325 4850 ἢ
3358 4784 3456 4846 τῆς
3513 4778 3858 4855 ἐνδομήσεως

609 5067 670 5129 C,
703 5057 923 5156 τυχεῖν,
946 5057 1186 5156 Νἱιὲιῖρίιζ
1221 5067 1456 5156 (Ξῖ-θεοῖ.
1491 5083 1575 5133 m,
1599 5066 1656 5156 ,3,
1688 5069 1720 5156 Ζ
1747 5085 1759 5124 :
1795 5068 2087 5156 Ἐπεσκοειε

2211 5064 2331 5156 καθ’
2363 5062 2550 5150 δαυτρν
2587 5060 2682 5156 μξγ
2715 5057 2931 5152 ἥκιστα·
2966 5063 3104 5156 πῶς,
3123 5059 3248 5156 γιξρ,
3275 5064 3467 5156 πεῖραν
3499 5059 3852 5156 ,πραγμάτων

428 5129 813 5215 τοιόὖτων-κάῖ
848 5129 1134 5212 λογισμῶν
1166 5129 1526 5215 λαϐυρίνθους
1558 5129 1853 5215 οὐκῃέχων,
1889 5141 1962 5201 ὡς
1997 5138 2229 5215 εἴρηται·
2289 5129 2597 5215 ἐσκοπεῖτοῇ’
2632 5130 2678 5186 δ’
2697 5131 2842 5215 -οὗνι
2868 5131 3002 5205 μετὰ
3038 5129 3147 5186 τῶν
3170 5129 3220 5185 ἐν
3241 5129 3406 5215 Δτέλει
3453 5132 3531 5215 τὰ,
3567 5129 3851 5215 ἐι-πεοιλιειέονἔ

430 5215 573 5286 Fere
607 5210 808 5286 malim
839 5204 1184 5286 varietatem
1213 5204 1494 5266 ἐσκοπεῖτο
1524 5210 1643 5264 καθ’
1675 5204 1881 5281 iub-:69,
1912 5214 1986 5270 ob
2017 5204 2087 5284 re,

2200 5213 2340 5267 itum
2371 5208 2676 5263 ἐσκοπεῖτο.
2697 5204 2992 5261 Ριιωιονθει
3049 5205 3457 5278 parenthetico
3515 5206 3660 5277 (πῶς
3687 5204 3781 5281 γάρ
3808 5206 3852 5276 ς)

431 5283 814 5341 scribendum
839 5283 969 5337 fuit.

500 5357 575 5427 (4)
602 5354 783 5427 Epist.
801 5355 889 5427 _ad
921 5356 1070 5411 Tim.
1103 5373 1173 5418 Iv,
1207 5359 1238 5410 8
1265 5373 1277 5410 :
1312 5353 1515 5427 Λοιπὸν
1550 5353 1832 5427 ἀπόκειταί
1869 5376 1960 5427 μοι
1993 5356 2021 5410 6
2044 5363 2087 5409 τέ

2200 5349 2530 5427 ἰικαιοσὺνης
2567 5350 2851 5427 στέφανος,
2900 5347 2958 5427 δν
2991 5343 3266 5427 ἀποδώσει
3363 5346 3566 5427 Κέριος
3597 5346 3649 5401 ἂν
3682 5345 3853 5421 ἐκείνῃ

428 5419 710 5498 τῇἧμέρᾳ
742 5426 769 5479 6
797 5422 1007 5500 δίκαιος
1036 5428 1253 5500 κριτὴς,
1286 5426 1348 5480 οὐ
1383 5426 1546 5500 μόνον
1581 5424 1639 5500 δὶ
1669 5426 1816 5500 ἐμοὶ,
1847 5419 1993 5482 ἄλλα
2023 5419 2111 5500 xui
2144 5429 2273 5500 πᾶσι
2304 5428 2421 5484 τοῖς
2441 5419 2762 5500 ᾐγαπηκόσι
2794 5420 2892 5487 τὴν
2929 5419 3241 5500 ἐπιφάνειαν
3274 5419 3462 5500 αὐτοῦ,

507 5490 583 5562 (ὅ)
614 5490 787 5573 Marc.
821 5515 861 5565 ι,
895 5501 927 5552 4
953 5490 1250 5570 ;,Ἐγένετο’
1277 5490 1530 5568 Ἰωάννης
1585 5490 1929 5573 βαπτίζων...
1975 5498 2065 5554 xui
2113 5495 2399 5572 κηρύσσων
2437 5490 2714 5571 βάπτισμα
2749 5490 3044 5566 μετανοίας
3081 5491 3158 5555 εἰς
3188 5490 3379 5567 ἄφεσιν
3436 5492 3742 5568 ἁμαρτιῶν.
3774 5490 3859 5546 Cf.

438 5568 572 5623 Luc.
607 5587 685 5636 ιιι,
720 5571 772 5623 3.

507 5641 584 5706 (6)
615 5643 674 5703 C,
706 5639 883 5694 κόπου
912 5639 1001 5693 καὶ
1033 5640 1225 5700 πόνου.
1259 5642 1342 5700 Cf.

510 5658 584 5706 l0)
615 5658 674 5703 υ,
706 5658 883 5694 κοπου
912 5659 1001 5693 και
1033 5658 1225 5700 πονου.
1259 5658 1342 5700 UI.

510 5708 584 5782 (7)
616 5712 771 5767 Psal.
805 5727 878 5779 vi,
913 5715 944 5765 5
980 5729 992 5766 :
1027 5712 1112 5768 Ἐν
1146 5711 1204 5768 δὶ
1231 5658 1408 5790 τῷἶᾲὲ

1413 5683 1426 5698 .
1460 5645 1550 5716 99,
1582 5645 1635 5716 8.
1658 5643 1858 5716 Junxit
1883 5642 2200 5716 Apostolus
2230 5642 2254 5695 Ι
2287 5641 2493 5696 Thess.
2524 5656 2584 5709 ιι,
2617 5641 2672 5710 9,
2702 5637 2874 5692 κόπον
2899 5635 2989 5690 καὶ
3020 5637 3256 5712 μόχθον.

1413 5734 1448 5789 τι
1477 5714 1561 5780 τίς
1589 5712 2050 5794 ὲξομολογήσὶταί
2081 5734 2170 5769 σοι
2206 5731 2222 5784 ;
3231 5751 3242 5763 .
