4100 6434
296 454 407 511 957

1496 457 1675 514 VITA
1712 451 2058 513 BABLAAI
2095 456 2191 509 IT
2223 455 2563 512 JOASAPH.

3616 456 3724 512 958

294 578 586 653 παραλυτῇ
624 622 639 647 ,
695 575 862 650 ἔξεστι
918 577 983 633 τὸ
1038 578 1310 653 σαθρωθὶν
1359 583 1477 642 τοῖς
1536 578 1837 652 πταίσμασι
1881 581 1950 652 τῇ

2066 579 2107 633 ti
2119 576 2694 650 labefactetur,quod
2708 596 2814 652 per
2826 584 3069 652 peccata
3081 582 3421 649 corruptum
3440 588 3526 636 est
3540 583 3725 653 pugni-

297 669 558 743 μετανοίᾳ
586 668 741 731 αὖθις
785 666 1121 723 ἀνακαινίσαι
1181 669 1281 741 (8).
1337 666 1558 737 Πλῆθος
1586 667 1686 744 γὰρ
1743 666 1956 743 οἰκτιρ-

296 763 413 833 μῶν
448 762 585 814 Θεοῦ
634 758 939 830 ἀριθμῆσαι
992 757 1083 811 καὶ
1132 755 1361 832 μέγεθος
1414 757 1601 820 ἐλέους
1649 756 1813 812 αὐτοῦ
1861 778 1958 830 με·-

287 856 492 926 τρῆσαι
526 845 811 903 ἀδύνατον·
848 848 1223 922 ἁμαρτήματα
1255 844 1313 902 δὲ
1363 849 1554 923 οἷάπερ
1611 845 1671 902 ἂν
1718 848 1817 901 ὦσι
1865 847 1956 903 καὶ

294 938 611 1012 πταίσματα
671 936 854 1013 μέτρῳ
923 936 1231 991 ὑποκεινται
1290 936 1381 992 καὶ
1459 936 1741 1011 ἀριθμητά
1823 938 1956 991 εἶναι

290 1023 614 1101 συμϐαίνει.
669 1027 751 1084 Τά
809 1024 899 1080 οὖν
964 1024 1147 1101 μέτρῳ
1199 1026 1289 1080 καὶ
1351 1028 1569 1101 ἀριθμῷ
1627 1027 1958 1099 ὑποκείμενα

288 1121 607 1193 πταίσματα
646 1120 810 1190 ἡμῶν
858 1118 958 1175 95
989 1117 1052 1172 τὸ
1113 1117 1419 1193 ἀμέτρητον
1470 1114 1623 1180 ἔλεος
1680 1118 1771 1172 καὶ
1825 1118 1954 1181 τοὺς

285 1208 697 1285 ἀναριθμήτους
721 1205 1052 1282 οίκυιρμοὺς
1097 1211 1196 1262 τοῦ
1226 1211 1359 1263 Θεοῦ
1410 1210 1627 1273 νικῆσαι
1682 1207 1745 1263 οὗ
1792 1204 1955 1262 δύνα-

288 1319 401 1355 ται.

363 1387 456 1442 Διὸ
516 1384 579 1440 οὐ
642 1386 1102 1461 προσετάχθημεν
1171 1384 1260 1441 ἐπὶ
1343 1391 1463 1448 τοῖς
1536 1387 1953 1461 ἠααρτημένοις

284 1474 708 1553 ἀπογινώσκειν,
760 1472 891 1529 ἀλλ’
942 1472 1325 1551 ἐπιγινώσκειν
1355 1477 1455 1545 τὴν
1500 1475 1812 1551 ἀγαθότητα
1858 1477 1955 1531 τοῦ

287 1570 448 1637 θεοῦ,
507 1564 598 1621 καί
655 1564 1084 1639 καταγινώσκειν
1142 1569 1257 1621 τῶν
1312 1566 1723 1639 ἁμαρτημάτων
1784 1567 1856 1621 ὧν
1917 1568 1952 1636 ἡ

289 1657 483 1734 ἄφεσις
532 1654 818 1730 πρόκειται
866 1651 956 1709 διὰ
1006 1652 1421 1729 φιλανθρωπίαν
1474 1660 1575 1710 τοῦ
1608 1658 1861 1728 Χριστοῖὶ,
1894 1656 1955 1718 ὅς

301 1746 438 1819 ὑπὲρ
485 1750 594 1800 τῶν
653 1744 933 1820 ἀμαρτίῶν
993 1746 1154 1816 ἡμῶν
1214 1745 1276 1799 τὸ
1333 1741 1470 1799 ἴδιον
1533 1744 1740 1821 ἐξέχεεν
1794 1747 1953 1818 αἷμα.

298 1832 661 1910 Πολλαχόθιν
694 1830 751 1888 δὲ
778 1839 877 1903 τῆς
908 1840 1124 1910 γραφῆς
1170 1830 1541 1907 διδασκόμεθα
1570 1834 1669 1903 τὴν
1722 1831 1951 1907 δύναμιν

292 1930 396 1993 τῆς
450 1921 759 1996 μετανοίας,
820 1922 909 1976 καὶ
958 1919 1195 1994 μάλιστα
1246 1922 1307 1977 ἐκ
1364 1926 1469 1978 τῶν
1521 1922 1953 1999 προσταγμάτων

291 2012 387 2068 καὶ
426 2007 763 2086 παραϐολῶν
818 2015 917 2066 τοῦ
974 2011 1179 2086 Κυρίου
1237 2014 1395 2085 ἡμῶν
1456 2014 1641 2083 ’[ησοῦ
1693 2016 1952 2088 Χριστοῦ.

285 2103 430 2160 Ἀπὸ
489 2101 613 2157 τότε
668 2101 792 2176 γὰρ,
853 2100 1018 2178 φησὶν
1076 2102 1175 2174 (9),
1234 2099 1735 2177 ἤρξατοὸἸηο-οὖς
1793 2100 1955 2157 διδά-

286 2212 440 2247 σκειν
499 2193 587 2245 καὶ
652 2191 852 2267 λέγειν’
918 2195 1266 2245 Μετανοεῖτε·
1318 2188 1515 2265 ἤγγικε
1558 2192 1658 2267 γὰρ
1700 2194 1734 2261 ἡ
1798 2192 1953 2267 βασι-

288 2280 420 2337 λεία
448 2286 556 2336 τῶν
582 2280 847 2357 οὐρανῶν.
883 2277 1059 2337 Ἀλλά
1104 2280 1191 2335 καὶ
1246 2279 1298 2336 ἐν
1342 2276 1641 2355 παραῦομῇ
1688 2280 1802 2336 υἱόν
1834 2303 1957 2337 τινα

294 2370 595 2445 εἰσηγεῖται
631 2373 763 2444 (10),
814 2364 1053 2425 λαϐόντα
1106 2370 1206 2438 τὴν
1254 2374 1352 2424 τοῦ
1400 2371 1603 2445 πατρὸς
1653 2370 1839 2426 οὐσίαν
1863 2370 1954 2426 καὶ

292 2460 373 2522 είς
418 2461 607 2535 χώραν
666 2456 1103 2531 ἀποδημήσαντα
1163 2459 1392 2533 μακρὰν,
1442 2465 1599 2514 κακεῖ
1646 2458 1697 2515 ἐν
1750 2461 1955 2532 ἀσωτίᾳ

290 2551 466 2605 πάντα
494 2547 989 2604 κανταναλώσαντα
1044 2551 1179 2623 (11),
1241 2551 1380 2619 εἶτα,
1441 2548 1612 2623 λιμοῦ
1665 2550 1803 2605 κατὰ
1854 2551 1953 2621 τὴν

292 2641 482 2716 χώραν
516 2638 724 2711 ἐκείνην
758 2638 1081 2717 γενομένου,
1114 2637 1420 2695 απελθόντα
1470 2642 1557 2695 καὶ
1607 2638 1953 2711 κολληθέντα

294 2730 376 2787 ivi
405 2734 512 2785 τῶν
546 2733 807 2804 πονηρῶν
841 2727 1085 2785 πολιτῶν
1136 2736 1236 2797 τῆς
1265 2728 1732 2805 πολυαμαρτήτου
1765 2729 1953 2806 χώρας

296 2818 533 2889 ἐκείνης’
589 2820 648 2880 ’ὃς
702 2819 791 2874 καὶ
852 2814 1091 2893 ἔπεμψεν
1153 2817 1310 2873 αὐτὸν
1348 2862 1361 2886 ,
1422 2819 1623 2895 φησὶν,
1688 2819 1764 2882 εἷς
1822 2820 1952 2883 τοὺς

291 2906 493 2983 ἀγροὺς
525 2906 686 2962 αὐτοῦ
721 2906 932 2983 βόσκειν
989 2904 1242 2981 χοίρους·
1301 2908 1403 2976 τήν
1466 2909 1813 2983 τραχυτάτην
1862 2907 1951 2963 καί

295 2995 565 3074 βδελυρὰν
594 2995 861 3073 ἁμαρτίαν
894 2995 1039 3052 οὕτω
1084 2995 1337 3059 καλέσας.
1388 2995 1582 3053 Πολλά
1608 2996 1719 3072 (οὖν
1769 3000 1953 3074 μογή-

290 3109 407 3157 σας,
467 3089 558 3143 καὶ
625 3088 700 3150 είς
761 3087 999 3163 ἐσχάτην
1068 3086 1359 3157 ἐληλακὼς
1416 3086 1813 3162 ταλαιπωρίαν,
1874 3091 1947 3153 ὡς

290 3176 437 3252 μηδὲ
462 3180 563 3246 τῆς
607 3175 935 3253 βρομώδους
982 3182 1092 3232 τῶν
1124 3177 1335 3253 χοίρων
1390 3183 1597 3257 τροφῆς
1642 3181 1741 3249 τὴν
1802 3178 1949 3234 ΐδίαν

284 3266 499 3343 ῒσχύειν
571 3265 853 3340 ἐμπλῆσαι
935 3266 1169 3343 γαστέρα
1202 3312 1217 3337 ,
1278 3266 1354 3329 είς
1429 3268 1770 3340 συναίσθησιν
1850 3268 1950 3342 ὀψέ

2072 668 2271 723 ῑθῐιῐὶω
2302 668 2648 739 adjumento
2682 671 2900 725 sarcire
2922 686 2989 724 ac
3020 686 3303 725 renovare
3337 670 3494 725 licet.
3522 673 3720 742 Neque

2071 759 2229 815 enim
2244 760 2694 815 miserationum
2718 762 2819 817 Dei
2846 761 3163 817 multitudo
3188 764 3487 817 numerari
3506 768 3718 833 potest,

2067 866 2179 904 nec
2193 849 2340 903 mise
2351 849 2619 904 ricordiaa
2635 850 2819 921 ipsius
2833 852 3178 923 magnitudo
3194 853 3255 907 in
3271 869 3612 906 mensuram
3633 870 3726 907 ca-

2067 936 2325 1005 dit(Psal.
2351 937 2551 1008 cxuv).
2578 940 2822 995 Peccata
2835 947 3063 1009 contra,
3094 959 3464 1013 qumcunque
3480 942 3719 997 tandem

2066 1026 2171 1081 illa
2183 1026 2728 1094 fuerint,mensura3
2743 1046 2809 1083 ac
2824 1047 3073 1085 numero
3088 1032 3638 1103 subjiciuntur.Quo
3656 1032 3722 1086 iit

2066 1117 2450 1182 utea,cumin
2467 1133 2807 1172 mensuram
2822 1136 2889 1173 ac
2902 1136 3217 1174 numerum
3231 1121 3551 1189 cadant,im
3562 1138 3722 1176 men-

2068 1206 2302 1260 samDei
2317 1206 2787 1261 misericordiam
2802 1214 2981 1280 atque
2995 1208 3464 1266 innumerabiles
3481 1212 3720 1267 misera-

2067 1297 2260 1353 tiones
2290 1298 2524 1354 vincere
2556 1304 2879 1369 nequeant.

2137 1388 2218 1441 Ac
2239 1386 2486 1457 proinde
2501 1387 2575 1441 ob
2588 1394 2967 1458 peccatorum
2992 1388 3437 1444 multitudinem
3452 1392 3720 1447 animum

2070 1474 2443 1546 despondere
2482 1476 2732 1532 minime
2757 1476 3062 1549 jubemur,
3116 1478 3218 1532 sed
3250 1478 3352 1533 Dei
3394 1479 3721 1536 bonitatem

2067 1579 2410 1635 agnoscere,
2443 1583 2510 1621 ac
2542 1575 2784 1638 peccata
2806 1572 3009 1622 nostra
3033 1567 3721 1639 condemnare,quorum

2066 1656 2340 1712 remissio
2363 1656 2827 1727 propterChristi
2841 1655 3271 1727 benignitatem
3291 1658 3595 1727 prOposita
3610 1663 3719 1725 est,

2067 1746 2167 1818 qui
2191 1764 2296 1818 pro
2322 1745 2648 1801 sceleribus
2672 1746 2892 1800 nostris
2916 1746 3270 1817 sanguinem
3290 1763 3464 1800 suum
3488 1747 3718 1802 effudit.

2064 1838 2246 1890 Porro
2268 1852 2403 1890 cum
2419 1852 2488 1890 ex
2507 1834 2708 1889 multis
2731 1834 3047 1906 Scriptura;
3062 1834 3209 1890 locis
3230 1836 3582 1907 pcenitentia
3603 1838 3720 1894 vim

1986 1956 2034 2021 B
2067 1922 2467 1991 addiscamus,
2490 1928 2612 1978 tum
2629 1923 3007 1995 potissimum
3032 1939 3102 1977 ex
3123 1924 3359 1978 Domini
3378 1926 3566 1979 nostri
3583 1928 3721 1982 Jesu

2065 2014 2280 2069 Christi
2304 2014 2638 2069 actionibus
2662 2030 2727 2068 ac
2760 2013 3079 2084 parabolis.
3123 2015 3204 2067 Ex
3227 2019 3369 2069 tunc
3401 2016 3581 2084 enim,
3615 2016 3719 2084 ait,

2063 2105 2239 2175 caapit
2265 2106 2434 2160 Jesus
2466 2104 2700 2166 docere,
2736 2108 2794 2157 et
2822 2103 3050 2159 dicere:
3092 2104 3507 2160 Paenitentiam
3540 2107 3716 2177 agite,

2063 2193 2559 2265 apprOpinquavit
2590 2194 2749 2248 enim
2780 2210 3030 2266 regnum
3053 2194 3330 2249 caalorum
3368 2198 3585 2265 (Matth.
3614 2198 3713 2263 In).

2060 2283 2214 2349 Quin
2254 2284 2434 2338 etiam
2474 2283 2536 2337 in
2567 2283 2851 2354 parabola
2881 2282 3072 2337 tilium
3106 2284 3423 2353 quemdam
3466 2284 3717 2355 inducit,

2062 2374 2213 2444 (Luc.
2239 2372 2357 2441 xv),
2379 2372 2478 2443 qui
2500 2389 2632 2426 cum
2658 2372 2917 2442 acceptis
2938 2372 3205 2442 paternis
3237 2373 3447 2442 opibus
3480 2374 3541 2427 in
3583 2374 3715 2428 lon-

2060 2462 2344 2534 ginquam
2368 2461 2671 2533 regionem
2686 2459 2985 2532 profectus
2998 2460 3455 2531 fuisset,easque
3474 2462 3535 2516 in
3552 2464 3715 2517 omni

2060 2552 2233 2606 luxus
2265 2555 2441 2621 atque
2470 2550 2947 2621 intemperantim
2973 2566 3188 2622 genere
3220 2552 3714 2623 consumpsisset,

2059 2645 2287 2713 postea,
2313 2640 2552 2709 regione
2576 2639 2680 2693 illa
2704 2639 2855 2695 fame
2880 2639 3188 2695 laborante
3204 2641 3371 2708 abiit,
3393 2648 3449 2695 et
3466 2641 3718 2697 adhaesit

2057 2730 2161 2785 uni
2176 2730 2391 2786 civium
2406 2729 2665 2802 regionis
2680 2728 2861 2784 illius.
2897 2728 3003 2793 Qui
3021 2730 3196 2784 etiam
3216 2730 3385 2785 illum
3410 2731 3470 2785 in
3484 2748 3713 2803 agrum,

2054 2824 2122 2874 ut
2136 2819 2485 2891 porcos,hoc
2500 2824 2589 2873 est
2600 2817 2981 2889 asperrimum
2995 2819 3493 2876 etexsecrandum
3508 2837 3716 2890 pecca-

2056 2914 2203 2976 tum,
2232 2914 2520 2979 pasceret,
2546 2908 2727 2962 misit.
2756 2910 2895 2964 Cum
2916 2910 3116 2980 itaque
3137 2909 3343 2963 multis
3362 2909 3715 2964 calamitati-

2058 2996 2168 3053 bus
2183 2998 2429 3053 affectus
2452 2998 2868 3069 fuissetatque
2885 3000 2945 3053 in
2962 3004 3184 3054 tantam
3202 2999 3504 3053 miseriam
3522 2999 3715 3053 venis-

2058 3093 2166 3156 set,
2201 3093 2265 3142 ut
2295 3104 2370 3142 ne
2410 3104 2727 3159 porcorum
2761 3089 3004 3158 quidem
3038 3088 3271 3159 siliquis
3302 3088 3415 3159 ipsi
3446 3095 3713 3143 ventrem

2058 3194 2233 3232 suum
2250 3177 2499 3247 implere
2520 3176 2997 3243 liceret,tandem
3021 3176 3342 3246 aliquando
3360 3178 3514 3232 hanc
3531 3194 3716 3248 usque

2060 3265 2208 3322 adeo
2222 3281 2457 3337 gravem
2472 3265 2861 3335 ignominiam
2878 3266 3535 3339 agnoscens,vitamque
3550 3284 3719 3322 suam

284 3323 420 3414 1:02;:
448 3361 557 3432 (12)
589 3323 765 3414 ἐλθὼν
792 3362 891 3429 τῆς
937 3323 1217 3429 τοιαύτης,
1242 3323 1534 3434 aio-xiv“,
1732 3323 1945 3437 θρηνῶν

2065 3354 2297 3427 lugens,
2322 3353 2590 3410 dicebat:
2617 3356 2830 3420 Quanti
2856 3356 3212 3412 mercenarii
3245 3356 3307 3410 in
3338 3356 3512 3411 domo
3534 3357 3719 3427 patris

280 3448 475 3506 ῑαυτὸν
510 3442 686 3522 ἔλεγε⁶
727 3447 893 3505 Πόσοι
947 3446 1153 3521 μίσθιοι
1181 3452 1284 3504 τοῦ
1338 3448 1543 3524 πατρός
1604 3471 1709 3523 μου
1767 3471 1958 3526 περισ-

287 3536 533 3592 σεύονται
566 3534 745 3611 ἄρτων
782 3538 793 3592 ί
826 3535 934 3612 ἐγὼ
992 3532 1052 3592 δὲ
1104 3535 1259 3611 λιμῷ
1310 3536 1655 3611 ἀπόλλυμαι.
1694 3539 1953 3601 Ἀναστὰς

292 3625 635 3699 πορεύσομαι
675 3626 815 3701 πρὸς
861 3626 953 3680 τὸν
1012 3626 1220 3700 πατέρα
1280 3647 1409 3699 μου,
1467 3628 1557 3682 καὶ
1616 3626 1721 3682 έσω
1780 3630 1951 3702 αὐτῷ’

296 3716 492 3789 πάτερ,
523 3712 769 3789 ἥμαρτον
831 3713 907 3778 εἲς
960 3715 1052 3771 τὸν
1109 3714 1334 3791 οὐρανὸν
1395 3715 1484 3770 καὶ
1544 3716 1776 3771 ἐνώπιόν
1836 3738 1953 3786 σου,

294 3804 385 3861 καὶ
421 3802 520 3859 οὐκ
551 3802 669 3877 εἷμὶ
702 3803 849 3874 ἄξιος
880 3803 1157 3875 κληθῆναι
1199 3803 1314 3867 υἱός
1367 3824 1483 3860 σου⁶
1518 3804 1751 3876 ποίησόν
1784 3826 1852 3877 με
1882 3806 1956 3869 ὡς

292 3890 387 3949 ἵνα
415 3897 525 3948 τῶν
578 3893 807 3965 μισθίων
869 3913 987 3949 σου.
1048 3893 1147 3948 Καὶ
1199 3893 1425 3956 ἀναστὰς
1478 3891 1618 3964 ἦλθε
1672 3894 1808 3970 πρὸς
1860 3896 1952 3950 τὸν

291 3983 500 4058 πατέρα
529 3982 717 4038 αὐτοῦ.
773 3983 834 4041 Ὁ
884 3980 962 4053 δὲ,
1012 3981 1295 4060 πορῥωθεν
1348 3980 1477 4038 ἰδὼν
1520 3983 1706 4054 αὐτὸν,
1753 3981 1953 4039 ἐσπλαα

288 4070 556 4146 γχνίσοη.
605 4069 695 4125 καῖ
729 4067 1098 4145 πρυσδραμὼν
1161 4066 1559 4144 ένηγκαλίσατο
1616 4070 1706 4125 καὶ
1740 4092 1953 4145 συμπα-

289 4163 402 4224 θῶς
456 4160 811 4239 κατεφίλησε·
859 4161 972 4231 καὶ,
1002 4167 1103 4230 τῆς
1153 4161 1420 4236 προτέρας
1477 4161 1709 4233 ἀξιώσας
1761 4166 1955 4236 τιμῆς,

293 4250 491 4323 ἑορτὴν
534 4248 887 4326 χαρμόσυνον
947 4249 1035 4305 ἰπὶ
1087 4254 1157 4325 τῇ
1214 4249 1379 4306 αὐτοῦ
1436 4251 1708 4327 ἀνευρέσει
1761 4250 1957 4323 ἐποιή-

295 4358 450 4407 σατο,
484 4337 646 4402 θύσας
673 4338 764 4393 τὸν
814 4339 1025 4415 μόσχον
1079 4339 1172 4394 τὸν
1233 4340 1497 4396 σιτευτόν.
1559 4337 1699 4397 Ἰδοὺ
1750 4340 1951 4412 ταύτην

291 4426 392 4495 τὴν
425 4426 752 4503 παραβολὴν
784 4428 908 4503 περὶ
939 4431 1047 4482 τῶν
1090 4425 1141 4501 ἐξ
1174 4429 1454 4503 ἁμαρτιῶν
1507 4430 1955 4505 ὑποστρεφόντων

292 4515 384 4571 καὶ
442 4515 494 4570 έν
553 4518 811 4589 μετανοίᾳ
866 4516 1326 4594 προσπιπτόντων
1399 4519 1537 4589 ἡμῖν
1600 4517 1900 4594 ἐξηγήσατο
1934 4559 1949 4573 .

289 4602 473 4663 Ἀλλά
500 4606 589 4660 καί
622 4608 864 4680 ποιμένα
891 4606 1015 4661 τινὰ
1043 4606 1238 4681 ἀγαθὸν
1274 4604 1425 4670 αὖθις
1472 4603 1640 4676 δηλοῖ
1685 4612 1798 4677 (13)
1829 4610 1955 4664 ἑκα-

2065 3446 2182 3502 mei
2200 3446 2508 3503 abundant
2528 3445 2805 3518 panibus,
2833 3463 2937 3518 ego
2963 3452 3162 3501 autem
3182 3446 3337 3501 fame
3360 3463 3558 3518 pereo.
3579 3448 3721 3502 Sur-

2063 3556 2218 3613 gam,
2249 3544 2307 3594 et
2336 3538 2432 3593 ibo
2464 3539 2537 3593 ad
2564 3544 2793 3609 patrem
2829 3555 3053 3604 meum,
3088 3544 3147 3593 et
3176 3538 3369 3594 dicam
3403 3540 3488 3594 ei:
3522 3541 3716 3608 Pater,

2064 3628 2298 3699 peccavi
2323 3627 2382 3680 in
2404 3628 2617 3681 ccelum
2643 3633 2701 3681 et
2723 3644 2923 3682 coram
2950 3628 3167 3699 te,jam
3193 3644 3311 3682 non
3342 3644 3469 3681 sum
3505 3627 3719 3699 dignus

2061 3716 2257 3771 vocari
2276 3715 2433 3769 ﬁlius
2450 3720 2607 3783 tuus,
2621 3715 2712 3771 fac
2727 3733 2821 3770 me
2838 3717 2989 3772 sicut
3010 3733 3195 3771 unum
3228 3716 3299 3771 de
3332 3716 3719 3771 mercenariis

2064 3805 2201 3861 tuis.
2222 3806 2293 3859 Et
2310 3821 2558 3876 surgens
2580 3805 2740 3859 venit
2762 3805 2834 3860 ad
2858 3812 3089 3877 patrem
3126 3822 3318 3861 suum.
3341 3807 3484 3860 Cum
3517 3810 3718 3861 autem

2062 3894 2257 3951 adhuc
2279 3894 2452 3966 longe
2472 3899 2648 3960 esset,
2672 3894 2821 3949 vidit
2842 3894 3014 3948 illum
3034 3900 3201 3967 pater
3223 3911 3386 3957 suus,
3407 3900 3466 3949 et
3488 3895 3718 3950 miseri-

2062 3983 2263 4039 cordia
2278 3988 2475 4038 motus
2500 3989 2683 4052 est,ac
2703 4000 3024 4039 accurcens
3046 3983 3261 4039 cecidit
3285 4001 3464 4055 super
3493 3984 3716 4041 collum

2063 4074 2213 4147 ejus,
2236 4078 2294 4127 et
2314 4072 2617 4129 osculatus
2640 4080 2729 4128 est
2750 4089 2907 4138 eum,
2933 4078 3110 4144 atque
3133 4074 3195 4129 in
3208 4074 3443 4145 pristini
3467 4074 3715 4129 honoris

2060 4162 2258 4219 locum
2272 4163 2702 4230 restituit,etob
2716 4164 2903 4235 ipsius
2917 4164 3321 4219 inventionem
3336 4163 3713 4220 laetissimum

2058 4253 2278 4308 festum
2305 4251 2643 4320 celebravit,
2677 4253 2872 4308 occiso
2907 4253 3089 4308 vitulo
3118 4253 3406 4325 saginato.
3439 4256 3525 4307 En
3558 4254 3713 4309 hanc

2060 4340 2405 4414 parabolam
2433 4341 2505 4395 de
2528 4342 2602 4395 iis
2627 4342 2726 4412 qui
2759 4358 2793 4397 a
2822 4342 3080 4412 peccatis
3110 4343 3409 4407 resiliunt,
3438 4348 3614 4413 atque
3637 4344 3711 4398 ad

2060 4431 2471 4504 pwnitentiam
2495 4437 2834 4499 accurrunt,
2858 4431 3030 4486 nobis
3052 4433 3557 4487 commemoravit.
3574 4433 3717 4498 Qui-

2061 4522 2287 4577 netiam
2318 4520 2540 4576 bonum
2563 4520 2882 4594 quemdam
2914 4528 3213 4594 pastorem
3244 4539 3451 4577 rursus
3484 4522 3716 4579 inducit

2062 4613 2214 4681 (Luc.
2242 4612 2352 4681 xv),
2378 4611 2479 4682 qui
2494 4628 2630 4665 cum
2643 4616 2884 4666 centum
2898 4627 3034 4665 oves
3049 4611 3316 4679 haberet,
3339 4618 3515 4683 atque
3530 4629 3712 4669 uuam

283 4694 379 4750 τὸν
412 4692 692 4770 ἐσχηκότα
743 4690 991 4770 πρόϐατα
1046 4694 1158 4765 καὶ,
1218 4700 1316 4750 τοῦ
1374 4696 1488 4758 ἐνὸς
1545 4695 1949 4767 ἀπωλωλότος,

2063 4700 2382 4767 amisisset,
2416 4700 2641 4754 relictis
2655 4702 2982 4773 nonaginta
2994 4717 3225 4768 novem,
3259 4701 3334 4755 ad
3347 4703 3711 4773 conquiren-

284 4781 661 4839 καταλιπόντα
735 4784 801 4839 τὰ
872 4783 1346 4855 ένενηκονταεννέα
1381 4828 1395 4855 ,
1475 4784 1550 4846 εἰς
1621 4784 1941 4856 ἐπιζήτησιν

282 4876 384 4927 τοῦ
415 4872 708 4946 ἀλωμένου
750 4871 1009 4944 ὶξελθεῖν,
1066 4871 1173 4937 ἓως
1232 4872 1404 4950 εὑρὼν
1464 4873 1615 4943 αὐτὸ,
1676 4876 1765 4930 καὶ
1822 4881 1945 4939 τοῖς

284 4958 468 5034 ὤμοις
525 4956 837 5031 ἀναλαϐὼν,
889 4967 1011 5025 τοῖς
1062 4959 1327 5019 ἀπλανέσι
1387 4965 1765 5039 συγκατέμιξε,
1813 4986 1949 5041 συγ-

282 5049 523 5116 καλέσας
549 5050 678 5115 τοὺς
720 5052 916 5131 φίλους
971 5054 1062 5106 καὶ
1117 5051 1249 5116 τοὺς
1302 5052 1545 5129 γείτονας
1602 5053 1677 5116 είς
1710 5053 1948 5131 εὐωχίαν

2058 4789 2191 4844 dam
2207 4806 2335 4843 eam
2357 4806 2487 4860 qua:
2502 4789 3125 4862 aberrabatprofectus
3145 4790 3452 4857 est,donec
3474 4807 3603 4846 eam
3620 4792 3711 4847 in-

2055 4878 2516 4950 venisset,atque
2530 4879 2797 4935 humeris
2811 4879 3127 4948 sublatam,
3147 4898 3282 4936 cum
3296 4882 3369 4936 iis
3383 4898 3516 4951 quae
3532 4881 3710 4936 mini-

2055 4968 2733 5042 meaberraveruntconj
2747 4971 3146 5036 unxisset.Qui
3172 4971 3351 5025 etiam
3378 4971 3488 5025 hoc
3511 4972 3708 5026 nomi-

2057 5074 2133 5114 ne
2146 5074 2371 5114 amicos
2385 5074 2453 5114 ac
2466 5059 2691 5115 vicinos
2705 5058 2778 5115 ad
2792 5060 3123 5115 convivium
3141 5060 3214 5115 ob
3238 5076 3371 5115 eam
3402 5060 3705 5116 inventam

356 5214 431 5287 (8)
465 5213 681 5297 Paulus
711 5214 897 5297 Epist.
931 5214 1006 5297 διὰ
1037 5213 1321 5297 Hebr..“v1,
1354 5217 1408 5297 ξ,
1440 5218 1494 5286 9,
1543 5215 1731 5297 multo
1786 5233 1951 5273 sever

2098 5223 2235 5275 est:
2269 5214 2562 5275 Ἀδύνατον
2595 5218 2700 5295 γάρ
2756 5217 2885 5282 τοὺς
2943 5218 3085 5282 ἅπας
3140 5217 3572 5297 φωτισθέντας...
3614 5219 3707 5274 καὶ

278 5283 712 5359 παραπεσόντας,
747 5283 914 5339 πάλιν
948 5284 1312 5355 ἀνακαινίζειν
1346 5284 1421 5349 εἰς
1458 5283 1765 5359 μετάνοιαν.

374 5360 427 5425 9)
460 5358 661 5414 Matth.
697 5375 769 5425 iv,
804 5361 891 5413 17.

353 5430 463 5502 (l0)
498 5428 669 5501 Apud
700 5430 835 5485 Luc.
870 5446 960 5498 xv,
998 5432 1082 5496 11,
1118 5447 1144 5485 s

353 5445 463 5502 μυ)
498 5445 669 5514 Apud
704 5445 835 5485 Luc.
870 5446 960 5498 xv,
998 5445 1082 5496 11,
1118 5445 1248 5556 εᾳίς
1874 5505 1901 5517 ν

496 5503 565 5586 1},
596 5520 921 5586 nuder-agat;
957 5502 1180 5585 Lucas}
1248 5502 1621 5586 απανήσαντος
1653 5498 1712 5586 δέ
1740 5500 1905 5586 αὐτου
1927 5502 2129 5586 πάντα.

352 5577 467 5645 (12)
498 5574 539 5628 C
570 5574 704 5663 sine
735 5570 857 5660 ὀψέἱ
887 5574 1115 5666 Sm‘piuls‘
1133 5574 1347 5666 ‘jungit
1376 5573 1482 5666 ὀψὲ
1500 5576 1771 5666 ποτεζεῐο.
1805 5576 1952 5666 Οιιινίε

2063 5594 2264 5666 :pmus.
2300 5578 2475 5666 Y‘erb‘i
2505 5579 2833 5666 causa-Ecl.
2884 5596 2943 5666 ρ,
2974 5582 3111 5666 2Οξῑε
3147 5573 3578 5666 ΛΔιαβλέψνωμεν,
3605 5578 3702 5633 κᾶν

412 5641 564 5732 ποτε,
597 5644 734 5732 χρὴ,
760 5641 899 5732 προς
928 5641 1555 5732 τᾶθμέλλοντᾶλ..;.1’οψὶ
1575 5650 1707 5732 γοςιν
1740 5666 1871 5701 ποτε
1898 5647 1998 5717 τὴν
2031 5646 2188 5703 νόσον
2222 5645 2482 5714 ἀπόθεσθε
2508 5656 2607 5721 τῆς
2637 5653 2744 5705 τῶν
2777 5641 3022 5727 χρυσίων
3050 5641 3621 5727 έπιθυμίας.Ἠίιῐέὺε
3643 5669 3703 5725 p.

278 5715 426 5771 382:
458 5715 777 5787 ἀναστῶμεν
805 5715 910 5787 ’ὀψὶ
937 5715 1063 5785 γοῦν
1096 5736 1248 5773 ποτε.
1287 5718 1448 5774 Adde
1569 5715 1695 5775 446.

356 5807 467 5878 (13)
499 5806 688 5878 Apud.
714 5807 849 5861 Luc.
882 5823 975 5877 xv,
1006 5807 1106 5862 4...
