4100 6408
436 356 545 415 959

1914 412 1919 415 .
1962 359 2336 423 ΔΒΒΕΝΒΔ.

3763 362 3875 420 960

440 484 867 543 celebrandum
898 484 1181 542 invitavit.
1212 483 2095 556 Ita,inquitSaJvator,gaudium

2209 482 2263 542 έν
2310 490 2377 563 τῇ
2434 487 2632 545 τούτου
2685 488 2911 565 εύρέσει.
2959 487 3139 561 Οίίτω,
3199 488 3418 567 φησὶνὸ
3452 490 3871 565 Σωτὴρ,χαμεὶ

440 573 555 628 erit
576 574 639 628 in
659 574 805 629 caelo
827 592 1006 646 super
1018 591 1136 629 uno
1152 580 1461 645 peccatore
1475 574 1885 645 pwnitentiam
1912 591 2090 647 agen-

443 668 707 734 te,quarn
726 682 904 735 super
915 664 1240 737 nonaginta
1253 663 1782 735 novemjustis,qui
1802 681 1922 719 non
1941 664 2095 720 indi-

438 757 580 825 gent
609 753 981 824 pcenitentia.

512 845 705 913 Atque
736 842 882 898 adeo
916 841 1348 913 discipulorum
1398 842 1676 914 princeps
1727 844 1957 910 Petrus,
1993 844 2097 899 illa

441 932 687 1002 inquam
714 931 849 986 ﬁdei
885 938 1073 1003 petra,
1107 932 1235 1004 ipso
1268 931 1590 986 ralutiferas
1622 932 1922 1003 passionis
1954 938 2097 988 tem-

439 1037 581 1093 pore
612 1026 774 1076 certo
794 1021 1053 1093 quodam
1076 1020 1327 1076 consilio
1353 1021 1787 1092 aliquantisper
1805 1038 1838 1076 a
1860 1023 1976 1077 Deo
2000 1024 2096 1079 de-

444 1114 878 1185 sertus(nempe
900 1119 966 1168 ut
987 1115 1262 1168 humanas
1286 1111 1715 1168 imbecillitatis
1728 1112 2012 1169 vilitatem
2031 1132 2098 1171 ac

443 1203 750 1257 miseriam
774 1208 1148 1275 perspectam
1162 1202 1526 1271 haberet;,eo
1542 1203 1767 1273 peccati
1786 1203 2097 1275 prolapsus

445 1299 626 1355 est,ut
644 1295 961 1348 Dominum
1000 1293 1304 1363 abjuraret
1343 1296 1496 1357 (Luc.
1531 1292 1693 1364 χχιι).
1728 1295 1867 1347 Post
1897 1300 2094 1350 autem

437 1382 769 1438 confestim.
783 1382 1553 1454 inquit,verborumDomini
1569 1382 2096 1452 recordatus,foras

440 1472 637 1538 exivit,
659 1478 716 1525 et
737 1472 899 1527 ﬂevit
919 1488 1212 1539 amare,ac
1235 1488 1341 1545 per
1361 1471 1623 1528 calentes
1642 1472 1774 1528 illas
1794 1473 1886 1529 lac
1898 1491 2096 1545 rymas

434 1567 748 1633 acceptum
769 1563 1197 1617 detrimentum
1221 1562 1916 1634 sarcivit,victoriamque
1931 1564 1990 1618 in
2006 1563 2091 1618 al-

437 1657 623 1707 teram
641 1658 870 1723 partem
886 1652 1287 1707 inllexit.Nam
1309 1668 1443 1707 cum
1462 1652 1545 1706 rei
1573 1652 1850 1707 militaris
1869 1653 2095 1724 peritus

433 1747 611 1805 esset,
634 1741 863 1797 etiamsi
888 1741 1131 1808 cecidit;
1154 1758 1274 1797 non
1294 1746 1491 1797 tamen
1522 1742 1722 1796 animo
1745 1741 1965 1797 fractus
1984 1748 2092 1812 est,

2202 570 2437 634 ἕσταιέν
2477 577 2691 654 οὐρανῷ
2748 578 2836 636 ἐπὶ
2896 578 2975 635 ἑνὶ
3035 579 3353 656 ἁμαρτωλῷ
3417 581 3869 653 μετανοοῦντι,ῆ

2202 663 2287 720 ἐπὶ
2350 667 2824 739 ένενηκονταεννέα
2900 666 3180 740 δικαίοις,
3241 669 3443 732 οἲτινες
3528 668 3593 724 ού
3672 668 3865 745 χρείαν

2202 751 2392 831 ἔχουσι
2427 759 2731 831 μετανοίας.

2277 845 2504 918 ’Δμέλει
2552 849 2641 903 καὶ
2701 847 2730 903 6
2787 853 3092 923 κορυφαῖος
3146 852 3255 903 τῶν
3311 849 3571 921 μαθητῶν
3630 846 3868 923 Πέτρος,

2201 935 2236 1004 ἡ
2276 941 2377 1005 τῆς
2431 936 2667 1001 πίστεως
2722 937 2912 1012 πέτρα,
2963 937 3082 992 κατ’
3132 935 3291 993 αὐτὸν
3350 938 3442 992 τὸν
3504 937 3696 1009 καιρὸν
3767 939 3868 991 τοῦ

2203 1023 2480 1100 σωτηρίου
2540 1027 2768 1095 πάθους,
2827 1027 2965 1100 πρὸς
3027 1028 3220 1103 μικρὸν
3280 1025 3724 1103 ἐγκαταλειφθεὶς
3784 1024 3875 1079 οἰ-

2200 1118 2470 1189 κονομικῇ
2502 1137 2610 1170 τινι
2662 1115 3063 1193 ἐγκαταλείψει,
3094 1117 3168 1178 ὡς
3218 1116 3278 1171 ἂν
3335 1120 3452 1192 γνῷ
3499 1116 3602 1185 τῆς
3655 1115 3871 1189 ἀνθρω-

2201 1202 2363 1273 πίνης
2422 1203 2698 1268 ἀσθενείας
2752 1206 2816 1260 τὸ
2873 1204 3089 1266 εὐτελὲς
3143 1205 3233 1259 καὶ
3287 1204 3666 1275 ταλαίπωρον,
3700 1204 3869 1278 am-

2202 1312 2338 1357 σεως
2392 1294 2802 1368 περιπέπτωκεν
2864 1294 3197 1369 ἐγκλήματι·
3253 1297 3352 1350 εἴτ’
3382 1294 3537 1359 εὐθὺς
3603 1294 3869 1367 μνησθεὶς

2199 1386 2306 1436 τῶν
2338 1386 2435 1437 τοῦ
2465 1386 2561 1441 97
2621 1386 2820 1458 Κυρίου
2872 1384 3165 1461 ῥημάτων,
3199 1383 3429 1456 ἐξελθὼν
3480 1381 3583 1457 ἔξω
3632 1380 3870 1439 ἔκλαυσε

2200 1477 2411 1547 πικρῶς
2441 1478 2573 1546 (14)·
2608 1474 2717 1541 καὶ,
2751 1479 2865 1536 τοῖς
2917 1480 3140 1548 θερμοῖς
3201 1473 3430 1538 ἐκείνοις
3480 1471 3860 1549 δάκρυσιθτήν

2199 1561 2365 1631 ἧτταν
2423 1561 2922 1637 ἀνακαλεσάμενος,
2978 1561 3269 1640 ἑτεραλκέα
3324 1564 3422 1633 τήν
3481 1563 3638 1634 νίκην
3696 1562 3855 1639 εἰρά-

2202 1672 2351 1708 σατο.
2385 1654 2903 1728 ἘμπειροπόΛεμος
2935 1655 3039 1729 γὰρ
3084 1651 3184 1721 ὢν,
3216 1653 3261 1708 εί
3293 1653 3380 1708 καὶ
3409 1654 3719 1725 πέπτωκεν,
3755 1653 3857 1707 οὐκ

2202 1740 2448 1814 ἐξελύθη,
2474 1739 2591 1797 οὐδ’
2618 1741 2835 1818 ἀπέγνω
2858 1743 3042 1799 ἑαυτὸν
3072 1746 3202 1817 (15)·
3240 1741 3367 1798 ἀλλ’
3389 1739 3720 1804 ἀναποδίσας
3753 1744 3865 1816 (16)

430 1847 541 1887 nec
564 1830 774 1887 salutis
795 1848 915 1887 sua)
935 1849 1101 1903 spem
1120 1831 1340 1904 abjecit
1358 1857 1373 1899 ;
1391 1847 1597 1887 verum
1625 1830 2091 1898 resiliens,acer-

2209 1833 2513 1908 προσήγαγε
2559 1833 2858 1907 πικρότατα
2916 1831 3121 1908 δάκρυα
3172 1832 3278 1888 ἀπὸ
3336 1830 3563 1908 καρδίας
3595 1826 3870 1904 θλιϐομέ-

430 1919 709 1978 bissimas
732 1939 801 1976 ex
832 1938 1115 1993 oppresso
1138 1928 1376 1993 pectore
1398 1921 1693 1994 lacrymas
1719 1921 2000 1995 profudit,
2022 1938 2089 1978 ac

432 2012 630 2066 statim
655 2016 720 2066 ut
736 2027 835 2066 eas
857 2011 1047 2067 hostis
1068 2012 1523 2083 conspexit,non
1545 2027 1715 2066 secus
1728 2017 1907 2084 atque
1922 2012 2091 2066 vehe-

430 2100 803 2155 mentissime
821 2100 1135 2173 cujusdam
1154 2100 1410 2155 ﬂammae
1423 2099 1635 2156 ardore
1654 2100 1943 2156 ambustis
1957 2118 2090 2155 ocu-

423 2188 522 2257 lis,
544 2188 761 2261 pedem
775 2189 998 2257 retulit,
1023 2188 1231 2261 procul
1246 2188 1502 2261 fugiens,
1528 2195 1705 2260 atque
1720 2189 2088 2245 horrendum

433 2279 494 2334 in
510 2278 753 2335 modum
769 2280 1248 2350 ejulans.Contra
1260 2285 1462 2334 autem
1475 2279 1575 2333 ille
1591 2279 1923 2350 principem
1958 2297 2092 2335 rur-

433 2366 776 2422 sumlocum
807 2367 1017 2432 tenuit;
1046 2366 1553 2438 quemadmodum
1577 2366 1758 2421 totius
1780 2367 1940 2423 orbis
1963 2385 2089 2424 ma-

434 2456 941 2528 gisterinstitutus
956 2456 1168 2522 fuerat,
1198 2456 1280 2511 ita
1302 2456 1480 2510 etiam
1505 2456 1868 2528 pmnitentiaa
1892 2473 2089 2513 exem-

432 2545 565 2618 plar
582 2546 994 2601 eﬂ‘ectus.Post
1007 2545 1509 2601 resurrectionem
1524 2547 2085 2609 autem,cumChris—

432 2640 528 2689 tus
544 2635 715 2689 tertio
733 2635 803 2690 ad
818 2652 954 2690 eum
968 2634 1237 2703 dixisset,
1252 2638 1445 2699 Petre,
1469 2652 1634 2691 amas
1648 2636 1772 2691 me?
1795 2636 2090 2709 triplicem

428 2723 871 2795 abjurationem
894 2726 1170 2791 correxit,
1201 2724 1572 2796 respondens
1599 2725 1850 2795 scilicet,
1874 2726 2089 2796 Etiam,

431 2813 706 2877 Domine,
738 2819 801 2868 tu
833 2814 949 2869 scis
981 2814 1122 2885 quia
1160 2830 1293 2870 amo
1336 2820 1410 2868 te.

499 2904 580 2957 Ex
602 2901 695 2958 his
718 2902 899 2976 igitur
919 2903 1219 2971 omnibus,
1244 2903 1498 2975 aliisque
1514 2903 2091 2977 quamplurimis,at-

433 3008 550 3063 que
571 2992 721 3048 adeo
738 3010 1057 3049 numerum
1076 3009 1315 3048 omnem
1335 2994 1757 3065 superantibus
1781 2993 2093 3065 exemplis,

431 3081 553 3138 lacr
564 3099 835 3154 ymarum
854 3099 922 3137 ac
936 3083 1298 3153 poanitentim
1313 3083 1421 3138 vim
1438 3083 2035 3157 intelligimus.Tantu
2045 3101 2099 3139 ιιι

438 3188 619 3243 opera
640 3171 905 3239 detur,ut
923 3172 1074 3243 ipsa,
1090 3173 1593 3244 quemadmodum
1608 3174 1825 3229 rationi
1841 3190 2093 3230 consen-

2201 1939 2364 1992 νηης·
2397 1923 2489 1977 καὶ
2518 1924 2826 1998 παραυτίκα
2857 1924 2885 1978 6
2913 1922 3164 1996 πολέμος
3193 1924 3531 1994 θεασάμενος
3559 1921 3717 1987 αὐτὰ,
3749 1920 3860 1975 ὥσο

2197 2031 2300 2087 περ
2336 2011 2438 2066 ὑπὸ
2470 2011 2677 2089 φλογὸς
2724 2008 3098 2090 σφοδροτάτης
3152 2013 3246 2074 τὰς
3298 2006 3451 2086 ὅψεις
3500 2009 3862 2088 φλεγόμενος,

2199 2098 2517 2172 ἀπεπήδησε
2548 2102 2762 2181 φεύγων
2828 2103 3037 2177 μακρὰν
3095 2102 3186 2156 καὶ
3219 2096 3409 2162 δεινῶς
3461 2098 3774 2169 ὁλολύζων.
3799 2098 3861 2156 Ὁ

2201 2187 2259 2245 δὲ
2290 2189 2591 2269 λορυφαῖος
2641 2196 2937 2269 κορυφαῖος
2985 2192 3054 2261 ἦν
3099 2189 3274 2261 αὖθις,
3317 2188 3501 2266 ὥσπερ
3535 2187 3863 2251 διδάσκαλος

2198 2285 2298 2349 τῆς
2331 2279 2659 2353 οἷκουμένης
2711 2280 3144 2356 χειροτονηθεὶς,
3173 2278 3317 2336 οὕτω
3357 2277 3423 2348 δὴ
3450 2279 3541 2334 καὶ
3573 2279 3857 2352 μετανοίας

2203 2368 2567 2444 ὑπογραμμὸς
2596 2391 2913 2446 γενομενος.
2971 2369 3120 2425 Μετὰ
3169 2366 3225 2424 δὲ
3252 2369 3354 2437 τὴν
3388 2368 3534 2432 θείαν
3583 2367 3855 2443 ἀνέγερσιν

2196 2458 2380 2534 τρίτον
2408 2460 2719 2533 προσειπὼν
2755 2461 2783 2515 6
2831 2460 3067 2537 Χριστὸς
3110 2462 3249 2533 (17),
3304 2460 3494 2534 Πέτρε,
3527 2458 3710 2533 φιλεῖς
3738 2478 3808 2529 με
3841 2477 3855 2526 ς

2198 2550 2261 2604 τὸ
2310 2550 2528 2624 τρισσὸν
2589 2555 2691 2618 τῆς
2720 2551 2999 2623 ἀρνήσεως
3050 2545 3428 2622 διωρθώσατο,
3477 2551 3575 2602 τοῦ
3623 2546 3856 2602 ἀποστό-

2204 2637 2305 2693 λου
2375 2637 2856 2714 ἆποκρινομένου·
2912 2637 3063 2707 Ναὶ,
3131 2636 3347 2713 Κύριε,
3426 2635 3489 2691 σύ
3566 2632 3716 2698 οἶδας
3775 2634 3856 2691 ὅτι

2202 2727 2351 2804 φιλῶ
2382 2748 2460 2784 σε.

2278 2907 2374 2963 Ἐκ
2422 2906 2638 2961 πάντων
2693 2902 2785 2960 οὗν
2844 2903 3054 2960 τούτων
3105 2902 3195 2959 καὶ
3254 2899 3442 2958 ἄλλων
3497 2900 3730 2959 πολλῶν
3771 2901 3859 2958 καὶ

2205 2996 2443 3070 ἀριθμοῦ
2511 2994 2915 3071 ὑπερκειμένων
2995 2989 3451 3069 παραδειγμάτων
3520 2993 3858 3066 μανθάνομεν

2202 3085 2307 3153 τήν
2340 3082 2569 3157 δύναμιν
2605 3088 2714 3139 τῶν
2765 3080 3012 3159 δακρύων
3051 3081 3143 3136 καὶ
3196 3087 3297 3152 τῆς
3356 3082 3667 3155 μετανοίας·
3705 3081 3859 3155 μόνον

2211 3175 2240 3229 6
2270 3173 2500 3249 τρόποις
2552 3172 2755 3243 ταύτης
2816 3169 3128 3248 ἀξιόλογος,
3171 3169 3410 3247 γενέσθω
3458 3170 3521 3226 ὲκ
3576 3168 3863 3233 διαθέσεως

443 3237 687 3317 taneum
705 3237 1082 3328 est,iiat,-hoc
1107 3237 1207 3316 est
1235 3279 1306 3317 ex
1336 3263 1552 3318 affectu
1585 3268 1892 3335 peccatum
1923 3280 2092 3319 exse-

2216 3237 2658 3340 βδελυσσεμένης
2712 3237 2812 3331 τὴν
2862 3237 3139 3337 *ἁμαρτίαν
3168 3237 3196 3331 ,’
3237 3260 3508 3335 μισούσης
3562 3282 3624 3316 τε
3666 3260 3859 3330 ταύτην

434 3358 638 3409 orante
650 3353 983 3424 ,ipsumque
997 3351 1132 3408 odio
1148 3352 1685 3426 insectante,atque
1699 3353 2080 3410 condemnan

434 3450 514 3512 te,
540 3460 607 3499 ac
629 3443 925 3515 lacrymas
959 3442 1291 3508 emittente,
1326 3442 1833 3514 quemadmodum
1852 3445 1933 3499 ait
1949 3462 2094 3516 pro-

433 3537 613 3608 pheta
644 3533 854 3590 David:
889 3534 1170 3589 Laboravi
1216 3534 1276 3589 in
1307 3534 1529 3608 gemitu
1563 3550 1717 3603 meo,
1750 3533 1963 3589 lavabo
1998 3551 2106 3607 per

434 3624 699 3697 singulos
714 3627 914 3679 noctes
928 3622 1148 3679 lectum
1165 3623 1673 3695 meumJacrymis
1690 3623 1837 3680 meis
1852 3629 2101 3679 stratum

437 3730 640 3769 meum
659 3714 860 3786 rigabo
883 3714 1050 3779 (Psal.
1077 3713 1261 3782 v1).Ac
1286 3717 1409 3768 tum
1436 3717 1818 3785 peccatorum
1833 3713 2102 3786 purgatio

438 3804 763 3876 perChristi
780 3820 1050 3859 cruorem
1077 3804 1137 3858 in
1163 3803 2100 3875 misericordiasipsiusmagnitu-

440 3892 581 3948 dine
611 3910 674 3949 ac
696 3892 1148 3949 miserationum
1172 3892 1559 3949 multitudine
1577 3892 2103 3965 continget.lpsius

437 3984 598 4039 enim
622 3984 749 4040 haec
776 3983 949 4039 verba
972 3990 1144 4039 sunt:
1167 3984 1221 4038 Si
1247 3982 1725 4054 fuerintpeccata
1746 3987 1938 4037 vestra
1951 3982 2105 4037 sicut

433 4074 771 4142 coccinum,
798 4073 968 4145 quasi
990 4074 1094 4128 nix
1117 4071 1587 4139 dealbabuntur;
1614 4072 1663 4127 si
1684 4076 1886 4127 autem
1900 4076 2098 4127 utver-

434 4161 713 4227 miculas,
748 4163 919 4234 quasi
953 4161 1094 4217 lana
1123 4161 1259 4217 alba
1291 4166 1486 4217 erunt.

511 4252 643 4307 Haec
665 4250 908 4323 quidem
931 4252 1015 4307 sic
1039 4268 1100 4307 se
1123 4250 1343 4307 habent
1370 4255 1428 4305 et
1459 4266 1529 4306 ea
1560 4253 1650 4305 est
1690 4249 1839 4305 ﬁdes
1874 4254 2101 4305 nostra.

441 4343 645 4413 Operae
676 4341 935 4413 pretium
968 4346 1057 4395 est
1088 4340 1288 4412 itaque
1321 4345 1388 4396 ut
1416 4344 1807 4413 posteaquam
1838 4339 2103 4394 veritatis

437 4431 841 4503 cognitionem
861 4430 1408 4502 accepimus,atque
1426 4429 1939 4501 regenerationem
1957 4434 2016 4484 et
2036 4428 2105 4483 fi-

438 4519 660 4575 liorum
676 4520 1060 4591 adoptionem
1074 4520 1380 4575 consecuti
1406 4535 1612 4574 sumus
1626 4518 1959 4590 ,divinaque
1977 4535 2107 4590 my-

2208 3352 2298 3407 καὶ
2329 3351 2845 3427 καταγινωσκούσης
2872 3394 2885 3417 ,
2922 3346 3147 3425 δάκρυσι
3180 3346 3237 3405 δὲ
3265 3351 3626 3425 κεχρημένης
3651 3395 3664 3421 ,
3695 3351 3859 3410 καθὼς

2209 3461 2373 3521 φησιν
2418 3441 2447 3496 6
2479 3441 2770 3519 προφήτης
2826 3435 2958 3495 Δαίϐ
3018 3443 3151 3515 (18)·
3212 3437 3511 3496 Ἐκοπίασα
3559 3439 3615 3495 έν
3663 3445 3734 3511 τῷ
3759 3439 3850 3495 98

2208 3535 2500 3606 στεναγμῷ
2533 3547 2660 3603 μου·
2717 3528 2903 3585 λούσω
2959 3531 3081 3593 καθ’
3137 3528 3366 3599 ἑκάστην
3421 3528 3589 3584 νύκτα
3618 3530 3719 3598 τὴν
3744 3526 3856 3583 κλί-

2206 3642 2307 3691 νην
2344 3640 2471 3694 μου·
2507 3618 2560 3674 έν
2595 3616 2822 3695 δάκρυσί
2854 3640 2959 3692 μου
3007 3618 3107 3687 τὴν
3159 3619 3453 3691 στρωμνήν
3507 3639 3615 3691 μου
3673 3617 3859 3693 βρέξω.

2210 3710 2309 3765 Καὶ
2352 3709 2548 3766 λοιπὸν
2609 3710 2638 3764 6
2689 3708 3026 3784 καθαρισμὸς
3078 3710 3186 3763 τῶν
3240 3708 3656 3784 ἁμαρτημάτων
3706 3709 3865 3783 γενή-

2208 3820 2357 3854 σεται
2410 3795 2499 3853 διὰ
2553 3802 2651 3854 τοῦ
2711 3796 2943 3871 α’ίματος
2984 3802 3081 3852 τοῦ
3121 3801 3388 3871 Χριστοῦ,
3433 3797 3485 3852 έν
3541 3802 3624 3869 τῷ
3658 3796 3864 3871 μεγέθει

2204 3894 2304 3945 τοῦ
2336 3888 2524 3950 ἐλέους
2555 3887 2720 3943 αὐτοῦ
2755 3932 2768 3956 ,
2810 3888 2899 3943 καὶ
2932 3892 3012 3960 τῶ
3060 3887 3264 3956 πλήθει
3292 3890 3402 3941 τῶν
3434 3886 3743 3962 οἰκτιρμῶν
3772 3884 3863 3941 τοῦ

2207 3984 2343 4035 θεοῦ
2372 3983 2471 4034 τοῦ
2526 3976 2777 4039 έῗπὸντος
2835 3980 2947 4051 (19)
3006 3975 3260 4047 8τι,²Εᾶν
3321 3976 3454 4031 ὦσιν
3493 3976 3549 4031 αἱ
3604 3975 3861 4051 ἁμαρτίαι

2210 4069 2365 4142 ὑμῶν
2396 4068 2473 4130 ὡς
2522 4070 2824 4146 φοινικοῦν,
2861 4067 2936 4131 ὡς
2984 4067 3147 4142 χιόνα
3193 4064 3465 4140 λευκανῶ,
3495 4065 3587 4121 καὶ
3628 4067 3695 4121 τὰ
3738 4065 3856 4140 έξῆς

2279 4248 2465 4303 Ταῦτα
2498 4247 2593 4319 μὲν
2628 4243 2719 4301 οὖν
2755 4242 2929 4308 οὕτως
2983 4241 3101 4320 ἔχει
3158 4244 3250 4300 καὶ
3308 4242 3483 4306 οὕτως
3513 4246 3859 4317 πιστεύομεν·

2207 4335 2322 4411 χρὴ
2386 4332 2465 4404 δὲ,
2520 4335 2654 4407 μετὰ
2708 4334 2770 4389 τὸ
2820 4329 3008 4390 λαϐεῖν
3054 4335 3153 4404 τὴν
3214 4332 3513 4409 ἐπίγνωσιν
3569 4340 3671 4403 τῆς
3728 4331 3864 4403 ἀλη-

2209 4424 2357 4490 θείας
2387 4426 2523 4497 (20),
2564 4424 2790 4489 καὶτῆς
2844 4424 3251 4500 ἀναγεννήσεως
3308 4422 3399 4478 καὶ
3432 4422 3706 4487 υἱοθεσίας
3760 4424 3861 4495 (2³)

2208 4512 2507 4587 ἀξιωθῆναι
2542 4556 2559 4580 ,
2616 4513 2707 4567 καὶ
2770 4510 3088 4588 μυστηρίων
3144 4509 3431 4588 γεύσασθαι
3483 4512 3679 4583 θείων,
3731 4510 3864 4585 πάσῃ

438 4607 621 4664 steria
640 4608 1026 4680 percipimus,
1051 4609 1211 4664 omni
1239 4607 1435 4663 studio
1466 4624 1533 4663 ac
1565 4606 1873 4681 diligentia
1902 4607 2095 4679 provi-

2209 4600 2435 4676 δυνάμει
2490 4599 2885 4680 ἀσφαλίζεσθαι
2938 4606 3046 4657 τοῦ
3110 4602 3188 4676 μὴ
3248 4600 3487 4658 πίπτειν.
3547 4603 3625 4660 Τὸ
3652 4601 3752 4679 γὰρ
3778 4600 3861 4655 πί-

436 4697 788 4767 deamus,ne
811 4700 1387 4770 corruamus.Neque
1407 4698 1568 4754 enim
1586 4698 1797 4754 cadere
1811 4697 2097 4754 athletam

438 4787 630 4856 docet,
665 4787 1153 4860 quandoquidem
1180 4788 1379 4855 multi,
1408 4804 1546 4845 cum
1576 4787 1936 4845 cecidissent
1965 4804 2095 4843 sese

515 4929 629 5004 (14)
662 4932 800 5004 Luc.
831 4947 972 5000 xm,
997 4933 1086 4987 62.

2207 4715 2359 4751 πτειν
2389 4692 2452 4749 ού
2483 4694 2678 4769 πρέπει
2727 4698 2807 4767 τῷ
2844 4693 3081 4769 ἀθλητῇ,
3133 4690 3322 4763 ἐπειδὴ
3364 4691 3573 4751 πολλοὶ
3621 4694 3860 4753 πεσόντες

2208 4786 2501 4854 ἀναστῆναι
2535 4783 2635 4839 οὐκ
2680 4782 3054 4856 ἠδυνήθησαν·
3090 4784 3142 4838 οἱ
3206 4784 3319 4857 μὶν,
3376 4788 3494 4847 τοῖς
3553 4784 3741 4840 πάθεσι
3769 4779 3855 4837 θύο

514 4996 625 5074 (15)
655 5005 717 5071 C,
750 4996 967 5077 ἑαυτοῦ,
997 5004 1187 5077 Supra
1215 5017 1346 5077 pag.
1375 5006 1409 5059 2
1441 5020 1454 5060 :
1490 5002 1585 5077 Μὴ
1617 5000 2013 5077 ἀπογινώσκειν
2043 4998 2823 5077 παρασκευάζειῗτῆςβπορείας
2849 4998 2913 5056 τὸ
2945 4996 3234 5077 δύσκολον.

520 5068 634 5147 (16⁷)
665 5068 725 5144 (3⁷,
760 5068 1136 5145 ἀναπηδήσας.
1171 5068 1331 5147 quod
1362 5080 1423 5148 et
1449 5068 1857 5148 adscripsi'tdin
1887 5079 1935 5132 A
1966 5092 2095 5133 man

2215 5068 2422 5132 altera.
2447 5068 2550 5130 Est
2570 5068 2900 5136 ἀναποδίσας
2930 5079 3078 5130 retro
3100 5073 3293 5130 cedens
3321 5089 3386 5130 ac
3406 5072 3610 5145 pedem
3634 5076 3863 5144 referens

449 5139 748 5219 respectu,
780 5139 944 5221 puto,
977 5139 1051 5204 ad
1083 5139 1252 5204 Luc-aa
1277 5147 1476 5217 verba,
1509 5139 1737 5217 ἐξελθὼν
1767 5139 1892 5219 ἔξω.

521 5221 633 5289 (17)
661 5221 827 5276 Joan.
861 5238 976 5288 XII,
1012 5222 1212 5276 16-17.

521 5221 633 5361 (17)
661 5221 827 5276 Joan.
861 5238 976 5288 XII,
1012 5222 1212 5276 16-17.

546 5293 632 5361 18)
663 5292 818 5361 Psal.
852 5311 926 5358 v1,
957 5294 1010 5349 6.
1044 5322 1113 5333 —
1142 5292 1212 5357 Qt

546 5282 632 5361 18)
663 5292 818 5363 Psal.
852 5311 926 5358 γι,
957 5282 1010 5349 6.
1044 5322 1113 5333 —
1142 5292 1329 5357 Quem
1359 5290 1594 5363 pavidis
1624 5291 2090 5363 locumgrespex’i

2209 5289 2919 5363 regoriusANazianzemus,
2939 5287 3219 5363 oratione
3245 5287 3336 5356 34,
3359 5305 3417 5363 p.
3450 5288 3557 5363 634
3585 5305 3598 5343 :
3622 5282 3867 5363 magna}

521 5305 632 5361 (ιδ)
663 5305 818 5348 Psal.
852 5311 926 5358 v1,
957 5305 1010 5349 6.
1044 5322 1113 5333 —
1142 5305 1329 5357 quem
1359 5305 1594 5348 Danais
1624 5305 1823 5348 locum
1856 5307 2111 5363 respen.
2146 5305 2460 5363 Gregorius
2483 5305 2919 5353 lVaZIanzemus,
2947 5305 3219 5343 oratione
3245 5305 3336 5356 διο,
3404 5332 3417 5345 ,
3450 5305 3554 5343 οόέι
3585 5305 3754 5343 ευιοα
3781 5305 3867 5340 και

447 5356 700 5439 πέμπτον
732 5357 810 5417 ἔτι
843 5362 1188 5439 (βάπτισμα).
1201 5364 1311 5439 τῶν
1355 5358 1626 5437 δακρύων,
1659 5361 1786 5418 ἀλλ’
1833 5361 2257 5438 ἐπιπονώτερον·
2291 5360 2366 5423 ὠς
2399 5361 2428 5415 ὁ
2460 5358 2639 5416 λούων
2692 5361 2812 5415 καθ’
2860 5358 3090 5430 ἑκάστην
3140 5360 3304 5414 νύκτα
3331 5305 3429 5429 τῆν
3462 5357 3661 5430 κλίνην
3711 5358 3869 5415 αὐτοῦ

448 5430 539 5509 καί
571 5435 670 5504 τήν
704 5430 996 5509 στρωμνὴν
1015 5430 1133 5509 τοῖς
1155 5430 1444 5509 δάκρυσιν.

520 5508 639 5649 (19)
668 5506 782 5564 Isa.
814 5506 867 5575 ι,
887 5511 974 5565 18.
1008 5506 1093 5563 Cf.
1126 5524 1186 5579 p.
1218 5506 1308 5576 86,
1339 5509 1394 5563 9.

543 5580 632 5649 20)
671 5579 910 5649 Locutio
956 5578 1229 5649 Paulina.
1260 5579 1287 5636 Ι
1314 5580 1394 5649 Ep

543 5570 632 5649 20)
671 5570 910 5652 Locutio
955 5570 1229 5652 Baulina.
1260 5570 1499 5652 I'Epist.
1559 5577 1638 5635 ad
1691 5578 1839 5635 Tim.
1900 5595 1963 5647 II,
1992 5580 2064 5635 4:

2249 5574 2544 5651 ἐπίγνωσιν
2600 5572 2863 5646 ἀληθείας
2918 5572 3116 5630 ἐλθεῖν·
3152 5593 3224 5644 ιν,
3256 5575 3287 5629 3
3316 5590 3330 5631 :
3388 5576 3508 5640 τοῖς
3535 5577 3754 5640 πιστοῖς
3782 5570 3865 5629 οιαὶ

453 5642 785 5720 ἐπεγνωκόσι
813 5652 916 5719 τὴν
944 5648 1228 5719 ἀλήθειαν.

527 5702 644 5789 (ἐι)
672 5702 838 5779 eam;
857 5702 920 5795 ῥ’.
950 5702 1006 5793 ἱ,
1027 5702 1271 5779 ὁὸιζιε.
1373 5702 1385 5710 ’
