4100 6392
287 398 398 454 965

1477 402 1650 454 VITA
1686 398 2040 455 BABLAAM
2077 401 2172 453 ΕΤ
2205 400 2547 456 JOASAPH.

3614 404 3726 460 966

292 523 642 597 καθάραντες.
680 521 834 578 Ἐπεὶ
869 519 926 576 δὲ
957 521 1060 577 οὐκ
1089 519 1276 582 ἄλλως
1304 525 1488 590 τοῦτο,
1523 520 1668 576 ἀλλὰ
1718 518 1805 574 διὰ
1851 528 1954 590 τῆς

2070 528 2219 588 rent,
2254 523 2568 597 seipsoque
2589 525 2662 581 ab
2694 528 2856 582 omni
2881 527 3078 582 carnis
3108 533 3166 582 et
3181 528 3721 602 spiritusinquina-

293 612 547 689 φυλακῆς
607 616 716 666 τῶν
780 609 1017 666 ἐντολῶν
1077 616 1174 666 τοῦ
1235 615 1471 683 Χριστοῦ
1555 611 1950 684 κατορθοῦσθαι

291 697 550 777 ἔγνωσαν,
579 703 683 769 τήν
718 698 776 756 δὲ
806 699 1054 774 φυλακὴν
1085 705 1192 755 τῶν
1221 699 1456 754 ἐντολῶν
1506 700 1596 754 καὶ
1644 702 1744 768 τήν
1796 699 1951 771 ἐργα-

295 793 418 846 σίαν
447 798 553 847 τῶν
588 791 794 866 ἀρετῶν
827 788 1107 864 δυσχερῶς
1139 789 1190 844 ἐν
1251 791 1401 863 μὲσῳ
1443 794 1550 845 τῶν
1595 793 1692 844 τοῦ
1741 788 1952 860 κόσμου

295 876 547 956 θορύϐων
579 879 959 956 προσγίνεσθαι
1019 879 1371 950 κατενόησαν,
1432 877 1602 934 ἄλλον
1661 879 1782 934 τινὰ
1833 878 1948 954 βίον

294 968 440 1042 ξένον
474 969 565 1024 καὶ
599 966 1013 1042 ἐνηλλαγμὲνον
1074 969 1286 1030 ἑαυτοῖς
1343 965 1792 1038 ἓπετηδεύσαντο,
1837 967 1948 1036 καὶ,

295 1061 439 1115 κατὰ
491 1064 590 1126 τὶν
651 1058 795 1113 θείαν
855 1060 1041 1135 φωνὴν
1099 1062 1230 1130 (33),
1284 1055 1459 1112 πάντα
1533 1056 1948 1126 καταλιπόντες,

293 1149 715 1223 γονεῖς,τὲκνα,
748 1146 966 1224 φίλους,
1017 1152 1314 1222 συγγενεῖς,
1375 1145 1620 1201 πλοῦτον
1673 1146 1762 1202 καὶ
1819 1167 1950 1220 τρυ-

294 1240 426 1315 φῆν,
458 1237 549 1292 καὶ
582 1239 754 1292 πάντα
784 1238 851 1291 τὰ
883 1237 934 1291 ἐν
967 1241 1046 1308 τῷ
1070 1236 1264 1309 κόσμῳ
1304 1238 1656 1312 μιιρήσαντες,
1691 1237 1826 1309 πρὸς
1857 1236 1953 1300 τὰς

293 1326 563 1402 ἐρήμους,
599 1326 782 1402 ὥσπερ
835 1327 975 1388 τινὲς
1027 1324 1260 1400 φυγάδες
1323 1331 1562 1399 ᾣχοντο,
1623 1325 1950 1398 ὑστερούμεο

290 1437 376 1472 νοι
433 1419 565 1488 (34),
627 1412 972 1487 θλιϐόμενοι,
1051 1414 1527 1489 κακπυχούμενοι,
1587 1414 1637 1470 ἐν
1697 1415 1949 1488 ἐρημίαις

292 1507 652 1578 πλανώμενοι
684 1507 774 1559 καὶ
809 1502 955 1580 ὄρεσι
996 1505 1083 1560 καὶ
1140 1503 1437 1575 σπηλαίοις
1492 1505 1583 1558 καὶ
1631 1509 1750 1566 ταῖς
1793 1505 1952 1567 ὀπαῖς

295 1603 398 1666 τῆς
423 1603 549 1669 γῆς,
581 1596 799 1650 πάντων
831 1599 936 1648 τῶν
973 1593 1060 1650 ἐπὶ
1111 1601 1212 1670 γῆς
1270 1598 1515 1668 τερπνῶν
1556 1615 1614 1648 τε
1670 1595 1757 1648 καὶ
1815 1595 1950 1649 ἀποο

303 1683 607 1740 λαυστικῶν
658 1683 881 1748 ἑαυτοὺς
943 1685 1325 1760 μακρύναντες,
1378 1684 1468 1738 καὶ
1519 1683 1684 1738 αὐτοῦ
1743 1681 1801 1738 δὲ
1854 1689 1952 1740 τοῦ

304 1773 468 1849 ἄρτου
498 1774 587 1829 καὶ
622 1776 1000 1847 σκεπάσματος
1063 1774 1186 1828 λίαν
1246 1776 1398 1830 103
1452 1770 1648 1834 ἐνδεῶς
1705 1768 1946 1847 ἔχοντες·

299 1861 396 1919 δύο
426 1868 592 1919 ταῦτα
649 1863 1228 1938 πραγματευσάμενοι,
1280 1861 1394 1931 τίνα,
1460 1863 1535 1935 μὴ
1580 1864 1810 1937 ὁρῶντες
1856 1866 1952 1925 τὰς
1988 1896 2033 1960 Β

298 1953 434 2014 ὕλας
464 1958 574 2008 τῶν
631 1959 838 2022 παθῶν,
889 1952 1222 2029 προρρίζους
1282 1952 1458 2006 αὐτῶν
1515 1953 1626 2014 τὰς·
1665 1951 1953 2026 ἐπιθυμίας

301 2043 356 2098 ἐκ
389 2051 488 2112 τῆς
541 2046 728 2119 ψυχῆς
785 2043 1153 2110 ἀνασπάσωσι,
1213 2041 1326 2112 καὶ,
1384 2041 1478 2103 τὰς
1524 2041 1700 2096 αὐτῶν
1759 2040 1958 2112 ἐξαλεί-

307 2137 502 2206 ψαντες
546 2135 786 2205 μνήμας,
820 2127 996 2207 ἔρωτα
1025 2133 1113 2186 καὶ
1156 2132 1324 2195 πόθον
1374 2135 1481 2185 τῶν
1537 2130 1693 2185 θείων
1729 2133 1817 2186 καὶ
1863 2133 1959 2186 οὐ·

310 2224 507 2298 ρανίων
537 2222 592 2278 ἐν
623 2223 834 2284 ἑαυτοῖς
895 2219 1294 2296 ἐμφυτεύσωσιο
1356 2221 1494 2295 πρὸς
1549 2220 1789 2288 τούτοίς,
1844 2219 1956 2292 ἳνα,

304 2311 393 2368 διὰ
417 2321 516 2382 τῆς
541 2312 908 2374 κακοπαθείας
966 2312 1028 2366 τὸ
1083 2312 1304 2385 σαρκίον
1365 2307 1822 2380 ἐκδαπανήσαντει
1871 2313 1960 2366 καὶ

303 2402 572 2476 μάρτυρες
635 2405 702 2476 τῇ
764 2398 1074 2476 προαιρέσει
1130 2398 1435 2474 γενόμενοι,
1498 2399 1573 2470 μὴ
1636 2398 1956 2474 ἀποτύχωοι

295 2493 396 2560 τής
460 2490 707 2554 εὐκλείας
761 2495 869 2545 τῶν
927 2487 996 2544 δι’
1046 2486 1278 2562 α’ίματος
1336 2485 1753 2555 τελειωθέντων,
1817 2486 1962 2542 ἀλλά

304 2581 546 2653 μιμηταὶ
603 2584 691 2634 καὶ
755 2579 909 2634 αὐτοὶ
965 2583 1072 2633 τῶν
1133 2582 1228 2632 τοῦ
1284 2580 1519 2650 Χριστοῦ
1594 2577 1957 2651 παθημάτων,

303 2670 429 2724 ὅσον
463 2670 525 2724 τὸ
557 2668 641 2724 ἐπ’
688 2668 1239 2743 αὖτοῖς,γενόμενοι,
1295 2665 1386 2721 καὶ
1439 2672 1538 2736 τῆς
1595 2665 1958 2736 ἀτελευτήτου

308 2756 586 2835 βασιλείας
647 2759 993 2833 συμμέτοχοι
1053 2751 1288 2811 ἔσονται.
1344 2753 1532 2817 Οὕτως
1619 2753 1707 2810 οῦν
1768 2753 1959 2831 ἄριστα

307 2846 754 2922 διασκεψάμενοι,
807 2846 898 2901 τὸν
963 2843 1174 2919 μονάδα
1229 2845 1318 2900 καὶ
1378 2845 1612 2921 ἡσύχιον
1683 2843 1954 2918 μετῆλθον

309 2937 456 3012 βίον.

2067 619 2270 666 mento
2293 617 2998 687 repurgarent.Quoniam
3017 622 3215 671 autem
3236 617 3348 672 hoc
3362 636 3479 672 non
3497 620 3614 674 alia
3633 638 3721 675 ra-

2067 701 2432 772 tione,quam
2449 723 2555 775 per
2569 707 3207 762 mandatorumChristi
3222 707 3717 776 observationem,

2066 806 2099 845 a
2113 807 2174 845 se
2190 794 2456 862 prmstari
2475 811 2644 865 posse
2660 795 3521 870 intelligebant,mandatorum
3544 815 3718 868 porro

2065 879 2536 936 observationem
2561 900 2628 938 ac
2645 884 2926 941 virtutum
2945 886 3172 941 cultum
3197 886 3258 941 in
3283 885 3495 942 mediis
3512 886 3721 956 mundi

2066 970 2424 1024 tumultibus
2456 988 2606 1044 aegre
2636 976 2923 1045 consequi
2957 992 3018 1030 se
3041 993 3213 1047 posse
3257 977 3718 1048 perspiciebant,

2066 1075 2285 1114 novum
2311 1059 2611 1130 quoddam
2635 1067 2812 1133 atque
2830 1064 2901 1117 ab
2916 1065 3050 1120 aliis
3072 1065 3369 1121 diversum
3385 1067 3516 1120 vitae
3531 1083 3722 1138 genus

2067 1149 2330 1220 sibiipsis
2345 1151 2756 1218 instituerunt,
2773 1155 3017 1224 acjuxta
3038 1154 3294 1210 divinam
3310 1173 3534 1219 vocem,
3554 1156 3723 1211 relic-

2069 1239 2140 1294 tis
2155 1239 2432 1295 omnibus
2447 1240 2766 1306 rebus,hoc
2780 1243 3716 1313 estparentibus,liberis,amicis,

2067 1330 2351 1401 cognatis,
2370 1331 2603 1400 Opibus,
2621 1331 3230 1403 deliciis,cunctisque
3246 1334 3448 1387 mundi
3464 1351 3722 1389 commo-

2068 1418 2159 1473 dis
2181 1421 2628 1491 contemptis.in
2651 1421 3027 1489 solitudines,
3046 1427 3329 1492 tanquam
3344 1423 3581 1477 exsules
3595 1423 3721 1493 qui-

2071 1509 2228 1578 dam,
2253 1527 2382 1565 sese
2405 1512 2810 1579 contulerunt,
2836 1519 3097 1584 egentes,
3123 1512 3464 1584 angustiati,
3493 1512 3721 1580 afﬂicti,

2071 1599 2286 1670 quibus
2309 1599 2521 1672 dignus
2545 1618 2663 1656 non
2687 1609 2814 1657 erat
2847 1603 3109 1658 mundus
3139 1602 3328 1673 (Hebr.
3361 1619 3450 1658 x1:
3480 1603 3542 1656 in
3575 1600 3725 1656 soli-

2070 1688 2378 1745 tudinibus
2404 1697 2690 1759 errantes,
2718 1692 2778 1745 in
2803 1691 3125 1758 montibus,
3151 1697 3210 1746 et
3231 1691 3623 1762 speluncis,et
3662 1690 3724 1744 in

2070 1779 2337 1833 cavernis
2352 1784 2522 1833 terrm
2547 1796 2612 1835 ac
2631 1780 2858 1851 seipsos
2873 1780 2945 1834 ab
2959 1780 3239 1835 omnibus
3255 1780 3728 1850 terrenisjuc-un-

2068 1867 2351 1924 ditatibus
2375 1876 2433 1924 et
2452 1869 2853 1942 voluptatibus
2882 1870 3088 1940 procul
3118 1876 3511 1937 removentes,
3543 1874 3722 1939 atque

2068 1958 2214 2012 adeo
2239 1959 2410 2029 panis
2427 1959 2605 2014 etiam
2620 1960 3178 2014 etvestimentorum
3195 1959 3354 2031 gravi
3376 1957 3627 2031 penuria
3644 1957 3724 2012 la-

2069 2047 2919 2118 borantes.Quodutfacerent,
2935 2049 3154 2120 duplex
3185 2067 3286 2104 eos
3310 2065 3488 2103 causa
3508 2046 3726 2118 impel-

2068 2135 2244 2192 lebat
2258 2137 2538 2204 altera,ut
2554 2138 2898 2193 vitiosarum
2915 2139 3298 2193 affectionum
3314 2137 3594 2192 materias
3621 2135 3727 2190 mi-

2071 2225 2232 2278 nime
2247 2233 2584 2292 cernentes,
2609 2243 2813 2280 earum
2827 2225 3184 2297 cupiditates
3211 2225 3492 2280 radicitus
3515 2243 3586 2279 ex
3607 2225 3730 2280 ani-

2070 2314 2183 2368 mis
2211 2315 2334 2368 suis
2353 2315 3026 2385 evellerent,earumque
3047 2316 3396 2370 memoriam
3419 2315 3728 2368 oblittera-

2069 2409 2223 2464 rent.
2248 2420 2316 2458 ac
2347 2404 2679 2460 divinarum
2711 2412 2769 2460 et
2793 2404 3124 2460 ccelestium
3155 2421 3355 2459 rerum
3378 2420 3644 2459 amorem
3667 2407 3726 2458 et

2070 2491 2432 2546 desiderium
2450 2494 2512 2548 in
2527 2494 3120 2566 seipsisinsererent;
3143 2493 3424 2557 altera,ut
3445 2510 3550 2564 per
3570 2492 3722 2547 affli-

2070 2582 2327 2636 ctionem
2348 2599 2560 2653 corpus
2579 2583 3293 2653 conficerent,animoque
3324 2599 3390 2638 ac
3422 2583 3722 2637 voluntate

2068 2675 2360 2742 martyres
2379 2672 2669 2738 eﬂecti,ea
2686 2671 3079 2743 gloria,quam
3107 2671 3145 2725 ii
3171 2672 3271 2742 qui
3290 2673 3573 2743 martyrio
3597 2688 3725 2743 per-

2068 2758 2253 2813 functi
2278 2760 2738 2827 sunt,ubtinent,
2766 2761 3011 2814 minime
3035 2766 3334 2826 carerent;
3361 2777 3562 2814 verum
3585 2775 3723 2814 cum

2068 2847 2181 2918 ipsi
2206 2855 2763 2920 quoque,quantum
2780 2849 2841 2904 in
2865 2867 2926 2904 se
2942 2855 3118 2916 esset,
3142 2849 3359 2903 Christi
3380 2849 3720 2919 passionem

2069 2938 2720 3010 expressissent,ipsius
2733 2954 2968 3009 quoque
2984 2937 3151 3010 regni
3165 2938 3485 3008 participes
3504 2941 3726 3009 essent.

305 3029 398 3085 Ad
427 3029 588 3084 hunc
618 3028 798 3101 igitur
823 3025 1069 3083 modum
1101 3025 1326 3098 optima
1357 3025 1834 3081 consideratione
1867 3025 2157 3095 adhibita,
2208 3028 2609 3084 monasticam
2665 3045 2732 3083 ac
2789 3027 3121 3083 solitariam
3182 3027 3363 3082 vitam
3422 3033 3739 3082 consectat

308 3124 470 3175 sunt.

370 3205 524 3267 Τινὲς
559 3205 653 3278 μὲν
714 3202 917 3279 αἴθριοι
978 3200 1516 3278 διακορτερήσαντες,
1578 3205 1656 3273 τῷ
1716 3201 1956 3279 φλογμῷ

2146 3207 2336 3278 Atque
2360 3205 2460 3262 alii
2483 3204 2724 3277 quidem
2748 3204 2856 3261 sub
2875 3205 2971 3260 dio
2994 3203 3448 3272 durantes,solis
3462 3209 3630 3270 aestu,
3648 3209 3732 3259 at-

295 3299 396 3350 τοῦ
427 3294 711 3358 καύσωνος
739 3293 829 3349 καὶ
869 3299 1106 3368 κρυμοῖς
1162 3292 1372 3368 ἀγρίοις
1428 3292 1516 3348 καὶ
1575 3286 1810 3367 ὄμϐροις
1866 3290 1958 3346 καὶ

296 3390 566 3460 ταραχαῖς
598 3383 808 3456 ἀνεμων
837 3380 1355 3456 ταλαιπωρούμενοι
1415 3383 1546 3456 (35)’
1609 3381 1663 3435 οἱ
1722 3378 1800 3450 δὲ,
1858 3400 1959 3436 κα-

303 3471 476 3536 λύϐας
511 3475 838 3546 πηξάμενοι,
878 3473 913 3541 ἢ
967 3470 1263 3542 σπηλαίοις
1305 3471 1396 3526 καὶ
1448 3469 1664 3546 ἄντροις
1720 3471 1960 3545 ὑποκρο-

306 3558 508 3628 ϐἑντες,
540 3561 811 3634 διέζησαν.
845 3560 1003 3620 Οὕτω
1035 3561 1093 3616 δὲ
1139 3563 1240 3630 τὴν
1289 3561 1483 3634 ἀρετήν
1539 3559 1958 3635 μετερχόμενοι,

304 3659 478 3708 πᾶσαν
513 3655 771 3729 σαρκικὴν
833 3652 1177 3726 παράκλησιν
1233 3651 1322 3705 καὶ
1379 3651 1678 3704 ἀνάπαυσιν
1739 3648 1816 3710 εἷς
1873 3647 1958 3702 τὲ-

305 3742 406 3805 λος
455 3742 863 3818 ἀπηρνήσαντο,
928 3738 1180 3816 λαχάνων
1244 3741 1410 3812 ὠμῶν
1469 3740 1558 3794 καὶ
1625 3733 1958 3813 βοτανῶν,ἤ

301 3829 644 3908 ἀκροδρύων,
679 3829 714 3900 ἤ
749 3829 913 3906 ἄρτου
945 3832 1112 3905 ξηροῦ
1160 3831 1249 3884 καὶ
1295 3833 1434 3884 πάνυ
1491 3827 1760 3903 σκληροῦ,
1811 3847 1962 3880 στοι-

300 3923 574 3998 χήσαντες
610 3918 812 3994 διαίτῃ,
849 3921 925 3992 μὴ
958 3923 1026 3993 τῇ
1056 3919 1312 3985 ποιότητι
1348 3921 1512 3990 μόνον
1557 3913 1957 3988 ἂποταξάμενοὶ

299 4017 413 4068 τῶν
443 4009 647 4080 ἡδέων,
678 4008 846 4078 ἀλλὰ,
886 4014 966 4082 τῷ
1025 4007 1265 4084 περιόντι
1321 4014 1422 4077 τῆς
1481 4005 1810 4081 ἐγκρατείας,
1869 4004 1960 4060 καὶ

303 4102 443 4178 πρὸς
473 4101 575 4168 τὴν
635 4098 917 4169 ποσότητα
970 4098 1032 4152 τὸ
1092 4096 1387 4175 φιλότιμον
1444 4095 1647 4150 ἑαυτῶν
1703 4094 1960 4170 παρατεί-

305 4211 513 4254 ναντες.
551 4192 817 4244 Τοσοῦτον
877 4189 980 4262 γὰρ
1033 4186 1122 4240 καὶ
1183 4185 1360 4240 αὐτῶν
1416 4189 1522 4238 τῶν
1580 4181 1814 4239 εὐτελῶν
1869 4183 1958 4238 καὶ

308 4278 752 4353 ἀναγκαιοτάτων
790 4270 1205 4350 μετελάμϐανον
1271 4276 1601 4351 βρωμάτων,
1652 4273 1776 4328 ὅσον
1825 4274 1955 4329 ἀπο-

312 4373 408 4442 ζῇν
444 4367 726 4441 μόνον,οἰ
789 4369 884 4442 μὲν
935 4369 1038 4443 γὰρ
1091 4367 1296 4435 αὐτῶν,
1347 4364 1480 4427 ὅλας
1524 4364 1618 4425 τὰς
1659 4366 1756 4432 τῆς
1808 4357 1962 4418 ἕϐδο-

314 4455 490 4532 μάδος
519 4456 724 4532 ἡμέρας
754 4457 932 4512 ἄσιτοι
983 4453 1381 4524 διατελοῦντες,
1431 4457 1500 4526 τῇ
1548 4455 1781 4527 κυριακῇ
1833 4473 1960 4525 τρο-

2071 3312 2187 3366 que
2223 3296 2570 3367 asperrimis
2616 3294 2933 3368 frigoribus
2964 3312 3032 3350 ac
3058 3294 3294 3367 pluviis,
3330 3300 3387 3348 et
3418 3300 3727 3350 ventorum

2071 3384 2410 3440 turbinibus
2429 3384 2896 3448 afflictabantur.
2932 3384 3047 3439 Alii
3071 3385 3430 3439 constructis
3452 3383 3725 3456 tuguriis,

2066 3475 2246 3530 autin
2272 3475 2574 3546 speluncis
2589 3474 2846 3530 etantris
2859 3491 2989 3529 sese
3006 3472 3580 3539 occultantes,vitam
3604 3489 3734 3546 age-

2065 3567 2234 3621 bant.
2269 3566 2479 3638 Sicque
2511 3567 2788 3620 virtutem
2834 3564 3124 3627 colentes,
3157 3580 3398 3618 omnem
3430 3563 3736 3619 carnalem

2066 3656 2540 3711 consolationem
2558 3656 2891 3726 etquietem
2907 3653 2979 3708 ad
2999 3659 3330 3708 extremum
3347 3669 3536 3722 usque
3552 3668 3732 3722 repu-

2068 3744 2329 3813 diarunt,
2368 3746 2570 3800 crudis
2602 3744 2866 3799 oleribus
2898 3749 2956 3798 et
2986 3741 3210 3809 herbis,
3243 3747 3348 3796 aut
3375 3741 3590 3811 pomis,
3626 3748 3734 3796 aut

2067 3836 2246 3890 etiam
2260 3837 2416 3890 sicco
2431 3853 2498 3890 ac
2521 3835 2843 3890 durissimo
2865 3851 3016 3905 pane
3041 3832 3217 3886 vitam
3245 3832 3586 3899 tolerantes;
3613 3848 3724 3886 nec

2067 3925 2332 3980 suavium
2349 3924 2618 3978 ciborum
2633 3924 2902 3994 qualitati
2917 3921 3206 3977 duntaxat
3219 3920 3494 3975 nuntium
3521 3938 3580 3975 re
3590 3921 3722 3974 mit-

2067 4014 2390 4082 tentes,sed
2404 4032 2524 4085 praa
2539 4013 2886 4068 exuberanti
2919 4011 3176 4083 quadam
3199 4009 3568 4065 continentia
3589 4026 3716 4064 ma-

2068 4103 2440 4178 gnitudinem
2455 4103 2637 4158 animi
2653 4103 2743 4158 sui
2759 4102 2832 4158 ad
2848 4103 3037 4174 ipsam
3060 4116 3296 4171 quoque
3321 4099 3713 4170 quantitatem

2069 4191 2799 4248 extendentes.Tantulum
2812 4192 2971 4246 enim
2985 4189 3474 4256 duntaxat,etiam
3490 4188 3717 4259 exipsis

2069 4284 2284 4339 vilibus
2311 4283 2685 4354 maximeque
2725 4282 3078 4338 necessariis
3112 4281 3260 4336 cibis
3291 4278 3722 4351 percipiebant,

2072 4380 2362 4446 quantum
2385 4373 2460 4430 ad
2486 4372 2854 4429 tolerandam
2873 4373 3092 4428 famem
3121 4371 3264 4426 satis
3288 4374 3463 4424 esset.
3481 4367 3735 4433 Quidam

2077 4463 2234 4519 enim
2269 4480 2476 4518 eorum
2505 4463 2796 4535 integram
2829 4459 3270 4516 hebdomadam
3316 4475 3423 4530 per
3472 4457 3734 4512 inediam

310 4555 419 4626 φῆς
456 4541 892 4621 μετελάμϐανον
929 4547 984 4600 οὶ
1031 4543 1089 4599 δὲ
1147 4542 1228 4606 δὶς
1284 4551 1384 4614 τῆς
1443 4542 1600 4600 104
1657 4536 1956 4615 ἑϐδομάδος

2081 4554 2499 4626 transigentes,
2523 4552 2828 4608 Dominico
2847 4551 3091 4606 demum
3117 4550 3210 4604 die
3238 4547 3438 4603 cibum
3471 4547 3742 4602 admitte-

304 4637 515 4707 ταύτης
578 4635 922 4711 μεμνημένοι
973 4639 1107 4709 (36)’
1171 4633 1336 4690 ἄλλοι
1395 4629 1452 4688 δὲ
1519 4631 1666 4708 παρά
1723 4631 1872 4703 μίαν,
1931 4630 1966 4700 ἢ

304 4727 398 4782 καὶ
431 4728 550 4781 καθ’
585 4726 839 4802 ἑσπέραν,
872 4724 1151 4780 ἐσιτοῦντο
1203 4722 1326 4778 ὅσον
1365 4722 1526 4796 μόνον
1580 4727 1788 4798 τροφῆς
1836 4721 1970 4775 ἀπο-

302 4815 576 4892 γεύεσθαι.
642 4815 853 4890 Εὐχαῖς
914 4835 972 4868 τε
1046 4813 1137 4868 καὶ
1196 4810 1517 4888 ἀγρυπνίαις
1581 4815 1779 4885 μικροῦ
1833 4810 1970 4885 πρὸς

300 4907 399 4961 τὸν
431 4911 541 4960 τῶν
576 4905 826 4982 ἀγγέλων
859 4901 1372 4980 παρημιλλήθησαν
1439 4901 1581 4976 βίον,
1633 4899 1848 4975 χαίρειν
1895 4898 1970 4953 εί-

301 4995 498 5060 πόντες
528 4995 762 5071 χρυσίου
793 4994 882 5049 καὶ
943 4992 1205 5069 ἀργυρίου
1263 4995 1332 5066 τῇ
1390 4993 1579 5063 κτήσει
1637 4991 1969 5059 παντάπασι,

2082 4642 2502 4707 bant.Quidam
2528 4641 2619 4696 bis
2644 4646 2874 4695 tantum
2894 4637 3268 4694 hebdomada
3291 4653 3524 4708 quaque
3549 4637 3738 4707 ipsius

2084 4731 2483 4786 meminerant
2506 4747 2519 4796 ;
2542 4729 2643 4784 alii
2668 4730 2914 4784 alternis
2929 4728 3139 4783 diebus
3158 4727 3265 4783 sub
3283 4742 3588 4798 vesperam
3611 4724 3744 4780 ede-

2084 4819 2342 4887 bant,sic
2363 4825 2430 4874 ut
2447 4820 2644 4875 cibum
2677 4819 2964 4874 duntaxat
2994 4818 3410 4890 degustarent;
3445 4814 3744 4886 precibus-

2083 4927 2198 4980 que
2231 4927 2298 4965 ac
2330 4910 2546 4982 vigiliis
2586 4909 3017 4981 propemodum
3059 4924 3192 4962 cum
3245 4906 3470 4978 angelis
3503 4919 3740 4973 quoque

2083 5005 2586 5071 certantes,atque
2607 5000 2735 5055 auri
2759 5004 2817 5054 et
2833 4999 3060 5071 argenti
3082 4996 3482 5070 possessione,
3498 4992 3744 5063 emptio-

388 5251 499 5322 (33)
535 5250 735 5322 Matth.
791 5267 911 5322 xix,
965 5249 1080 5322 29;
1133 5243 1245 5322 [icti
1286 5247 1410 5312 πᾶς,
1441 5241 1531 5322 ι’ὀς
1587 5238 1790 5322 ἀφῆκεν
1850 5237 1956 5295 οἲκί

2080 5236 2117 5309 if
2149 5234 2423 5314 ἀδελφοὺς
2454 5235 2490 5307 ἢ
2523 5235 2784 5316 ἀδελφὰς,
2814 5233 2851 5306 ἤ
2882 5235 3088 5311 πατέρα
3117 5230 3153 5303 ἤ
3189 5233 3415 5307 μητέρα,
3448 5228 3484 5299 ἤ
3509 5233 3740 5304 γυναῖκα

310 5319 352 5392 ἤ
383 5313 565 5384 τέκνα,
664 5313 937 5396 ἀγροῦςᾼ.
978 5319 1122 5387 ζωὴν
1154 5317 1373 5396 αἰώνιον
1403 5313 1840 5387 κληρονομήσει.

389 5395 505 5465 ’34)
539 5391 723 5467 Epist.
761 5395 834 5449 ad
867 5393 1040 5447 Hebr.
1065 5409 1143 5458 x1,
1176 5394 1264 5454 37,
1298 5391 1385 5443 38.

387 5431 502 5538 235)
535 5469 702 5538 Greg.
738 5469 869 5522 Naz.
895 5467 1165 5538 ora_t.Al6,
1201 5480 1258 5534 p.
1292 5463 1385 5538 241

1292 5463 1418 5540 247,
1454 5457 1528 5512 de
1560 5457 1856 5540 mendicis
1886 5474 1899 5512 :
1936 5457 1956 5512 ’ζ

2070 5477 2112 5528 ῳ
2171 5454 2262 5510 καὶ
2318 5453 2483 5522 κόνει,
2545 5450 2655 5510 ἔστι
2688 5451 2734 5508 δ’
2766 5453 2856 5508 ὅτε
2911 5450 3002 5507 καὶ
3060 5443 3294 5527 ὄμϐροις
3351 5445 3440 5503 καὶ
3500 5463 3736 5522 κρυμοις

310 5527 419 5612 ἀγρ
431 5527 534 5601 ίοίς
562 5527 952 5610 καὶνταραχαῖς
987 5527 1691 5612 ἀνέμων-’.ταλαιπωρούμεν
1702 5548 1773 5612 οι.

387 5593 500 5683 (36)
520 5593 1148 5683 'Locutiovmeterrim'ai
1168 5606 1264 5683 illi
1282 5593 1508 5683 similis;
1529 5593 1946 5683 et'notissimaa

2071 5593 2182 5683 I661)
2209 5598 2490 5683 ‘Epvﬁo‘gto
2523 5600 2695 5683 σίτου,
2725 5597 2823 5683 "II.
2885 5601 2947 5664 Ω,
3011 5599 3152 5683 329':

300 5700 360 5735 τι
390 5667 566 5749 ἷπίτὸυ,
599 5679 728 5738 Οὕτ’
756 5679 934 5748 εὐνῆς·
968 5685 1028 5735 et
1056 5682 1159 5733 216
1189 5696 1200 5732 ε
1237 5672 1375 5734 Οὔτε
1405 5667 1577 5749 φόϐου
1616 5672 1956 5749 μεμνημένοι

2070 5667 2472 5749 ἴτ’ς-ἐιλειεξρῆς.
2499 5667 2690 5749 ΔΥίᾶιέ
2724 5671 2908 5749 Heyn.
2930 5668 3030 5749 _ad
3083 5669 3148 5723 Η.
3203 5669 3266 5725 Β.

3215 5592 3586 5666 Μεμνημένος
3617 5584 3745 5644 οὕτε

3327 5667 3453 5736 686,
3513 5663 3578 5718 οὐ
3635 5681 3742 5716 πο-

300 5751 510 5828 λὲμοιο
538 5737 840 5825 ἐμνώοντο·
871 5737 1002 5822 quas
1035 5750 1392 5806 contulerim
1417 5739 1557 5802 cum
1591 5737 1955 5800 Theocriteis

2070 5761 2115 5815 ν,
2146 5745 2285 5800 2432
2319 5737 2462 5820 ἄφαρ
2496 5737 2553 5798 δὲ
2587 5739 2775 5816 μάχης
2805 5737 3106 5814 ἐμνήσατο.
