4100 6384
478 387 586 446 967

2008 387 2121 442 AD!

2232 388 2377 443 IDA.
3785 399 3881 458 ιω

478 512 775 586 nibusque
792 509 1298 568 etvenditionibus
1312 521 1556 581 prorsus
1586 504 1784 561 valere
1803 505 2015 579 jussis,
2071 523 2121 564 n.

2250 505 2473 583 πράσεις
2513 529 2571 565 τε
2624 509 2715 566 καὶ
2771 510 3065 587 ἀγορασίας
3119 510 3515 590 ἐπιλαθόμενοι
3565 516 3698 573 εῖναι
3750 519 3884 589 ὅλως

479 609 569 659 ter
600 603 873 659 homines
905 600 1147 657 omnino
1181 616 1242 656 se
1274 615 1402 654 esse
1436 595 1958 654 obliviscebantur.

549 694 794 749 Invidia)
819 698 1016 747 autem
1040 698 1099 746 et
1118 688 1299 745 animi
1322 688 1729 762 elationi,quaa
1752 687 2131 760 potissimum

476 783 773 839 bonorum
805 798 1051 853 operum
1084 780 1332 835 comites
1361 795 1489 834 esse
1522 780 1738 841 solent,
1772 778 1937 833 locus
1975 777 2134 833 inter

481 889 582 929 eos
606 873 805 928 nullus
828 876 970 926 erat.
993 871 1192 940 Neque
1216 868 1376 923 enim
1400 867 1449 923 is
1473 870 1573 941 qui
1596 869 1660 923 in
1692 868 1820 923 vita:
1851 867 2134 923 monasti-

477 980 557 1018 cae
590 959 1112 1018 exercitationibus
1142 958 1486 1014 inferiorem
1518 958 1715 1014 locum
1747 958 2005 1025 tenebat,
2035 956 2135 1012 ad-

475 1068 675 1107 versus
690 1034 825 1105 enim
845 1051 1016 1122 cujus
1031 1048 1517 1104 illustriorvirtus
1540 1048 1896 1112 erat,livoris
1917 1047 2133 1121 cogita-

473 1142 696 1196 tionem
730 1141 791 1195 in
821 1141 1092 1196 animum
1123 1138 1609 1195 admittebatmec
1641 1156 1849 1194 rursus
1866 1155 2003 1195 eum
2025 1136 2127 1209 qui

472 1231 788 1286 virtutibus
804 1229 1066 1302 pollebat
1082 1227 1419 1302 arrogantia
1431 1233 1491 1283 et
1510 1227 1699 1283 fastus
1720 1227 2000 1283 adversus
2022 1228 2132 1283 im-

470 1321 808 1375 becilliores
840 1320 1144 1387 efi‘erebat,
1177 1324 1352 1390 atque
1386 1318 1447 1373 in
1493 1318 1647 1373 hanc
1698 1317 1971 1373 fraudem
2023 1317 2130 1373 im-

471 1410 731 1481 pellebat
753 1416 819 1465 ut
845 1410 1180 1482 proximum
1214 1407 1365 1463 nihil
1397 1407 1706 1479 penderet,
1741 1412 1843 1463 aut
1881 1407 1955 1464 de
1993 1407 2130 1463 reli-

470 1500 636 1573 giosa
668 1496 1596 1571 excercitationegloriaretur,ob
1623 1513 1811 1569 eaque
1834 1513 1965 1569 quas
1986 1512 2123 1553 cum

471 1590 646 1646 laude
670 1588 1381 1662 pra:stitisset,magnifice
1403 1593 1581 1658 atque
1605 1592 1951 1659 arroganter
1965 1586 2035 1642 de
2060 1601 2123 1642 se

473 1681 739 1737 sentiret.
774 1681 917 1735 Nam
949 1679 1050 1750 qui
1082 1678 1294 1734 virtute
1325 1677 1580 1733 alterum
1612 1674 2029 1744 antecellebat,
2062 1674 2123 1731 id

474 1774 659 1823 totum
685 1786 806 1823 non
830 1768 952 1824 suis
968 1767 1296 1835 laboribus,
1318 1765 1421 1822 sed
1441 1764 1543 1822 Dei
1563 1765 1765 1821 virtuti
1794 1764 2121 1832 ascribens,

2250 596 2302 652 ἔν
2336 598 2671 674 ἀνθρώποις.

2316 687 2529 752 Φθόνος
2559 685 2618 744 δὶ
2664 689 2755 745 καὶ
2785 686 3034 767 ἔπαρσις,
3087 690 3141 747 οἱ
3205 690 3451 766 μάλιστα
3502 700 3622 759 τοῖς
3676 695 3882 772 ἀγαθοῖς

2241 772 2425 852 ἔργοις
2453 776 2778 834 ἀκολουθεῖν
2810 778 3084 852 εἰωθότες,
3132 781 3234 838 οὐκ
3282 777 3448 859 ἔσχον
3502 785 3693 862 χώραν
3720 786 3773 842 ἰν
3798 788 3883 843 αύ-

2239 870 2377 927 τοῖς.
2438 864 2581 925 Οὐδὶ
2635 869 2740 944 γὰρ
2799 869 2827 924 ὁ
2889 867 3129 925 ἐλάττων
3191 870 3245 926 ἐν
3294 878 3413 935 τοῖς
3463 876 3565 939 τῆς
3622 872 3888 945 ἀσκήσεως

2243 950 2436 1020 ῒδρῶσι
2490 957 2626 1012 κατᾶ
2679 960 2777 1013 τοῦ
2836 957 3053 1031 μᾶλλον
3114 955 3529 1034 διαλάμποντος
3607 962 3884 1039 βασκανίας

2242 1040 2509 1121 λογισμὸν
2541 1043 2691 1110 ὅλως
2738 1046 2791 1102 ἕν
2844 1048 3020 1121 ἑαυτῷ
3064 1045 3386 1126 ὑπεδέχετο·
3439 1048 3558 1107 οὐδ’
3607 1049 3674 1107 αὖ
3730 1053 3883 1110 πάλιν

2238 1132 2331 1189 τὸν
2388 1133 2599 1212 μεγάλα
2654 1138 3023 1212 κατορθοῦντα
3095 1141 3236 1194 κατὰ
3306 1143 3417 1195 τῶν
3504 1140 3885 1218 ἀσθενωτὲρων

2239 1223 2376 1297 πρὸς
2416 1221 2596 1295 οἴησιν
2659 1223 2857 1300 ἀπῆρεν
2906 1229 2942 1297 ἡ
3002 1225 3292 1297 ἀλαζονεία
3355 1225 3394 1299 ἤ
3452 1228 3750 1301 ἰξουθενεῖν
3799 1232 3883 1287 τὸν

2242 1308 2504 1385 πλησίον,
2546 1314 2583 1385 ἢ
2641 1312 3011 1391 ἀγκαυχᾶσθαι
3068 1314 3139 1392 τῇ
3197 1313 3447 1388 ἀσκήσει,
3504 1317 3596 1374 κτῖ
3658 1320 3887 1397 μεγαλο-

2240 1407 2458 1480 φρονεῖν
2513 1400 2600 1458 ἰπὶ
2657 1408 2774 1467 τοῖς
2831 1405 3275 1481 κατορθώμασιν,
3335 1406 3679 1479 ἀπατήσασα.
3710 1409 3768 1463 '0
3794 1411 3885 1487 γὰρ

2238 1491 2300 1548 τὸ
2332 1490 2499 1549 πλέον
2526 1490 2672 1570 ἔχων
2715 1492 2793 1560 είς
2847 1495 3068 1571 ἀρετὴν,
3129 1495 3192 1551 οὗ
3250 1496 3439 1561 πόνοις
3497 1494 3688 1569 ἰδίοις,
3753 1498 3889 1555 ἀλλὰ

2240 1586 2376 1637 Θεοῦ
2429 1578 2674 1657 δυναμει,
2759 1585 2822 1640 τὸ
2902 1590 3009 1640 πᾶν
3095 1584 3425 1666 ἀπιγράφων,
3509 1587 3887 1663 ταπεινόφρονι

2238 1672 2435 1748 γνώμῃ
2468 1670 2673 1737 ἔπειθεν
2701 1673 2887 1729 εαυτὸν
2950 1671 3121 1749 μηδὶν
3174 1673 3323 1739 ὅλως
3376 1674 3717 1752 ἀργάζεσθαι,
3755 1675 3891 1733 ἀλλᾶ

2236 1760 2324 1816 καὶ
2359 1760 2630 1818 πλειόνων
2680 1762 2969 1838 ὀφειλέτην
3014 1764 3173 1836 εἶναι,
3220 1764 3358 1830 καθά
3407 1787 3575 1842 φησιν
3606 1768 3636 1823 ὁ
3666 1766 3884 1843 Κύριος·

468 1858 680 1914 humili
705 1862 906 1913 mente
924 1857 1037 1913 hoc
1055 1856 1167 1912 sibi
1191 1854 1677 1928 persuadebat,se
1700 1854 1853 1910 nihil
1875 1854 2120 1911 omnino

2236 1851 2403 1957 :Otav
2626 1853 2899 1925 ποιήσητε
2920 1852 3128 1957 ’πάντα
3192 1856 3260 1911 τὰ
3317 1852 3682 1932 διαταχθέντα
3739 1857 3887 1930 ὑμῖν,

470 1947 564 2002 effi
573 1963 936 2012 cere,verum
950 1946 1139 2002 multo
1153 1945 1325 2018 plura
1337 1945 1450 2000 sibi
1468 1944 1803 2016 praestanda
1817 1961 1946 1999 esse
1952 1946 1976 2015 j
1987 1948 2121 2000 uxta

2236 1939 2441 2018 λέγετε,
2472 1940 2555 1997 ὅτι
2611 1943 2869 2018 Ἀχρεῖοι
2916 1940 3110 2000 δοῦλοί
3164 1944 3350 2019 ἔσμεν,
3400 1946 3483 2001 ὅτι
3515 1944 3547 2001 ὅ
3575 1944 3884 2022 ὠφείλομεν

467 2036 617 2091 illud
649 2035 807 2108 quod
838 2037 923 2091 ait
952 2035 1240 2091 Dominus
1264 2051 1279 2090 :
1313 2035 1458 2089 Cum
1487 2033 1749 2088 feceritis
1772 2033 1976 2088 omnia
1993 2049 2126 2104 qum

466 2132 764 2198 praecepta
792 2130 930 2181 sunt
960 2124 1146 2192 vobis,
1179 2123 1394 2179 dicite:
1427 2122 1587 2177 Servi
1617 2121 1863 2177 inutiles
1896 2138 2123 2191 sumus,

468 2232 600 2287 qua:
624 2215 941 2271 debuimus
961 2214 1157 2270 facere
1179 2212 1589 2284 fecimus(Luc.
1611 2211 1858 2284 xvn).Ac
1880 2212 2125 2284 quidam

469 2309 645 2363 etiam
680 2309 791 2364 hoc
816 2309 928 2363 sibi
956 2305 1417 2380 persuadebant,
1444 2321 1505 2360 se
1532 2322 1606 2360 ne
1639 2322 1708 2361 ea
1738 2304 1982 2377 quidem
2000 2304 2123 2361 ullo

466 2398 644 2454 modo
668 2399 900 2465 fecisse,
927 2415 1057 2469 quas
1076 2395 1222 2468 ipsis
1243 2412 1277 2450 a
1307 2396 1424 2450 Deo
1453 2401 1751 2466 praecepta
1781 2400 2002 2463 essent,
2034 2411 2127 2450 ve-

463 2505 595 2542 rum
624 2488 809 2543 multo
832 2487 1006 2559 plura
1022 2500 1152 2541 esse
1174 2501 1304 2557 qua)
1329 2484 1439 2539 sibi
1464 2483 1761 2553 deessent,
1787 2500 1965 2555 quam
1988 2501 2120 2555 quas

457 2578 584 2650 jam
605 2576 1308 2650 prwstitissentﬂursum
1331 2574 1381 2629 is
1406 2573 1507 2646 qui
1527 2574 1587 2629 in
1605 2573 1885 2648 religiosa
1906 2573 2125 2630 exerci-

464 2667 790 2731 tatione,ob
822 2665 1090 2739 corporis
1104 2663 1844 2720 fortasseimbecillitatem
1873 2664 2123 2720 inferior

462 2763 609 2826 erat,
634 2758 897 2830 seipsum
921 2756 1093 2813 nihili
1116 2755 1434 2827 pendebat,
1463 2772 1531 2811 ac
1551 2756 1839 2811 miserum
1863 2755 2119 2823 dicebat,

2231 2037 2460 2101 ποιῆσαι
2512 2034 2916 2106 πεποιήκαμεν.
2973 2034 3043 2091 Οἱ
3099 2032 3159 2089 δὲ
3211 2032 3377 2089 πάλιν
3447 2031 3575 2091 οὐδε
3659 2034 3885 2106 ποιῆσαί

2229 2139 2363 2177 ποτε
2393 2120 2459 2176 τὰ
2486 2118 2881 2199 διατεταγμίνα
2910 2121 3125 2188 ἔπειθον
3167 2124 3411 2197 ἑαυτοὺς,
3464 2123 3612 2182 ἀλλὰ
3655 2124 3885 2181 πλείονα

2232 2212 2507 2269 εἶναιτῶν
2549 2211 2661 2286 ἢδη
2708 2216 3162 2292 κατωρθωμένων
3209 2215 3278 2271 τά
3324 2213 3671 2272 ἇλλείποντα.
3724 2215 3831 2273 Καὶ
3859 2216 3886 2270 ὁ

2230 2301 2630 2376 ἐλαττούμενος
2690 2302 2857 2359 πάλιν
2908 2303 2961 2360 ἕν
3007 2308 3078 2379 τῇ
3128 2306 3376 2377 ἀσκήσει,
3421 2303 3513 2361 διὰ
3568 2306 3886 2380 σωματικὴν

2232 2394 2382 2450 I05
2419 2387 2555 2455 ἴσως
2612 2392 2908 2462 ἀσθένειαν,
2963 2391 3263 2465 ἕξευτὲλιζε
3313 2391 3625 2465 ταλανίζων
3676 2394 3884 2467 δαυτὸν,

2231 2479 2471 2557 ῥᾳθυμίᾳ
2526 2482 2784 2556 γνώμης,
2844 2481 2975 2559 οὐχὶ
3032 2481 3243 2559 φύσεως
3299 2484 3567 2557 ἀσθενείᾳ,
3622 2486 3687 2540 τὸ
3746 2484 3883 2542 ὑστέ-

2230 2590 2384 2647 ρημα
2446 2567 2833 2647 λογισάμενος.
2889 2570 3075 2635 Οὕτως
3123 2570 3216 2627 οὖν
3265 2569 3443 2630 ἄλλου
3524 2573 3615 2629 καὶ
3693 2573 3885 2637 πάντες

2228 2661 2481 2717 ἀπάντων
2509 2661 2646 2732 ἦσαν
2708 2663 3091 2738 μετριώτεροι.
3150 2661 3479 2738 Κενοδοξίας
3534 2660 3594 2719 δὶ
3650 2662 3883 2735 πάθοςή

2227 2749 2735 2826 ἀνθρωπαρεσκείας
2765 2754 2873 2805 ποῦ
2904 2748 2957 2805 ἰν
2986 2749 3213 2815 ἐκείνοις
3238 2771 3254 2823 ;
3282 2749 3501 2819 οἵτινες,
3531 2753 3633 2821 τήν
3694 2752 3879 2809 οἴκου.

2230 2841 2395 2913 μινην
2429 2834 2714 2917 φυγόντες,
2747 2836 2838 2895 διὰ
2865 2843 3030 2896 τοῦτο
3078 2839 3292 2897 οίκοῦσι
3343 2842 3444 2911 τὴν
3499 2839 3733 2918 ἔρημον,
3790 2844 3883 2898 οὐκ

460 2848 647 2903 animi
671 2847 901 2902 scilicet
922 2846 1187 2919 ignaviaa,
1220 2862 1288 2901 ac
1306 2861 1427 2901 non
1458 2849 1687 2901 natura;
1721 2844 2119 2901 imbecillitati

2228 2929 2561 3004 ἀνθρώποις,
2614 2926 2762 2988 ἀλλὰ
2822 2934 2941 3005 Θεῷ
2994 2931 3065 2987 τὰ
3118 2933 3526 3009 κατορθώματα
3611 2929 3879 2989 δεικνύναι

461 2936 757 2993 defectum
789 2953 964 2992 suum
978 2936 1405 3008 assignantha
1423 2934 1522 2991 alii
1554 2935 1891 3007 aliis,atque
1909 2952 2119 2991 omnes

462 3026 739 3081 omnibus
773 3025 1165 3081 modestiores
1206 3042 1268 3079 se
1310 3024 1673 3096 praabebant.
1709 3023 1911 3080 Inanis
1940 3042 2118 3097 porro

2232 3019 2587 3097 βουλόμενοι,
2634 3021 2763 3095 παρ’
2824 3017 2886 3076 οὗ
2942 3020 3033 3076 καὶ
3089 3025 3201 3077 τῶν
3281 3022 3730 3096 κατορθωμάτων
3792 3023 3880 3085 τὰς

458 3115 662 3187 gloriae
676 3116 921 3169 affectus
935 3113 1394 3169 authominibus
1405 3112 1682 3184 placendi
1697 3114 1963 3169 studium
1981 3130 2121 3187 quo-

2232 3104 2462 3183 ἀμοιϐἂς
2519 3106 2829 3179 ὶλπίζουσι.
2888 3108 3078 3175 καλῶς
3127 3108 3481 3184 ἔπιστάμενοι
3539 3111 3625 3167 ’ὁτι
3681 3111 3738 3167 αἱ
3798 3108 3884 3167 διὰ

460 3222 600 3259 nam
624 3203 863 3259 tandem
886 3207 1057 3276 pacto
1081 3203 1142 3256 in
1166 3201 1285 3257 illis
1305 3202 1774 3274 inesset,quippe
1793 3203 1893 3274 qui
1912 3202 2022 3259 hac
2039 3204 2113 3259 de

2232 3194 2535 3271 κενοδοξίαν
2568 3196 2989 3273 ἑπιτελούμεναι
3015 3199 3272 3271 ἀσκήσεις
3316 3197 3566 3274 ἃμισθοι,
3612 3197 3683 3257 δι’
3731 3196 3881 3257 ἔπαι-

458 3309 637 3348 causa
660 3292 864 3347 orbem
888 3292 1026 3365 fuga
1047 3291 1620 3362 reliquerant,atque
1642 3292 1702 3346 in
1721 3291 1974 3348 desertis
1991 3309 2115 3349 mo-

2232 3308 2313 3343 vov
2345 3288 2449 3363 γὰρ
2480 3287 2784 3363 ἀνθρώπων
2815 3290 2956 3363 (38),
3001 3286 3093 3344 καὶ
3142 3288 3206 3345 ού
3255 3285 3345 3344 διὰ
3376 3289 3472 3344 τὸν
3521 3289 3653 3345 Θεὸν
3698 3289 3877 3366 γίνον-

457 3381 764 3451 rabantur,
787 3389 849 3436 ut
869 3381 1114 3436 virtutes
1138 3397 1276 3435 suas
1293 3397 1414 3435 non
1447 3380 1811 3448 hominibus,
1835 3381 1937 3436 sed
1969 3381 2111 3451 Deo,

2232 3398 2330 3434 ται·
2366 3378 2483 3432 ὅθεν
2513 3376 2605 3432 καὶ
2640 3373 2854 3440 διπλῶς
2885 3377 2939 3432 οῖ
2967 3381 3210 3434 τοιοῦτοι
3242 3375 3581 3449 ἀδικοῦνται,
3627 3378 3694 3434 τὸ
3723 3384 3873 3452 σῶμα

456 3488 490 3526 a
515 3489 631 3542 quo
659 3471 939 3525 virtutum
970 3486 1206 3541 quoque
1232 3470 1479 3542 praemia
1510 3470 1852 3541 sperabant,
1872 3469 2116 3526 demon-

2232 3468 2616 3538 κατατήκοντες
2647 3465 2739 3522 καὶ
2773 3466 2967 3541 μισθὸν
3029 3468 3107 3542 μή
3161 3462 3555 3542 λαμϐάνοντες.
3583 3468 3650 3524 Οἱ
3682 3465 3739 3524 δὲ
3775 3474 3867 3537 τῆς

454 3565 731 3615 strarent.
756 3558 910 3614 Illud
932 3560 1151 3631 quippe
1174 3558 1358 3630 probe
1388 3563 1625 3623 norant,
1647 3558 1925 3632 religiosa
1952 3575 2115 3615 exer-

2232 3558 2335 3612 ὶνω
2363 3552 2526 3630 δόξης
2570 3555 2895 3633 ὀρεγόμενοι
2938 3556 3031 3613 καὶ
3075 3557 3213 3630 πρὸς
3255 3558 3458 3630 ταύτην
3505 3556 3873 3634 ὶπειγόμενοι,

451 3650 610 3719 citia,
644 3667 775 3721 quae
808 3649 1004 3704 inanis
1034 3647 1237 3721 gloriae
1264 3663 1444 3703 causa
1484 3647 1801 3715 obeuntur,
1838 3649 2112 3705 mercede

2232 3648 2404 3719 πάσης
2434 3653 2534 3717 τῆς
2587 3644 2829 3721 ἐπιγείου
2885 3647 2975 3702 καὶ
3045 3646 3394 3723 ἀνθρωπίνης
3453 3646 3875 3725 κατεφρόνησαν.

451 3757 675 3806 carere,
712 3745 776 3793 ut
807 3755 938 3810 quae
969 3755 1089 3794 non
1121 3737 1247 3805 Dei,
1281 3737 1385 3793 sed
1416 3737 1693 3793 humanm
1735 3737 1930 3794 laudis
1960 3754 2141 3796 causa
2171 3739 2336 3795 fiant.
2371 3741 2452 3794 Ac
2485 3737 2737 3810 proinde
2774 3737 3119 3811 hnjusmodi
3153 3738 3426 3795 homines
3449 3737 3675 3812 duplici
3699 3738 3879 3795 detri-

456 3834 655 3884 mento
688 3828 1054 3895 afﬁciuntur,
1090 3825 1232 3883 dum
1262 3826 1550 3883 nimirum
1580 3843 1796 3900 corpus
1827 3828 2175 3896 conﬁciunt,
2208 3845 2319 3886 nec
2349 3834 2550 3885 tamen
2616 3827 2955 3884 mercedem
3011 3827 3199 3885 ullam
3254 3828 3476 3886 ferunt.
3526 3829 3636 3896 Qui
3682 3835 3877 3886 autem

452 3921 707 3977 ccelestis
738 3921 939 3995 gloriae
972 3918 1268 3977 desiderio
1299 3920 1573 3994 ﬂagrant,
1605 3925 1783 3993 atque
1823 3920 1898 3979 ad
1953 3937 2085 3979 eam
2136 3921 2295 3980 omni
2353 3920 2660 3978 celeritate
2716 3919 3112 3995 contendunt,
3175 3925 3474 3979 terrenam
3532 3938 3776 3979 omnem
3821 3926 3879 3979 et

449 4012 778 4069 humanam
808 4016 1225 4085 aspernantur.

522 4103 604 4158 Ex
626 4101 972 4175 hujusmodi
995 4118 1171 4174 porro
1189 4099 1535 4156 hominibus
1558 4099 1660 4157 alii
1685 4100 1770 4157 sic
1793 4100 2111 4175 degunt,ut

2290 4098 2524 4175 Ἔχουσι
2556 4094 2615 4155 δὶ
2637 4096 2732 4162 τὰς
2762 4096 3005 4172 οίκήσεις
3038 4099 3091 4155 οἱ
3123 4101 3220 4174 μὶν
3252 4096 3307 4155 ἰν
3348 4096 3611 4156 παντελεῖ
3656 4099 3877 4177 ἀναχω-

447 4193 510 4248 in
534 4209 771 4249 secessu
791 4209 858 4247 ac
882 4189 1205 4247 solitudine
1228 4190 1466 4262 pietatis
1485 4195 1789 4247 certamen
1805 4191 2115 4259 obeant,et

2232 4190 2380 4261 θήσει
2411 4189 2504 4245 καὶ
2538 4188 2703 4263 μονίᾳ
2744 4190 2837 4246 τὸν
2888 4189 3079 4267 ἀγῶνα
3128 4186 3459 4259 διανύοντες,
3511 4189 3876 4267 μακρύναντες

447 4283 839 4339 abhomiuum
855 4279 1245 4337 contubernio
1260 4296 1368 4352 per
1385 4296 1563 4335 omne
1589 4280 1718 4335 vita:
1732 4286 1968 4353 tempus
1980 4296 2111 4337 sese

2232 4280 2450 4345 ἑαυτοὺς
2478 4283 2578 4352 τῆς
2608 4287 2716 4339 τῶν
2747 4282 3048 4359 ἀνθρώπων
3101 4281 3393 4347 συναυλίας
3445 4288 3572 4359 παρ’
3609 4281 3741 4340 ὅλον
3775 4284 3874 4339 αὗ-

446 4374 996 4441 removeant,atque
1025 4368 1098 4424 ad
1113 4369 1300 4424 Deum
1323 4385 1473 4440 appr
1486 4368 1960 4440 opinquent.A1ii
1982 4386 2113 4441 pro-

2232 4375 2327 4426 :th
2357 4372 2451 4427 τὸν
2476 4377 2578 4442 τῆς
2609 4375 2755 4443 ζωῆς
2788 4367 2991 4450 χρὸνον
3046 4372 3138 4429 καὶ
3187 4376 3306 4447 Θεῷ
3346 4369 3770 4444 πλησιάσαντες·
3822 4373 3874 4429 οἱ

448 4459 546 4516 cul
572 4461 730 4515 inter
760 4476 821 4515 se
850 4459 1206 4515 constructis
1230 4457 1519 4525 radiculis,
1545 4458 1871 4514 Dominicis
1897 4458 2109 4516 diebus

2232 4456 2298 4531 Βὶ,
2331 4459 2612 4537 πόῤῥωθεν
2643 4459 2918 4534 ἀλλήλων
2946 4460 3043 4526 τὰς
3093 4461 3335 4526 οἰκήσεις
3382 4461 3710 4536 πηξάμενοι,
3754 4466 3872 4524 ταῖς

449 4549 526 4606 ad
555 4566 736 4604 unam
769 4554 828 4604 et
859 4548 1131 4604 eamdem
1158 4546 1472 4604 ecclesiam
1502 4552 1777 4620 pergunt,
1811 4564 1879 4604 ac
1911 4547 2110 4604 divina

2232 4556 2517 4628 ἰυριακαῖς
2539 4550 2618 4616 είς
2647 4550 2945 4621 ἐκκλησίαν
2981 4552 3106 4627 μίαν
3139 4556 3393 4633 φοιτῶσι,
3423 4552 3513 4609 καὶ
3561 4557 3675 4609 τῶν
3722 4551 3874 4609 θείων

448 4640 754 4712 mysteria,
778 4639 889 4693 hoc
911 4644 1003 4693 est
1026 4639 1408 4694 incruentum
1431 4637 1564 4709 puri
1587 4638 1852 4710 corporis
1884 4654 1953 4695 ac
1980 4656 2111 4711 pre-

2232 4641 2539 4719 ιυστηρίων
2570 4647 2914 4717 κοινωνοῦσι,
2944 4650 3047 4714 τῆς
3076 4641 3417 4718 ἀναιμάκτου
3473 4642 3621 4722 φημὶ
3666 4641 3870 4709 θυσίας,

368 4792 384 4806 ⁸
446 4729 582 4783 tiosi
609 4727 915 4800 sanguinis
935 4726 1151 4782 Christi
1176 4726 1535 4782 sacriﬁcium
1559 4726 1899 4800 percipiunt
1923 4745 1937 4783 :
1971 4744 2104 4799 qua)

2232 4736 2311 4789 τοῦ
2337 4733 2613 4809 ἀχράντου
2645 4734 2904 4808 σώματος
2952 4735 3044 4791 καὶ
3102 4738 3202 4790 τοῦ
3252 4734 3443 4809 τιμίου
3489 4730 3723 4807 αἵματος
3779 4736 3871 4788 τοῦ

444 4818 980 4890 quidemDominus
993 4817 1106 4889 piis
1120 4817 1181 4871 in
1197 4821 1572 4889 peccatorum
1591 4817 2105 4881 remissionem,ac

2232 4824 2475 4898 Κριστοῦ,
2505 4819 2687 4889 ἄτοῖς
2725 4829 2941 4888 πιστοῖς
2991 4822 3070 4887 είς
3124 4822 3312 4899 ἄφεσιν
3372 4824 3654 4899 ἁμαρ-τῶν,
3705 4842 3871 4903 φωτι-

442 4914 567 4964 tum
581 4909 769 4964 animi
785 4914 908 4963 tum
924 4908 1187 4980 corporis
1200 4906 2106 4965 illuminationemetsanctiﬁca-

444 4999 668 5054 tionem
693 4998 950 5053 donavit.
971 4999 1161 5068 Atque
1184 4996 1523 5052 divinorum
1546 4997 1923 5054 oraculorum
1947 5015 2109 5055 exer-

443 5088 748 5147 citatione.
780 5087 1275 5159 mirabilibusque
1302 5085 1571 5142 consiliis
1593 5088 2105 5145 cohortationibus

442 5185 647 5233 mutuo
670 5194 800 5233 sese
824 5183 1225 5249 pascentes,et
1244 5176 1479 5233 occulta
1496 5176 1758 5233 hostium
1774 5177 1933 5235 bella
1946 5185 2108 5251 pate-

440 5267 835 5335 facientes(ne
850 5268 983 5339 quis
996 5265 1271 5323 videlicet
1286 5266 1550 5323 luctandi
1565 5266 2016 5341 adhucignarus
2028 5270 2103 5326 ab

441 5356 514 5411 iis
532 5358 1140 5429 superetur},domum
1154 5372 1361 5412 rursus
1375 5356 1593 5429 singuli
1608 5357 2104 5416 redeuntvirtutis

445 5446 563 5501 mel
581 5449 644 5503 in
658 5452 971 5520 pectorum
984 5463 1230 5504 suorum
1245 5447 1393 5504 favis
1406 5446 1671 5505 studiose
1686 5448 2103 5521 recondentes,

516 5656 625 5724 (37)
654 5656 792 5711 Luc.
824 5670 963 5724 xvn,
998 5658 1087 5711 10.

2213 4912 2352 4988 σμόν
2383 4934 2444 4970 τε
2469 4914 2562 4970 καὶ
2605 4914 2876 4991 ἁγιασμὸν
2935 4917 3124 4991 ψυχῆς
3179 4915 3270 4970 καὶ
3323 4916 3581 4989 σώματος
3614 4915 3643 4970 ὁ
3675 4914 3872 4989 Κύριος

2212 5000 2552 5079 ἐδωρήσατοι
2584 5005 2700 5074 καὶ,
2757 5004 3045 5069 ἱστιῶντες
3101 5002 3389 5076 ἀλλήλους
3445 5003 3722 5079 γυμνασίᾳ
3763 5005 3866 5059 τῶν

2214 5092 2371 5149 θείων
2403 5093 2579 5169 λόγων
2629 5094 2717 5150 καὶ
2777 5100 2898 5158 ταῖς
2951 5095 3171 5165 ἠθικαῖς
3229 5093 3579 5169 παρανὲσεσι,
3630 5092 3759 5157 τούς
3813 5110 3870 5148 τε

2212 5183 2488 5261 κρυπτοὺς
2540 5187 2649 5239 τῶν
2705 5181 3024 5241 ἀντιπάλων
3089 5179 3516 5257 δημοσιεύοντες
3563 5182 3866 5257 πολέμους,

2215 5273 2354 5331 ὥστε
2385 5276 2462 5350 μὴ
2495 5273 2707 5332 ἁλῶναι
2733 5276 2955 5341 τούτοις
2999 5275 3121 5332 τινὰ
3173 5282 3277 5345 τῆς
3333 5272 3519 5342 πάλης
3574 5274 3867 5350 ἀγνοοῦντα

2212 5366 2367 5421 ιοο
2422 5366 2524 5435 τήν
2587 5361 2842 5439 μέθοδον,
2903 5362 3089 5422 οἴκαδε
3136 5366 3306 5421 πάλιν
3357 5361 3585 5428 ἕκαστος
3641 5361 3862 5438 ἐπανέρ-

2213 5470 2431 5528 χονται,
2460 5454 2525 5510 τὸ
2553 5461 2655 5527 τῆς
2684 5454 2883 5532 ἀρετῆς
2913 5444 3042 5531 μὲλι
3093 5459 3212 5519 τοῖς
3265 5448 3529 5530 σίμϐλοις
3579 5456 3691 5509 τῶν
3738 5470 3867 5530 καρ-

514 5726 626 5798 (38)
658 5727 903 5782 Lemma
930 5726 1248 5784 metricum
1274 5727 1340 5786 in
1370 5732 1418 5787 A
1452 5744 1467 5786 :
1496 5728 2000 5804 Ἀνθρωπαρισκων
2031 5732 2120 5792 ἔνθ

2248 5734 2440 5795 σκόπει
2473 5736 2613 5815 βίον.
