4100 6392
286 394 391 451 969

1478 386 1651 440 VITA
1685 380 2040 439 BARLAAM
2074 380 2171 436 ET
2203 384 2542 442 JOASAPH.

3606 390 3715 449 970

291 519 417 578 διῶν
478 517 795 599 φιλοτιμως
880 513 1306 586 ἒναποτιθέντες,
1392 534 1482 569 και
1567 513 1936 588 γεωργοῦντες

2065 512 2591 589 suavissimumque
2615 515 2874 573 fructum
2905 532 2973 574 ac
2996 517 3220 576 caelesti
3243 522 3710 597 mensadignum

283 611 486 685 καρπὸν
546 607 889 685 γλυκύτατον
950 604 1041 662 xui
1096 612 1197 675 τῆς
1259 602 1586 680 δπουρανίου
1670 600 1947 677 τραπέζης

292 700 533 773 ἐπάξιον,

358 789 563 846 ’Ἄλλοι
596 786 653 845 δὲ
702 781 1048 844 κοινοϐιακὸν
1114 787 1472 860 μετέρχονται
1536 780 1675 858 βίον·
1730 776 1946 846 οἵτινες,

286 880 483 951 πλήθη
518 880 926 955 πολυάνθρωπα
950 875 1036 932 ἐπὶ
1058 877 1120 931 τὸ
1142 876 1271 931 αὐτὸ
1313 869 1707 950 ἀθροισθέντες,
1747 874 1833 950 ὑφ’
1868 872 1945 927 ένὶ

289 971 561 1046 ταξιάρχῃ
595 968 685 1025 καὶ
736 972 1059 1043 προεστῶτι,
1118 970 1197 1037 τῷ
1254 966 1468 1019 πάντων
1528 961 1948 1040 διαφορωτάτῳ,

292 1059 515 1124 ἑαυτοὺς
573 1057 781 1129 ἔταξαν,
838 1061 941 1111 πᾶν
1004 1054 1223 1128 θέλημα
1278 1055 1483 1109 ἑαυτῶν
1543 1052 1789 1128 μαχαίρᾳ
1844 1058 1943 1121 τῆς

293 1151 538 1221 ὑπακοῆς
596 1149 1014 1227 ἀποσφάξαντες·
1075 1147 1164 1203 xui
1227 1144 1459 1209 δούλους
1519 1144 1760 1215 ὠνητοὺς
1817 1145 1943 1200 ἑαυ-

285 1240 411 1302 τοὺς
445 1241 710 1303 ἑκουσίως
745 1238 1131 1314 λογισάμενοι,
1192 1235 1289 1292 οὐκ
1348 1232 1423 1290 ἔτι
1486 1235 1699 1297 ἑαυτοῖς
1759 1238 1944 1305 ζῶσιν,

287 1328 410 1385 ἀλλ’
441 1332 487 1401 ᾧ
512 1334 620 1401 (39)
654 1327 743 1384 διὰ
773 1330 863 1384 τὸν
895 1332 991 1384 τοῦ
1026 1331 1265 1403 Χριστοῦ
1324 1323 1494 1381 πόθον
1544 1325 1770 1387 ἑαυτοὺς
1813 1335 1946 1387 καο-

286 1418 566 1488 υπέταξαν·
602 1416 937 1491 οἰκειότερον
992 1414 1048 1472 δέ
1100 1416 1315 1489 μᾶλλον
1373 1415 1566 1483 εἰπεῖν,
1630 1419 1790 1483 ζῶσιν
1848 1414 1946 1468 ούκ

287 1502 360 1563 έτι
397 1506 639 1575 ἑαυτοῖς,
676 1510 742 1582 ζῇ
776 1505 833 1562 δὲ
880 1507 929 1561 ἐν
982 1506 1166 1569 αὐτοῖς
1200 1508 1227 1561 ὁ
1262 1506 1515 1581 Χριστὸς,
1548 1506 1593 1577 ᾧ
1623 1502 1941 1576 ἠκολούθη-

288 1619 381 1655 σαν
411 1597 588 1653 πάντα
618 1596 1085 1673 ἂπαρνησάμενοι.
1119 1601 1291 1651 Τοῦτο
1352 1596 1455 1671 γάρ
1515 1593 1658 1650 ἔστιν
1718 1594 1941 1669 ἀναχώ-

296 1710 473 1765 ρησις,
504 1689 715 1763 κόσμου
755 1689 1001 1744 ἑκούσιον
1057 1694 1241 1763 μῖσος,
1299 1690 1391 1743 xui
1449 1686 1671 1761 ἄρνησις
1731 1687 1942 1764 φύσεως

296 1780 448 1852 πόθῳ
492 1784 599 1835 τῶν
662 1780 790 1854 ὑπὲρ
862 1778 1047 1858 φύσιν.
1116 1779 1285 1835 Οὗτοῖ
1339 1777 1521 1833 τοίνυν
1582 1777 1656 1840 ὡς
1715 1774 1938 1852 ἄγγελοι

2062 603 2419 660 excolentes.

2131 784 2244 837 Alii
2268 789 2466 839 autem
2489 786 2902 843 cmnobiticam
2934 789 3112 845 vitam
3127 795 3568 850 consectantur.
3600 792 3713 859 Qui

2059 872 2300 944 quidem
2332 875 2589 930 maximo
2622 894 2870 932 numero
2904 878 2964 934 in
3022 897 3209 935 unum
3271 882 3482 946 coacti,
3532 883 3713 938 unius

2058 963 2319 1035 praefecti
2351 970 2527 1035 atque
2551 966 2835 1021 antistitis
2868 969 2990 1039 (qui
3025 970 3302 1026 omnibus
3324 972 3537 1027 virtute
3562 990 3719 1044 prm-

2058 1057 2193 1121 stat)
2227 1054 2476 1125 imperio
2501 1072 2561 1110 se
2596 1055 2752 1126 ipsos
2781 1057 3137 1115 subduntzac
3156 1061 3523 1118 voluntatem
3542 1080 3713 1121 suam

2056 1144 2410 1199 obedientize
2434 1161 2720 1200 mucrone
2745 1164 2991 1217 prorsus
3016 1156 3382 1220 truncantes,
3405 1170 3589 1227 seque
3615 1171 3714 1210 ve-

2057 1235 2146 1289 lut
2168 1235 2435 1305 emptitia
2458 1236 2759 1306 mancipia
2788 1236 2945 1291 ultro
2969 1244 3607 1315 reputantes,nonjam
3627 1244 3713 1300 si-

2054 1324 2113 1379 bi
2147 1324 2291 1395 ipsis
2324 1324 2544 1390 vivunt,
2583 1324 2688 1380 sed
2730 1325 2783 1380 ei
2813 1327 2907 1380 cui
2942 1327 3014 1381 ob
3042 1329 3256 1383 Christi
3289 1346 3554 1387 amorem
3582 1349 3712 1389 sese

2056 1413 2482 1481 submiserunt,
2516 1414 2605 1468 vel
2637 1420 2703 1468 ut
2723 1416 2921 1486 aptius
2945 1416 3179 1487 loquar,
3212 1419 3560 1492 vivuntjam
3591 1440 3714 1479 non

2056 1504 2168 1559 sibi
2192 1504 2359 1575 ipsis,
2382 1505 2734 1559 vivitautem
2757 1505 2817 1559 in
2844 1504 2935 1560 his
2958 1506 3228 1562 Christus
3252 1509 3398 1578 (Gal.
3425 1512 3503 1581 ιι),
3538 1528 3718 1581 quem

2055 1594 2233 1649 rebus
2266 1594 2544 1649 omnibus
2571 1594 2861 1666 abjuratis
2896 1597 3081 1651 secuti
3114 1603 3274 1654 sunt.
3312 1600 3455 1654 Nam
3504 1600 3564 1655 in
3598 1600 3711 1657 hoc

2054 1684 2297 1739 demum
2321 1701 2591 1739 secessus
2620 1702 2654 1739 a
2674 1686 2900 1740 mundo
2925 1687 3219 1754 consistit,
3246 1694 3311 1743 ut
3342 1695 3585 1763 propter
3615 1708 3714 1746 ea-

2050 1791 2183 1830 rum
2200 1791 2396 1829 rerum
2412 1791 2544 1846 qua)
2558 1781 2772 1830 natura
2784 1775 3163 1832 sublimiores
3176 1779 3719 1849 suntcupiditatem

290 1867 375 1923 ἐπὶ
407 1871 502 1937 τῆς
543 1875 643 1943 γῆς
674 1866 1081 1935 πολιτεύονται,
1113 1866 1371 1942 ψαλμοὺς
1398 1867 1487 1923 xui
1546 1866 1752 1939 ὕμνους
1804 1868 1940 1939 ὁμο-

2065 1865 2455 1920 voluntarium
2480 1865 2570 1919 sui
2603 1865 2789 1936 ipsius
2822 1865 3026 1920 odium
3060 1866 3359 1938 quispiam
3391 1869 3713 1940 concipiat,

287 1955 525 2031 θυμαδὸν
586 1964 665 2032 τῷ
726 1959 919 2033 Κυρίῳ
974 1955 1213 2029 ᾅδοντες,
1271 1958 1360 2012 καὶ
1420 1956 1770 2032 ὁμολογηταὶ
1826 1961 1942 2018 τοῖς

288 2046 478 2109 ἄθλοις
508 2050 606 2117 τῆς
669 2048 919 2116 ὑπακοῆς
976 2046 1430 2122 χρηματίζοντες
1482 2047 1561 2123 ἐφ’
1617 2047 1697 2108 οἷς
1752 2048 1842 2101 xui
1884 2046 1946 2101 τὸ

289 2135 608 2193 δεσποτικὸν
639 2135 955 2213 πληροῦται
989 2136 1206 2192 λόλιον.
1241 2137 1384 2207 Φησῖ
1437 2136 1560 2211 γάρ’
1609 2138 1785 2194 Ὅπου
1832 2138 1945 2208 (40)

288 2227 389 2283 εἶσὶ
424 2224 520 2281 δύο
552 2226 586 2297 ἢ
616 2232 765 2301 τρεῖς
812 2225 1253 2301 συνηγμένοιεῖς
1298 2226 1360 2280 τὸ
1407 2225 1537 2299 έμὸν
1591 2222 1788 2297 ὄνομα,
1838 2225 1948 2280 ἐκεῖ

286 2318 399 2392 εἷμῖ
437 2318 488 2373 έν
525 2320 677 2391 μέσῳ
710 2317 909 2376 αὐτῶν.
948 2317 1062 2374 Οὐκ
1117 2316 1195 2381 εἷς
1248 2321 1411 2372 τοῦτο
1466 2316 1529 2371 τὸ
1590 2318 1785 2390 μέτρον
1844 2318 1944 2383 τήν

289 2408 373 2465 ἐπὶ
406 2414 487 2482 τῷ
521 2408 755 2481 ὀνόματι
787 2407 952 2463 αύτοῦ
1011 2408 1326 2483 συναγωγὴν
1381 2404 1750 2475 περικλείσας,
1801 2404 1949 2460 ἀλλά

292 2496 381 2555 διά
405 2504 515 2554 τῶν
550 2496 645 2554 δύο
677 2498 713 2568 ἤ
744 2502 910 2573 τριῶν
944 2495 1252 2563 ἀδιόριστον
1284 2498 1374 2551 τὸν
1410 2497 1641 2569 ἀριθμὸν
1671 2493 1946 2566 δηλώσας.

288 2588 412 2645 Εἴτε
439 2588 542 2664 γάρ
576 2587 778 2663 ὀλίγοι,
814 2586 920 2643 εἷ’τε
952 2586 1157 2641 πολλοὶ
1192 2583 1372 2660 διάετὸ
1404 2583 1554 2661 ἅγιον
1618 2584 1781 2639 αὐτοῦ
1832 2607 1950 2639 συν-

286 2681 533 2755 αχθῶσιν
587 2676 786 2752 ὄνομα,
847 2676 996 2750 αύτῳ
1052 2674 1301 2752 διαπύρῳ
1358 2674 1714 2750 λατρεύοντες
1767 2676 1943 2747 πόθῳ,

291 2768 411 2825 ἐκεῖ
442 2774 691 2845 παρεῖναι
724 2772 917 2823 τοῦτον
976 2766 1304 2840 πιστεύομεν
1335 2765 1383 2821 έν
1422 2767 1571 2840 μέσῳ
1622 2770 1731 2821 τῶν
1784 2765 1947 2820 αὐτοῦ

291 2856 534 2916 δούλων.

2056 1973 2123 2012 ac
2156 1963 2430 2011 naturam
2463 1956 2716 2028 abjuret.
2754 1957 2820 2011 Hi
2854 1956 3035 2029 igitur
3064 1958 3413 2029 angelorum
3440 1959 3630 2015 instar
3652 1961 3715 2018 in

2056 2048 2173 2101 vita
2204 2053 2535 2113 versantur,
2569 2046 2833 2117 psalmos
2864 2047 3141 2101 videlicet
3167 2053 3225 2102 et
3256 2048 3511 2119 hymnos
3570 2067 3717 2105 con-

2057 2138 2335 2193 cordibus
2361 2136 2578 2192 animis
2606 2138 2851 2191 Domino
2880 2144 3179 2195 canentes.
3217 2144 3274 2193 et
3306 2140 3714 2197 confessorum

2058 2244 2277 2283 nomen
2309 2232 2551 2298 propter
2581 2226 2935 2281 obedientize
2968 2228 3295 2283 certamina
3350 2230 3713 2286 obtinentes.

2056 2320 2123 2372 In
2158 2318 2374 2388 quibus
2406 2317 2585 2371 etiam
2615 2316 2989 2371 Dominicum
3018 2317 3166 2371 illud
3192 2319 3500 2375 oraculum
3522 2320 3719 2392 exple-

2060 2414 2173 2463 tur:
2185 2407 2530 2477 Ubicunque
2553 2406 2774 2461 fuerint
2796 2406 2912 2461 duo
2926 2407 3015 2461 vel
3041 2413 3159 2461 tres
3174 2410 3512 2482 congregati
3536 2410 3597 2465 in
3614 2427 3718 2466 no-

2058 2499 2221 2553 mine
2249 2513 2400 2563 meo,
2429 2497 2554 2551 illic
2577 2513 2709 2552 sum
2734 2498 2795 2551 in
2819 2497 3013 2553 medio
3037 2497 3277 2553 illorum
3308 2500 3505 2554 Matth.
3539 2504 3718 2569 xvul).

2058 2588 2280 2653 Quibus
2302 2587 2495 2641 verbis
2526 2604 2645 2642 non
2670 2587 2781 2642 hoc
2803 2587 3091 2643 duntaxat
3113 2604 3364 2643 numero
3388 2605 3490 2645 eos
3514 2591 3615 2662 qui
3648 2592 3711 2650 in

2058 2679 2245 2749 ipsius
2267 2677 2511 2732 nomine
2541 2682 2974 2750 congregantur
2995 2678 3485 2750 circumscripsit,
3510 2697 3713 2737 verum

2058 2786 2163 2840 per
2194 2768 2341 2823 duos
2369 2773 2471 2822 aut
2504 2773 2622 2822 tres
2654 2767 3037 2823 indeﬁnitum
3068 2784 3387 2824 numerum
3412 2771 3713 2843 signiﬁca—

2048 2859 2150 2913 vit.
2208 2857 2356 2913 Nam
2390 2857 2513 2911 sive
2547 2857 2716 2928 pauci
2749 2858 2869 2912 sive
2903 2858 3073 2911 multi
3106 2858 3179 2912 ob
3215 2864 3488 2915 sanetum
3520 2860 3709 2932 ipsius

288 2968 509 3008 nomen
530 2951 590 3008 in
612 2968 798 3009 unum
822 2950 1377 3022 conveniant,eique
1405 2949 1639 3006 ardenti
1662 2966 1861 3005 amore
1887 2949 2112 3005 cultum
2136 2946 2482 3016 adhibeant,
2518 2946 2637 3002 illic
2668 2964 2805 3003 eum
2832 2948 2893 3003 in
2920 2946 3115 3003 medio
3141 2964 3445 3005 servorum
3466 2966 3710 3007 suorum

287 3041 496 3098 adesse
518 3042 769 3097 minime
797 3041 1160 3098 dubitamus.

357 3126 581 3192 Τούτοις
612 3135 730 3191 τοῖς
785 3128 979 3191 τύποις
1042 3128 1133 3184 καὶ
1191 3132 1313 3191 ταῖς
1362 3126 1640 3191 τοιαύταις
1701 3127 1937 3205 ἀγωγαῖς

2124 3130 2236 3182 Per
2257 3127 2383 3181 hanc
2415 3125 2707 3197 exempla,
2742 3130 2800 3179 et
2830 3142 2936 3197 per
2968 3127 3313 3199 hujusmodi
3341 3129 3629 3187 coitiones
3656 3136 3719 3188 et

288 3223 439 3277 107
479 3220 531 3275 οἳ
562 3221 748 3295 γήϊνοι
781 3219 871 3274 καὶ
930 3219 1120 3295 χοϊκοὶ
1167 3218 1259 3274 τὸν
1313 3214 1431 3273 ϐίον
1496 3216 1780 3289 ἐζήλωσαν
1838 3222 1946 3272 τῶν

290 3306 585 3385 οὐρανίων,
618 3309 671 3364 έν
716 3308 999 3379 νηστείαςς
1057 3307 1147 3365 xui
1210 3308 1400 3384 εὐχαῖς
1456 3308 1545 3363 καὶ
1606 3306 1947 3384 ἀγρυπνίαις,

291 3399 345 3455 ἐν
403 3396 626 3473 δάκρυσι
691 3401 917 3475 θερμοῖς
987 3398 1076 3453 xui
1166 3397 1552 3474 ἀμετεωρίστῳ
1634 3396 1839 3469 πένθει,
1894 3396 1946 3453 έν

291 3491 518 3564 ξενιτείᾳ
547 3491 635 3544 xui
672 3492 865 3562 μνήμῃ
925 3490 1176 3559 θανάτου,
1238 3486 1290 3543 έν
1347 3488 1613 3563 πραότητι
1671 3489 1763 3543 καὶ
1822 3488 1949 3563 ἀορ-

293 3579 486 3655 γησῖᾳ,
520 3579 571 3634 έν
608 3579 790 3655 σιωπῇ
822 3578 1080 3655 χειλέων,
1124 3579 1174 3634 ἐν
1236 3580 1591 3654 ἀκτημοσύνῃ
1649 3578 1740 3633 καὶ
1798 3600 1949 3633 πτωο

299 3670 447 3744 χείᾳ,
501 3667 552 3724 έν
612 3669 800 3744 ἁγνείᾳ
868 3670 956 3725 xui
1048 3668 1395 3746 σωφροσύνῃ,
1456 3668 1508 3723 έν
1563 3667 1948 3745 ταπεινόφρονι

294 3760 491 3835 γνώμῃ
521 3758 609 3813 καὶ
643 3759 869 3835 ἡσυχίᾳ,
904 3759 955 3812 έν
1013 3758 1192 3835 ἀγάπῃ
1245 3758 1427 3829 τελείᾳ
1479 3758 1613 3834 πρὸς
1670 3760 1762 3813 τὸν
1818 3758 1947 3812 Θεὸν

290 3848 381 3904 καὶ
411 3849 503 3905 τὸν
538 3847 798 3920 πλησίον,
830 3850 921 3904 τὸν
972 3850 1213 3924 παρόντα
1272 3847 1642 3911 ἐκτελέσαντες
1695 3848 1814 3923 βίον
1860 3848 1946 3902 xui

292 3933 523 4011 ἄγγελοι
552 3940 671 3997 τοῖς
702 3931 930 4009 τρόποις
984 3936 1291 4009 γενόμενοι.
1335 3936 1486 3989 Ὅθεν
1536 3934 1663 3996 Θεὸς
1715 3932 1950 4006 θαύμασι

289 4028 383 4082 xui
419 4026 678 4099 σημείοις
732 4026 823 4080 καὶ
889 4024 1170 4099 μοικίλαις
1230 4023 1517 4099 δυνάμεσιν
1578 4023 1769 4086 αὐτοὺς
1822 4044 1952 4077 κατ-

293 4116 596 4187 εκόσμησε,
650 4115 741 4172 xui
797 4116 888 4170 τὸν
951 4115 1188 4193 φθόγγον
1244 4122 1343 4185 τῆς
1401 4116 1716 4189 θαυμαστῆς
1777 4113 1950 4168 αὐτῶν

294 4204 583 4267 πολιτείας
642 4206 721 4267 εἷς
780 4206 849 4260 τά
906 4205 1109 4280 πέρατα
1169 4204 1487 4281 διηχεῖσθαι
1534 4213 1634 4274 τῆς
1694 4204 1954 4276 οἶκουμέ-

296 4315 401 4363 νης
434 4298 544 4366 (il)
575 4292 862 4365 πεποίηκε.
898 4294 995 4349 Kui
1030 4292 1178 4367 εἷ’περ
1212 4312 1296 4348 σοι
1351 4293 1442 4347 τὸν
1503 4292 1621 4367 βίον
1680 4293 1797 4355 ένὸς
1860 4292 1953 4347 αὖ·

298 4386 411 4436 τῶν
446 4381 531 4435 ἐπὶ
562 4381 829 4454 στόματος
878 4381 1054 4459 φέρων
1103 4380 1240 4436 κατὰ
1286 4379 1449 4457 μέρος
1498 4378 1862 4454 διηγήσομαι,
1898 4381 1955 4441 ὅς

300 4468 396 4525 καὶ
429 4467 678 4545 ἀρχηγὸς
708 4478 1021 4545 γεγενῆσθαι
1055 4477 1153 4540 τῆς
1182 4470 1317 4524 κατά
1347 4469 1626 4542 μοναχοὺς
1671 4468 1953 4531 πολιτείας

300 4554 525 4633 λέγεται
555 4559 871 4629 (Ἀντώνιος
906 4557 964 4614 δὲ
994 4554 1168 4631 ὄνομα
1199 4558 1390 4631 αὐτῷ),
1421 4560 1602 4633 γνώσῃ
1654 4557 1869 4621 πάντως
1899 4556 1959 4613 ix

290 4653 394 4704 τοῦ
430 4648 548 4710 ἑνὸς
581 4647 802 4725 δένδρου
830 4654 935 4704 τῶν
971 4650 1253 4723 ὁμογενῶν
1282 4648 1371 4704 xui
1404 4646 1677 4722 ὁμοειδῶν
1732 4652 1956 4722 καρπῶν

290 4738 396 4807 τὴν
422 4736 763 4811 γλυκύτητα,
796 4738 888 4793 καὶ
920 4736 1033 4793 ο⁹ίαν
1069 4738 1273 4803 ἐκεῖνος
1330 4735 1477 4802 ἔθετο
1524 4744 1627 4807 τῆς
1678 4737 1959 4809 ἀσκήσεως

296 4822 640 4902 ὑποϐάθραν,
676 4825 791 4883 οἵαν
828 4824 885 4883 δὲ
916 4829 1015 4897 τήν
1048 4828 1253 4906 ὀροφὴν
1287 4828 1544 4901 ἐπήξατο,
1603 4828 1693 4883 καὶ
1752 4829 1959 4883 ὁποίων

295 4916 511 4987 ἠξιώθη
548 4917 696 4991 παρά
726 4921 824 4972 τοῦ
858 4921 1119 4993 Σωτῆρος
1150 4923 1336 4994 τυχεῖν
1388 4916 1769 4993 χαρισμάτων.
1825 4916 1966 4974 Πολ-

297 5003 393 5060 λοὶ
426 5002 484 5060 δὲ
514 5007 604 5060 xui
638 5005 805 5062 ἃλλοι
833 5009 952 5081 μετ’
991 5006 1199 5063 ἐκεῖνον
1257 5008 1351 5062 τὸν
1402 5006 1515 5062 ἴσον
1568 5006 1963 5083 ἀγωνισάμενοι

300 5096 489 5171 ἀγωνα
518 5099 626 5151 τῶν
664 5096 879 5170 ὁμοιων
913 5096 1110 5154 έτυχον
1148 5096 1419 5176 στεφάνων
1452 5117 1511 5153 τε
1539 5097 1628 5153 καὶ
1659 5103 1856 5174 γερῶν.

378 5274 659 5351 Μακάριοι
720 5277 870 5332 οὗτοι
933 5278 1024 5333 καὶ
1077 5276 1492 5355 τρισμακάριοι,
1554 5279 1606 5331 0i
1687 5278 1779 5333 τὸν
1840 5280 1969 5336 Θεὸν

305 5364 710 5439 ἀγαπήσαντες,
742 5368 831 5421 xui
897 5364 987 5422 διὰ
1039 5368 1139 5436 την
1198 5366 1414 5443 ἀγάπην
1476 5366 1643 5422 αὐτοῦ
1701 5388 1972 5447 καταφρο-

300 5454 568 5526 νήσαντες
599 5456 845 5515 πάντων.
898 5453 1229 5534 Ἐδάκρυσαν
1283 5458 1386 5534 γὰρ
1447 5461 1761 5521 πενθοῦντες
1820 5460 1962 5533 ἡμέ-

528 5611 744 5692 G__loss_a
774 5612 846 5669 ad
877 5614 1207 5692 marginem
1240 5614 1301 5671 in
1330 5615 1374 5669 A
1403 5630 1416 5669 :
1448 5616 1527 5685 τῷ
1556 5614 1912 5692 καθηγεμόνι.

380 5684 499 5754 (40)
544 5685 750 5741 Matth.
780 5703 940 5754 xvnl,
974 5684 1062 5743 20.

380 5756 497 5829 (41)
531 5756 697 5813 Conf.
735 5774 792 5831 p.
829 5761 953 5827 101,
985 5775 1046 5827 n,
1080 5761 1168 5814 3t.

596 5875 870 5938 PATROL.
919 5876 1031 5941 Gn.
1078 5876 1286 5941 XCVI.

2060 3218 2346 3282 actiones,
2380 3215 2600 3271 terreni
2632 3215 2895 3270 caelitum
2919 3216 3094 3272 vitam
3122 3218 3336 3273 imitati
3359 3223 3591 3282 sunt,ut
3616 3221 3720 3292 qui

2062 3308 2124 3362 in
2146 3306 2418 3379 jejuniis,
2444 3312 2500 3360 et
2527 3306 2804 3377 precibus
2830 3323 2896 3361 ac
2919 3306 3154 3379 vigiliis,
3189 3308 3250 3363 in
3274 3309 3606 3366 calentibus
3630 3311 3721 3366 la-

2062 3397 2281 3469 crymis
2314 3402 2372 3451 et
2401 3395 2565 3451 luctu
2587 3395 2660 3451 ab
2691 3395 2856 3450 omni
2878 3396 3065 3451 animi
3097 3396 3482 3454 distractione
3506 3399 3718 3467 libero,

2063 3486 2122 3541 in
2155 3485 2630 3558 peregrinatione
2661 3501 2729 3539 ac
2761 3486 2968 3540 mortis
3002 3487 3314 3552 memoria,
3372 3486 3433 3541 in
3472 3488 3719 3544 lenitate

2064 3576 2370 3646 animique
2401 3575 2619 3629 affectu
2648 3572 2718 3627 ab
2744 3572 3054 3629 iracundia
3075 3576 3395 3643 remoto,in
3422 3576 3721 3633 labiorum

2064 3665 2326 3728 silentio,
2362 3664 2421 3717 in
2454 3666 2802 3734 paupertate
2834 3668 3011 3734 atque
3032 3664 3254 3735 inopia,
3275 3665 3336 3719 in
3361 3666 3629 3721 castitate
3650 3683 3720 3721 ac

2062 3755 2370 3828 pudicitia,
2421 3754 2483 3808 in
2516 3754 2851 3810 humilitate
2884 3760 2942 3808 et
2972 3756 3194 3825 quiete,
3247 3772 3314 3811 ac
3365 3756 3624 3830 denique
3656 3758 3720 3814 in

2062 3846 2324 3918 perfecta
2346 3860 2482 3912 erga
2508 3845 2688 3899 Deum
2718 3850 2777 3898 et
2796 3845 3133 3915 proximum
3159 3846 3442 3902 charitate
3465 3866 3723 3919 praesen-

2064 3938 2139 3991 tis
2170 3935 2303 3989 vitae
2336 3932 2699 3988 curriculum
2728 3933 3114 4001 confecerint,
3150 3936 3511 4009 angelosque
3540 3939 3724 3992 mori-

2064 4027 2172 4081 bus
2206 4023 2626 4095 expresserint.
2664 4023 2746 4078 0b
2781 4040 3035 4095 eamque
3067 4042 3307 4081 causam
3340 4026 3497 4081 Deus
3536 4028 3720 4083 mira-

2065 4115 2215 4171 culis
2246 4130 2312 4168 ac
2346 4112 2531 4184 signis
2570 4112 2870 4184 variisque
2903 4115 3221 4172 virtutibus
3252 4132 3355 4172 eos
3394 4117 3719 4184 exornavit,

2066 4204 2378 4274 effecitque
2410 4208 2477 4257 ut
2504 4202 2869 4258 admiranda;
2893 4220 3099 4259 eorum
3122 4206 3253 4260 vitae
3276 4206 3526 4261 rationis
3558 4222 3728 4273 sono,

2068 4294 2179 4366 ipsi
2212 4309 2451 4364 quoque
2483 4291 2644 4346 orbis
2687 4297 2982 4348 terrarum
3019 4295 3169 4349 fines
3200 4300 3544 4366 personent.
3576 4296 3658 4351 Ac
3675 4294 3727 4350 si

2065 4384 2243 4438 unius
2268 4382 2555 4454 ipsorum,
2592 4381 2703 4435 hoc
2735 4387 2825 4436 est
2854 4383 3117 4450 Antonii,
3151 4384 3249 4454 qui
3280 4385 3457 4438 etiam
3487 4400 3728 4439 monas-

2067 4473 2197 4528 ticaa
2230 4474 2359 4525 vitae
2386 4487 2609 4541 auspex
2652 4486 2719 4525 ac
2742 4471 3021 4543 princeps
3049 4472 3345 4529 exstitisse
3376 4472 3615 4542 dicitur,
3645 4474 3733 4528 vi-

2069 4568 2188 4617 tam
2214 4561 2318 4616 tibi
2343 4560 2645 4632 sigillatim
2670 4576 3055 4631 exponerem,
3083 4562 3369 4618 nimirum
3402 4580 3471 4619 ex
3498 4580 3619 4619 una
3640 4580 3729 4620 ar.

2072 4653 2214 4708 bore
2246 4653 2505 4707 fructum
2534 4667 2736 4705 eorum
2769 4652 2870 4721 qui
2906 4651 3175 4723 ejusdem
3206 4654 3441 4727 generis
3472 4670 3540 4709 ac
3597 4670 3733 4726 spe-

2070 4744 2180 4799 ciei
2214 4743 2353 4808 sint,
2397 4740 2778 4796 dulcedinem
2832 4758 3076 4813 prorsus
3120 4742 3506 4816 intelligeres,
3541 4743 3730 4815 quod-

2072 4848 2330 4903 namque
2364 4830 2465 4884 ille
2498 4830 2937 4885 exercitationis
2963 4831 3253 4903 religiosae
3272 4831 3733 4888 fundamentum

2066 4924 2232 4996 jecit,
2266 4928 2325 4977 et
2354 4920 2656 4991 quodnam
2688 4920 2989 4992 fastigium
3040 4923 3276 4985 struxit,
3309 4928 3368 4977 et
3415 4927 3667 4992 quantas
3697 4937 3733 4976 a

2075 5014 2372 5069 Salvatore
2406 5010 2631 5082 gratias
2664 5016 3024 5065 consecutus
3081 5017 3188 5066 est.
3245 5010 3519 5082 Plerique
3555 5011 3735 5065 etiam

2076 5104 2179 5159 alii
2212 5108 2343 5175 post
2372 5117 2506 5155 eum
2540 5099 2750 5155 eodem
2782 5100 3106 5156 certamine
3140 5099 3460 5172 perfuncti,
3494 5098 3569 5156 ad
3600 5114 3733 5157 eas-

2078 5194 2214 5249 dem
2247 5208 2495 5249 coronas
2528 5194 2587 5246 et
2616 5189 2824 5247 eadem
2857 5190 3103 5262 praamia
3133 5194 3552 5262 pervenerunt.

2154 5281 2317 5338 Beati
2340 5286 2499 5337 certe
2550 5280 2635 5335 illi
2660 5296 2727 5336 ac
2750 5285 2840 5337 ter
2860 5280 3038 5349 beati,
3061 5285 3129 5335 ut
3143 5279 3245 5350 qui
3268 5279 3372 5335 Dei
3397 5295 3598 5336 amore
3626 5278 3738 5335 fla-

2081 5376 2533 5446 grarunt,atque
2551 5369 2624 5425 ob
2642 5370 2827 5442 ipsius
2850 5370 3197 5426 charitatem
3212 5369 3530 5443 omniapro
3546 5368 3736 5424 nihilo

2074 5463 2392 5519 duxerunt.
2418 5458 2726 5531 Siquidem
2747 5458 3037 5533 lacrymas
3059 5458 3473 5532 profuderunt,
3515 5458 3737 5531 diuque

3382 5876 3454 5935 3i
