  <div class='ocr_page' id='page_1' title='image "/cluster/home/n/w/nwhite01/storage/ocr_20150623/96:no.3/coo.31924054870005/501.png"; bbox 0 0 4100 6390; ppageno 0'>
   <div class='ocr_carea' id='block_1_1' title="bbox 439 341 2075 422">
    <p class='ocr_par' dir='ltr' id='par_1_1' title="bbox 439 341 2075 400">
     <span class='ocr_line' id='line_1_1' title="bbox 439 341 2075 400; baseline 0.001 -3"><span class='ocrx_word' id='word_1_1' title='bbox 439 341 543 400; x_wconf 81' lang='grc'><strong>971</strong></span> <span class='ocrx_word' id='word_1_2' title='bbox 2001 344 2075 398; x_wconf 79' lang='grc' dir='ltr'>ΔΙ</span> 
     </span>
    </p>
   </div>
   <div class='ocr_carea' id='block_1_2' title="bbox 2190 341 3835 422">
    <p class='ocr_par' dir='ltr' id='par_1_2' title="bbox 2190 346 3835 422">
     <span class='ocr_line' id='line_1_2' title="bbox 2190 346 3835 422; baseline 0 -22"><span class='ocrx_word' id='word_1_3' title='bbox 2190 346 2370 400; x_wconf 76' lang='grc' dir='ltr'><strong>ἶΝῦΔ.</strong></span> <span class='ocrx_word' id='word_1_4' title='bbox 3743 364 3835 422; x_wconf 71' lang='lat'>972</span> 
     </span>
    </p>
   </div>
   <div class='ocr_carea' id='block_1_3' title="bbox 439 458 2075 564">
    <p class='ocr_par' dir='ltr' id='par_1_3' title="bbox 439 467 2067 542">
     <span class='ocr_line' id='line_1_3' title="bbox 439 467 2067 542; baseline -0.001 -15"><span class='ocrx_word' id='word_1_5' title='bbox 439 487 506 528; x_wconf 88' lang='lat' dir='ltr'>ac</span> <span class='ocrx_word' id='word_1_6' title='bbox 527 473 709 527; x_wconf 88' lang='lat' dir='ltr'>noctu</span> <span class='ocrx_word' id='word_1_7' title='bbox 731 467 794 526; x_wconf 90' lang='lat' dir='ltr'>in</span> <span class='ocrx_word' id='word_1_8' title='bbox 818 468 984 527; x_wconf 86' lang='lat' dir='ltr'>luctu</span> <span class='ocrx_word' id='word_1_9' title='bbox 998 468 1212 526; x_wconf 79' lang='lat' dir='ltr'>versati</span> <span class='ocrx_word' id='word_1_10' title='bbox 1228 473 1388 537; x_wconf 86' lang='lat' dir='ltr'>sunt,</span> <span class='ocrx_word' id='word_1_11' title='bbox 1411 472 1478 524; x_wconf 91' lang='lat' dir='ltr'>ut</span> <span class='ocrx_word' id='word_1_12' title='bbox 1500 473 1854 542; x_wconf 86' lang='lat' dir='ltr'>perpetuam</span> <span class='ocrx_word' id='word_1_13' title='bbox 1885 485 2067 525; x_wconf 91' lang='lat' dir='ltr'>conso</span> 
     </span>
    </p>
   </div>
   <div class='ocr_carea' id='block_1_4' title="bbox 2190 458 3832 564">
    <p class='ocr_par' dir='ltr' id='par_1_4' title="bbox 2216 458 3832 564">
     <span class='ocr_line' id='line_1_4' title="bbox 2216 458 3832 564; baseline 0.011 -40"><span class='ocrx_word' id='word_1_14' title='bbox 2216 491 2314 546; x_wconf 88' lang='grc' dir='ltr'>ρας</span> <span class='ocrx_word' id='word_1_15' title='bbox 2341 470 2431 564; x_wconf 77' lang='grc' dir='ltr'>καὶ</span> <span class='ocrx_word' id='word_1_16' title='bbox 2461 473 2677 545; x_wconf 81' lang='grc' dir='ltr'>νυκτὸς,</span> <span class='ocrx_word' id='word_1_17' title='bbox 2711 472 2801 532; x_wconf 72' lang='grc' dir='ltr'>ἵνα</span> <span class='ocrx_word' id='word_1_18' title='bbox 2853 479 2954 546; x_wconf 82' lang='grc' dir='ltr'>τῆς</span> <span class='ocrx_word' id='word_1_19' title='bbox 3012 475 3259 548; x_wconf 77' lang='grc' dir='ltr'>ἁλήκτου</span> <span class='ocrx_word' id='word_1_20' title='bbox 3306 477 3523 556; x_wconf 82' lang='grc' dir='ltr'>τύχωσι</span> <span class='ocrx_word' id='word_1_21' title='bbox 3577 458 3832 564; x_wconf 70' lang='grc' dir='ltr'>παρακλή-</span> 
     </span>
    </p>
   </div>
   <div class='ocr_carea' id='block_1_5' title="bbox 438 559 2075 652">
    <p class='ocr_par' dir='ltr' id='par_1_5' title="bbox 438 559 2075 635">
     <span class='ocr_line' id='line_1_5' title="bbox 438 559 2075 635; baseline -0.002 -16"><span class='ocrx_word' id='word_1_22' title='bbox 438 561 731 619; x_wconf 86' lang='lat' dir='ltr'>lationem</span> <span class='ocrx_word' id='word_1_23' title='bbox 761 563 1273 635; x_wconf 83' lang='lat' dir='ltr'>adipiscerentur;</span> <span class='ocrx_word' id='word_1_24' title='bbox 1306 578 1368 616; x_wconf 89' lang='lat' dir='ltr'>se</span> <span class='ocrx_word' id='word_1_25' title='bbox 1401 559 1561 630; x_wconf 91' lang='lat' dir='ltr'>ipsos</span> <span class='ocrx_word' id='word_1_26' title='bbox 1593 561 1749 616; x_wconf 90' lang='lat' dir='ltr'>ultro</span> <span class='ocrx_word' id='word_1_27' title='bbox 1781 561 2075 632; x_wconf 89' lang='lat' dir='ltr'>depresse-</span> 
     </span>
    </p>
   </div>
   <div class='ocr_carea' id='block_1_6' title="bbox 2190 559 3832 652">
    <p class='ocr_par' dir='ltr' id='par_1_6' title="bbox 2210 559 3832 652">
     <span class='ocr_line' id='line_1_6' title="bbox 2210 559 3832 652; baseline 0.01 -39"><span class='ocrx_word' id='word_1_28' title='bbox 2210 579 2370 623; x_wconf 79' lang='grc' dir='ltr'>σεως·</span> <span class='ocrx_word' id='word_1_29' title='bbox 2400 559 2758 619; x_wconf 71' lang='grc' dir='ltr'>ἐταπείνωσαν</span> <span class='ocrx_word' id='word_1_30' title='bbox 2792 564 3014 628; x_wconf 68' lang='grc' dir='ltr'>ὶαυτοὺς</span> <span class='ocrx_word' id='word_1_31' title='bbox 3075 566 3356 640; x_wconf 71' lang='grc' dir='ltr'>ἒκουσίως,</span> <span class='ocrx_word' id='word_1_32' title='bbox 3411 566 3484 622; x_wconf 70' lang='grc' dir='ltr'>ἵν’</span> <span class='ocrx_word' id='word_1_33' title='bbox 3541 559 3659 628; x_wconf 21' lang='grc' dir='ltr'>ἐκεῖ.</span> <span class='ocrx_word' id='word_1_34' title='bbox 3700 559 3832 652; x_wconf 64' lang='grc' dir='ltr'>ὑψῷ.</span> 
     </span>
    </p>
   </div>
   <div class='ocr_carea' id='block_1_7' title="bbox 439 651 2075 742">
    <p class='ocr_par' dir='ltr' id='par_1_7' title="bbox 439 651 2075 722">
     <span class='ocr_line' id='line_1_7' title="bbox 439 651 2075 722; baseline -0.004 -11"><span class='ocrx_word' id='word_1_35' title='bbox 439 671 556 711; x_wconf 86' lang='lat' dir='ltr'>run</span> <span class='ocrx_word' id='word_1_36' title='bbox 571 659 681 722; x_wconf 83' lang='lat' dir='ltr'>t,ut</span> <span class='ocrx_word' id='word_1_37' title='bbox 695 654 815 709; x_wconf 90' lang='lat' dir='ltr'>illic</span> <span class='ocrx_word' id='word_1_38' title='bbox 830 654 890 708; x_wconf 90' lang='lat' dir='ltr'>in</span> <span class='ocrx_word' id='word_1_39' title='bbox 903 654 1091 708; x_wconf 88' lang='lat' dir='ltr'>altum</span> <span class='ocrx_word' id='word_1_40' title='bbox 1111 652 1768 716; x_wconf 87' lang='lat' dir='ltr'>attollerentur;carnes</span> <span class='ocrx_word' id='word_1_41' title='bbox 1784 668 1920 706; x_wconf 76' lang='lat' dir='ltr'>suas</span> <span class='ocrx_word' id='word_1_42' title='bbox 1940 651 2075 706; x_wconf 48' lang='lat' dir='ltr'>fami</span> 
     </span>
    </p>
   </div>
   <div class='ocr_carea' id='block_1_8' title="bbox 2190 651 3835 742">
    <p class='ocr_par' dir='ltr' id='par_1_8' title="bbox 2213 655 3835 742">
     <span class='ocr_line' id='line_1_8' title="bbox 2213 655 3835 742; baseline 0.01 -38"><span class='ocrx_word' id='word_1_43' title='bbox 2213 655 2511 742; x_wconf 36' lang='lat' dir='ltr'>0Q6t‘(42)&#39;</span> <span class='ocrx_word' id='word_1_44' title='bbox 2572 655 2864 726; x_wconf 82' lang='grc' dir='ltr'>κατὲτηξαν</span> <span class='ocrx_word' id='word_1_45' title='bbox 2922 655 3017 718; x_wconf 82' lang='grc' dir='ltr'>τὰς</span> <span class='ocrx_word' id='word_1_46' title='bbox 3078 657 3280 712; x_wconf 74' lang='grc' dir='ltr'>ἑαυτῶν</span> <span class='ocrx_word' id='word_1_47' title='bbox 3341 661 3540 735; x_wconf 81' lang='grc' dir='ltr'>σάρκας</span> <span class='ocrx_word' id='word_1_48' title='bbox 3593 665 3738 742; x_wconf 74' lang='grc' dir='ltr'>πείνῃ</span> <span class='ocrx_word' id='word_1_49' title='bbox 3785 691 3835 727; x_wconf 76' lang='grc' dir='ltr'>τι</span> 
     </span>
    </p>
   </div>
   <div class='ocr_carea' id='block_1_9' title="bbox 444 738 2075 828">
    <p class='ocr_par' dir='ltr' id='par_1_9' title="bbox 444 741 2064 817">
     <span class='ocr_line' id='line_1_9' title="bbox 444 741 2064 817; baseline -0.003 -16"><span class='ocrx_word' id='word_1_50' title='bbox 444 753 513 801; x_wconf 81' lang='lat' dir='ltr'>ac</span> <span class='ocrx_word' id='word_1_51' title='bbox 535 745 633 800; x_wconf 86' lang='lat' dir='ltr'>siti</span> <span class='ocrx_word' id='word_1_52' title='bbox 652 752 711 800; x_wconf 90' lang='lat' dir='ltr'>et</span> <span class='ocrx_word' id='word_1_53' title='bbox 730 744 944 817; x_wconf 83' lang='lat' dir='ltr'>vigiliis</span> <span class='ocrx_word' id='word_1_54' title='bbox 967 743 1372 803; x_wconf 78' lang='lat' dir='ltr'>confecerunt,</span> <span class='ocrx_word' id='word_1_55' title='bbox 1392 747 1458 795; x_wconf 91' lang='lat' dir='ltr'>ut</span> <span class='ocrx_word' id='word_1_56' title='bbox 1507 741 1629 796; x_wconf 91' lang='lat' dir='ltr'>illic</span> <span class='ocrx_word' id='word_1_57' title='bbox 1652 741 1912 812; x_wconf 83' lang='lat' dir='ltr'>paradisi</span> <span class='ocrx_word' id='word_1_58' title='bbox 1947 742 2064 796; x_wconf 93' lang='lat' dir='ltr'>deli</span> 
     </span>
    </p>
   </div>
   <div class='ocr_carea' id='block_1_10' title="bbox 2190 738 3834 828">
    <p class='ocr_par' dir='ltr' id='par_1_10' title="bbox 2208 738 3834 828">
     <span class='ocr_line' id='line_1_10' title="bbox 2208 738 3834 828; baseline 0.014 -34"><span class='ocrx_word' id='word_1_59' title='bbox 2208 741 2299 795; x_wconf 87' lang='grc' dir='ltr'>καὶ</span> <span class='ocrx_word' id='word_1_60' title='bbox 2353 738 2484 816; x_wconf 76' lang='grc' dir='ltr'>δίψῃ</span> <span class='ocrx_word' id='word_1_61' title='bbox 2543 744 2633 798; x_wconf 83' lang='grc' dir='ltr'>καὶ</span> <span class='ocrx_word' id='word_1_62' title='bbox 2695 747 2847 802; x_wconf 76' lang='lat'>108</span> <span class='ocrx_word' id='word_1_63' title='bbox 2907 745 3174 821; x_wconf 71' lang='grc' dir='ltr'>ἀγρυπνίᾳ</span> <span class='ocrx_word' id='word_1_64' title='bbox 3225 745 3297 802; x_wconf 67' lang='grc' dir='ltr'>ἵν’</span> <span class='ocrx_word' id='word_1_65' title='bbox 3364 748 3478 805; x_wconf 81' lang='grc' dir='ltr'>ἐκεῖ</span> <span class='ocrx_word' id='word_1_66' title='bbox 3553 738 3834 828; x_wconf 72' lang='grc' dir='ltr'>διαδέξηται</span> 
     </span>
    </p>
   </div>
   <div class='ocr_carea' id='block_1_11' title="bbox 443 829 2075 914">
    <p class='ocr_par' dir='ltr' id='par_1_11' title="bbox 443 831 2075 903">
     <span class='ocr_line' id='line_1_11' title="bbox 443 831 2075 903; baseline -0.002 -13"><span class='ocrx_word' id='word_1_67' title='bbox 443 834 550 890; x_wconf 80' lang='grc' dir='ltr'>οἰω</span> <span class='ocrx_word' id='word_1_68' title='bbox 565 841 622 890; x_wconf 88' lang='lat' dir='ltr'>et</span> <span class='ocrx_word' id='word_1_69' title='bbox 634 833 948 889; x_wconf 70' lang='lat' dir='ltr'>exsultatio</span> <span class='ocrx_word' id='word_1_70' title='bbox 964 833 1123 903; x_wconf 89' lang='lat' dir='ltr'>ipsos</span> <span class='ocrx_word' id='word_1_71' title='bbox 1142 831 1505 902; x_wconf 84' lang='lat' dir='ltr'>exciperent.</span> <span class='ocrx_word' id='word_1_72' title='bbox 1536 831 1786 902; x_wconf 82' lang='lat' dir='ltr'>Spiritus</span> <span class='ocrx_word' id='word_1_73' title='bbox 1800 833 1988 886; x_wconf 85' lang='lat' dir='ltr'>sancti</span> <span class='ocrx_word' id='word_1_74' title='bbox 2011 837 2075 886; x_wconf 82' lang='lat' dir='ltr'>ta</span> 
     </span>
    </p>
   </div>
   <div class='ocr_carea' id='block_1_12' title="bbox 2190 829 3831 914">
    <p class='ocr_par' dir='ltr' id='par_1_12' title="bbox 2210 829 3831 914">
     <span class='ocr_line' id='line_1_12' title="bbox 2210 829 3831 914; baseline 0.012 -30"><span class='ocrx_word' id='word_1_75' title='bbox 2210 829 2407 895; x_wconf 82' lang='grc' dir='ltr'>αὐτοὺς</span> <span class='ocrx_word' id='word_1_76' title='bbox 2463 835 2497 903; x_wconf 75' lang='grc' dir='ltr'>ἡ</span> <span class='ocrx_word' id='word_1_77' title='bbox 2558 835 2737 912; x_wconf 78' lang='grc' dir='ltr'>τρυφή</span> <span class='ocrx_word' id='word_1_78' title='bbox 2796 834 2886 890; x_wconf 81' lang='grc' dir='ltr'>καί</span> <span class='ocrx_word' id='word_1_79' title='bbox 2944 835 3268 912; x_wconf 80' lang='grc' dir='ltr'>ἀγαλλίασις</span> <span class='ocrx_word' id='word_1_80' title='bbox 3326 842 3422 893; x_wconf 81' lang='grc' dir='ltr'>τοῦ</span> <span class='ocrx_word' id='word_1_81' title='bbox 3503 841 3831 914; x_wconf 82' lang='grc' dir='ltr'>παραδείσου·</span> 
     </span>
    </p>
   </div>
   <div class='ocr_carea' id='block_1_13' title="bbox 443 921 2075 1005">
    <p class='ocr_par' dir='ltr' id='par_1_13' title="bbox 443 923 2073 995">
     <span class='ocr_line' id='line_1_13' title="bbox 443 923 2073 995; baseline -0.002 -15"><span class='ocrx_word' id='word_1_82' title='bbox 443 924 835 981; x_wconf 88' lang='lat' dir='ltr'>bernaculum</span> <span class='ocrx_word' id='word_1_83' title='bbox 853 941 956 995; x_wconf 90' lang='lat' dir='ltr'>per</span> <span class='ocrx_word' id='word_1_84' title='bbox 968 923 1164 978; x_wconf 88' lang='lat' dir='ltr'>cordis</span> <span class='ocrx_word' id='word_1_85' title='bbox 1180 923 1496 993; x_wconf 83' lang='lat' dir='ltr'>puritatem</span> <span class='ocrx_word' id='word_1_86' title='bbox 1515 923 2073 992; x_wconf 80' lang='lat' dir='ltr'>exstiterunt,quem</span> 
     </span>
    </p>
   </div>
   <div class='ocr_carea' id='block_1_14' title="bbox 2190 921 3837 1005">
    <p class='ocr_par' dir='ltr' id='par_1_14' title="bbox 2209 921 3837 1005">
     <span class='ocr_line' id='line_1_14' title="bbox 2209 921 3837 1005; baseline 0.012 -32"><span class='ocrx_word' id='word_1_87' title='bbox 2209 921 2477 993; x_wconf 74' lang='grc' dir='ltr'>σκήνωμα</span> <span class='ocrx_word' id='word_1_88' title='bbox 2530 925 2780 999; x_wconf 89' lang='grc' dir='ltr'>γεγόνασι</span> <span class='ocrx_word' id='word_1_89' title='bbox 2836 929 2933 979; x_wconf 73' lang='grc' dir='ltr'>τοῦ</span> <span class='ocrx_word' id='word_1_90' title='bbox 2992 924 3148 1001; x_wconf 80' lang='grc' dir='ltr'>ἁγίου</span> <span class='ocrx_word' id='word_1_91' title='bbox 3201 927 3522 1002; x_wconf 82' lang='grc' dir='ltr'>ΙΙνεύματος</span> <span class='ocrx_word' id='word_1_92' title='bbox 3576 935 3642 1005; x_wconf 73' lang='grc' dir='ltr'>τῇ</span> <span class='ocrx_word' id='word_1_93' title='bbox 3689 939 3837 992; x_wconf 86' lang='grc' dir='ltr'>καθα-</span> 
     </span>
    </p>
   </div>
   <div class='ocr_carea' id='block_1_15' title="bbox 440 1008 2075 1102">
    <p class='ocr_par' dir='ltr' id='par_1_15' title="bbox 440 1013 2074 1085">
     <span class='ocr_line' id='line_1_15' title="bbox 440 1013 2074 1085; baseline -0.002 -14"><span class='ocrx_word' id='word_1_94' title='bbox 440 1016 762 1072; x_wconf 91' lang='lat' dir='ltr'>admodum</span> <span class='ocrx_word' id='word_1_95' title='bbox 786 1014 1072 1085; x_wconf 88' lang='lat' dir='ltr'>scriptum</span> <span class='ocrx_word' id='word_1_96' title='bbox 1097 1020 1186 1069; x_wconf 90' lang='lat' dir='ltr'>est</span> <span class='ocrx_word' id='word_1_97' title='bbox 1205 1013 1575 1069; x_wconf 88' lang='lat' dir='ltr'>:lnhabitabo</span> <span class='ocrx_word' id='word_1_98' title='bbox 1595 1013 1818 1084; x_wconf 87' lang='lat' dir='ltr'>inipsis</span> <span class='ocrx_word' id='word_1_99' title='bbox 1842 1013 2074 1067; x_wconf 90' lang='lat' dir='ltr'>etinam</span> 
     </span>
    </p>
   </div>
   <div class='ocr_carea' id='block_1_16' title="bbox 2190 1008 3837 1102">
    <p class='ocr_par' dir='ltr' id='par_1_16' title="bbox 2209 1008 3837 1102">
     <span class='ocr_line' id='line_1_16' title="bbox 2209 1008 3837 1102; baseline 0.012 -41"><span class='ocrx_word' id='word_1_100' title='bbox 2209 1008 2398 1102; x_wconf 78' lang='grc' dir='ltr'>ρότητι</span> <span class='ocrx_word' id='word_1_101' title='bbox 2429 1017 2529 1080; x_wconf 79' lang='grc' dir='ltr'>τῆς</span> <span class='ocrx_word' id='word_1_102' title='bbox 2562 1009 2804 1089; x_wconf 75' lang='grc' dir='ltr'>καρδίας,</span> <span class='ocrx_word' id='word_1_103' title='bbox 2854 1014 3036 1078; x_wconf 86' lang='grc' dir='ltr'>καθὼς</span> <span class='ocrx_word' id='word_1_104' title='bbox 3067 1017 3388 1090; x_wconf 71' lang='grc' dir='ltr'>γέγραπται·</span> <span class='ocrx_word' id='word_1_105' title='bbox 3416 1019 3711 1090; x_wconf 74' lang='grc' dir='ltr'>Ἐνοικήσω</span> <span class='ocrx_word' id='word_1_106' title='bbox 3740 1031 3837 1102; x_wconf 83' lang='grc'>(43)</span> 
     </span>
    </p>
   </div>
   <div class='ocr_carea' id='block_1_17' title="bbox 436 1099 2075 1184">
    <p class='ocr_par' dir='ltr' id='par_1_17' title="bbox 436 1102 2071 1175">
     <span class='ocr_line' id='line_1_17' title="bbox 436 1102 2071 1175; baseline -0.004 -13"><span class='ocrx_word' id='word_1_107' title='bbox 436 1106 657 1162; x_wconf 88' lang='lat' dir='ltr'>bulabo</span> <span class='ocrx_word' id='word_1_108' title='bbox 687 1107 770 1173; x_wconf 90' lang='lat' dir='ltr'>(II</span> <span class='ocrx_word' id='word_1_109' title='bbox 797 1105 920 1162; x_wconf 86' lang='lat' dir='ltr'>Cor.</span> <span class='ocrx_word' id='word_1_110' title='bbox 955 1106 1047 1174; x_wconf 76' lang='grc' dir='ltr'>γι).</span> <span class='ocrx_word' id='word_1_111' title='bbox 1109 1104 1346 1175; x_wconf 89' lang='lat' dir='ltr'>Seipsos</span> <span class='ocrx_word' id='word_1_112' title='bbox 1395 1102 1619 1158; x_wconf 90' lang='lat' dir='ltr'>mundo</span> <span class='ocrx_word' id='word_1_113' title='bbox 1674 1103 2071 1158; x_wconf 82' lang='lat' dir='ltr'>cruciﬁxerun</span> 
     </span>
    </p>
   </div>
   <div class='ocr_carea' id='block_1_18' title="bbox 2190 1099 3836 1184">
    <p class='ocr_par' dir='ltr' id='par_1_18' title="bbox 2208 1099 3836 1184">
     <span class='ocr_line' id='line_1_18' title="bbox 2208 1099 3836 1184; baseline 0.01 -30"><span class='ocrx_word' id='word_1_114' title='bbox 2208 1099 2260 1154; x_wconf 82' lang='grc' dir='ltr'>ἐν</span> <span class='ocrx_word' id='word_1_115' title='bbox 2321 1099 2506 1165; x_wconf 82' lang='grc' dir='ltr'>αὐτοῖς</span> <span class='ocrx_word' id='word_1_116' title='bbox 2561 1103 2652 1157; x_wconf 77' lang='grc' dir='ltr'>καὶ</span> <span class='ocrx_word' id='word_1_117' title='bbox 2711 1103 3162 1179; x_wconf 76' lang='grc' dir='ltr'>ἐμπεριπατήσω·</span> <span class='ocrx_word' id='word_1_118' title='bbox 3224 1106 3564 1184; x_wconf 76' lang='grc' dir='ltr'>ἐσταύρωσαν</span> <span class='ocrx_word' id='word_1_119' title='bbox 3632 1099 3836 1180; x_wconf 68' lang='grc' dir='ltr'>ἑαυτοὺς</span> 
     </span>
    </p>
   </div>
   <div class='ocr_carea' id='block_1_19' title="bbox 435 1190 2075 1275">
    <p class='ocr_par' dir='ltr' id='par_1_19' title="bbox 435 1193 2075 1270">
     <span class='ocr_line' id='line_1_19' title="bbox 435 1193 2075 1270; baseline -0.004 -17"><span class='ocrx_word' id='word_1_120' title='bbox 435 1197 660 1270; x_wconf 79' lang='lat' dir='ltr'>(Ephes,</span> <span class='ocrx_word' id='word_1_121' title='bbox 690 1201 784 1263; x_wconf 76' lang='lat' dir='ltr'>v1),</span> <span class='ocrx_word' id='word_1_122' title='bbox 809 1201 877 1250; x_wconf 91' lang='lat' dir='ltr'>ut</span> <span class='ocrx_word' id='word_1_123' title='bbox 897 1195 971 1250; x_wconf 92' lang='lat' dir='ltr'>ad</span> <span class='ocrx_word' id='word_1_124' title='bbox 992 1195 1209 1250; x_wconf 86' lang='lat' dir='ltr'>Christi</span> <span class='ocrx_word' id='word_1_125' title='bbox 1229 1193 1532 1250; x_wconf 83' lang='lat' dir='ltr'>dexteram</span> <span class='ocrx_word' id='word_1_126' title='bbox 1565 1199 1827 1260; x_wconf 88' lang='lat' dir='ltr'>starent;</span> <span class='ocrx_word' id='word_1_127' title='bbox 1861 1193 2075 1248; x_wconf 88' lang='lat' dir='ltr'>lumbo:</span> 
     </span>
    </p>
   </div>
   <div class='ocr_carea' id='block_1_20' title="bbox 2190 1190 3838 1275">
    <p class='ocr_par' dir='ltr' id='par_1_20' title="bbox 2204 1190 3838 1275">
     <span class='ocr_line' id='line_1_20' title="bbox 2204 1190 3838 1275; baseline 0.01 -31"><span class='ocrx_word' id='word_1_128' title='bbox 2204 1193 2285 1261; x_wconf 75' lang='grc' dir='ltr'>τῷ</span> <span class='ocrx_word' id='word_1_129' title='bbox 2310 1190 2504 1264; x_wconf 84' lang='grc' dir='ltr'>κόσμῳ</span> <span class='ocrx_word' id='word_1_130' title='bbox 2535 1196 2668 1265; x_wconf 90' lang='grc'>(44),</span> <span class='ocrx_word' id='word_1_131' title='bbox 2693 1190 2763 1246; x_wconf 69' lang='grc' dir='ltr'>’ἶν’</span> <span class='ocrx_word' id='word_1_132' title='bbox 2794 1192 2854 1248; x_wconf 80' lang='grc' dir='ltr'>ἐκ</span> <span class='ocrx_word' id='word_1_133' title='bbox 2907 1190 3094 1268; x_wconf 76' lang='grc' dir='ltr'>δεξιῶν</span> <span class='ocrx_word' id='word_1_134' title='bbox 3146 1199 3256 1268; x_wconf 92' lang='grc'>(45)</span> <span class='ocrx_word' id='word_1_135' title='bbox 3314 1201 3411 1252; x_wconf 81' lang='grc' dir='ltr'>τοῦ</span> <span class='ocrx_word' id='word_1_136' title='bbox 3462 1202 3838 1275; x_wconf 63' lang='grc' dir='ltr'>σταυρωθέντος</span> 
     </span>
    </p>
   </div>
   <div class='ocr_carea' id='block_1_21' title="bbox 437 1281 2075 1357">
    <p class='ocr_par' dir='ltr' id='par_1_21' title="bbox 437 1285 2075 1357">
     <span class='ocr_line' id='line_1_21' title="bbox 437 1285 2075 1357; baseline -0.003 -14"><span class='ocrx_word' id='word_1_137' title='bbox 437 1304 578 1344; x_wconf 90' lang='lat' dir='ltr'>suos</span> <span class='ocrx_word' id='word_1_138' title='bbox 612 1287 674 1342; x_wconf 91' lang='lat' dir='ltr'>in</span> <span class='ocrx_word' id='word_1_139' title='bbox 709 1287 956 1342; x_wconf 85' lang='lat' dir='ltr'>veritate</span> <span class='ocrx_word' id='word_1_140' title='bbox 987 1287 1434 1354; x_wconf 88' lang='lat' dir='ltr'>succinxerunt,</span> <span class='ocrx_word' id='word_1_141' title='bbox 1493 1291 1671 1357; x_wconf 88' lang='lat' dir='ltr'>atque</span> <span class='ocrx_word' id='word_1_142' title='bbox 1710 1285 1770 1339; x_wconf 90' lang='lat' dir='ltr'>in</span> <span class='ocrx_word' id='word_1_143' title='bbox 1819 1291 2075 1356; x_wconf 76' lang='lat' dir='ltr'>prompti</span> 
     </span>
    </p>
   </div>
   <div class='ocr_carea' id='block_1_22' title="bbox 2190 1281 3838 1357">
    <p class='ocr_par' dir='ltr' id='par_1_22' title="bbox 2208 1281 3838 1356">
     <span class='ocr_line' id='line_1_22' title="bbox 2208 1281 3838 1356; baseline 0.004 -23"><span class='ocrx_word' id='word_1_144' title='bbox 2208 1281 2466 1334; x_wconf 65' lang='grc' dir='ltr'>σωθῶσι·</span> <span class='ocrx_word' id='word_1_145' title='bbox 2522 1282 2920 1356; x_wconf 84' lang='grc' dir='ltr'>περιεζώσαντο</span> <span class='ocrx_word' id='word_1_146' title='bbox 3003 1283 3098 1346; x_wconf 78' lang='grc' dir='ltr'>τὰς</span> <span class='ocrx_word' id='word_1_147' title='bbox 3158 1285 3360 1354; x_wconf 78' lang='grc' dir='ltr'>ὀσφύας</span> <span class='ocrx_word' id='word_1_148' title='bbox 3413 1286 3586 1343; x_wconf 82' lang='grc' dir='ltr'>αὐτῶν</span> <span class='ocrx_word' id='word_1_149' title='bbox 3647 1290 3696 1346; x_wconf 72' lang='grc' dir='ltr'>ἓν</span> <span class='ocrx_word' id='word_1_150' title='bbox 3745 1294 3838 1350; x_wconf 79' lang='grc' dir='ltr'>ἀλ-</span> 
     </span>
    </p>
   </div>
   <div class='ocr_carea' id='block_1_23' title="bbox 438 1367 2075 1454">
    <p class='ocr_par' dir='ltr' id='par_1_23' title="bbox 438 1374 2067 1450">
     <span class='ocr_line' id='line_1_23' title="bbox 438 1374 2067 1450; baseline -0.003 -16"><span class='ocrx_word' id='word_1_151' title='bbox 438 1395 679 1450; x_wconf 87' lang='lat' dir='ltr'>semper</span> <span class='ocrx_word' id='word_1_152' title='bbox 697 1377 1004 1450; x_wconf 78' lang='lat' dir='ltr'>lampades</span> <span class='ocrx_word' id='word_1_153' title='bbox 1027 1375 1749 1443; x_wconf 89' lang='lat' dir='ltr'>habuerunt,immortalis</span> <span class='ocrx_word' id='word_1_154' title='bbox 1775 1374 2067 1446; x_wconf 88' lang='lat' dir='ltr'>sponsiad</span> 
     </span>
    </p>
   </div>
   <div class='ocr_carea' id='block_1_24' title="bbox 2190 1367 3835 1454">
    <p class='ocr_par' dir='ltr' id='par_1_24' title="bbox 2209 1367 3835 1454">
     <span class='ocr_line' id='line_1_24' title="bbox 2209 1367 3835 1454; baseline 0.01 -32"><span class='ocrx_word' id='word_1_155' title='bbox 2209 1367 2365 1441; x_wconf 82' lang='grc' dir='ltr'>ηθιίᾳ</span> <span class='ocrx_word' id='word_1_156' title='bbox 2393 1371 2530 1444; x_wconf 85' lang='grc'>(46),</span> <span class='ocrx_word' id='word_1_157' title='bbox 2579 1370 2668 1425; x_wconf 80' lang='grc' dir='ltr'>καὶ</span> <span class='ocrx_word' id='word_1_158' title='bbox 2729 1370 2985 1443; x_wconf 76' lang='grc' dir='ltr'>ἑτοίμους</span> <span class='ocrx_word' id='word_1_159' title='bbox 3044 1369 3206 1449; x_wconf 84' lang='grc' dir='ltr'>ἔσχον</span> <span class='ocrx_word' id='word_1_160' title='bbox 3263 1374 3344 1429; x_wconf 81' lang='grc' dir='ltr'>ἀεὶ</span> <span class='ocrx_word' id='word_1_161' title='bbox 3401 1375 3494 1438; x_wconf 76' lang='grc' dir='ltr'>τὰς</span> <span class='ocrx_word' id='word_1_162' title='bbox 3544 1376 3835 1454; x_wconf 83' lang='grc' dir='ltr'>λαμπάδας,</span> 
     </span>
    </p>
   </div>
   <div class='ocr_carea' id='block_1_25' title="bbox 435 1455 2075 1546">
    <p class='ocr_par' dir='ltr' id='par_1_25' title="bbox 435 1465 2075 1541">
     <span class='ocr_line' id='line_1_25' title="bbox 435 1465 2075 1541; baseline -0.004 -16"><span class='ocrx_word' id='word_1_163' title='bbox 435 1476 679 1527; x_wconf 78' lang='lat' dir='ltr'>ventum</span> <span class='ocrx_word' id='word_1_164' title='bbox 703 1473 1113 1540; x_wconf 87' lang='lat' dir='ltr'>exspectantes</span> <span class='ocrx_word' id='word_1_165' title='bbox 1136 1468 1358 1541; x_wconf 79' lang='lat' dir='ltr'>(Matth.</span> <span class='ocrx_word' id='word_1_166' title='bbox 1381 1468 1532 1538; x_wconf 83' lang='lat' dir='ltr'>xxv).</span> <span class='ocrx_word' id='word_1_167' title='bbox 1555 1469 1699 1522; x_wconf 88' lang='lat' dir='ltr'>Nam</span> <span class='ocrx_word' id='word_1_168' title='bbox 1721 1483 1856 1522; x_wconf 93' lang='lat' dir='ltr'>cum</span> <span class='ocrx_word' id='word_1_169' title='bbox 1879 1465 2075 1520; x_wconf 83' lang='lat' dir='ltr'>menti:</span> 
     </span>
    </p>
   </div>
   <div class='ocr_carea' id='block_1_26' title="bbox 2190 1455 3834 1546">
    <p class='ocr_par' dir='ltr' id='par_1_26' title="bbox 2207 1455 3834 1546">
     <span class='ocr_line' id='line_1_26' title="bbox 2207 1455 3834 1546; baseline 0.007 -33"><span class='ocrx_word' id='word_1_170' title='bbox 2207 1455 2626 1534; x_wconf 82' lang='grc' dir='ltr'>προσδοκῶττες</span> <span class='ocrx_word' id='word_1_171' title='bbox 2653 1461 2750 1529; x_wconf 81' lang='grc' dir='ltr'>τήν</span> <span class='ocrx_word' id='word_1_172' title='bbox 2783 1457 2995 1516; x_wconf 71' lang='grc' dir='ltr'>ἓλευσιν</span> <span class='ocrx_word' id='word_1_173' title='bbox 3028 1467 3124 1518; x_wconf 79' lang='grc' dir='ltr'>τοῦ</span> <span class='ocrx_word' id='word_1_174' title='bbox 3158 1463 3420 1527; x_wconf 72' lang='grc' dir='ltr'>ἀθανάτου</span> <span class='ocrx_word' id='word_1_175' title='bbox 3452 1467 3684 1545; x_wconf 74' lang='grc' dir='ltr'>νυμφίου</span> <span class='ocrx_word' id='word_1_176' title='bbox 3716 1474 3834 1546; x_wconf 82' lang='grc'>(47),</span> 
     </span>
    </p>
   </div>
   <div class='ocr_carea' id='block_1_27' title="bbox 440 1548 2075 1634">
    <p class='ocr_par' dir='ltr' id='par_1_27' title="bbox 440 1555 2074 1631">
     <span class='ocr_line' id='line_1_27' title="bbox 440 1555 2074 1631; baseline -0.004 -16"><span class='ocrx_word' id='word_1_177' title='bbox 440 1559 632 1615; x_wconf 90' lang='lat' dir='ltr'>oculis</span> <span class='ocrx_word' id='word_1_178' title='bbox 662 1559 895 1631; x_wconf 69' lang='lat' dir='ltr'>prmditi</span> <span class='ocrx_word' id='word_1_179' title='bbox 927 1562 1147 1622; x_wconf 83' lang='lat' dir='ltr'>essent,</span> <span class='ocrx_word' id='word_1_180' title='bbox 1181 1555 1546 1612; x_wconf 90' lang='lat' dir='ltr'>horrendum</span> <span class='ocrx_word' id='word_1_181' title='bbox 1579 1556 1751 1611; x_wconf 90' lang='lat' dir='ltr'>illum</span> <span class='ocrx_word' id='word_1_182' title='bbox 1775 1555 1932 1611; x_wconf 90' lang='lat' dir='ltr'>diem</span> <span class='ocrx_word' id='word_1_183' title='bbox 1949 1571 2074 1610; x_wconf 89' lang='lat' dir='ltr'>sem</span> 
     </span>
    </p>
   </div>
   <div class='ocr_carea' id='block_1_28' title="bbox 2190 1548 3837 1634">
    <p class='ocr_par' dir='ltr' id='par_1_28' title="bbox 2206 1548 3837 1634">
     <span class='ocr_line' id='line_1_28' title="bbox 2206 1548 3837 1634; baseline 0.006 -28"><span class='ocrx_word' id='word_1_184' title='bbox 2206 1548 2451 1622; x_wconf 79' lang='grc' dir='ltr'>Νοεροὺς</span> <span class='ocrx_word' id='word_1_185' title='bbox 2482 1551 2585 1625; x_wconf 81' lang='grc' dir='ltr'>γὰρ</span> <span class='ocrx_word' id='word_1_186' title='bbox 2635 1550 2970 1625; x_wconf 79' lang='grc' dir='ltr'>κτησάμενοι</span> <span class='ocrx_word' id='word_1_187' title='bbox 3015 1550 3360 1630; x_wconf 76' lang='grc' dir='ltr'>ὀφθαλμοὺς,</span> <span class='ocrx_word' id='word_1_188' title='bbox 3419 1558 3712 1634; x_wconf 86' lang='grc' dir='ltr'>προεώρων</span> <span class='ocrx_word' id='word_1_189' title='bbox 3765 1559 3837 1616; x_wconf 83' lang='grc' dir='ltr'>δι-</span> 
     </span>
    </p>
   </div>
   <div class='ocr_carea' id='block_1_29' title="bbox 438 1639 2075 1726">
    <p class='ocr_par' dir='ltr' id='par_1_29' title="bbox 438 1645 2069 1722">
     <span class='ocr_line' id='line_1_29' title="bbox 438 1645 2069 1722; baseline -0.004 -17"><span class='ocrx_word' id='word_1_190' title='bbox 438 1666 548 1722; x_wconf 90' lang='lat' dir='ltr'>per</span> <span class='ocrx_word' id='word_1_191' title='bbox 566 1649 1012 1721; x_wconf 89' lang='lat' dir='ltr'>prospiciebant</span> <span class='ocrx_word' id='word_1_192' title='bbox 1035 1667 1048 1715; x_wconf 91' lang='lat'><strong>;</strong></span> <span class='ocrx_word' id='word_1_193' title='bbox 1073 1654 1252 1719; x_wconf 90' lang='lat' dir='ltr'>atque</span> <span class='ocrx_word' id='word_1_194' title='bbox 1278 1653 1403 1702; x_wconf 90' lang='lat' dir='ltr'>tum</span> <span class='ocrx_word' id='word_1_195' title='bbox 1423 1647 1760 1702; x_wconf 81' lang='lat' dir='ltr'>futurorum</span> <span class='ocrx_word' id='word_1_196' title='bbox 1776 1645 2069 1701; x_wconf 91' lang='lat' dir='ltr'>bonorum</span> 
     </span>
    </p>
   </div>
   <div class='ocr_carea' id='block_1_30' title="bbox 2190 1639 3836 1726">
    <p class='ocr_par' dir='ltr' id='par_1_30' title="bbox 2206 1639 3836 1726">
     <span class='ocr_line' id='line_1_30' title="bbox 2206 1639 3836 1726; baseline 0.009 -34"><span class='ocrx_word' id='word_1_197' title='bbox 2206 1643 2414 1708; x_wconf 83' lang='grc' dir='ltr'>ηνεκῶς</span> <span class='ocrx_word' id='word_1_198' title='bbox 2446 1641 2546 1709; x_wconf 73' lang='grc' dir='ltr'>τήν</span> <span class='ocrx_word' id='word_1_199' title='bbox 2583 1641 2810 1719; x_wconf 76' lang='grc' dir='ltr'>φρικτὴν</span> <span class='ocrx_word' id='word_1_200' title='bbox 2870 1639 3018 1718; x_wconf 82' lang='grc' dir='ltr'>ὥραν</span> <span class='ocrx_word' id='word_1_201' title='bbox 3069 1641 3296 1715; x_wconf 79' lang='grc' dir='ltr'>ἐκείνην,</span> <span class='ocrx_word' id='word_1_202' title='bbox 3355 1647 3454 1716; x_wconf 79' lang='grc' dir='ltr'>τήν</span> <span class='ocrx_word' id='word_1_203' title='bbox 3508 1667 3568 1701; x_wconf 92' lang='grc' dir='ltr'>τε</span> <span class='ocrx_word' id='word_1_204' title='bbox 3627 1650 3836 1726; x_wconf 79' lang='grc' dir='ltr'>θεωρίαν</span> 
     </span>
    </p>
   </div>
   <div class='ocr_carea' id='block_1_31' title="bbox 437 1728 2075 1809">
    <p class='ocr_par' dir='ltr' id='par_1_31' title="bbox 437 1735 2075 1809">
     <span class='ocr_line' id='line_1_31' title="bbox 437 1735 2075 1809; baseline -0.002 -17"><span class='ocrx_word' id='word_1_205' title='bbox 437 1742 564 1792; x_wconf 88' lang='lat' dir='ltr'>tum</span> <span class='ocrx_word' id='word_1_206' title='bbox 586 1737 768 1792; x_wconf 85' lang='lat' dir='ltr'>futuri</span> <span class='ocrx_word' id='word_1_207' title='bbox 790 1737 1068 1809; x_wconf 88' lang='lat' dir='ltr'>supplicii</span> <span class='ocrx_word' id='word_1_208' title='bbox 1083 1736 1648 1808; x_wconf 87' lang='lat' dir='ltr'>contemplationem</span> <span class='ocrx_word' id='word_1_209' title='bbox 1663 1736 1746 1790; x_wconf 88' lang='lat' dir='ltr'>ita</span> <span class='ocrx_word' id='word_1_210' title='bbox 1762 1735 1823 1790; x_wconf 89' lang='lat' dir='ltr'>in</span> <span class='ocrx_word' id='word_1_211' title='bbox 1845 1752 2075 1806; x_wconf 61' lang='lat' dir='ltr'>corpore</span> 
     </span>
    </p>
   </div>
   <div class='ocr_carea' id='block_1_32' title="bbox 2190 1728 3839 1809">
    <p class='ocr_par' dir='ltr' id='par_1_32' title="bbox 2203 1728 3839 1805">
     <span class='ocr_line' id='line_1_32' title="bbox 2203 1728 3839 1805; baseline 0.009 -23"><span class='ocrx_word' id='word_1_212' title='bbox 2203 1732 2309 1782; x_wconf 82' lang='grc' dir='ltr'>τῶν</span> <span class='ocrx_word' id='word_1_213' title='bbox 2344 1728 2660 1802; x_wconf 70' lang='grc' dir='ltr'>μελλόντων</span> <span class='ocrx_word' id='word_1_214' title='bbox 2722 1730 2940 1805; x_wconf 86' lang='grc' dir='ltr'>άγαθων</span> <span class='ocrx_word' id='word_1_215' title='bbox 2998 1731 3086 1787; x_wconf 87' lang='grc' dir='ltr'>καὶ</span> <span class='ocrx_word' id='word_1_216' title='bbox 3143 1740 3245 1804; x_wconf 82' lang='grc' dir='ltr'>τῆς</span> <span class='ocrx_word' id='word_1_217' title='bbox 3301 1734 3526 1790; x_wconf 68' lang='grc' dir='ltr'>αἶ’ωνίου</span> <span class='ocrx_word' id='word_1_218' title='bbox 3583 1737 3839 1804; x_wconf 81' lang='grc' dir='ltr'>κολάσεως</span> 
     </span>
    </p>
   </div>
   <div class='ocr_carea' id='block_1_33' title="bbox 436 1817 2075 1912">
    <p class='ocr_par' dir='ltr' id='par_1_33' title="bbox 436 1823 2075 1899">
     <span class='ocr_line' id='line_1_33' title="bbox 436 1823 2075 1899; baseline -0.002 -18"><span class='ocrx_word' id='word_1_219' title='bbox 436 1827 694 1882; x_wconf 86' lang='lat' dir='ltr'>deﬁxam</span> <span class='ocrx_word' id='word_1_220' title='bbox 721 1826 1027 1899; x_wconf 83' lang='lat' dir='ltr'>gerebant,</span> <span class='ocrx_word' id='word_1_221' title='bbox 1052 1831 1118 1881; x_wconf 92' lang='lat' dir='ltr'>ut</span> <span class='ocrx_word' id='word_1_222' title='bbox 1138 1827 1210 1882; x_wconf 91' lang='lat' dir='ltr'>ab</span> <span class='ocrx_word' id='word_1_223' title='bbox 1236 1826 1366 1897; x_wconf 91' lang='lat' dir='ltr'>ipsa</span> <span class='ocrx_word' id='word_1_224' title='bbox 1395 1841 1705 1896; x_wconf 86' lang='lat' dir='ltr'>nunquam</span> <span class='ocrx_word' id='word_1_225' title='bbox 1738 1823 2075 1880; x_wconf 87' lang='lat' dir='ltr'>divelleren-</span> 
     </span>
    </p>
   </div>
   <div class='ocr_carea' id='block_1_34' title="bbox 2190 1817 3840 1912">
    <p class='ocr_par' dir='ltr' id='par_1_34' title="bbox 2203 1817 3840 1898">
     <span class='ocr_line' id='line_1_34' title="bbox 2203 1817 3840 1898; baseline 0.006 -25"><span class='ocrx_word' id='word_1_226' title='bbox 2203 1817 2515 1894; x_wconf 80' lang='grc' dir='ltr'>ἀχώριστον</span> <span class='ocrx_word' id='word_1_227' title='bbox 2571 1827 2670 1889; x_wconf 81' lang='grc' dir='ltr'>τῆς</span> <span class='ocrx_word' id='word_1_228' title='bbox 2735 1821 2936 1875; x_wconf 71' lang='grc' dir='ltr'>ἑαυτῶν</span> <span class='ocrx_word' id='word_1_229' title='bbox 2998 1818 3161 1897; x_wconf 78' lang='grc' dir='ltr'>ἔσχον</span> <span class='ocrx_word' id='word_1_230' title='bbox 3218 1820 3466 1898; x_wconf 80' lang='grc' dir='ltr'>καρδίας·</span> <span class='ocrx_word' id='word_1_231' title='bbox 3523 1825 3614 1880; x_wconf 83' lang='grc' dir='ltr'>καὶ</span> <span class='ocrx_word' id='word_1_232' title='bbox 3662 1826 3840 1884; x_wconf 77' lang='grc' dir='ltr'>ἐσπού-</span> 
     </span>
    </p>
   </div>
   <div class='ocr_carea' id='block_1_35' title="bbox 432 1906 2075 1993">
    <p class='ocr_par' dir='ltr' id='par_1_35' title="bbox 432 1913 2075 1988">
     <span class='ocr_line' id='line_1_35' title="bbox 432 1913 2075 1988; baseline -0.002 -16"><span class='ocrx_word' id='word_1_233' title='bbox 432 1921 549 1973; x_wconf 85' lang='lat' dir='ltr'>tur.</span> <span class='ocrx_word' id='word_1_234' title='bbox 573 1919 765 1988; x_wconf 80' lang='lat' dir='ltr'>Atque</span> <span class='ocrx_word' id='word_1_235' title='bbox 788 1916 886 1972; x_wconf 90' lang='lat' dir='ltr'>hic</span> <span class='ocrx_word' id='word_1_236' title='bbox 911 1916 1179 1971; x_wconf 87' lang='lat' dir='ltr'>laborare</span> <span class='ocrx_word' id='word_1_237' title='bbox 1205 1915 1586 1981; x_wconf 86' lang='lat' dir='ltr'>studuerunt,</span> <span class='ocrx_word' id='word_1_238' title='bbox 1620 1919 1684 1970; x_wconf 90' lang='lat' dir='ltr'>ut</span> <span class='ocrx_word' id='word_1_239' title='bbox 1709 1913 2075 1986; x_wconf 77' lang='lat' dir='ltr'>sempiterna</span> 
     </span>
    </p>
   </div>
   <div class='ocr_carea' id='block_1_36' title="bbox 2190 1906 3838 1993">
    <p class='ocr_par' dir='ltr' id='par_1_36' title="bbox 2202 1906 3838 1993">
     <span class='ocr_line' id='line_1_36' title="bbox 2202 1906 3838 1993; baseline 0.007 -29"><span class='ocrx_word' id='word_1_240' title='bbox 2202 1906 2366 1964; x_wconf 83' lang='grc' dir='ltr'>δασαν</span> <span class='ocrx_word' id='word_1_241' title='bbox 2399 1915 2617 1984; x_wconf 83' lang='grc' dir='ltr'>καμεῖν,</span> <span class='ocrx_word' id='word_1_242' title='bbox 2645 1907 2736 1965; x_wconf 68' lang='grc' dir='ltr'>’ίνα</span> <span class='ocrx_word' id='word_1_243' title='bbox 2764 1912 2864 1980; x_wconf 72' lang='grc' dir='ltr'>τῆς</span> <span class='ocrx_word' id='word_1_244' title='bbox 2905 1909 3089 1966; x_wconf 82' lang='grc' dir='ltr'>ἀϊδίου</span> <span class='ocrx_word' id='word_1_245' title='bbox 3149 1909 3312 1983; x_wconf 81' lang='grc' dir='ltr'>δόξης</span> <span class='ocrx_word' id='word_1_246' title='bbox 3375 1914 3452 1988; x_wconf 80' lang='grc' dir='ltr'><strong>μή</strong></span> <span class='ocrx_word' id='word_1_247' title='bbox 3511 1915 3838 1993; x_wconf 85' lang='grc' dir='ltr'>ἀποτύχωσι.</span> 
     </span>
    </p>
   </div>
   <div class='ocr_carea' id='block_1_37' title="bbox 432 1999 2075 2079">
    <p class='ocr_par' dir='ltr' id='par_1_37' title="bbox 432 2006 2066 2078">
     <span class='ocr_line' id='line_1_37' title="bbox 432 2006 2066 2078; baseline -0.001 -17"><span class='ocrx_word' id='word_1_248' title='bbox 432 2006 636 2078; x_wconf 64' lang='lat' dir='ltr'>gloria;</span> <span class='ocrx_word' id='word_1_249' title='bbox 658 2013 963 2078; x_wconf 87' lang='lat' dir='ltr'>compotes</span> <span class='ocrx_word' id='word_1_250' title='bbox 995 2013 1215 2062; x_wconf 89' lang='lat' dir='ltr'>essent.</span> <span class='ocrx_word' id='word_1_251' title='bbox 1241 2006 1761 2061; x_wconf 89' lang='lat' dir='ltr'>Perturbationum</span> <span class='ocrx_word' id='word_1_252' title='bbox 1793 2012 2066 2077; x_wconf 86' lang='lat' dir='ltr'>expertes</span> 
     </span>
    </p>
   </div>
   <div class='ocr_carea' id='block_1_38' title="bbox 2190 1999 3837 2079">
    <p class='ocr_par' dir='ltr' id='par_1_38' title="bbox 2199 1999 3837 2079">
     <span class='ocr_line' id='line_1_38' title="bbox 2199 1999 3837 2079; baseline 0.006 -26"><span class='ocrx_word' id='word_1_253' title='bbox 2199 2001 2485 2076; x_wconf 87' lang='grc' dir='ltr'>Γεγόνασιν</span> <span class='ocrx_word' id='word_1_254' title='bbox 2571 2001 2793 2065; x_wconf 81' lang='grc' dir='ltr'>ἀπαθεῖς</span> <span class='ocrx_word' id='word_1_255' title='bbox 2863 2000 3045 2078; x_wconf 82' lang='grc' dir='ltr'>ὥσπερ</span> <span class='ocrx_word' id='word_1_256' title='bbox 3129 1999 3352 2079; x_wconf 82' lang='grc' dir='ltr'>ἂγγελοι</span> <span class='ocrx_word' id='word_1_257' title='bbox 3429 2007 3567 2079; x_wconf 85' lang='grc'>(48)·</span> <span class='ocrx_word' id='word_1_258' title='bbox 3618 2007 3704 2061; x_wconf 86' lang='grc' dir='ltr'>καὶ</span> <span class='ocrx_word' id='word_1_259' title='bbox 3758 2012 3837 2064; x_wconf 77' lang='grc' dir='ltr'>νῦν</span> 
     </span>
    </p>
   </div>
   <div class='ocr_carea' id='block_1_39' title="bbox 432 2090 2075 2171">
    <p class='ocr_par' dir='ltr' id='par_1_39' title="bbox 432 2094 2075 2169">
     <span class='ocr_line' id='line_1_39' title="bbox 432 2094 2075 2169; baseline -0.001 -19"><span class='ocrx_word' id='word_1_260' title='bbox 432 2111 556 2151; x_wconf 92' lang='lat' dir='ltr'>non</span> <span class='ocrx_word' id='word_1_261' title='bbox 581 2112 751 2152; x_wconf 88' lang='lat' dir='ltr'>secus</span> <span class='ocrx_word' id='word_1_262' title='bbox 781 2102 958 2167; x_wconf 87' lang='lat' dir='ltr'>atque</span> <span class='ocrx_word' id='word_1_263' title='bbox 989 2096 1206 2169; x_wconf 80' lang='lat' dir='ltr'>angeli,</span> <span class='ocrx_word' id='word_1_264' title='bbox 1239 2096 1509 2162; x_wconf 86' lang='lat' dir='ltr'>fuerunt;</span> <span class='ocrx_word' id='word_1_265' title='bbox 1534 2112 1602 2150; x_wconf 91' lang='lat' dir='ltr'>ac</span> <span class='ocrx_word' id='word_1_266' title='bbox 1625 2111 1784 2150; x_wconf 91' lang='lat' dir='ltr'>nunc</span> <span class='ocrx_word' id='word_1_267' title='bbox 1805 2112 1940 2150; x_wconf 90' lang='lat' dir='ltr'>cum</span> <span class='ocrx_word' id='word_1_268' title='bbox 1972 2094 2075 2148; x_wconf 77' lang='lat' dir='ltr'>illi:</span> 
     </span>
    </p>
   </div>
   <div class='ocr_carea' id='block_1_40' title="bbox 2190 2090 3840 2171">
    <p class='ocr_par' dir='ltr' id='par_1_40' title="bbox 2205 2090 3840 2171">
     <span class='ocr_line' id='line_1_40' title="bbox 2205 2090 3840 2171; baseline 0.005 -25"><span class='ocrx_word' id='word_1_269' title='bbox 2205 2093 2320 2163; x_wconf 87' lang='grc' dir='ltr'>μετ’</span> <span class='ocrx_word' id='word_1_270' title='bbox 2351 2090 2570 2146; x_wconf 79' lang='grc' dir='ltr'>ἐκείνων</span> <span class='ocrx_word' id='word_1_271' title='bbox 2629 2093 2980 2168; x_wconf 81' lang='grc' dir='ltr'>χορεύουσιν,</span> <span class='ocrx_word' id='word_1_272' title='bbox 3039 2093 3112 2148; x_wconf 83' lang='grc' dir='ltr'>ὧν</span> <span class='ocrx_word' id='word_1_273' title='bbox 3172 2094 3262 2147; x_wconf 79' lang='grc' dir='ltr'>καὶ</span> <span class='ocrx_word' id='word_1_274' title='bbox 3315 2095 3406 2149; x_wconf 86' lang='grc' dir='ltr'>τὸν</span> <span class='ocrx_word' id='word_1_275' title='bbox 3473 2096 3595 2171; x_wconf 88' lang='grc' dir='ltr'>βίον</span> <span class='ocrx_word' id='word_1_276' title='bbox 3655 2097 3840 2171; x_wconf 71' lang='grc' dir='ltr'>ἐμιμη-</span> 
     </span>
    </p>
   </div>
   <div class='ocr_carea' id='block_1_41' title="bbox 438 2180 2075 2259">
    <p class='ocr_par' dir='ltr' id='par_1_41' title="bbox 438 2183 2071 2258">
     <span class='ocr_line' id='line_1_41' title="bbox 438 2183 2071 2258; baseline -0.002 -16"><span class='ocrx_word' id='word_1_277' title='bbox 438 2203 695 2257; x_wconf 88' lang='lat' dir='ltr'>quorum</span> <span class='ocrx_word' id='word_1_278' title='bbox 716 2186 896 2242; x_wconf 83' lang='lat' dir='ltr'>vitam</span> <span class='ocrx_word' id='word_1_279' title='bbox 919 2185 1136 2241; x_wconf 88' lang='lat' dir='ltr'>imitati</span> <span class='ocrx_word' id='word_1_280' title='bbox 1163 2191 1322 2254; x_wconf 91' lang='lat' dir='ltr'>sunt,</span> <span class='ocrx_word' id='word_1_281' title='bbox 1346 2186 1594 2240; x_wconf 85' lang='lat' dir='ltr'>choreas</span> <span class='ocrx_word' id='word_1_282' title='bbox 1617 2183 2071 2258; x_wconf 87' lang='lat' dir='ltr'>agunt.Beatiill</span> 
     </span>
    </p>
   </div>
   <div class='ocr_carea' id='block_1_42' title="bbox 2190 2180 3837 2259">
    <p class='ocr_par' dir='ltr' id='par_1_42' title="bbox 2204 2180 3837 2259">
     <span class='ocr_line' id='line_1_42' title="bbox 2204 2180 3837 2259; baseline 0.007 -25"><span class='ocrx_word' id='word_1_283' title='bbox 2204 2201 2386 2238; x_wconf 90' lang='grc' dir='ltr'>σαντο.</span> <span class='ocrx_word' id='word_1_284' title='bbox 2418 2180 2692 2256; x_wconf 74' lang='grc' dir='ltr'>Μακάριοι</span> <span class='ocrx_word' id='word_1_285' title='bbox 2744 2182 2892 2237; x_wconf 78' lang='grc' dir='ltr'>οὗτοι</span> <span class='ocrx_word' id='word_1_286' title='bbox 2943 2181 3030 2237; x_wconf 81' lang='grc' dir='ltr'>καὶ</span> <span class='ocrx_word' id='word_1_287' title='bbox 3087 2186 3498 2259; x_wconf 80' lang='grc' dir='ltr'>τρισμακάριοι,</span> <span class='ocrx_word' id='word_1_288' title='bbox 3553 2185 3636 2242; x_wconf 81' lang='grc' dir='ltr'>ὅτι</span> <span class='ocrx_word' id='word_1_289' title='bbox 3678 2187 3837 2244; x_wconf 80' lang='grc' dir='ltr'>άπλα·</span> 
     </span>
    </p>
   </div>
   <div class='ocr_carea' id='block_1_43' title="bbox 443 2270 2075 2349">
    <p class='ocr_par' dir='ltr' id='par_1_43' title="bbox 443 2274 2075 2346">
     <span class='ocr_line' id='line_1_43' title="bbox 443 2274 2075 2346; baseline -0.002 -15"><span class='ocrx_word' id='word_1_290' title='bbox 443 2291 514 2332; x_wconf 88' lang='lat' dir='ltr'>ac</span> <span class='ocrx_word' id='word_1_291' title='bbox 542 2281 633 2330; x_wconf 90' lang='lat' dir='ltr'>ter</span> <span class='ocrx_word' id='word_1_292' title='bbox 659 2274 838 2341; x_wconf 84' lang='lat' dir='ltr'>beati,</span> <span class='ocrx_word' id='word_1_293' title='bbox 869 2275 1154 2346; x_wconf 88' lang='lat' dir='ltr'>quoniam</span> <span class='ocrx_word' id='word_1_294' title='bbox 1184 2275 1373 2330; x_wconf 86' lang='lat' dir='ltr'>ﬁrmis</span> <span class='ocrx_word' id='word_1_295' title='bbox 1389 2275 1610 2330; x_wconf 91' lang='lat' dir='ltr'>mentis</span> <span class='ocrx_word' id='word_1_296' title='bbox 1632 2274 1822 2330; x_wconf 87' lang='lat' dir='ltr'>oculis</span> <span class='ocrx_word' id='word_1_297' title='bbox 1839 2291 2075 2346; x_wconf 21' lang='lat' dir='ltr'>prassen‘</span> 
     </span>
    </p>
   </div>
   <div class='ocr_carea' id='block_1_44' title="bbox 2190 2270 3850 2349">
    <p class='ocr_par' dir='ltr' id='par_1_44' title="bbox 2203 2270 3850 2349">
     <span class='ocr_line' id='line_1_44' title="bbox 2203 2270 3850 2349; baseline 0.006 -24"><span class='ocrx_word' id='word_1_298' title='bbox 2203 2270 2315 2326; x_wconf 83' lang='grc' dir='ltr'>νέσι</span> <span class='ocrx_word' id='word_1_299' title='bbox 2346 2277 2465 2333; x_wconf 85' lang='grc' dir='ltr'>τοῖς</span> <span class='ocrx_word' id='word_1_300' title='bbox 2504 2275 2600 2326; x_wconf 76' lang='grc' dir='ltr'>τοῦ</span> <span class='ocrx_word' id='word_1_301' title='bbox 2657 2271 2782 2333; x_wconf 87' lang='grc' dir='ltr'>νοὸς</span> <span class='ocrx_word' id='word_1_302' title='bbox 2845 2270 3160 2349; x_wconf 74' lang='grc' dir='ltr'>ὀφθαλμοῖς</span> <span class='ocrx_word' id='word_1_303' title='bbox 3217 2275 3552 2344; x_wconf 84' lang='grc' dir='ltr'>κατενόησαν</span> <span class='ocrx_word' id='word_1_304' title='bbox 3607 2277 3703 2346; x_wconf 76' lang='grc' dir='ltr'>τήν</span> <span class='ocrx_word' id='word_1_305' title='bbox 3751 2284 3850 2335; x_wconf 81' lang='grc' dir='ltr'>τῶν</span> 
     </span>
    </p>
   </div>
   <div class='ocr_carea' id='block_1_45' title="bbox 443 2360 2075 2445">
    <p class='ocr_par' dir='ltr' id='par_1_45' title="bbox 443 2364 2075 2436">
     <span class='ocr_line' id='line_1_45' title="bbox 443 2364 2075 2436; baseline -0.001 -15"><span class='ocrx_word' id='word_1_306' title='bbox 443 2365 594 2421; x_wconf 86' lang='lat' dir='ltr'>tium</span> <span class='ocrx_word' id='word_1_307' title='bbox 611 2382 811 2420; x_wconf 88' lang='lat' dir='ltr'>rerum</span> <span class='ocrx_word' id='word_1_308' title='bbox 841 2366 1183 2432; x_wconf 80' lang='lat' dir='ltr'>vanitatem,</span> <span class='ocrx_word' id='word_1_309' title='bbox 1204 2369 1382 2436; x_wconf 89' lang='lat' dir='ltr'>atque</span> <span class='ocrx_word' id='word_1_310' title='bbox 1413 2364 1689 2420; x_wconf 71' lang='lat' dir='ltr'>humanm</span> <span class='ocrx_word' id='word_1_311' title='bbox 1719 2366 2075 2436; x_wconf 86' lang='lat' dir='ltr'>prosperita-</span> 
     </span>
    </p>
   </div>
   <div class='ocr_carea' id='block_1_46' title="bbox 2190 2360 3852 2445">
    <p class='ocr_par' dir='ltr' id='par_1_46' title="bbox 2203 2360 3852 2445">
     <span class='ocr_line' id='line_1_46' title="bbox 2203 2360 3852 2445; baseline 0.005 -29"><span class='ocrx_word' id='word_1_312' title='bbox 2203 2360 2488 2432; x_wconf 86' lang='grc' dir='ltr'>παρόντων</span> <span class='ocrx_word' id='word_1_313' title='bbox 2542 2360 2901 2434; x_wconf 85' lang='grc' dir='ltr'>ματαιότητα,</span> <span class='ocrx_word' id='word_1_314' title='bbox 2959 2361 3050 2417; x_wconf 77' lang='grc' dir='ltr'>καί</span> <span class='ocrx_word' id='word_1_315' title='bbox 3101 2369 3201 2432; x_wconf 81' lang='grc' dir='ltr'>τῆς</span> <span class='ocrx_word' id='word_1_316' title='bbox 3260 2362 3613 2440; x_wconf 84' lang='grc' dir='ltr'>ἀνθρωπίνης</span> <span class='ocrx_word' id='word_1_317' title='bbox 3671 2366 3852 2445; x_wconf 82' lang='grc' dir='ltr'>εὐπρα-</span> 
     </span>
    </p>
   </div>
   <div class='ocr_carea' id='block_1_47' title="bbox 439 2447 2075 2527">
    <p class='ocr_par' dir='ltr' id='par_1_47' title="bbox 439 2455 2073 2526">
     <span class='ocr_line' id='line_1_47' title="bbox 439 2455 2073 2526; baseline -0.001 -15"><span class='ocrx_word' id='word_1_318' title='bbox 439 2456 516 2512; x_wconf 83' lang='lat' dir='ltr'>tis</span> <span class='ocrx_word' id='word_1_319' title='bbox 548 2455 1036 2511; x_wconf 89' lang='lat' dir='ltr'>incertitudinem</span> <span class='ocrx_word' id='word_1_320' title='bbox 1068 2461 1126 2510; x_wconf 91' lang='lat' dir='ltr'>et</span> <span class='ocrx_word' id='word_1_321' title='bbox 1147 2455 1613 2511; x_wconf 85' lang='lat' dir='ltr'>inconstantiam</span> <span class='ocrx_word' id='word_1_322' title='bbox 1641 2462 2073 2526; x_wconf 85' lang='lat' dir='ltr'>perspexerunt</span> 
     </span>
    </p>
   </div>
   <div class='ocr_carea' id='block_1_48' title="bbox 2190 2447 3408 2527">
    <p class='ocr_par' dir='ltr' id='par_1_48' title="bbox 2203 2447 3408 2527">
     <span class='ocr_line' id='line_1_48' title="bbox 2203 2447 3408 2527; baseline 0.005 -23"><span class='ocrx_word' id='word_1_323' title='bbox 2203 2449 2324 2527; x_wconf 90' lang='grc' dir='ltr'>γίας</span> <span class='ocrx_word' id='word_1_324' title='bbox 2375 2450 2438 2504; x_wconf 85' lang='grc' dir='ltr'>τὸ</span> <span class='ocrx_word' id='word_1_325' title='bbox 2491 2447 2717 2505; x_wconf 79' lang='grc' dir='ltr'>ἄστατον</span> <span class='ocrx_word' id='word_1_326' title='bbox 2778 2451 2867 2506; x_wconf 81' lang='grc' dir='ltr'>καὶ</span> <span class='ocrx_word' id='word_1_327' title='bbox 2915 2450 3212 2525; x_wconf 79' lang='grc' dir='ltr'>ἀνώμαλον</span> <span class='ocrx_word' id='word_1_328' title='bbox 3273 2456 3408 2527; x_wconf 81' lang='grc'>(49),</span> 
     </span>
    </p>
   </div>
   <div class='ocr_carea' id='block_1_49' title="bbox 437 2545 2092 2617">
    <p class='ocr_par' dir='ltr' id='par_1_49' title="bbox 437 2545 2092 2617">
     <span class='ocr_line' id='line_1_49' title="bbox 437 2545 2092 2617; baseline -0.001 -16"><span class='ocrx_word' id='word_1_329' title='bbox 437 2561 628 2617; x_wconf 85' lang='lat' dir='ltr'>eaque</span> <span class='ocrx_word' id='word_1_330' title='bbox 648 2545 890 2617; x_wconf 86' lang='lat' dir='ltr'>rejecta,</span> <span class='ocrx_word' id='word_1_331' title='bbox 925 2546 1290 2617; x_wconf 88' lang='lat' dir='ltr'>sempiterna</span> <span class='ocrx_word' id='word_1_332' title='bbox 1319 2546 1476 2601; x_wconf 88' lang='lat' dir='ltr'>bona</span> <span class='ocrx_word' id='word_1_333' title='bbox 1507 2545 1619 2600; x_wconf 90' lang='lat' dir='ltr'>sibi</span> <span class='ocrx_word' id='word_1_334' title='bbox 1640 2545 1787 2617; x_wconf 88' lang='lat' dir='ltr'>ipsis</span> <span class='ocrx_word' id='word_1_335' title='bbox 1808 2545 2092 2600; x_wconf 83' lang='lat' dir='ltr'>condide-</span> 
     </span>
    </p>
   </div>
   <div class='ocr_carea' id='block_1_50' title="bbox 3495 2455 3852 2529">
    <p class='ocr_par' dir='ltr' id='par_1_50' title="bbox 3495 2455 3852 2529">
     <span class='ocr_line' id='line_1_50' title="bbox 3495 2455 3852 2529; baseline 0.008 -19"><span class='ocrx_word' id='word_1_336' title='bbox 3495 2455 3589 2510; x_wconf 81' lang='grc' dir='ltr'>καὶ</span> <span class='ocrx_word' id='word_1_337' title='bbox 3600 2500 3614 2525; x_wconf 94' lang='grc'>,</span> <span class='ocrx_word' id='word_1_338' title='bbox 3668 2457 3852 2529; x_wconf 83' lang='grc' dir='ltr'>ταύτην</span> 
     </span>
    </p>
   </div>
   <div class='ocr_carea' id='block_1_51' title="bbox 2206 2541 3853 2623">
    <p class='ocr_par' dir='ltr' id='par_1_51' title="bbox 2206 2541 3853 2623">
     <span class='ocr_line' id='line_1_51' title="bbox 2206 2541 3853 2623; baseline 0.005 -27"><span class='ocrx_word' id='word_1_339' title='bbox 2206 2541 2674 2616; x_wconf 83' lang='grc' dir='ltr'>ἀπαρνησάμενοι,</span> <span class='ocrx_word' id='word_1_340' title='bbox 2758 2541 2825 2597; x_wconf 76' lang='grc' dir='ltr'>τὰ</span> <span class='ocrx_word' id='word_1_341' title='bbox 2904 2541 3099 2597; x_wconf 72' lang='grc' dir='ltr'>αἰώνια</span> <span class='ocrx_word' id='word_1_342' title='bbox 3183 2542 3396 2606; x_wconf 73' lang='grc' dir='ltr'>ἑαυτοῖς</span> <span class='ocrx_word' id='word_1_343' title='bbox 3514 2545 3853 2623; x_wconf 84' lang='grc' dir='ltr'>ἐθησαύρισαν</span> 
     </span>
    </p>
   </div>
   <div class='ocr_carea' id='block_1_52' title="bbox 435 2635 2093 2708">
    <p class='ocr_par' dir='ltr' id='par_1_52' title="bbox 435 2635 2093 2708">
     <span class='ocr_line' id='line_1_52' title="bbox 435 2635 2093 2708; baseline 0.001 -17"><span class='ocrx_word' id='word_1_344' title='bbox 435 2641 599 2703; x_wconf 84' lang='lat' dir='ltr'>runt,</span> <span class='ocrx_word' id='word_1_345' title='bbox 632 2652 700 2692; x_wconf 86' lang='lat' dir='ltr'>ac</span> <span class='ocrx_word' id='word_1_346' title='bbox 725 2637 905 2692; x_wconf 91' lang='lat' dir='ltr'>vitam</span> <span class='ocrx_word' id='word_1_347' title='bbox 933 2653 1064 2692; x_wconf 91' lang='lat' dir='ltr'>eam</span> <span class='ocrx_word' id='word_1_348' title='bbox 1123 2655 1254 2708; x_wconf 79' lang='lat' dir='ltr'>quae</span> <span class='ocrx_word' id='word_1_349' title='bbox 1315 2653 1626 2708; x_wconf 88' lang='lat' dir='ltr'>nunquam</span> <span class='ocrx_word' id='word_1_350' title='bbox 1685 2635 1924 2704; x_wconf 87' lang='lat' dir='ltr'>occidit,</span> <span class='ocrx_word' id='word_1_351' title='bbox 1984 2654 2093 2692; x_wconf 88' lang='lat' dir='ltr'>nec</span> 
     </span>
    </p>
   </div>
   <div class='ocr_carea' id='block_1_53' title="bbox 438 2727 1574 2799">
    <p class='ocr_par' dir='ltr' id='par_1_53' title="bbox 438 2727 1574 2799">
     <span class='ocr_line' id='line_1_53' title="bbox 438 2727 1574 2799; baseline -0.002 -17"><span class='ocrx_word' id='word_1_352' title='bbox 438 2731 630 2782; x_wconf 89' lang='lat' dir='ltr'>morte</span> <span class='ocrx_word' id='word_1_353' title='bbox 661 2727 1141 2798; x_wconf 84' lang='lat' dir='ltr'>interrumpitur,</span> <span class='ocrx_word' id='word_1_354' title='bbox 1174 2728 1574 2799; x_wconf 88' lang='lat' dir='ltr'>arripuerunt:</span> 
     </span>
    </p>
   </div>
   <div class='ocr_carea' id='block_1_54' title="bbox 507 2818 2092 2891">
    <p class='ocr_par' dir='ltr' id='par_1_54' title="bbox 507 2818 2092 2891">
     <span class='ocr_line' id='line_1_54' title="bbox 507 2818 2092 2891; baseline 0 -19"><span class='ocrx_word' id='word_1_355' title='bbox 507 2818 624 2873; x_wconf 85' lang='lat' dir='ltr'>Hos</span> <span class='ocrx_word' id='word_1_356' title='bbox 640 2818 820 2891; x_wconf 81' lang='lat' dir='ltr'>igitur</span> <span class='ocrx_word' id='word_1_357' title='bbox 832 2818 1217 2874; x_wconf 87' lang='lat' dir='ltr'>admirandos</span> <span class='ocrx_word' id='word_1_358' title='bbox 1233 2828 1292 2874; x_wconf 86' lang='lat' dir='ltr'>et</span> <span class='ocrx_word' id='word_1_359' title='bbox 1305 2824 1542 2874; x_wconf 89' lang='lat' dir='ltr'>sanctos</span> <span class='ocrx_word' id='word_1_360' title='bbox 1555 2818 1710 2872; x_wconf 90' lang='lat' dir='ltr'>viros</span> <span class='ocrx_word' id='word_1_361' title='bbox 1726 2835 1836 2873; x_wconf 90' lang='lat' dir='ltr'>nos</span> <span class='ocrx_word' id='word_1_362' title='bbox 1853 2834 2092 2888; x_wconf 87' lang='lat' dir='ltr'>quoque</span> 
     </span>
    </p>
   </div>
   <div class='ocr_carea' id='block_1_55' title="bbox 431 2904 2095 2981">
    <p class='ocr_par' dir='ltr' id='par_1_55' title="bbox 431 2904 2095 2981">
     <span class='ocr_line' id='line_1_55' title="bbox 431 2904 2095 2981; baseline 0 -20"><span class='ocrx_word' id='word_1_363' title='bbox 431 2904 662 2981; x_wconf 81' lang='lat' dir='ltr'>indigni</span> <span class='ocrx_word' id='word_1_364' title='bbox 686 2924 752 2962; x_wconf 89' lang='lat' dir='ltr'>ac</span> <span class='ocrx_word' id='word_1_365' title='bbox 779 2908 1172 2980; x_wconf 87' lang='lat' dir='ltr'>despicabiles</span> <span class='ocrx_word' id='word_1_366' title='bbox 1190 2908 1412 2964; x_wconf 88' lang='lat' dir='ltr'>imitari</span> <span class='ocrx_word' id='word_1_367' title='bbox 1428 2907 1737 2963; x_wconf 85' lang='lat' dir='ltr'>studemus</span> <span class='ocrx_word' id='word_1_368' title='bbox 1755 2926 1766 2974; x_wconf 93' lang='lat'>;</span> <span class='ocrx_word' id='word_1_369' title='bbox 1783 2924 1984 2962; x_wconf 84' lang='lat' dir='ltr'>verum</span> <span class='ocrx_word' id='word_1_370' title='bbox 2001 2924 2095 2961; x_wconf 84' lang='lat' dir='ltr'>eo-</span> 
     </span>
    </p>
   </div>
   <div class='ocr_carea' id='block_1_56' title="bbox 430 2996 2092 3070">
    <p class='ocr_par' dir='ltr' id='par_1_56' title="bbox 430 2996 2092 3070">
     <span class='ocr_line' id='line_1_56' title="bbox 430 2996 2092 3070; baseline 0 -20"><span class='ocrx_word' id='word_1_371' title='bbox 430 3012 566 3050; x_wconf 89' lang='lat' dir='ltr'>rum</span> <span class='ocrx_word' id='word_1_372' title='bbox 581 2997 713 3051; x_wconf 75' lang='lat' dir='ltr'>vitae</span> <span class='ocrx_word' id='word_1_373' title='bbox 733 2997 989 3052; x_wconf 78' lang='lat' dir='ltr'>ccelestis</span> <span class='ocrx_word' id='word_1_374' title='bbox 1002 2998 1300 3070; x_wconf 79' lang='lat' dir='ltr'>fastigium</span> <span class='ocrx_word' id='word_1_375' title='bbox 1315 2997 1565 3051; x_wconf 87' lang='lat' dir='ltr'>minime</span> <span class='ocrx_word' id='word_1_376' title='bbox 1583 2996 2092 3066; x_wconf 86' lang='lat' dir='ltr'>assequimur,sed</span> 
     </span>
    </p>
   </div>
   <div class='ocr_carea' id='block_1_57' title="bbox 426 3078 2092 3156">
    <p class='ocr_par' dir='ltr' id='par_1_57' title="bbox 426 3078 2092 3156">
     <span class='ocr_line' id='line_1_57' title="bbox 426 3078 2092 3156; baseline 0 -18"><span class='ocrx_word' id='word_1_377' title='bbox 426 3101 536 3156; x_wconf 88' lang='lat' dir='ltr'>pro</span> <span class='ocrx_word' id='word_1_378' title='bbox 560 3085 1158 3142; x_wconf 73' lang='lat' dir='ltr'>inﬂrmitatisnostraa</span> <span class='ocrx_word' id='word_1_379' title='bbox 1189 3105 1256 3142; x_wconf 92' lang='lat' dir='ltr'>ac</span> <span class='ocrx_word' id='word_1_380' title='bbox 1280 3087 1511 3142; x_wconf 72' lang='lat' dir='ltr'>misera:</span> <span class='ocrx_word' id='word_1_381' title='bbox 1535 3086 1832 3141; x_wconf 81' lang='lat' dir='ltr'>facultatis</span> <span class='ocrx_word' id='word_1_382' title='bbox 1850 3078 2092 3140; x_wconf 86' lang='lat' dir='ltr'>modulo</span> 
     </span>
    </p>
   </div>
   <div class='ocr_carea' id='block_1_58' title="bbox 429 3175 2082 3248">
    <p class='ocr_par' dir='ltr' id='par_1_58' title="bbox 429 3175 2082 3248">
     <span class='ocr_line' id='line_1_58' title="bbox 429 3175 2082 3248; baseline 0.001 -20"><span class='ocrx_word' id='word_1_383' title='bbox 429 3189 635 3229; x_wconf 88' lang='lat' dir='ltr'>eorum</span> <span class='ocrx_word' id='word_1_384' title='bbox 663 3175 842 3230; x_wconf 89' lang='lat' dir='ltr'>vitam</span> <span class='ocrx_word' id='word_1_385' title='bbox 877 3176 1284 3247; x_wconf 87' lang='lat' dir='ltr'>exprimimus.</span> <span class='ocrx_word' id='word_1_386' title='bbox 1314 3179 1502 3246; x_wconf 78' lang='lat' dir='ltr'>Atque</span> <span class='ocrx_word' id='word_1_387' title='bbox 1525 3176 1790 3248; x_wconf 91' lang='lat' dir='ltr'>ipsorum</span> <span class='ocrx_word' id='word_1_388' title='bbox 1813 3175 2082 3230; x_wconf 86' lang='lat' dir='ltr'>habitum</span> 
     </span>
    </p>
   </div>
   <div class='ocr_carea' id='block_1_59' title="bbox 426 3263 2081 3336">
    <p class='ocr_par' dir='ltr' id='par_1_59' title="bbox 426 3263 2081 3336">
     <span class='ocr_line' id='line_1_59' title="bbox 426 3263 2081 3336; baseline 0.002 -19"><span class='ocrx_word' id='word_1_389' title='bbox 426 3263 956 3336; x_wconf 85' lang='lat' dir='ltr'>gerimus,etiamsi</span> <span class='ocrx_word' id='word_1_390' title='bbox 979 3282 1159 3336; x_wconf 89' lang='lat' dir='ltr'>opera</span> <span class='ocrx_word' id='word_1_391' title='bbox 1180 3282 1301 3320; x_wconf 90' lang='lat' dir='ltr'>non</span> <span class='ocrx_word' id='word_1_392' title='bbox 1325 3266 1975 3336; x_wconf 82' lang='lat' dir='ltr'>assequamur.Etenim</span> <span class='ocrx_word' id='word_1_393' title='bbox 1995 3265 2081 3320; x_wconf 89' lang='lat' dir='ltr'>di-</span> 
     </span>
    </p>
   </div>
   <div class='ocr_carea' id='block_1_60' title="bbox 423 3353 2082 3426">
    <p class='ocr_par' dir='ltr' id='par_1_60' title="bbox 423 3353 2082 3426">
     <span class='ocr_line' id='line_1_60' title="bbox 423 3353 2082 3426; baseline 0.001 -18"><span class='ocrx_word' id='word_1_394' title='bbox 423 3353 624 3409; x_wconf 83' lang='lat' dir='ltr'>vinam</span> <span class='ocrx_word' id='word_1_395' title='bbox 639 3355 791 3410; x_wconf 89' lang='lat' dir='ltr'>hanc</span> <span class='ocrx_word' id='word_1_396' title='bbox 809 3354 1242 3426; x_wconf 85' lang='lat' dir='ltr'>professionem</span> <span class='ocrx_word' id='word_1_397' title='bbox 1267 3361 1575 3426; x_wconf 90' lang='lat' dir='ltr'>peccatum</span> <span class='ocrx_word' id='word_1_398' title='bbox 1592 3355 1958 3426; x_wconf 89' lang='lat' dir='ltr'>propulsare,</span> <span class='ocrx_word' id='word_1_399' title='bbox 1993 3360 2082 3409; x_wconf 81' lang='lat' dir='ltr'>at-</span> 
     </span>
    </p>
   </div>
   <div class='ocr_carea' id='block_1_61' title="bbox 423 3444 2078 3517">
    <p class='ocr_par' dir='ltr' id='par_1_61' title="bbox 423 3444 2078 3517">
     <span class='ocr_line' id='line_1_61' title="bbox 423 3444 2078 3517; baseline 0.001 -19"><span class='ocrx_word' id='word_1_400' title='bbox 423 3444 1017 3516; x_wconf 89' lang='lat' dir='ltr'>queincorruptionis</span> <span class='ocrx_word' id='word_1_401' title='bbox 1032 3445 1414 3516; x_wconf 89' lang='lat' dir='ltr'>perdivinum</span> <span class='ocrx_word' id='word_1_402' title='bbox 1435 3445 1728 3517; x_wconf 89' lang='lat' dir='ltr'>baptisma</span> <span class='ocrx_word' id='word_1_403' title='bbox 1748 3445 1922 3500; x_wconf 87' lang='lat' dir='ltr'>nobis</span> <span class='ocrx_word' id='word_1_404' title='bbox 1934 3462 2078 3500; x_wconf 79' lang='lat' dir='ltr'>con-</span> 
     </span>
    </p>
   </div>
   <div class='ocr_carea' id='block_1_62' title="bbox 419 3534 2078 3606">
    <p class='ocr_par' dir='ltr' id='par_1_62' title="bbox 419 3534 2078 3606">
     <span class='ocr_line' id='line_1_62' title="bbox 419 3534 2078 3606; baseline 0.002 -18"><span class='ocrx_word' id='word_1_405' title='bbox 419 3549 606 3589; x_wconf 63' lang='lat' dir='ltr'>cessas</span> <span class='ocrx_word' id='word_1_406' title='bbox 657 3534 880 3590; x_wconf 88' lang='lat' dir='ltr'>sociam</span> <span class='ocrx_word' id='word_1_407' title='bbox 923 3540 983 3588; x_wconf 90' lang='lat' dir='ltr'>et</span> <span class='ocrx_word' id='word_1_408' title='bbox 1033 3535 1473 3606; x_wconf 83' lang='lat' dir='ltr'>Opitulatricem</span> <span class='ocrx_word' id='word_1_409' title='bbox 1523 3551 1653 3589; x_wconf 83' lang='lat' dir='ltr'>esse</span> <span class='ocrx_word' id='word_1_410' title='bbox 1697 3542 2078 3606; x_wconf 88' lang='lat' dir='ltr'>perspectum</span> 
     </span>
    </p>
   </div>
   <div class='ocr_carea' id='block_1_63' title="bbox 415 3622 2076 3680">
    <p class='ocr_par' dir='ltr' id='par_1_63' title="bbox 415 3622 2076 3680">
     <span class='ocr_line' id='line_1_63' title="bbox 415 3622 2076 3680; baseline 0.001 -2"><span class='ocrx_word' id='word_1_411' title='bbox 415 3622 730 3678; x_wconf 89' lang='lat' dir='ltr'>habemus.</span> <span class='ocrx_word' id='word_1_412' title='bbox 762 3627 845 3679; x_wconf 80' lang='lat' dir='ltr'>Ac</span> <span class='ocrx_word' id='word_1_413' title='bbox 876 3624 1190 3680; x_wconf 89' lang='lat' dir='ltr'>beatorum</span> <span class='ocrx_word' id='word_1_414' title='bbox 1224 3624 1465 3680; x_wconf 91' lang='lat' dir='ltr'>illorum</span> <span class='ocrx_word' id='word_1_415' title='bbox 1495 3624 1757 3680; x_wconf 87' lang='lat' dir='ltr'>virorum</span> <span class='ocrx_word' id='word_1_416' title='bbox 1791 3627 2076 3680; x_wconf 86' lang='lat' dir='ltr'>sermoni-</span> 
     </span>
    </p>
   </div>
   <div class='ocr_carea' id='block_1_64' title="bbox 415 3712 2073 3787">
    <p class='ocr_par' dir='ltr' id='par_1_64' title="bbox 415 3712 2073 3787">
     <span class='ocr_line' id='line_1_64' title="bbox 415 3712 2073 3787; baseline 0.003 -20"><span class='ocrx_word' id='word_1_417' title='bbox 415 3712 528 3767; x_wconf 91' lang='lat' dir='ltr'>bus</span> <span class='ocrx_word' id='word_1_418' title='bbox 587 3713 851 3782; x_wconf 89' lang='lat' dir='ltr'>adducti,</span> <span class='ocrx_word' id='word_1_419' title='bbox 911 3715 1167 3770; x_wconf 89' lang='lat' dir='ltr'>caducas</span> <span class='ocrx_word' id='word_1_420' title='bbox 1225 3721 1402 3787; x_wconf 90' lang='lat' dir='ltr'>atque</span> <span class='ocrx_word' id='word_1_421' title='bbox 1457 3717 1725 3770; x_wconf 89' lang='lat' dir='ltr'>interitui</span> <span class='ocrx_word' id='word_1_422' title='bbox 1785 3717 2073 3772; x_wconf 83' lang='lat' dir='ltr'>obnoxias</span> 
     </span>
    </p>
   </div>
   <div class='ocr_carea' id='block_1_65' title="bbox 412 3801 2074 3878">
    <p class='ocr_par' dir='ltr' id='par_1_65' title="bbox 412 3801 2074 3878">
     <span class='ocr_line' id='line_1_65' title="bbox 412 3801 2074 3878; baseline 0.003 -22"><span class='ocrx_word' id='word_1_423' title='bbox 412 3801 663 3873; x_wconf 84' lang='lat' dir='ltr'>hujusce</span> <span class='ocrx_word' id='word_1_424' title='bbox 687 3805 816 3858; x_wconf 71' lang='lat' dir='ltr'>vitaa</span> <span class='ocrx_word' id='word_1_425' title='bbox 840 3820 934 3859; x_wconf 88' lang='lat' dir='ltr'>res</span> <span class='ocrx_word' id='word_1_426' title='bbox 957 3821 1317 3878; x_wconf 75' lang='lat' dir='ltr'>magnopere</span> <span class='ocrx_word' id='word_1_427' title='bbox 1339 3805 1830 3872; x_wconf 87' lang='lat' dir='ltr'>condemnamus,</span> <span class='ocrx_word' id='word_1_428' title='bbox 1853 3807 1914 3860; x_wconf 92' lang='lat' dir='ltr'>in</span> <span class='ocrx_word' id='word_1_429' title='bbox 1938 3808 2074 3878; x_wconf 91' lang='lat' dir='ltr'>qui-</span> 
     </span>
    </p>
   </div>
   <div class='ocr_carea' id='block_1_66' title="bbox 415 3889 2070 3967">
    <p class='ocr_par' dir='ltr' id='par_1_66' title="bbox 415 3889 2070 3967">
     <span class='ocr_line' id='line_1_66' title="bbox 415 3889 2070 3967; baseline 0.004 -22"><span class='ocrx_word' id='word_1_430' title='bbox 415 3889 528 3946; x_wconf 90' lang='lat' dir='ltr'>bus</span> <span class='ocrx_word' id='word_1_431' title='bbox 559 3893 712 3948; x_wconf 89' lang='lat' dir='ltr'>nihil</span> <span class='ocrx_word' id='word_1_432' title='bbox 745 3894 982 3950; x_wconf 81' lang='lat' dir='ltr'>firmum</span> <span class='ocrx_word' id='word_1_433' title='bbox 1017 3901 1075 3948; x_wconf 90' lang='lat' dir='ltr'>et</span> <span class='ocrx_word' id='word_1_434' title='bbox 1133 3895 1446 3966; x_wconf 78' lang='lat' dir='ltr'>aequabile,</span> <span class='ocrx_word' id='word_1_435' title='bbox 1481 3895 1759 3967; x_wconf 88' lang='lat' dir='ltr'>quodque</span> <span class='ocrx_word' id='word_1_436' title='bbox 1791 3897 2070 3952; x_wconf 89' lang='lat' dir='ltr'>eumdem</span> 
     </span>
    </p>
   </div>
   <div class='ocr_carea' id='block_1_67' title="bbox 409 3985 2066 4057">
    <p class='ocr_par' dir='ltr' id='par_1_67' title="bbox 409 3985 2066 4057">
     <span class='ocr_line' id='line_1_67' title="bbox 409 3985 2066 4057; baseline 0.002 -20"><span class='ocrx_word' id='word_1_437' title='bbox 409 3998 648 4054; x_wconf 89' lang='lat' dir='ltr'>semper</span> <span class='ocrx_word' id='word_1_438' title='bbox 693 3989 912 4040; x_wconf 89' lang='lat' dir='ltr'>statum</span> <span class='ocrx_word' id='word_1_439' title='bbox 944 3985 1222 4048; x_wconf 86' lang='lat' dir='ltr'>retineat,</span> <span class='ocrx_word' id='word_1_440' title='bbox 1270 3986 1523 4041; x_wconf 87' lang='lat' dir='ltr'>inveniri</span> <span class='ocrx_word' id='word_1_441' title='bbox 1584 3991 1816 4057; x_wconf 88' lang='lat' dir='ltr'>potest;</span> <span class='ocrx_word' id='word_1_442' title='bbox 1865 4003 2066 4041; x_wconf 92' lang='lat' dir='ltr'>verum</span> 
     </span>
    </p>
   </div>
   <div class='ocr_carea' id='block_1_68' title="bbox 409 4073 2062 4147">
    <p class='ocr_par' dir='ltr' id='par_1_68' title="bbox 409 4073 2062 4147">
     <span class='ocr_line' id='line_1_68' title="bbox 409 4073 2062 4147; baseline 0.002 -20"><span class='ocrx_word' id='word_1_443' title='bbox 409 4073 614 4129; x_wconf 89' lang='lat' dir='ltr'>omnia</span> <span class='ocrx_word' id='word_1_444' title='bbox 643 4074 874 4129; x_wconf 85' lang='lat' dir='ltr'>vanitas</span> <span class='ocrx_word' id='word_1_445' title='bbox 908 4081 1050 4130; x_wconf 91' lang='lat' dir='ltr'>sunt</span> <span class='ocrx_word' id='word_1_446' title='bbox 1079 4082 1138 4130; x_wconf 89' lang='lat' dir='ltr'>et</span> <span class='ocrx_word' id='word_1_447' title='bbox 1168 4075 1413 4130; x_wconf 78' lang='lat' dir='ltr'>afﬂictio</span> <span class='ocrx_word' id='word_1_448' title='bbox 1446 4076 1692 4146; x_wconf 87' lang='lat' dir='ltr'>spiritus</span> <span class='ocrx_word' id='word_1_449' title='bbox 1741 4076 1950 4146; x_wconf 80' lang='lat' dir='ltr'>(Eccle.</span> <span class='ocrx_word' id='word_1_450' title='bbox 1984 4080 2062 4147; x_wconf 82' lang='lat'>1|),</span> 
     </span>
    </p>
   </div>
   <div class='ocr_carea' id='block_1_69' title="bbox 406 4162 2064 4237">
    <p class='ocr_par' dir='ltr' id='par_1_69' title="bbox 406 4162 2064 4237">
     <span class='ocr_line' id='line_1_69' title="bbox 406 4162 2064 4237; baseline 0.002 -19"><span class='ocrx_word' id='word_1_451' title='bbox 406 4162 629 4218; x_wconf 89' lang='lat' dir='ltr'>multas</span> <span class='ocrx_word' id='word_1_452' title='bbox 652 4164 937 4235; x_wconf 76' lang='lat' dir='ltr'>temporis</span> <span class='ocrx_word' id='word_1_453' title='bbox 959 4171 1178 4235; x_wconf 90' lang='lat' dir='ltr'>puncto</span> <span class='ocrx_word' id='word_1_454' title='bbox 1209 4165 1569 4220; x_wconf 89' lang='lat' dir='ltr'>mutationes</span> <span class='ocrx_word' id='word_1_455' title='bbox 1591 4165 1819 4221; x_wconf 85' lang='lat' dir='ltr'>ferens:</span> <span class='ocrx_word' id='word_1_456' title='bbox 1876 4167 2064 4237; x_wconf 86' lang='lat' dir='ltr'>siqui-</span> 
     </span>
    </p>
   </div>
   <div class='ocr_carea' id='block_1_70' title="bbox 404 4251 2066 4326">
    <p class='ocr_par' dir='ltr' id='par_1_70' title="bbox 404 4251 2066 4326">
     <span class='ocr_line' id='line_1_70' title="bbox 404 4251 2066 4326; baseline 0.001 -18"><span class='ocrx_word' id='word_1_457' title='bbox 404 4251 543 4308; x_wconf 89' lang='lat' dir='ltr'>dem</span> <span class='ocrx_word' id='word_1_458' title='bbox 565 4253 627 4308; x_wconf 92' lang='lat' dir='ltr'>in</span> <span class='ocrx_word' id='word_1_459' title='bbox 647 4254 984 4314; x_wconf 87' lang='lat' dir='ltr'>somniis.et</span> <span class='ocrx_word' id='word_1_460' title='bbox 1004 4254 1253 4320; x_wconf 91' lang='lat' dir='ltr'>umbris,</span> <span class='ocrx_word' id='word_1_461' title='bbox 1278 4270 1344 4308; x_wconf 92' lang='lat' dir='ltr'>ac</span> <span class='ocrx_word' id='word_1_462' title='bbox 1366 4255 1556 4308; x_wconf 88' lang='lat' dir='ltr'>ventis</span> <span class='ocrx_word' id='word_1_463' title='bbox 1581 4270 1779 4310; x_wconf 89' lang='lat' dir='ltr'>aerem</span> <span class='ocrx_word' id='word_1_464' title='bbox 1804 4256 2066 4326; x_wconf 85' lang='lat' dir='ltr'>perﬂan-</span> 
     </span>
    </p>
   </div>
   <div class='ocr_carea' id='block_1_71' title="bbox 398 4342 2063 4415">
    <p class='ocr_par' dir='ltr' id='par_1_71' title="bbox 398 4342 2063 4415">
     <span class='ocr_line' id='line_1_71' title="bbox 398 4342 2063 4415; baseline 0.002 -19"><span class='ocrx_word' id='word_1_465' title='bbox 398 4342 567 4398; x_wconf 86' lang='lat' dir='ltr'>tibus</span> <span class='ocrx_word' id='word_1_466' title='bbox 601 4343 1001 4399; x_wconf 85' lang='lat' dir='ltr'>imbecilliora</span> <span class='ocrx_word' id='word_1_467' title='bbox 1031 4349 1191 4399; x_wconf 90' lang='lat' dir='ltr'>sunt.</span> <span class='ocrx_word' id='word_1_468' title='bbox 1225 4345 1487 4409; x_wconf 88' lang='lat' dir='ltr'>Quorum</span> <span class='ocrx_word' id='word_1_469' title='bbox 1534 4360 1711 4415; x_wconf 88' lang='lat' dir='ltr'>parva</span> <span class='ocrx_word' id='word_1_470' title='bbox 1759 4351 1818 4399; x_wconf 89' lang='lat' dir='ltr'>et</span> <span class='ocrx_word' id='word_1_471' title='bbox 1867 4345 2063 4400; x_wconf 86' lang='lat' dir='ltr'>brevis</span> 
     </span>
    </p>
   </div>
   <div class='ocr_carea' id='block_1_72' title="bbox 395 4430 2063 4505">
    <p class='ocr_par' dir='ltr' id='par_1_72' title="bbox 395 4430 2063 4505">
     <span class='ocr_line' id='line_1_72' title="bbox 395 4430 2063 4505; baseline 0.003 -20"><span class='ocrx_word' id='word_1_472' title='bbox 395 4430 690 4502; x_wconf 75' lang='lat' dir='ltr'>voluptas,</span> <span class='ocrx_word' id='word_1_473' title='bbox 720 4433 840 4488; x_wconf 91' lang='lat' dir='ltr'>imo</span> <span class='ocrx_word' id='word_1_474' title='bbox 872 4451 996 4488; x_wconf 93' lang='lat' dir='ltr'>non</span> <span class='ocrx_word' id='word_1_475' title='bbox 1029 4433 1323 4504; x_wconf 86' lang='lat' dir='ltr'>voluptas,</span> <span class='ocrx_word' id='word_1_476' title='bbox 1357 4433 1460 4489; x_wconf 90' lang='lat' dir='ltr'>sed</span> <span class='ocrx_word' id='word_1_477' title='bbox 1489 4433 1654 4488; x_wconf 89' lang='lat' dir='ltr'>fraus</span> <span class='ocrx_word' id='word_1_478' title='bbox 1687 4434 1961 4505; x_wconf 63' lang='lat' dir='ltr'>quasdam</span> <span class='ocrx_word' id='word_1_479' title='bbox 2004 4442 2063 4490; x_wconf 90' lang='lat' dir='ltr'>et</span> 
     </span>
    </p>
   </div>
   <div class='ocr_carea' id='block_1_73' title="bbox 392 4519 2056 4593">
    <p class='ocr_par' dir='ltr' id='par_1_73' title="bbox 392 4519 2056 4593">
     <span class='ocr_line' id='line_1_73' title="bbox 392 4519 2056 4593; baseline 0.002 -19"><span class='ocrx_word' id='word_1_480' title='bbox 392 4519 725 4590; x_wconf 88' lang='lat' dir='ltr'>impostura</span> <span class='ocrx_word' id='word_1_481' title='bbox 753 4522 1160 4593; x_wconf 89' lang='lat' dir='ltr'>perversitatis</span> <span class='ocrx_word' id='word_1_482' title='bbox 1183 4521 1416 4588; x_wconf 89' lang='lat' dir='ltr'>mundi,</span> <span class='ocrx_word' id='word_1_483' title='bbox 1452 4538 1632 4592; x_wconf 90' lang='lat' dir='ltr'>quem</span> <span class='ocrx_word' id='word_1_484' title='bbox 1680 4522 1846 4578; x_wconf 92' lang='lat' dir='ltr'>nullo</span> <span class='ocrx_word' id='word_1_485' title='bbox 1879 4522 2056 4578; x_wconf 89' lang='lat' dir='ltr'>modo</span> 
     </span>
    </p>
   </div>
   <div class='ocr_carea' id='block_1_74' title="bbox 2208 2629 3852 2714">
    <p class='ocr_par' dir='ltr' id='par_1_74' title="bbox 2208 2629 3852 2714">
     <span class='ocr_line' id='line_1_74' title="bbox 2208 2629 3852 2714; baseline 0.005 -29"><span class='ocrx_word' id='word_1_486' title='bbox 2208 2631 2383 2705; x_wconf 81' lang='grc' dir='ltr'>ἀγαθὰ</span> <span class='ocrx_word' id='word_1_487' title='bbox 2429 2634 2561 2705; x_wconf 88' lang='grc'>(50),</span> <span class='ocrx_word' id='word_1_488' title='bbox 2620 2630 2709 2686; x_wconf 78' lang='grc' dir='ltr'>καὶ</span> <span class='ocrx_word' id='word_1_489' title='bbox 2763 2637 2863 2701; x_wconf 83' lang='grc' dir='ltr'>τῆς</span> <span class='ocrx_word' id='word_1_490' title='bbox 2923 2629 3201 2704; x_wconf 70' lang='grc' dir='ltr'>μηδέποτε</span> <span class='ocrx_word' id='word_1_491' title='bbox 3259 2631 3668 2708; x_wconf 82' lang='grc' dir='ltr'>διαπιπτούσης</span> <span class='ocrx_word' id='word_1_492' title='bbox 3731 2642 3852 2714; x_wconf 75' lang='grc' dir='ltr'>μήτε</span> 
     </span>
    </p>
   </div>
   <div class='ocr_carea' id='block_1_75' title="bbox 2205 2717 3599 2800">
    <p class='ocr_par' dir='ltr' id='par_1_75' title="bbox 2205 2717 3599 2800">
     <span class='ocr_line' id='line_1_75' title="bbox 2205 2717 3599 2800; baseline 0.007 -26"><span class='ocrx_word' id='word_1_493' title='bbox 2205 2723 2416 2794; x_wconf 78' lang='grc' dir='ltr'>θανάτῳ</span> <span class='ocrx_word' id='word_1_494' title='bbox 2447 2717 2883 2794; x_wconf 76' lang='grc' dir='ltr'>διακοπτομὲνης</span> <span class='ocrx_word' id='word_1_495' title='bbox 2913 2718 3246 2777; x_wconf 72' lang='grc' dir='ltr'>ἐπελάϐοντο</span> <span class='ocrx_word' id='word_1_496' title='bbox 3281 2726 3424 2794; x_wconf 76' lang='grc' dir='ltr'>ζωῆς</span> <span class='ocrx_word' id='word_1_497' title='bbox 3455 2728 3599 2800; x_wconf 78' lang='grc'>(51).</span> 
     </span>
    </p>
   </div>
   <div class='ocr_carea' id='block_1_76' title="bbox 2274 2903 3850 2987">
    <p class='ocr_par' dir='ltr' id='par_1_76' title="bbox 2274 2903 3850 2987">
     <span class='ocr_line' id='line_1_76' title="bbox 2274 2903 3850 2987; baseline 0.004 -27"><span class='ocrx_word' id='word_1_498' title='bbox 2274 2906 2512 2968; x_wconf 84' lang='grc' dir='ltr'>Τούτους</span> <span class='ocrx_word' id='word_1_499' title='bbox 2543 2903 2635 2960; x_wconf 78' lang='grc' dir='ltr'>οὗν</span> <span class='ocrx_word' id='word_1_500' title='bbox 2681 2905 2812 2966; x_wconf 78' lang='grc' dir='ltr'>τοὺς</span> <span class='ocrx_word' id='word_1_501' title='bbox 2872 2904 3205 2978; x_wconf 74' lang='grc' dir='ltr'>θαυμασίους</span> <span class='ocrx_word' id='word_1_502' title='bbox 3260 2905 3352 2961; x_wconf 87' lang='grc' dir='ltr'>καὶ</span> <span class='ocrx_word' id='word_1_503' title='bbox 3411 2907 3605 2972; x_wconf 85' lang='grc' dir='ltr'>άσίους</span> <span class='ocrx_word' id='word_1_504' title='bbox 3675 2908 3850 2987; x_wconf 59' lang='grc' dir='ltr'>ἄνδρας</span> 
     </span>
    </p>
   </div>
   <div class='ocr_carea' id='block_1_77' title="bbox 2203 2993 3852 3070">
    <p class='ocr_par' dir='ltr' id='par_1_77' title="bbox 2203 2993 3852 3070">
     <span class='ocr_line' id='line_1_77' title="bbox 2203 2993 3852 3070; baseline 0.002 -19"><span class='ocrx_word' id='word_1_505' title='bbox 2203 2997 2292 3052; x_wconf 84' lang='grc' dir='ltr'>καὶ</span> <span class='ocrx_word' id='word_1_506' title='bbox 2325 2999 2492 3069; x_wconf 73' lang='grc' dir='ltr'>ἡμεῖς</span> <span class='ocrx_word' id='word_1_507' title='bbox 2522 2997 2575 3050; x_wconf 74' lang='grc' dir='ltr'>οἱ</span> <span class='ocrx_word' id='word_1_508' title='bbox 2604 2993 2842 3056; x_wconf 82' lang='grc' dir='ltr'>εὐτελεῖς</span> <span class='ocrx_word' id='word_1_509' title='bbox 2889 2994 2979 3048; x_wconf 79' lang='grc' dir='ltr'>καὶ</span> <span class='ocrx_word' id='word_1_510' title='bbox 3025 2995 3231 3066; x_wconf 79' lang='grc' dir='ltr'>ἀνάξιοι</span> <span class='ocrx_word' id='word_1_511' title='bbox 3284 3002 3583 3070; x_wconf 82' lang='grc' dir='ltr'>μιμεῖσθαι</span> <span class='ocrx_word' id='word_1_512' title='bbox 3637 2997 3852 3055; x_wconf 82' lang='grc' dir='ltr'>σπουδά-</span> 
     </span>
    </p>
   </div>
   <div class='ocr_carea' id='block_1_78' title="bbox 2205 3082 3851 3166">
    <p class='ocr_par' dir='ltr' id='par_1_78' title="bbox 2205 3082 3851 3166">
     <span class='ocr_line' id='line_1_78' title="bbox 2205 3082 3851 3166; baseline -0.003 -26"><span class='ocrx_word' id='word_1_513' title='bbox 2205 3092 2388 3159; x_wconf 81' lang='grc' dir='ltr'>ζομεν,</span> <span class='ocrx_word' id='word_1_514' title='bbox 2422 3088 2573 3144; x_wconf 76' lang='grc'>109</span> <span class='ocrx_word' id='word_1_515' title='bbox 2604 3085 2702 3140; x_wconf 78' lang='grc' dir='ltr'>οὐκ</span> <span class='ocrx_word' id='word_1_516' title='bbox 2752 3084 3116 3162; x_wconf 74' lang='grc' dir='ltr'>ἐφικνούμεθα</span> <span class='ocrx_word' id='word_1_517' title='bbox 3165 3082 3223 3140; x_wconf 71' lang='grc' dir='ltr'>δὲ</span> <span class='ocrx_word' id='word_1_518' title='bbox 3249 3087 3330 3158; x_wconf 80' lang='grc' dir='ltr'>τῷ</span> <span class='ocrx_word' id='word_1_519' title='bbox 3370 3087 3502 3161; x_wconf 77' lang='grc' dir='ltr'>ὕψει</span> <span class='ocrx_word' id='word_1_520' title='bbox 3552 3097 3654 3161; x_wconf 82' lang='grc' dir='ltr'>τῆς</span> <span class='ocrx_word' id='word_1_521' title='bbox 3703 3089 3851 3166; x_wconf 81' lang='grc' dir='ltr'>οὐρα.</span> 
     </span>
    </p>
   </div>
   <div class='ocr_carea' id='block_1_79' title="bbox 2199 3171 3849 3250">
    <p class='ocr_par' dir='ltr' id='par_1_79' title="bbox 2199 3171 3849 3250">
     <span class='ocr_line' id='line_1_79' title="bbox 2199 3171 3849 3250; baseline 0.004 -20"><span class='ocrx_word' id='word_1_522' title='bbox 2199 3175 2497 3232; x_wconf 90' lang='grc' dir='ltr'>νοπολίτου</span> <span class='ocrx_word' id='word_1_523' title='bbox 2527 3175 2700 3230; x_wconf 78' lang='grc' dir='ltr'>αὐτῶν</span> <span class='ocrx_word' id='word_1_524' title='bbox 2726 3171 3027 3250; x_wconf 78' lang='grc' dir='ltr'>διαγωγῆς·</span> <span class='ocrx_word' id='word_1_525' title='bbox 3081 3173 3246 3246; x_wconf 80' lang='grc' dir='ltr'>ἀλλὰ,</span> <span class='ocrx_word' id='word_1_526' title='bbox 3301 3177 3440 3231; x_wconf 75' lang='grc' dir='ltr'>κατὰ</span> <span class='ocrx_word' id='word_1_527' title='bbox 3495 3179 3562 3234; x_wconf 85' lang='grc' dir='ltr'>τὸ</span> <span class='ocrx_word' id='word_1_528' title='bbox 3607 3179 3720 3234; x_wconf 82' lang='grc' dir='ltr'>ἐνὸν</span> <span class='ocrx_word' id='word_1_529' title='bbox 3763 3188 3849 3250; x_wconf 83' lang='grc' dir='ltr'>τῆς</span> 
     </span>
    </p>
   </div>
   <div class='ocr_carea' id='block_1_80' title="bbox 2197 3262 3839 3346">
    <p class='ocr_par' dir='ltr' id='par_1_80' title="bbox 2197 3262 3839 3346">
     <span class='ocr_line' id='line_1_80' title="bbox 2197 3262 3839 3346; baseline 0.002 -26"><span class='ocrx_word' id='word_1_530' title='bbox 2197 3266 2447 3328; x_wconf 75' lang='grc' dir='ltr'>ἀσθενοῦς</span> <span class='ocrx_word' id='word_1_531' title='bbox 2478 3268 2639 3338; x_wconf 75' lang='grc' dir='ltr'>ἡμῶν</span> <span class='ocrx_word' id='word_1_532' title='bbox 2672 3264 2761 3319; x_wconf 86' lang='grc' dir='ltr'>καὶ</span> <span class='ocrx_word' id='word_1_533' title='bbox 2818 3263 3175 3340; x_wconf 76' lang='grc' dir='ltr'>ταλαιπώρου</span> <span class='ocrx_word' id='word_1_534' title='bbox 3233 3262 3546 3340; x_wconf 82' lang='grc' dir='ltr'>δυνάμεως,</span> <span class='ocrx_word' id='word_1_535' title='bbox 3599 3270 3691 3325; x_wconf 88' lang='grc' dir='ltr'>τὸν</span> <span class='ocrx_word' id='word_1_536' title='bbox 3740 3269 3839 3346; x_wconf 82' lang='grc' dir='ltr'>βίον</span> 
     </span>
    </p>
   </div>
   <div class='ocr_carea' id='block_1_81' title="bbox 2190 3353 3844 3436">
    <p class='ocr_par' dir='ltr' id='par_1_81' title="bbox 2190 3353 3844 3436">
     <span class='ocr_line' id='line_1_81' title="bbox 2190 3353 3844 3436; baseline 0.001 -26"><span class='ocrx_word' id='word_1_537' title='bbox 2190 3356 2365 3410; x_wconf 75' lang='grc' dir='ltr'>αὐτῶν</span> <span class='ocrx_word' id='word_1_538' title='bbox 2452 3355 2932 3432; x_wconf 81' lang='grc' dir='ltr'>χαρακτηρίζομεν</span> <span class='ocrx_word' id='word_1_539' title='bbox 2982 3353 3070 3409; x_wconf 87' lang='grc' dir='ltr'>καὶ</span> <span class='ocrx_word' id='word_1_540' title='bbox 3127 3354 3190 3410; x_wconf 90' lang='grc' dir='ltr'>τὸ</span> <span class='ocrx_word' id='word_1_541' title='bbox 3248 3363 3445 3431; x_wconf 82' lang='grc' dir='ltr'>σχῆμα</span> <span class='ocrx_word' id='word_1_542' title='bbox 3529 3354 3844 3436; x_wconf 76' lang='grc' dir='ltr'>περιϐεϐλή-</span> 
     </span>
    </p>
   </div>
   <div class='ocr_carea' id='block_1_82' title="bbox 2192 3441 3843 3525">
    <p class='ocr_par' dir='ltr' id='par_1_82' title="bbox 2192 3441 3843 3525">
     <span class='ocr_line' id='line_1_82' title="bbox 2192 3441 3843 3525; baseline 0.001 -24"><span class='ocrx_word' id='word_1_543' title='bbox 2192 3457 2349 3520; x_wconf 85' lang='grc' dir='ltr'>μεθα,</span> <span class='ocrx_word' id='word_1_544' title='bbox 2384 3443 2480 3500; x_wconf 73' lang='grc' dir='ltr'>κᾶν</span> <span class='ocrx_word' id='word_1_545' title='bbox 2512 3449 2617 3499; x_wconf 80' lang='grc' dir='ltr'>τῶν</span> <span class='ocrx_word' id='word_1_546' title='bbox 2672 3442 2845 3520; x_wconf 80' lang='grc' dir='ltr'>ἔργων</span> <span class='ocrx_word' id='word_1_547' title='bbox 2901 3441 3378 3519; x_wconf 85' lang='grc' dir='ltr'>διαμαρτάνωμεν.</span> <span class='ocrx_word' id='word_1_548' title='bbox 3436 3449 3710 3525; x_wconf 77' lang='grc' dir='ltr'>Πρόξενον</span> <span class='ocrx_word' id='word_1_549' title='bbox 3754 3450 3843 3524; x_wconf 77' lang='grc' dir='ltr'>γὰρ</span> 
     </span>
    </p>
   </div>
   <div class='ocr_carea' id='block_1_83' title="bbox 2186 3533 3844 3613">
    <p class='ocr_par' dir='ltr' id='par_1_83' title="bbox 2186 3533 3844 3613">
     <span class='ocr_line' id='line_1_83' title="bbox 2186 3533 3844 3613; baseline 0.002 -23"><span class='ocrx_word' id='word_1_550' title='bbox 2186 3535 2594 3611; x_wconf 84' lang='grc' dir='ltr'>ἇναμαρτησίας</span> <span class='ocrx_word' id='word_1_551' title='bbox 2625 3535 2686 3589; x_wconf 89' lang='grc' dir='ltr'>νὸ</span> <span class='ocrx_word' id='word_1_552' title='bbox 2717 3536 2857 3588; x_wconf 87' lang='grc' dir='ltr'>θεῖον</span> <span class='ocrx_word' id='word_1_553' title='bbox 2911 3533 3235 3609; x_wconf 80' lang='grc' dir='ltr'>ἐπάγγελμα</span> <span class='ocrx_word' id='word_1_554' title='bbox 3283 3539 3465 3604; x_wconf 80' lang='grc' dir='ltr'>τοῦτο,</span> <span class='ocrx_word' id='word_1_555' title='bbox 3532 3538 3624 3593; x_wconf 78' lang='grc' dir='ltr'>καὶ</span> <span class='ocrx_word' id='word_1_556' title='bbox 3678 3559 3844 3613; x_wconf 78' lang='grc' dir='ltr'>συνερ-</span> 
     </span>
    </p>
   </div>
   <div class='ocr_carea' id='block_1_84' title="bbox 2184 3622 3840 3702">
    <p class='ocr_par' dir='ltr' id='par_1_84' title="bbox 2184 3622 3840 3702">
     <span class='ocr_line' id='line_1_84' title="bbox 2184 3622 3840 3702; baseline 0.002 -23"><span class='ocrx_word' id='word_1_557' title='bbox 2184 3627 2280 3700; x_wconf 85' lang='grc' dir='ltr'>γὸν</span> <span class='ocrx_word' id='word_1_558' title='bbox 2312 3633 2411 3694; x_wconf 83' lang='grc' dir='ltr'>τῆς</span> <span class='ocrx_word' id='word_1_559' title='bbox 2471 3624 2530 3680; x_wconf 84' lang='grc' dir='ltr'>ἐκ</span> <span class='ocrx_word' id='word_1_560' title='bbox 2585 3628 2680 3678; x_wconf 81' lang='grc' dir='ltr'>τοῦ</span> <span class='ocrx_word' id='word_1_561' title='bbox 2743 3623 2890 3678; x_wconf 87' lang='grc' dir='ltr'>θείου</span> <span class='ocrx_word' id='word_1_562' title='bbox 2954 3625 3334 3698; x_wconf 83' lang='grc' dir='ltr'>βαπτίσματος</span> <span class='ocrx_word' id='word_1_563' title='bbox 3393 3622 3665 3699; x_wconf 79' lang='grc' dir='ltr'>δοθείσης</span> <span class='ocrx_word' id='word_1_564' title='bbox 3721 3631 3840 3702; x_wconf 78' lang='grc' dir='ltr'>ἡμῖν</span> 
     </span>
    </p>
   </div>
   <div class='ocr_carea' id='block_1_85' title="bbox 2182 3711 3841 3792">
    <p class='ocr_par' dir='ltr' id='par_1_85' title="bbox 2182 3711 3841 3792">
     <span class='ocr_line' id='line_1_85' title="bbox 2182 3711 3841 3792; baseline 0.001 -22"><span class='ocrx_word' id='word_1_565' title='bbox 2182 3715 2478 3791; x_wconf 79' lang='grc' dir='ltr'>ἀφθαρσίας</span> <span class='ocrx_word' id='word_1_566' title='bbox 2543 3711 2897 3788; x_wconf 83' lang='grc' dir='ltr'>ἐπιστάμεθα.</span> <span class='ocrx_word' id='word_1_567' title='bbox 2961 3714 3083 3780; x_wconf 79' lang='grc' dir='ltr'>Καὶ,</span> <span class='ocrx_word' id='word_1_568' title='bbox 3139 3720 3254 3776; x_wconf 85' lang='grc' dir='ltr'>τοῖς</span> <span class='ocrx_word' id='word_1_569' title='bbox 3312 3713 3512 3789; x_wconf 86' lang='grc' dir='ltr'>λόγοις</span> <span class='ocrx_word' id='word_1_570' title='bbox 3602 3718 3841 3792; x_wconf 80' lang='grc' dir='ltr'>ἑπόμενοι</span> 
     </span>
    </p>
   </div>
   <div class='ocr_carea' id='block_1_86' title="bbox 2178 3801 3830 3880">
    <p class='ocr_par' dir='ltr' id='par_1_86' title="bbox 2178 3801 3830 3880">
     <span class='ocr_line' id='line_1_86' title="bbox 2178 3801 3830 3880; baseline 0 -21"><span class='ocrx_word' id='word_1_571' title='bbox 2178 3809 2285 3860; x_wconf 83' lang='grc' dir='ltr'>τῶν</span> <span class='ocrx_word' id='word_1_572' title='bbox 2351 3803 2630 3878; x_wconf 74' lang='grc' dir='ltr'>μακαρίων</span> <span class='ocrx_word' id='word_1_573' title='bbox 2690 3801 2934 3872; x_wconf 84' lang='grc' dir='ltr'>ἐκείνων,</span> <span class='ocrx_word' id='word_1_574' title='bbox 2998 3802 3135 3857; x_wconf 85' lang='grc' dir='ltr'>πάνυ</span> <span class='ocrx_word' id='word_1_575' title='bbox 3188 3806 3682 3880; x_wconf 86' lang='grc' dir='ltr'>καταγινώσκομεν</span> <span class='ocrx_word' id='word_1_576' title='bbox 3735 3811 3830 3862; x_wconf 83' lang='grc' dir='ltr'>τῶν</span> 
     </span>
    </p>
   </div>
   <div class='ocr_carea' id='block_1_87' title="bbox 2181 3890 3834 3973">
    <p class='ocr_par' dir='ltr' id='par_1_87' title="bbox 2181 3890 3834 3973">
     <span class='ocr_line' id='line_1_87' title="bbox 2181 3890 3834 3973; baseline 0.001 -23"><span class='ocrx_word' id='word_1_577' title='bbox 2181 3899 2430 3973; x_wconf 69' lang='grc' dir='ltr'>φθαρτῶν</span> <span class='ocrx_word' id='word_1_578' title='bbox 2465 3893 2672 3948; x_wconf 82' lang='grc' dir='ltr'>τούτων</span> <span class='ocrx_word' id='word_1_579' title='bbox 2704 3893 2795 3948; x_wconf 86' lang='grc' dir='ltr'>καὶ</span> <span class='ocrx_word' id='word_1_580' title='bbox 2827 3890 3104 3965; x_wconf 77' lang='grc' dir='ltr'>ἐπικήρων</span> <span class='ocrx_word' id='word_1_581' title='bbox 3136 3896 3234 3947; x_wconf 75' lang='grc' dir='ltr'>τοῦ</span> <span class='ocrx_word' id='word_1_582' title='bbox 3292 3893 3418 3968; x_wconf 88' lang='grc' dir='ltr'>βίου</span> <span class='ocrx_word' id='word_1_583' title='bbox 3475 3897 3834 3972; x_wconf 76' lang='grc' dir='ltr'>πραγμάτων,</span> 
     </span>
    </p>
   </div>
   <div class='ocr_carea' id='block_1_88' title="bbox 2179 3976 3838 4056">
    <p class='ocr_par' dir='ltr' id='par_1_88' title="bbox 2179 3976 3838 4056">
     <span class='ocr_line' id='line_1_88' title="bbox 2179 3976 3838 4056; baseline 0 -16"><span class='ocrx_word' id='word_1_584' title='bbox 2179 3985 2231 4040; x_wconf 82' lang='grc' dir='ltr'>ἐν</span> <span class='ocrx_word' id='word_1_585' title='bbox 2265 3987 2347 4045; x_wconf 82' lang='grc' dir='ltr'>οἷς</span> <span class='ocrx_word' id='word_1_586' title='bbox 2379 3981 2531 4038; x_wconf 73' lang='grc' dir='ltr'>οὐδὲν</span> <span class='ocrx_word' id='word_1_587' title='bbox 2557 3979 2697 4037; x_wconf 81' lang='grc' dir='ltr'>ἔστιν</span> <span class='ocrx_word' id='word_1_588' title='bbox 2730 3982 2905 4054; x_wconf 79' lang='grc' dir='ltr'>εὑρεῖν</span> <span class='ocrx_word' id='word_1_589' title='bbox 2944 3976 3182 4056; x_wconf 74' lang='grc' dir='ltr'>βέϐαιον,</span> <span class='ocrx_word' id='word_1_590' title='bbox 3242 3979 3368 4036; x_wconf 80' lang='grc' dir='ltr'>οὐδὲ</span> <span class='ocrx_word' id='word_1_591' title='bbox 3418 3983 3664 4056; x_wconf 83' lang='grc' dir='ltr'>ὁμαλὸν,</span> <span class='ocrx_word' id='word_1_592' title='bbox 3719 3983 3838 4042; x_wconf 72' lang='grc' dir='ltr'>οὐδὲ</span> 
     </span>
    </p>
   </div>
   <div class='ocr_carea' id='block_1_89' title="bbox 2177 4068 3837 4144">
    <p class='ocr_par' dir='ltr' id='par_1_89' title="bbox 2177 4068 3837 4144">
     <span class='ocr_line' id='line_1_89' title="bbox 2177 4068 3837 4144; baseline -0.001 -17"><span class='ocrx_word' id='word_1_593' title='bbox 2177 4071 2404 4127; x_wconf 79' lang='grc' dir='ltr'>ἐπὶτῶν</span> <span class='ocrx_word' id='word_1_594' title='bbox 2437 4070 2612 4126; x_wconf 74' lang='grc' dir='ltr'>αὐτῶν</span> <span class='ocrx_word' id='word_1_595' title='bbox 2646 4069 2935 4142; x_wconf 73' lang='grc' dir='ltr'>ἱστάμενον</span> <span class='ocrx_word' id='word_1_596' title='bbox 2983 4073 3120 4140; x_wconf 85' lang='grc'>(52)·</span> <span class='ocrx_word' id='word_1_597' title='bbox 3178 4068 3324 4124; x_wconf 85' lang='grc' dir='ltr'>άλλά</span> <span class='ocrx_word' id='word_1_598' title='bbox 3372 4072 3687 4144; x_wconf 82' lang='grc' dir='ltr'>ματαιότης</span> <span class='ocrx_word' id='word_1_599' title='bbox 3735 4071 3837 4128; x_wconf 80' lang='grc' dir='ltr'>ἐστὶ</span> 
     </span>
    </p>
   </div>
   <div class='ocr_carea' id='block_1_90' title="bbox 2173 4157 3834 4233">
    <p class='ocr_par' dir='ltr' id='par_1_90' title="bbox 2173 4157 3834 4233">
     <span class='ocr_line' id='line_1_90' title="bbox 2173 4157 3834 4233; baseline 0 -19"><span class='ocrx_word' id='word_1_600' title='bbox 2173 4160 2240 4214; x_wconf 75' lang='grc' dir='ltr'>τὰ</span> <span class='ocrx_word' id='word_1_601' title='bbox 2265 4161 2440 4214; x_wconf 82' lang='grc' dir='ltr'>πάντα</span> <span class='ocrx_word' id='word_1_602' title='bbox 2469 4159 2558 4213; x_wconf 76' lang='grc' dir='ltr'>καὶ</span> <span class='ocrx_word' id='word_1_603' title='bbox 2589 4159 2905 4233; x_wconf 86' lang='grc' dir='ltr'>προαίρεσις</span> <span class='ocrx_word' id='word_1_604' title='bbox 2951 4157 3260 4232; x_wconf 79' lang='grc' dir='ltr'>πνεύματος</span> <span class='ocrx_word' id='word_1_605' title='bbox 3314 4161 3450 4232; x_wconf 86' lang='grc'>(53),</span> <span class='ocrx_word' id='word_1_606' title='bbox 3511 4161 3735 4225; x_wconf 77' lang='grc' dir='ltr'>πολλάς</span> <span class='ocrx_word' id='word_1_607' title='bbox 3787 4161 3834 4216; x_wconf 81' lang='grc' dir='ltr'>ἐν</span> 
     </span>
    </p>
   </div>
   <div class='ocr_carea' id='block_1_91' title="bbox 2175 4242 3833 4327">
    <p class='ocr_par' dir='ltr' id='par_1_91' title="bbox 2175 4242 3833 4327">
     <span class='ocr_line' id='line_1_91' title="bbox 2175 4242 3833 4327; baseline 0.001 -23"><span class='ocrx_word' id='word_1_608' title='bbox 2175 4249 2364 4322; x_wconf 84' lang='grc' dir='ltr'>ἀτόμῳ</span> <span class='ocrx_word' id='word_1_609' title='bbox 2396 4250 2628 4327; x_wconf 69' lang='grc' dir='ltr'>φέροντα</span> <span class='ocrx_word' id='word_1_610' title='bbox 2652 4249 2747 4310; x_wconf 70' lang='grc' dir='ltr'>τὰς</span> <span class='ocrx_word' id='word_1_611' title='bbox 2784 4242 3095 4322; x_wconf 75' lang='grc' dir='ltr'>μεταϐολάς</span> <span class='ocrx_word' id='word_1_612' title='bbox 3128 4252 3261 4320; x_wconf 86' lang='grc'>(54)·</span> <span class='ocrx_word' id='word_1_613' title='bbox 3311 4246 3542 4325; x_wconf 82' lang='grc' dir='ltr'>ὀνείρων</span> <span class='ocrx_word' id='word_1_614' title='bbox 3596 4253 3700 4327; x_wconf 79' lang='grc' dir='ltr'>γὰρ</span> <span class='ocrx_word' id='word_1_615' title='bbox 3752 4251 3833 4306; x_wconf 81' lang='grc' dir='ltr'>καὶ</span> 
     </span>
    </p>
   </div>
   <div class='ocr_carea' id='block_1_92' title="bbox 2171 4335 3836 4412">
    <p class='ocr_par' dir='ltr' id='par_1_92' title="bbox 2171 4335 3836 4412">
     <span class='ocr_line' id='line_1_92' title="bbox 2171 4335 3836 4412; baseline 0.002 -20"><span class='ocrx_word' id='word_1_616' title='bbox 2171 4343 2344 4408; x_wconf 83' lang='grc' dir='ltr'>σκιᾶς,</span> <span class='ocrx_word' id='word_1_617' title='bbox 2377 4339 2468 4394; x_wconf 75' lang='grc' dir='ltr'>καὶ</span> <span class='ocrx_word' id='word_1_618' title='bbox 2502 4335 2668 4412; x_wconf 69' lang='grc' dir='ltr'>αὔρας</span> <span class='ocrx_word' id='word_1_619' title='bbox 2701 4337 2838 4392; x_wconf 75' lang='grc' dir='ltr'>κατὰ</span> <span class='ocrx_word' id='word_1_620' title='bbox 2857 4337 2948 4392; x_wconf 86' lang='grc' dir='ltr'>τὸν</span> <span class='ocrx_word' id='word_1_621' title='bbox 2978 4336 3107 4412; x_wconf 85' lang='grc' dir='ltr'>ἆὲρα</span> <span class='ocrx_word' id='word_1_622' title='bbox 3129 4337 3423 4410; x_wconf 87' lang='grc' dir='ltr'>πνεούσης,</span> <span class='ocrx_word' id='word_1_623' title='bbox 3454 4339 3597 4395; x_wconf 79' lang='grc' dir='ltr'>εἷ’σὶν</span> <span class='ocrx_word' id='word_1_624' title='bbox 3625 4341 3836 4406; x_wconf 74' lang='grc' dir='ltr'>ἀσθενὲ-</span> 
     </span>
    </p>
   </div>
   <div class='ocr_carea' id='block_1_93' title="bbox 2169 4425 3835 4507">
    <p class='ocr_par' dir='ltr' id='par_1_93' title="bbox 2169 4425 3835 4507">
     <span class='ocr_line' id='line_1_93' title="bbox 2169 4425 3835 4507; baseline 0.001 -23"><span class='ocrx_word' id='word_1_625' title='bbox 2169 4449 2350 4503; x_wconf 82' lang='grc' dir='ltr'>στερα·</span> <span class='ocrx_word' id='word_1_626' title='bbox 2388 4429 2557 4502; x_wconf 84' lang='grc' dir='ltr'>μικρᾶ</span> <span class='ocrx_word' id='word_1_627' title='bbox 2599 4429 2687 4482; x_wconf 83' lang='grc' dir='ltr'>καὶ</span> <span class='ocrx_word' id='word_1_628' title='bbox 2722 4425 2861 4503; x_wconf 86' lang='grc' dir='ltr'>πρὸς</span> <span class='ocrx_word' id='word_1_629' title='bbox 2894 4426 3083 4502; x_wconf 88' lang='grc' dir='ltr'>ὀλίγον</span> <span class='ocrx_word' id='word_1_630' title='bbox 3112 4429 3146 4496; x_wconf 80' lang='grc' dir='ltr'>ἡ</span> <span class='ocrx_word' id='word_1_631' title='bbox 3181 4426 3366 4502; x_wconf 86' lang='grc' dir='ltr'>χάρις,</span> <span class='ocrx_word' id='word_1_632' title='bbox 3401 4429 3494 4483; x_wconf 79' lang='grc' dir='ltr'>καὶ</span> <span class='ocrx_word' id='word_1_633' title='bbox 3552 4428 3686 4486; x_wconf 69' lang='grc' dir='ltr'>οὐδὲ</span> <span class='ocrx_word' id='word_1_634' title='bbox 3733 4430 3835 4507; x_wconf 89' lang='grc' dir='ltr'>χά-</span> 
     </span>
    </p>
   </div>
   <div class='ocr_carea' id='block_1_94' title="bbox 2170 4517 3832 4596">
    <p class='ocr_par' dir='ltr' id='par_1_94' title="bbox 2170 4517 3832 4596">
     <span class='ocr_line' id='line_1_94' title="bbox 2170 4517 3832 4596; baseline 0.001 -20"><span class='ocrx_word' id='word_1_635' title='bbox 2170 4539 2274 4596; x_wconf 87' lang='grc' dir='ltr'>ρις·</span> <span class='ocrx_word' id='word_1_636' title='bbox 2310 4518 2458 4576; x_wconf 84' lang='grc' dir='ltr'>ἀλλὰ</span> <span class='ocrx_word' id='word_1_637' title='bbox 2487 4517 2670 4589; x_wconf 86' lang='grc' dir='ltr'>πλάνη</span> <span class='ocrx_word' id='word_1_638' title='bbox 2704 4540 2785 4581; x_wconf 85' lang='grc' dir='ltr'>τις</span> <span class='ocrx_word' id='word_1_639' title='bbox 2817 4518 2906 4574; x_wconf 87' lang='grc' dir='ltr'>καὶ</span> <span class='ocrx_word' id='word_1_640' title='bbox 2940 4517 3116 4589; x_wconf 85' lang='grc' dir='ltr'>ἀπάτη</span> <span class='ocrx_word' id='word_1_641' title='bbox 3172 4521 3272 4589; x_wconf 78' lang='grc' dir='ltr'>τῆς</span> <span class='ocrx_word' id='word_1_642' title='bbox 3318 4524 3416 4590; x_wconf 33' lang='grc' dir='ltr'>τοιῦ</span> <span class='ocrx_word' id='word_1_643' title='bbox 3464 4520 3690 4596; x_wconf 89' lang='grc' dir='ltr'>κόσμου</span> <span class='ocrx_word' id='word_1_644' title='bbox 3738 4543 3832 4578; x_wconf 84' lang='grc' dir='ltr'>κα-</span> 
     </span>
    </p>
   </div>
   <div class='ocr_carea' id='block_1_95' title="bbox 389 4598 2075 4687">
    <p class='ocr_par' dir='ltr' id='par_1_95' title="bbox 389 4608 2054 4684">
     <span class='ocr_line' id='line_1_95' title="bbox 389 4608 2054 4684; baseline 0.002 -20"><span class='ocrx_word' id='word_1_645' title='bbox 389 4608 663 4682; x_wconf 85' lang='lat' dir='ltr'>diligere,</span> <span class='ocrx_word' id='word_1_646' title='bbox 695 4627 900 4666; x_wconf 86' lang='lat' dir='ltr'>verum</span> <span class='ocrx_word' id='word_1_647' title='bbox 926 4611 1124 4682; x_wconf 90' lang='lat' dir='ltr'>potius</span> <span class='ocrx_word' id='word_1_648' title='bbox 1156 4629 1228 4666; x_wconf 92' lang='lat' dir='ltr'>ex</span> <span class='ocrx_word' id='word_1_649' title='bbox 1251 4611 1452 4667; x_wconf 88' lang='lat' dir='ltr'>animo</span> <span class='ocrx_word' id='word_1_650' title='bbox 1479 4611 1675 4666; x_wconf 89' lang='lat' dir='ltr'>odisse</span> <span class='ocrx_word' id='word_1_651' title='bbox 1696 4618 1876 4684; x_wconf 89' lang='lat' dir='ltr'>atque</span> <span class='ocrx_word' id='word_1_652' title='bbox 1896 4613 2054 4668; x_wconf 87' lang='lat' dir='ltr'>inse-</span> 
     </span>
    </p>
   </div>
   <div class='ocr_carea' id='block_1_96' title="bbox 2190 4598 3832 4687">
    <p class='ocr_par' dir='ltr' id='par_1_96' title="bbox 2190 4606 3832 4687">
     <span class='ocr_line' id='line_1_96' title="bbox 2190 4606 3832 4687; baseline 0.002 -23"><span class='ocrx_word' id='word_1_653' title='bbox 2190 4609 2304 4682; x_wconf 70' lang='grc' dir='ltr'>ιίας,</span> <span class='ocrx_word' id='word_1_654' title='bbox 2334 4609 2498 4685; x_wconf 84' lang='grc' dir='ltr'>ὅνπερ</span> <span class='ocrx_word' id='word_1_655' title='bbox 2525 4610 2602 4683; x_wconf 77' lang='grc' dir='ltr'>μὴ</span> <span class='ocrx_word' id='word_1_656' title='bbox 2627 4610 2832 4686; x_wconf 72' lang='grc' dir='ltr'>ἀγαπᾷν</span> <span class='ocrx_word' id='word_1_657' title='bbox 2859 4608 3026 4681; x_wconf 79' lang='grc' dir='ltr'>ὅλως,</span> <span class='ocrx_word' id='word_1_658' title='bbox 3061 4614 3240 4683; x_wconf 86' lang='grc' dir='ltr'>μισεῖν</span> <span class='ocrx_word' id='word_1_659' title='bbox 3271 4606 3328 4665; x_wconf 79' lang='grc' dir='ltr'>δὶ</span> <span class='ocrx_word' id='word_1_660' title='bbox 3355 4608 3580 4685; x_wconf 82' lang='grc' dir='ltr'>μᾶλλον</span> <span class='ocrx_word' id='word_1_661' title='bbox 3612 4611 3674 4668; x_wconf 67' lang='grc' dir='ltr'>ἐκ</span> <span class='ocrx_word' id='word_1_662' title='bbox 3703 4633 3832 4687; x_wconf 86' lang='grc' dir='ltr'>καρ-</span> 
     </span>
    </p>
   </div>
   <div class='ocr_carea' id='block_1_97' title="bbox 484 4735 2075 4810">
    <p class='ocr_par' dir='ltr' id='par_1_97' title="bbox 484 4735 2075 4810">
     <span class='ocr_line' id='line_1_97' title="bbox 484 4735 2075 4810; baseline 0.002 -21"><span class='ocrx_word' id='word_1_663' title='bbox 484 4737 576 4810; x_wconf 84' lang='grc'>42)</span> <span class='ocrx_word' id='word_1_664' title='bbox 603 4736 809 4810; x_wconf 54' lang='lat' dir='ltr'>blatth.</span> <span class='ocrx_word' id='word_1_665' title='bbox 843 4739 1103 4810; x_wconf 12' lang='lat' dir='ltr'>xxnﬁt,gi2</span> <span class='ocrx_word' id='word_1_666' title='bbox 1129 4751 1142 4792; x_wconf 86' lang='lat'><strong>:</strong></span> <span class='ocrx_word' id='word_1_667' title='bbox 1173 4735 1365 4800; x_wconf 78' lang='grc' dir='ltr'>’Ὅστις</span> <span class='ocrx_word' id='word_1_668' title='bbox 1395 4735 1718 4791; x_wconf 87' lang='grc' dir='ltr'>ταπεινώσει</span> <span class='ocrx_word' id='word_1_669' title='bbox 1752 4735 1938 4792; x_wconf 69' lang='grc' dir='ltr'>ἑαυτὸν</span> <span class='ocrx_word' id='word_1_670' title='bbox 1976 4737 2075 4810; x_wconf 80' lang='grc' dir='ltr'>ὑψυ</span> 
     </span>
    </p>
   </div>
   <div class='ocr_carea' id='block_1_98' title="bbox 2190 4735 3241 4810">
    <p class='ocr_par' dir='ltr' id='par_1_98' title="bbox 2190 4737 3241 4806">
     <span class='ocr_line' id='line_1_98' title="bbox 2190 4737 3241 4806; baseline 0.002 -16"><span class='ocrx_word' id='word_1_671' title='bbox 2190 4756 2346 4792; x_wconf 73' lang='lat' dir='ltr'>rem.</span> <span class='ocrx_word' id='word_1_672' title='bbox 2381 4737 2465 4795; x_wconf 85' lang='lat' dir='ltr'>Cf.</span> <span class='ocrx_word' id='word_1_673' title='bbox 2503 4737 2642 4792; x_wconf 90' lang='lat' dir='ltr'>Luc.</span> <span class='ocrx_word' id='word_1_674' title='bbox 2673 4753 2790 4803; x_wconf 79' lang='lat' dir='ltr'>xiv,</span> <span class='ocrx_word' id='word_1_675' title='bbox 2827 4739 2884 4791; x_wconf 94' lang='grc'>11</span> <span class='ocrx_word' id='word_1_676' title='bbox 2916 4753 2930 4806; x_wconf 89' lang='grc'><strong>;</strong></span> <span class='ocrx_word' id='word_1_677' title='bbox 2963 4752 3123 4806; x_wconf 85' lang='lat' dir='ltr'>xvm,</span> <span class='ocrx_word' id='word_1_678' title='bbox 3154 4738 3241 4792; x_wconf 87' lang='grc'>14.</span> 
     </span>
    </p>
   </div>
   <div class='ocr_carea' id='block_1_99' title="bbox 481 4807 818 4874">
    <p class='ocr_par' dir='ltr' id='par_1_99' title="bbox 481 4807 818 4874">
     <span class='ocr_line' id='line_1_99' title="bbox 481 4807 818 4874; baseline 0.003 -13"><span class='ocrx_word' id='word_1_679' title='bbox 481 4809 574 4874; x_wconf 78' lang='grc'>43)</span> <span class='ocrx_word' id='word_1_680' title='bbox 601 4808 651 4862; x_wconf 86' lang='grc' dir='ltr'>ιι</span> <span class='ocrx_word' id='word_1_681' title='bbox 681 4807 818 4874; x_wconf 89' lang='lat' dir='ltr'>Epis</span> 
     </span>
    </p>
   </div>
   <div class='ocr_carea' id='block_1_100' title="bbox 457 4825 766 4950">
    <p class='ocr_par' dir='ltr' id='par_1_100' title="bbox 457 4825 766 4950">
     <span class='ocr_line' id='line_1_100' title="bbox 457 4825 763 4933; baseline 0 -72"><span class='ocrx_word' id='word_1_682' title='bbox 457 4825 574 4879; x_wconf 71' lang='lat' dir='ltr'>(4s)</span> <span class='ocrx_word' id='word_1_683' title='bbox 601 4825 651 4862; x_wconf 90' lang='grc' dir='ltr'>ιι</span> <span class='ocrx_word' id='word_1_684' title='bbox 681 4825 763 4933; x_wconf 71' lang='lat' dir='ltr'>np</span> 
     </span>
     <span class='ocr_line' id='line_1_101' title="bbox 457 4880 766 4950; baseline 0 -16"><span class='ocrx_word' id='word_1_685' title='bbox 457 4881 571 4950; x_wconf 88' lang='lat'>(44)</span> <span class='ocrx_word' id='word_1_686' title='bbox 600 4880 722 4934; x_wconf 91' lang='lat' dir='ltr'>Con</span> <span class='ocrx_word' id='word_1_687' title='bbox 754 4920 766 4934; x_wconf 92' lang='lat'>.</span> 
     </span>
    </p>
   </div>
   <div class='ocr_carea' id='block_1_101' title="bbox 825 4807 1362 4877">
    <p class='ocr_par' dir='ltr' id='par_1_101' title="bbox 825 4807 1362 4877">
     <span class='ocr_line' id='line_1_102' title="bbox 825 4807 1362 4877; baseline 0.004 -15"><span class='ocrx_word' id='word_1_688' title='bbox 825 4813 864 4864; x_wconf 91' lang='lat' dir='ltr'>t.</span> <span class='ocrx_word' id='word_1_689' title='bbox 900 4809 974 4863; x_wconf 88' lang='lat' dir='ltr'>ad</span> <span class='ocrx_word' id='word_1_690' title='bbox 1003 4807 1135 4865; x_wconf 88' lang='lat' dir='ltr'>Cor.</span> <span class='ocrx_word' id='word_1_691' title='bbox 1164 4825 1236 4877; x_wconf 80' lang='lat' dir='ltr'>vx,</span> <span class='ocrx_word' id='word_1_692' title='bbox 1276 4813 1362 4864; x_wconf 87' lang='grc'><strong>16.</strong></span> 
     </span>
    </p>
   </div>
   <div class='ocr_carea' id='block_1_102' title="bbox 457 4883 982 5023">
    <p class='ocr_par' dir='ltr' id='par_1_102' title="bbox 457 4883 982 5023">
     <span class='ocr_line' id='line_1_103' title="bbox 457 4883 982 4951; baseline 0.004 -17"><span class='ocrx_word' id='word_1_693' title='bbox 457 4883 571 4950; x_wconf 87' lang='grc'>(44)</span> <span class='ocrx_word' id='word_1_694' title='bbox 600 4883 766 4934; x_wconf 88' lang='lat' dir='ltr'>Conf.</span> <span class='ocrx_word' id='word_1_695' title='bbox 802 4897 860 4951; x_wconf 91' lang='lat' dir='ltr'>p.</span> <span class='ocrx_word' id='word_1_696' title='bbox 895 4883 982 4936; x_wconf 90' lang='grc'><strong>10.</strong></span> 
     </span>
     <span class='ocr_line' id='line_1_104' title="bbox 457 4950 982 5023; baseline 0 -17"><span class='ocrx_word' id='word_1_697' title='bbox 457 4951 569 5023; x_wconf 82' lang='grc'>(45)</span> <span class='ocrx_word' id='word_1_698' title='bbox 601 4950 768 5007; x_wconf 87' lang='lat' dir='ltr'>Conf.</span> <span class='ocrx_word' id='word_1_699' title='bbox 801 4969 859 5023; x_wconf 94' lang='lat' dir='ltr'>p.</span> <span class='ocrx_word' id='word_1_700' title='bbox 894 4955 982 5007; x_wconf 92' lang='grc'>71.</span> 
     </span>
    </p>
   </div>
   <div class='ocr_carea' id='block_1_103' title="bbox 453 5019 2075 5101">
    <p class='ocr_par' dir='ltr' id='par_1_103' title="bbox 453 5019 2071 5101">
     <span class='ocr_line' id='line_1_105' title="bbox 453 5019 2071 5101; baseline 0.002 -25"><span class='ocrx_word' id='word_1_701' title='bbox 597 5023 779 5101; x_wconf 59' lang='lat' dir='ltr'>Epist.</span> <span class='ocrx_word' id='word_1_702' title='bbox 802 5019 889 5079; x_wconf 62' lang='lat' dir='ltr'>ad</span> <span class='ocrx_word' id='word_1_703' title='bbox 919 5024 1134 5101; x_wconf 71' lang='lat' dir='ltr'>Ephes.</span> <span class='ocrx_word' id='word_1_704' title='bbox 1168 5027 1378 5101; x_wconf 72' lang='lat' dir='ltr'>vi,_‘l4:</span> <span class='ocrx_word' id='word_1_705' title='bbox 1415 5028 1589 5101; x_wconf 66' lang='grc' dir='ltr'>ξτῆτε</span> <span class='ocrx_word' id='word_1_706' title='bbox 1620 5021 1722 5101; x_wconf 36' lang='grc' dir='ltr'>οὖν.</span> <span class='ocrx_word' id='word_1_707' title='bbox 1745 5022 2071 5101; x_wconf 85' lang='grc' dir='ltr'>περιζωσάμ</span> 
     </span>
    </p>
   </div>
   <div class='ocr_carea' id='block_1_104' title="bbox 2190 5019 3073 5101">
    <p class='ocr_par' dir='ltr' id='par_1_104' title="bbox 2217 5019 3073 5101">
     <span class='ocr_line' id='line_1_106' title="bbox 2217 5019 3073 5101; baseline -0.001 -22"><span class='ocrx_word' id='word_1_708' title='bbox 2217 5024 2316 5093; x_wconf 77' lang='grc' dir='ltr'>τήν</span> <span class='ocrx_word' id='word_1_709' title='bbox 2351 5021 2519 5101; x_wconf 77' lang='grc' dir='ltr'>ὀσφὺν</span> <span class='ocrx_word' id='word_1_710' title='bbox 2553 5023 2704 5097; x_wconf 77' lang='grc' dir='ltr'>ὑμῶν</span> <span class='ocrx_word' id='word_1_711' title='bbox 2737 5019 2791 5077; x_wconf 78' lang='grc' dir='ltr'>ἐν</span> <span class='ocrx_word' id='word_1_712' title='bbox 2820 5019 3073 5094; x_wconf 82' lang='grc' dir='ltr'>ἀληθείᾳ.</span> 
     </span>
    </p>
   </div>
   <div class='ocr_carea' id='block_1_105' title="bbox 447 5095 1956 5221">
    <p class='ocr_par' dir='ltr' id='par_1_105' title="bbox 447 5095 1956 5221">
     <span class='ocr_line' id='line_1_107' title="bbox 447 5095 1956 5169; baseline 0.003 -20"><span class='ocrx_word' id='word_1_713' title='bbox 447 5097 564 5165; x_wconf 88' lang='grc'>(47)</span> <span class='ocrx_word' id='word_1_714' title='bbox 597 5096 710 5150; x_wconf 84' lang='lat' dir='ltr'>Res</span> <span class='ocrx_word' id='word_1_715' title='bbox 757 5101 890 5151; x_wconf 90' lang='lat' dir='ltr'>ectu</span> <span class='ocrx_word' id='word_1_716' title='bbox 929 5095 1003 5151; x_wconf 89' lang='lat' dir='ltr'>ad</span> <span class='ocrx_word' id='word_1_717' title='bbox 1076 5096 1381 5152; x_wconf 87' lang='lat' dir='ltr'>arabolam</span> <span class='ocrx_word' id='word_1_718' title='bbox 1415 5095 1486 5149; x_wconf 82' lang='lat' dir='ltr'>de</span> <span class='ocrx_word' id='word_1_719' title='bbox 1519 5113 1637 5168; x_wconf 88' lang='lat' dir='ltr'>qua</span> <span class='ocrx_word' id='word_1_720' title='bbox 1665 5097 1740 5153; x_wconf 84' lang='lat' dir='ltr'>cf.</span> <span class='ocrx_word' id='word_1_721' title='bbox 1775 5095 1831 5169; x_wconf 54' lang='lat' dir='ltr'>p&#39;.</span> <span class='ocrx_word' id='word_1_722' title='bbox 1865 5100 1956 5153; x_wconf 89' lang='grc'>73.</span> 
     </span>
     <span class='ocr_line' id='line_1_108' title="bbox 449 5113 1956 5221; baseline 0 0"><span class='ocrx_word' id='word_1_723' title='bbox 449 5167 560 5221; x_wconf 78' lang='grc'>(48)</span> <span class='ocrx_word' id='word_1_724' title='bbox 591 5167 678 5221; x_wconf 78' lang='lat' dir='ltr'>Jo.</span> <span class='ocrx_word' id='word_1_725' title='bbox 711 5113 918 5221; x_wconf 57' lang='lat' dir='ltr'>Ehrvs.</span> <span class='ocrx_word' id='word_1_726' title='bbox 952 5114 1148 5221; x_wconf 70' lang='lat' dir='ltr'>Eclbiz.</span> <span class='ocrx_word' id='word_1_727' title='bbox 1181 5186 1238 5221; x_wconf 80' lang='grc' dir='ltr'><strong>ι).</strong></span> <span class='ocrx_word' id='word_1_728' title='bbox 1273 5171 1417 5221; x_wconf 84' lang='lat'>254:</span> <span class='ocrx_word' id='word_1_729' title='bbox 1453 5167 1753 5221; x_wconf 74' lang='grc' dir='ltr'>Ἀγγέλους</span> <span class='ocrx_word' id='word_1_730' title='bbox 1781 5169 1910 5221; x_wconf 75' lang='grc' dir='ltr'>τοὺς</span> <span class='ocrx_word' id='word_1_731' title='bbox 1937 5169 1956 5221; x_wconf 71' lang='grc' dir='ltr'><em>ἀ</em></span> 
     </span>
    </p>
   </div>
   <div class='ocr_carea' id='block_1_106' title="bbox 445 5167 1030 5307">
    <p class='ocr_par' dir='ltr' id='par_1_106' title="bbox 445 5167 1030 5307">
     <span class='ocr_line' id='line_1_109' title="bbox 445 5167 1030 5307; baseline 0.005 -87"><span class='ocrx_word' id='word_1_732' title='bbox 445 5167 560 5307; x_wconf 79' lang='lat'>(48)</span> <span class='ocrx_word' id='word_1_733' title='bbox 591 5167 678 5222; x_wconf 79' lang='lat' dir='ltr'>Jo.</span> <span class='ocrx_word' id='word_1_734' title='bbox 711 5167 918 5240; x_wconf 87' lang='lat' dir='ltr'>Chrys.</span> <span class='ocrx_word' id='word_1_735' title='bbox 952 5170 1030 5223; x_wconf 89' lang='lat' dir='ltr'>Ec</span> 
     </span>
     <span class='ocr_line' id='line_1_110' title="bbox 472 5240 1030 5307; baseline 0.007 -15"><span class='ocrx_word' id='word_1_736' title='bbox 472 5241 564 5307; x_wconf 82' lang='grc'>49)</span> <span class='ocrx_word' id='word_1_737' title='bbox 594 5240 833 5307; x_wconf 84' lang='lat' dir='ltr'>Gregor.</span> <span class='ocrx_word' id='word_1_738' title='bbox 868 5241 998 5296; x_wconf 88' lang='lat' dir='ltr'>Naz.</span> <span class='ocrx_word' id='word_1_739' title='bbox 1029 5270 1030 5283; x_wconf 61' lang='grc' dir='ltr'>ι</span> 
     </span>
    </p>
   </div>
   <div class='ocr_carea' id='block_1_107' title="bbox 1058 5167 3022 5259">
    <p class='ocr_par' dir='ltr' id='par_1_107' title="bbox 1058 5167 3022 5259">
     <span class='ocr_line' id='line_1_111' title="bbox 1058 5167 3022 5259; baseline -0.001 -37"><span class='ocrx_word' id='word_1_740' title='bbox 1058 5185 1154 5259; x_wconf 61' lang='grc' dir='ltr'>οεζἱ</span> <span class='ocrx_word' id='word_1_741' title='bbox 1181 5171 1379 5259; x_wconf 53' lang='lat' dir='ltr'>p‘.n254</span> <span class='ocrx_word' id='word_1_742' title='bbox 1405 5185 1417 5223; x_wconf 92' lang='lat'>:</span> <span class='ocrx_word' id='word_1_743' title='bbox 1453 5167 1910 5259; x_wconf 41' lang='lat' dir='ltr'>’Anv‘y‘élopc‘jco‘iig</span> <span class='ocrx_word' id='word_1_744' title='bbox 1937 5168 2520 5259; x_wconf 49' lang='lat' dir='ltr'>depu’inouc’énoinpe</span> <span class='ocrx_word' id='word_1_745' title='bbox 2551 5168 2602 5241; x_wconf 87' lang='grc' dir='ltr'>(ὁ</span> <span class='ocrx_word' id='word_1_746' title='bbox 2634 5167 2908 5259; x_wconf 67' lang='grc' dir='ltr'>ρταυρός).</span> <span class='ocrx_word' id='word_1_747' title='bbox 2940 5167 3022 5223; x_wconf 85' lang='lat' dir='ltr'>Cf.</span> 
     </span>
    </p>
   </div>
   <div class='ocr_carea' id='block_1_108' title="bbox 3058 5171 3565 5260">
    <p class='ocr_par' dir='ltr' id='par_1_108' title="bbox 3058 5171 3565 5260">
     <span class='ocr_line' id='line_1_112' title="bbox 3058 5171 3565 5260; baseline 0.002 -35"><span class='ocrx_word' id='word_1_748' title='bbox 3058 5185 3157 5260; x_wconf 53' lang='lat' dir='ltr'>pp:</span> <span class='ocrx_word' id='word_1_749' title='bbox 3191 5171 3244 5260; x_wconf 53' lang='lat'>5&#39;,</span> <span class='ocrx_word' id='word_1_750' title='bbox 3282 5171 3403 5260; x_wconf 75' lang='grc' dir='ltr'>1ρ6,</span> <span class='ocrx_word' id='word_1_751' title='bbox 3431 5172 3565 5226; x_wconf 88' lang='grc'><strong>107.</strong></span> 
     </span>
    </p>
   </div>
   <div class='ocr_carea' id='block_1_109' title="bbox 472 5237 2075 5318">
    <p class='ocr_par' dir='ltr' id='par_1_109' title="bbox 472 5237 2075 5318">
     <span class='ocr_line' id='line_1_113' title="bbox 472 5237 2075 5318; baseline 0.003 -27"><span class='ocrx_word' id='word_1_752' title='bbox 593 5237 845 5318; x_wconf 57' lang='grc' dir='ltr'>ριεεοιεξ</span> <span class='ocrx_word' id='word_1_753' title='bbox 868 5241 998 5318; x_wconf 71' lang='lat' dir='ltr'>Naz_.</span> <span class='ocrx_word' id='word_1_754' title='bbox 1029 5237 1301 5318; x_wconf 52' lang='grc' dir='ltr'>οεῖιιλϐ,</span> <span class='ocrx_word' id='word_1_755' title='bbox 1335 5257 1465 5314; x_wconf 88' lang='lat' dir='ltr'>pag.</span> <span class='ocrx_word' id='word_1_756' title='bbox 1501 5237 1597 5296; x_wconf 75' lang='grc'>231</span> <span class='ocrx_word' id='word_1_757' title='bbox 1632 5260 1645 5298; x_wconf 88' lang='grc'>;</span> <span class='ocrx_word' id='word_1_758' title='bbox 1679 5242 1777 5296; x_wconf 80' lang='grc' dir='ltr'>Διὰ</span> <span class='ocrx_word' id='word_1_759' title='bbox 1806 5241 1867 5296; x_wconf 88' lang='grc' dir='ltr'>τὸ</span> <span class='ocrx_word' id='word_1_760' title='bbox 1895 5249 1998 5312; x_wconf 83' lang='grc' dir='ltr'>τῆς</span> <span class='ocrx_word' id='word_1_761' title='bbox 2029 5237 2075 5296; x_wconf 68' lang='lat' dir='ltr'>civ</span> 
     </span>
    </p>
   </div>
   <div class='ocr_carea' id='block_1_110' title="bbox 2190 5237 3438 5318">
    <p class='ocr_par' dir='ltr' id='par_1_110' title="bbox 2190 5237 3438 5316">
     <span class='ocr_line' id='line_1_114' title="bbox 2190 5237 3438 5316; baseline 0 -21"><span class='ocrx_word' id='word_1_762' title='bbox 2190 5243 2381 5312; x_wconf 72' lang='grc' dir='ltr'>οπίνης</span> <span class='ocrx_word' id='word_1_763' title='bbox 2414 5237 2711 5316; x_wconf 68' lang='grc' dir='ltr'>εὐπραγίας</span> <span class='ocrx_word' id='word_1_764' title='bbox 2739 5237 2968 5295; x_wconf 65' lang='grc' dir='ltr'>ἕστατον</span> <span class='ocrx_word' id='word_1_765' title='bbox 2999 5237 3438 5314; x_wconf 49' lang='grc' dir='ltr'>καῖ-ἀνώμαλον.</span> 
     </span>
    </p>
   </div>
   <div class='ocr_carea' id='block_1_111' title="bbox 447 5309 1354 5384">
    <p class='ocr_par' dir='ltr' id='par_1_111' title="bbox 447 5309 1354 5384">
     <span class='ocr_line' id='line_1_115' title="bbox 447 5309 1354 5384; baseline 0.006 -21"><span class='ocrx_word' id='word_1_766' title='bbox 447 5309 562 5384; x_wconf 86' lang='grc'>(50)</span> <span class='ocrx_word' id='word_1_767' title='bbox 590 5309 793 5384; x_wconf 64' lang='lat' dir='ltr'>Matth.</span> <span class='ocrx_word' id='word_1_768' title='bbox 827 5329 898 5375; x_wconf 73' lang='lat' dir='ltr'>vr,</span> <span class='ocrx_word' id='word_1_769' title='bbox 933 5315 1022 5366; x_wconf 87' lang='lat'>20.</span> <span class='ocrx_word' id='word_1_770' title='bbox 1055 5311 1139 5367; x_wconf 83' lang='lat' dir='ltr'>Cf.</span> <span class='ocrx_word' id='word_1_771' title='bbox 1172 5329 1230 5384; x_wconf 90' lang='lat' dir='ltr'>p.</span> <span class='ocrx_word' id='word_1_772' title='bbox 1266 5309 1354 5368; x_wconf 49' lang='lat'>91—.</span> 
     </span>
    </p>
   </div>
   <div class='ocr_carea' id='block_1_112' title="bbox 445 5381 960 5455">
    <p class='ocr_par' dir='ltr' id='par_1_112' title="bbox 445 5381 960 5455">
     <span class='ocr_line' id='line_1_116' title="bbox 445 5381 960 5455; baseline 0.006 -20"><span class='ocrx_word' id='word_1_773' title='bbox 445 5382 555 5455; x_wconf 84' lang='grc'>(51)</span> <span class='ocrx_word' id='word_1_774' title='bbox 586 5381 752 5437; x_wconf 88' lang='lat' dir='ltr'>Conf.</span> <span class='ocrx_word' id='word_1_775' title='bbox 787 5387 960 5455; x_wconf 88' lang='lat' dir='ltr'>p.60.</span> 
     </span>
    </p>
   </div>
   <div class='ocr_carea' id='block_1_113' title="bbox 444 5437 2075 5542">
    <p class='ocr_par' dir='ltr' id='par_1_113' title="bbox 444 5437 2075 5542">
     <span class='ocr_line' id='line_1_117' title="bbox 444 5437 2075 5542; baseline 0.004 -37"><span class='ocrx_word' id='word_1_776' title='bbox 444 5437 557 5542; x_wconf 53' lang='lat'>(5‘2)</span> <span class='ocrx_word' id='word_1_777' title='bbox 587 5437 899 5542; x_wconf 52' lang='lat' dir='ltr'>Gregorius,</span> <span class='ocrx_word' id='word_1_778' title='bbox 930 5455 1196 5542; x_wconf 48' lang='lat' dir='ltr'>Ijazianz.’</span> <span class='ocrx_word' id='word_1_779' title='bbox 1228 5456 1496 5542; x_wconf 67' lang='lat' dir='ltr'>oratione</span> <span class='ocrx_word' id='word_1_780' title='bbox 1561 5459 1645 5528; x_wconf 84' lang='grc'>16,</span> <span class='ocrx_word' id='word_1_781' title='bbox 1701 5475 1759 5530; x_wconf 91' lang='lat' dir='ltr'>p.</span> <span class='ocrx_word' id='word_1_782' title='bbox 1812 5437 1964 5514; x_wconf 26' lang='lat'><strong>.250:</strong></span> <span class='ocrx_word' id='word_1_783' title='bbox 2025 5461 2075 5511; x_wconf 81' lang='grc' dir='ltr'><strong>Φ</strong></span> 
     </span>
    </p>
   </div>
   <div class='ocr_carea' id='block_1_114' title="bbox 2190 5437 3825 5542">
    <p class='ocr_par' dir='ltr' id='par_1_114' title="bbox 2190 5448 3825 5534">
     <span class='ocr_line' id='line_1_118' title="bbox 2190 5448 3825 5534; baseline -0.001 -23"><span class='ocrx_word' id='word_1_784' title='bbox 2190 5479 2196 5510; x_wconf 71' lang='grc' dir='ltr'>ι</span> <span class='ocrx_word' id='word_1_785' title='bbox 2257 5455 2355 5531; x_wconf 74' lang='grc' dir='ltr'>μὲν</span> <span class='ocrx_word' id='word_1_786' title='bbox 2410 5457 2512 5534; x_wconf 79' lang='grc' dir='ltr'>γὰρ</span> <span class='ocrx_word' id='word_1_787' title='bbox 2573 5453 2732 5512; x_wconf 65' lang='grc' dir='ltr'>οὐδὲν</span> <span class='ocrx_word' id='word_1_788' title='bbox 2788 5461 2896 5513; x_wconf 81' lang='grc' dir='ltr'>τῶν</span> <span class='ocrx_word' id='word_1_789' title='bbox 2953 5455 3307 5530; x_wconf 81' lang='grc' dir='ltr'>ἀνθρωπίνων</span> <span class='ocrx_word' id='word_1_790' title='bbox 3368 5448 3627 5532; x_wconf 75' lang='grc' dir='ltr'>βέϐαιον,</span> <span class='ocrx_word' id='word_1_791' title='bbox 3691 5453 3825 5512; x_wconf 77' lang='grc' dir='ltr'>ούδὶ</span> 
     </span>
    </p>
   </div>
   <div class='ocr_carea' id='block_1_115' title="bbox 371 5519 1649 5600">
    <p class='ocr_par' dir='ltr' id='par_1_115' title="bbox 371 5519 1649 5600">
     <span class='ocr_line' id='line_1_119' title="bbox 371 5519 1649 5600; baseline 0.007 -25"><span class='ocrx_word' id='word_1_792' title='bbox 371 5519 678 5600; x_wconf 41' lang='grc' dir='ltr'>ὁμαλᾷνὲ..</span> <span class='ocrx_word' id='word_1_793' title='bbox 702 5519 851 5600; x_wconf 45' lang='grc' dir='ltr'>Ϊούδέ</span> <span class='ocrx_word' id='word_1_794' title='bbox 880 5523 966 5579; x_wconf 81' lang='grc' dir='ltr'>ἐπὶ</span> <span class='ocrx_word' id='word_1_795' title='bbox 997 5529 1106 5580; x_wconf 78' lang='grc' dir='ltr'>τῶν</span> <span class='ocrx_word' id='word_1_796' title='bbox 1138 5525 1313 5580; x_wconf 79' lang='grc' dir='ltr'>αὐτῶν</span> <span class='ocrx_word' id='word_1_797' title='bbox 1343 5519 1649 5600; x_wconf 56' lang='grc' dir='ltr'>ἱστάμενον.</span> 
     </span>
    </p>
   </div>
   <div class='ocr_carea' id='block_1_116' title="bbox 442 5593 972 5665">
    <p class='ocr_par' dir='ltr' id='par_1_116' title="bbox 442 5593 972 5665">
     <span class='ocr_line' id='line_1_120' title="bbox 442 5593 972 5665; baseline 0.015 -19"><span class='ocrx_word' id='word_1_798' title='bbox 442 5593 556 5665; x_wconf 88' lang='grc'>(53)</span> <span class='ocrx_word' id='word_1_799' title='bbox 586 5596 777 5652; x_wconf 88' lang='lat' dir='ltr'>Eccle.</span> <span class='ocrx_word' id='word_1_800' title='bbox 811 5616 846 5665; x_wconf 87' lang='grc' dir='ltr'>ι,</span> <span class='ocrx_word' id='word_1_801' title='bbox 886 5601 972 5654; x_wconf 93' lang='grc'><strong>14.</strong></span> 
     </span>
    </p>
   </div>
   <div class='ocr_carea' id='block_1_117' title="bbox 439 5596 1678 5739">
    <p class='ocr_par' dir='ltr' id='par_1_117' title="bbox 439 5596 1678 5739">
     <span class='ocr_line' id='line_1_121' title="bbox 442 5596 1480 5736; baseline 0.015 -90"><span class='ocrx_word' id='word_1_802' title='bbox 442 5596 556 5736; x_wconf 58' lang='grc'>(53)</span> <span class='ocrx_word' id='word_1_803' title='bbox 586 5596 777 5652; x_wconf 88' lang='lat' dir='ltr'>Eccle.</span> <span class='ocrx_word' id='word_1_804' title='bbox 811 5616 846 5665; x_wconf 87' lang='grc' dir='ltr'>ι,</span> <span class='ocrx_word' id='word_1_805' title='bbox 886 5601 972 5654; x_wconf 93' lang='grc'>14.</span> <span class='ocrx_word' id='word_1_806' title='bbox 1473 5596 1480 5600; x_wconf 54' lang='grc'><em>’</em></span> 
     </span>
     <span class='ocr_line' id='line_1_122' title="bbox 439 5667 1678 5739; baseline 0.003 -21"><span class='ocrx_word' id='word_1_807' title='bbox 439 5667 534 5732; x_wconf 79' lang='grc'>(54</span> <span class='ocrx_word' id='word_1_808' title='bbox 579 5667 752 5739; x_wconf 79' lang='lat' dir='ltr'>_G_reg.</span> <span class='ocrx_word' id='word_1_809' title='bbox 785 5671 915 5739; x_wconf 74' lang='lat' dir='ltr'>Naz.</span> <span class='ocrx_word' id='word_1_810' title='bbox 950 5686 1007 5739; x_wconf 67' lang='grc' dir='ltr'>ρ.</span> <span class='ocrx_word' id='word_1_811' title='bbox 1041 5673 1137 5723; x_wconf 81' lang='grc'>251</span> <span class='ocrx_word' id='word_1_812' title='bbox 1170 5688 1182 5724; x_wconf 91' lang='lat'><strong>:</strong></span> <span class='ocrx_word' id='word_1_813' title='bbox 1215 5668 1427 5730; x_wconf 77' lang='grc' dir='ltr'>Κύκλος</span> <span class='ocrx_word' id='word_1_814' title='bbox 1455 5691 1538 5731; x_wconf 89' lang='grc' dir='ltr'>τις</span> <span class='ocrx_word' id='word_1_815' title='bbox 1570 5674 1678 5724; x_wconf 81' lang='grc' dir='ltr'>τῶν</span> 
     </span>
    </p>
   </div>
   <div class='ocr_carea' id='block_1_118' title="bbox 375 5732 2038 5817">
    <p class='ocr_par' dir='ltr' id='par_1_118' title="bbox 375 5732 2038 5817">
     <span class='ocr_line' id='line_1_123' title="bbox 375 5732 2038 5817; baseline 0.007 -31"><span class='ocrx_word' id='word_1_816' title='bbox 375 5751 472 5805; x_wconf 86' lang='grc' dir='ltr'>ρας</span> <span class='ocrx_word' id='word_1_817' title='bbox 501 5732 800 5802; x_wconf 68' lang='grc' dir='ltr'>πολλάιῖις,</span> <span class='ocrx_word' id='word_1_818' title='bbox 828 5732 1019 5792; x_wconf 75' lang='grc' dir='ltr'>ἔστι’δ’</span> <span class='ocrx_word' id='word_1_819' title='bbox 1050 5740 1138 5794; x_wconf 81' lang='grc' dir='ltr'>ὅτε</span> <span class='ocrx_word' id='word_1_820' title='bbox 1169 5741 1259 5795; x_wconf 86' lang='grc' dir='ltr'>καὶ</span> <span class='ocrx_word' id='word_1_821' title='bbox 1290 5742 1455 5817; x_wconf 79' lang='grc' dir='ltr'>ὥρας,</span> <span class='ocrx_word' id='word_1_822' title='bbox 1489 5742 1665 5816; x_wconf 74' lang='grc' dir='ltr'>φέρων</span> <span class='ocrx_word' id='word_1_823' title='bbox 1704 5732 2038 5815; x_wconf 76' lang='grc' dir='ltr'>μεταϐολάς.</span> 
     </span>
    </p>
   </div>
   <div class='ocr_carea' id='block_1_119' title="bbox 1711 5670 3813 5747">
    <p class='ocr_par' dir='ltr' id='par_1_119' title="bbox 1711 5670 3813 5747">
     <span class='ocr_line' id='line_1_124' title="bbox 1711 5670 3813 5747; baseline 0 -23"><span class='ocrx_word' id='word_1_824' title='bbox 1711 5670 1994 5747; x_wconf 57' lang='grc' dir='ltr'>ἡμετέρων</span> <span class='ocrx_word' id='word_1_825' title='bbox 2040 5671 2354 5747; x_wconf 77' lang='grc' dir='ltr'>περιτρέχει</span> <span class='ocrx_word' id='word_1_826' title='bbox 2413 5672 2767 5747; x_wconf 84' lang='grc' dir='ltr'>πραγμάτων,</span> <span class='ocrx_word' id='word_1_827' title='bbox 2828 5671 3031 5729; x_wconf 79' lang='grc' dir='ltr'>ἂλλοτε</span> <span class='ocrx_word' id='word_1_828' title='bbox 3087 5670 3263 5736; x_wconf 71' lang='grc' dir='ltr'>ἄλλας</span> <span class='ocrx_word' id='word_1_829' title='bbox 3322 5672 3408 5728; x_wconf 74' lang='grc' dir='ltr'>ἐπὶ</span> <span class='ocrx_word' id='word_1_830' title='bbox 3477 5677 3612 5745; x_wconf 81' lang='grc' dir='ltr'>μιᾶς</span> <span class='ocrx_word' id='word_1_831' title='bbox 3667 5672 3813 5744; x_wconf 74' lang='grc' dir='ltr'>ἠμε-</span> 
     </span>
    </p>
   </div>
  </div>
