4100 6388
359 431 469 488 977

1544 427 1722 482 VITA
1756 423 2106 480 BARLAAM
2143 425 2236 478 ET
2270 426 2614 484 JOASAPH.

3679 429 3788 486 978

364 555 616 624 εἴκονίζει
645 556 746 609 τοῦ
793 549 926 625 ’ᾁδου
973 547 1228 628 γαστὲρα,
1285 549 1384 619 τὴν
1439 549 1850 624 μαιμάσσουσαν
1885 547 2016 600 ὑπο-

2143 549 2238 618 qui
2273 566 2372 606 eos
2421 551 2722 624 suscipere
2753 554 2930 628 gestit
2962 553 3062 626 qui
3095 559 3420 626 praesentes
3451 555 3782 627 voluptates

367 641 615 716 δέξασθαι
661 641 790 704 τοὺς
850 641 918 696 τά
967 639 1212 716 παρόντα
1275 638 1480 716 τερπνά
1529 641 1638 693 τῶν
1705 635 2024 710 μελλόντων

365 734 576 808 ἀγαθῶν
636 732 1048 807 προκρίνοντας,
1077 731 1140 787 Ὁ
1177 727 1236 784 δὲ
1289 733 1386 784 τοῦ
1448 727 1670 803 μέλιτος
1715 725 2028 800 σταλαγμὸς

359 824 462 894 τὴν
489 821 807 900 γλυκύτητα
849 819 1100 899 ἐμφαίνει
1150 823 1257 874 τῶν
1312 822 1408 873 τοῦ
1459 817 1670 890 κόσμου
1719 813 1922 886 ἡδέων,
1955 812 2028 868 δι’

359 917 428 984 ἧς
461 913 666 975 ἐκεῖνος
723 910 940 966 ἀπατῶν
997 910 1123 973 τοὺς
1181 910 1373 966 ἑαυτοῦ
1432 907 1648 988 φίλους,
1707 907 1806 963 οὑκ
1837 912 1896 979 εᾷ
1923 912 2023 977 τῆς

361 1007 510 1082 σφῶν
543 1003 950 1076 προνοήσασθαι
978 1021 1160 1072 σωνηρ
1172 999 1270 1062 ίας.

432 1095 597 1151 ΚΕΦ.
633 1093 731 1150 [Γ.
793 1095 948 1148 114
1003 1090 1216 1161 Ταύτην
1277 1091 1305 1145 ὁ
1363 1090 1594 1167 Ἰωάσαφ
1637 1087 1758 1144 λίαν
1819 1085 2018 1144 ἀποδε-

365 1185 599 1256 ξάμενος
655 1183 754 1250 τὴν
810 1175 1160 1256 παραϐολήν,
1213 1177 1339 1250 ἔφη·
1397 1183 1484 1241 Ὠς
1541 1177 1756 1249 ἀληθὴς
1791 1179 1818 1232 ὁ
1851 1175 2023 1252 λόγος

359 1273 520 1334 οὗτος
551 1271 640 1328 καὶ
673 1272 814 1326 πάνυ
859 1268 1314 1345 άρμοδιώτατοςί
1349 1271 1442 1339 Μὴ
1494 1269 1585 1324 οὗν
1635 1269 1874 1343 ὀκνήσῃς
1905 1287 2020 1321 τοι-

359 1362 555 1424 ούτους
605 1360 688 1418 ἀεί
742 1383 836 1434 μοι
893 1360 1094 1422 τύπους
1149 1357 1544 1430 ὑποδεικνύειν,
1587 1357 1682 1413 τίνα
1727 1362 1840 1434 γνῶ
1869 1358 2020 1432 ἀκρι-

356 1447 470 1514 ϐῶς
504 1453 698 1512 ὁποῖος
732 1451 968 1526 ὑπάρχει
1001 1449 1028 1504 ὁ
1059 1450 1178 1514 καθ’
1207 1451 1356 1523 ἡμᾶς
1393 1449 1533 1526 βίος,
1565 1449 1658 1503 καὶ
1707 1449 1868 1504 τίνων
1901 1451 2018 1510 τοῖς

359 1541 554 1596 ἑαυτοῦ
587 1538 774 1616 φίλοις
804 1541 1065 1614 πρόξενος
1097 1539 1326 1615 γίνεται.

433 1632 497 1689 Ὁ
530 1629 586 1686 δὲ
616 1631 789 1708 γέριυν
824 1631 986 1688 εἶπεν.
1029 1633 1259 1703 ’Όμοιοι
1308 1628 1460 1692 αὖθίς
1513 1629 1646 1686 εἶσιν
1679 1629 1735 1684 οἳ
1767 1627 2020 1704 ἐρασθέν-

365 1743 456 1786 τες
489 1727 600 1776 τῶν
653 1725 749 1777 τοῦ
811 1719 932 1798 βίου
993 1724 1235 1796 τερπνῶν
1274 1721 1365 1776 καὶ
1425 1724 1492 1795 τῇ
1549 1721 1745 1776 τούτου
1781 1718 2019 1794 γλυκαν-

370 1813 545 1876 θέντες
613 1807 867 1882 ἡδύτητι,
917 1815 1024 1864 τῶν
1063 1807 1382 1884 μελλόντων
1433 1831 1492 1864 τε
1546 1810 1743 1882 καὶμὴ
1777 1807 2014 1864 σαλευο-

2137 636 2352 694 futuris
2385 640 2558 696 bonis
2611 649 3002 717 anteponunt.
3037 643 3225 700 Mellis
3270 661 3406 699 vero
3437 645 3668 718 guttula
3697 644 3788 698 di-

2137 727 2361 794 tillans,
2393 733 2598 787 mundi
2625 734 3066 804 jucunditatem
3099 741 3158 790 et
3193 734 3574 790 dulcedinem
3609 733 3792 806 signi-

2137 819 2296 888 ficat,
2347 839 2452 892 per
2505 841 2682 895 quam
2731 827 2831 882 ille
2891 827 3114 883 amicos
3149 843 3288 882 suos
3317 825 3658 894 ludiﬁcans,
3691 839 3790 880 eos

2135 911 2312 966 saluti
2346 929 2465 968 sum
2497 917 2836 988 prospicere
2868 921 3114 974 minime
3150 920 3313 976 sinit.

2205 1091 2337 1146 CAP.
2371 1093 2522 1148 XIII.
2557 1095 2719 1150 Hanc
2749 1097 3091 1168 parabolam
3119 1099 3408 1172 majorem
3443 1097 3504 1154 in
3543 1095 3788 1153 modum

2133 1181 2531 1254 comprobans
2560 1185 2860 1258 Josaphat.
2893 1187 3078 1244 dixit:
3105 1191 3293 1255 Quam
3323 1206 3496 1244 verus
3525 1187 3622 1243 hic
3657 1203 3784 1242 ser-

2133 1285 2229 1324 mo
2255 1275 2364 1340 est,
2389 1289 2456 1328 ac
2479 1273 2854 1329 concinnitas
2877 1275 3072 1330 omnis
3095 1275 3310 1347 plenus
3337 1276 3348 1330 !
3391 1273 3790 1340 Quamobrem

2130 1377 2204 1415 ne
2239 1365 2314 1418 te.
2347 1379 2575 1432 quaeso,
2611 1363 2954 1436 hujusmodi
2989 1364 3208 1438 ﬁguras
3239 1365 3384 1420 mihi
3417 1365 3652 1420 assidue
3679 1363 3784 1418 de-

2131 1457 2467 1508 monstrare
2497 1453 2714 1526 pigeat,
2750 1471 2866 1525 quo
2898 1460 3058 1511 certo
3089 1455 3420 1528 intelligam
3451 1453 3644 1525 qualis
3675 1469 3784 1508 no-

2131 1544 2221 1595 tra
2249 1541 2368 1596 vita
2399 1543 2496 1608 sit,
2531 1550 2588 1598 et
2622 1561 2767 1614 quas
2799 1561 2894 1599 res
2926 1544 3134 1600 amicis
3166 1543 3290 1599 suis
3321 1547 3604 1598 accersat.

2202 1631 2360 1686 Dixit
2403 1639 2600 1688 autem
2636 1651 2857 1689 senex:
2891 1635 3128 1690 Similes
3159 1649 3394 1689 rursum
3431 1639 3570 1688 sunt
3615 1631 3656 1686 ii
3685 1630 3790 1702 qui

2125 1725 2494 1798 voluptatum
2545 1727 2725 1799 hujus
2775 1729 2907 1784 vita)
2965 1744 3166 1783 amore
3227 1727 3412 1800 capti,
3466 1739 3790 1796 earumque

2129 1817 2417 1872 suavitate
2449 1817 2710 1886 deliniti,
2745 1835 2838 1873 res
2871 1817 3061 1874 ﬂuxas
3096 1824 3154 1874 et
3185 1817 3518 1872 imbecilles
3571 1815 3788 1870 futuris

366 1903 542 1973 μένων
595 1898 661 1954 τά
717 1899 912 1978 ρευστᾶ
977 1897 1069 1954 καί
1129 1899 1324 1970 ἀσθενῆ
1383 1899 1862 1976 προτιμήσαντες,
1923 1898 2016 1953 ἀν-

2143 1913 2304 1978 ttque
2332 1925 2365 1963 a
2387 1909 2714 1980 jactatione
2747 1909 2960 1965 alienis
3004 1909 3371 1980 antiquiores
3421 1907 3782 1976 habuerunt,

357 1989 566 2064 θρώπῳ
589 1991 696 2045 τινὶ
727 1997 874 2066 τρεῖς
907 1989 1169 2066 ἐσχηκότι
1203 1989 1420 2068 φίλους,
1475 1991 1548 2044 ὧν
1599 1988 1727 2051 τοὺς
1784 1989 1878 2062 μὶν
1913 1985 2008 2043 δύο

358 2082 676 2154 περιπαθῶς
714 2079 893 2154 ἐτίμα,
952 2081 1040 2136 καὶ
1103 2077 1354 2154 σφοδρῶς
1409 2087 1511 2149 τῆς
1569 2079 1742 2134 αὐτῶν
1800 2079 2012 2154 ἀγάπης

361 2168 664 2244 ἀντείχετο,
701 2171 868 2246 μέχρι
916 2169 1146 2234 θανάτου
1199 2170 1330 2246 ὑπὲρ
1385 2169 1562 2224 αὐτῶν
1612 2169 2014 2243 ἀγωνιζόμενος

353 2259 445 2314 καὶ
500 2257 907 2336 προκιδυνεύειν
977 2259 1324 2336 αἱρούμενος·
1379 2259 1518 2338 πρὸς
1568 2257 1625 2316 Si
1680 2261 1770 2316 τὸν
1833 2260 2016 2336 τρίτον

350 2347 550 2424 πολλῇ
601 2349 819 2427 ἐφέρετο
871 2351 1293 2427 καταφρονήσει,
1333 2353 1473 2424 μήτε
1519 2357 1708 2424 τιμῆς,
1753 2353 1890 2425 μήτε
1914 2353 2013 2419 τῆς

350 2439 746 2514 προσηκούσης
805 2439 968 2497 αὐτὸν
1021 2441 1246 2496 πώποτε
1305 2441 1538 2512 ἀξιώσας
1598 2443 1836 2518 ἀγάπης,
1890 2438 2016 2496 ἀλλ’

351 2529 390 2602 ἢ
431 2529 627 2608 μικράν
654 2551 776 2586 τινα
831 2529 922 2587 καὶ
982 2529 1284 2606 οὖδαμινὴν
1343 2531 1418 2594 είς
1459 2531 1616 2587 αὑτὸν
1677 2531 2016 2606 προσποιού-

359 2641 521 2696 μενος
553 2618 760 2699 φιλίαν.
807 2619 1338 2695 Καταλαμϐάνουσιν
1387 2619 1480 2677 οὖν
1513 2620 1566 2676 ἐν
1619 2627 1718 2695 μιᾷ
1762 2617 2018 2698 φοϐεροί-

353 2733 500 2776 τινες
559 2712 648 2768 καὶ
699 2711 924 2784 ἐξαίσιοι
983 2717 1330 2789 στρατιῶται,
1367 2711 1692 2776 σπεύδοντες
1747 2713 2016 2790 ταχύτητι

363 2801 552 2878 πολλῇ
583 2804 708 2878 τρὸς
751 2803 842 2858 τὸν
899 2801 1126 2876 βασιλέα
1164 2807 1356 2859 τοῦτον
1409 2803 1652 2880 ἀγαγεῖν,
1686 2801 1854 2880 λόγον
1880 2804 2018 2860 ἀπο-

369 2891 611 2950 δωσοντα
657 2891 792 2966 ὑπὲρ
846 2891 1074 2960 ὄφειλῆς
1131 2891 1338 2968 μυρίων
1387 2891 1688 2950 ταλάντων.
1725 2901 2016 2969 Στενοχω-

365 2981 628 3060 ρούμενος
659 2980 738 3054 δὲ,
769 2982 974 3044 ἐκεῖνος
1017 2982 1195 3054 ἐζήτει
1233 2983 1456 3058 βοηθὸν,
1488 2984 1578 3038 τὸν
1631 2979 2020 3038 συναντιλαϐἐ-

365 3083 486 3137 σθαι
545 3071 694 3145 αὗτῷ
748 3071 908 3144 ἐντῷ
965 3077 1174 3150 φρικτῷ
1227 3077 1324 3127 τοῦ
1387 3071 1657 3148 βασιλέως
1713 3071 2020 3150 λογοθεσίῳ

366 3159 687 3236 δυνάμενον.
752 3163 986 3236 Δραμὼν
1017 3161 1110 3217 οὖν
1165 3162 1302 3237 πρὸς
1331 3163 1422 3216 τὸν
1464 3167 1682 3238 πρῶτον
1731 3161 1899 3217 αὐτοῦ
1929 3162 2019 3217 καὶ

365 3255 582 3309 πάντων
624 3253 998 3330 γνησιώτατον
1033 3251 1217 3330 φίλον,
1249 3251 1420 3328 λέγει.
1473 3251 1662 3322 Οἶδας,
1695 3253 1739 3307 ὦ
1771 3253 1918 3329 φίλε,
1947 3254 2023 3317 ὡς

367 3343 448 3398 ἀεὶ
481 3341 683 3418 ἐθέμην
729 3343 828 3412 τήν
889 3343 1074 3418 ψυχὴν
1135 3363 1240 3414 μοι)
1300 3343 1432 3414 ὑπὲρ
1487 3345 1586 3397 σοῦ
1638 3347 1768 3414 (64y
1819 3343 1926 3396 vovi
1963 3341 2020 3399 δέ

365 3431 564 3510 χρῄζω
599 3431 860 3507 βοηθείας
894 3429 944 3485 ἐν
975 3435 1043 3506 τῇ
1092 3433 1276 3504 ἡμέρᾳ
1325 3431 1495 3506 ταύτῃ
1547 3434 1648 3498 τῆς
1684 3432 2023 3507 κατεχνύσης

371 3544 438 3596 με
467 3522 735 3598 ἀκάγκης.
781 3521 973 3576 Πόσων
1035 3521 1127 3576 οὗν
1189 3519 1507 3598 ἐπαγγέλλῃ
1547 3517 2028 3587 σύναντίλαϐἐσθαι

374 3633 467 3685 μοι
499 3613 650 3670 115
685 3615 820 3678 νῦν;
847 3611 938 3666 καὶ
967 3609 1050 3674 τίς
1081 3613 1114 3682 ἡ
1149 3610 1294 3686 παρά
1343 3614 1438 3665 σοῦ
1486 3609 1892 3687 προσγινομένη
1934 3633 2026 3684 μοι

370 3699 553 3772 ἐλπὶς,
601 3699 1076 3780 προσφιλὲστατες
1121 3700 1470 3776 Ἀποκριθεὶς
1501 3701 1592 3755 οὖν
1649 3701 1854 3764 ἐκεῖνος
1901 3698 2028 3779 ἔφη’

369 3794 484 3854 Ούκ
512 3791 628 3862 εἷ’μί
658 3815 755 3850 σου
802 3791 987 3872 φῖλος,
1047 3790 1314 3868 ἄνθρωπε·
1379 3791 1478 3848 ούκ
1526 3791 1817 3866 ἐπίσταμαι
1849 3793 1929 3854 τίς
1962 3795 2029 3849 εἴ.

363 3882 611 3946 Ἄλλους
639 3885 742 3959 γὰρ
774 3879 892 3939 ἔγω
922 3881 1271 3961 προσφιλεῖς,
1307 3883 1425 3955 μεθ’
1463 3883 1535 3936 ὧν
1572 3879 1654 3937 δεῖ
1687 3901 1754 3953 με
1787 3884 2032 3958 σήμερον

369 3975 773 4055 εὐφραίνεσθαι,
831 3975 922 4030 καὶ
980 3973 1176 4054 φίλους
1229 3973 1426 4035 αὐτοὺς
1477 3973 1552 4036 εἷς
1609 3973 1670 4028 τὸ
1721 3973 1844 4044 ἑξῆς
1899 3977 2032 4045 κττς-

372 4069 586 4126 σασθαι.
621 4067 862 4142 Ηαρέχω
923 4063 980 4120 δὲ
1033 4087 1118 4120 σοι
1151 4063 1272 4119 ἰδοὺ
1324 4063 1484 4140 ῥάκια
1529 4061 1768 4134 δύο,τοῦ
1799 4059 1948 4140 ἔχειν
1981 4062 2038 4120 σε

371 4163 544 4216 ταῦτα
577 4157 627 4213 ἐν
660 4161 730 4230 τῇ
763 4155 874 4228 ὁδῷ
901 4155 938 4230 ᾖ
968 4155 1194 4231 πορεύῃ,
1250 4155 1404 4210 ἅτινα
1452 4152 1608 4210 οὐδὲν
1659 4175 1717 4209 σε
1761 4155 1823 4210 τὸ
1863 4156 2040 4232 παρά-

375 4271 481 4305 παν
537 4247 910 4326 ὠφελήσουσι.
973 4245 1078 4302 Καὶ
1143 4241 1415 4318 μηδεμίαν
1479 4243 1659 4314 ἀλλην
1713 4245 1842 4322 παρ’
1873 4243 2038 4318 ἐμοῦ·

380 4335 770 4415 προσδοκήσῃς
825 4334 1064 4392 ἐλπίδα.
1124 4333 1340 4388 Τούτων
1399 4334 1634 4398 ἀκούσας
1685 4334 1891 4397 ἐκεῖνος
1949 4333 2040 4390 καὶ

379 4427 653 4504 ἀπογνοὺς
711 4425 778 4497 ἢν
835 4425 886 4498 ἐξ
947 4426 1113 4482 αὑτοῦ
1176 4425 1436 4500 βοήθειαν
1491 4423 1714 4496 ἤλπιζε,
1769 4427 1904 4502 πρὸς
1951 4427 2046 4481 τὸν

375 4513 564 4593 ’ἕτερον
622 4516 906 4592 πορεύεται
967 4513 1128 4592 φίλον
1164 4557 1178 4584 ,
1239 4514 1331 4568 καὶ
1391 4537 1524 4592 φησι
1559 4532 1574 4548 ·
1627 4516 1920 4588 Μέμνησαι
1951 4561 1964 4586 ,
1997 4517 2042 4571 ὦ

381 4608 584 4684 ἓταῖρε,
616 4607 752 4680 ὅσης
785 4605 1108 4678 ἀπήλαυσας
1147 4607 1271 4680 παρ’
1307 4604 1444 4679 ἐμοῦ
1474 4612 1642 4678 τιμῆς
1689 4608 1778 4661 καὶ
1835 4607 2044 4683 εὐγνω-

2123 1997 2372 2063 homini,
2412 1999 2512 2069 qui
2545 2003 2664 2054 tres
2702 1999 2924 2054 amicos
2957 1999 3166 2054 habuit
3196 2039 3210 2064 ,
3245 2013 3316 2053 ex
3363 1997 3580 2068 quibus
3635 1995 3786 2051 duos

2124 2087 2365 2160 quidem
2391 2089 2618 2160 ingenti
2676 2089 2860 2144 animi
2921 2091 3136 2144 affectu
3193 2087 3442 2154 colebat,
3503 2103 3570 2143 ac
3599 2087 3778 2142 vehe-

2124 2183 2359 2233 menter
2397 2178 2652 2247 amabat,
2709 2179 2856 2234 adeo
2906 2183 2971 2233 ut
3009 2179 3082 2234 ad
3137 2183 3392 2233 mortem
3449 2193 3638 2248 usque
3668 2191 3776 2248 pro

2125 2268 2272 2340 ipsis
2306 2267 2591 2322 dimicare
2631 2285 2696 2323 ac
2745 2267 3010 2340 pericula
3069 2268 3288 2340 qumvis
3320 2267 3483 2322 adire
3531 2266 3779 2322 minime

2125 2367 2448 2428 recusaret,
2501 2360 2743 2415 tertium
2797 2366 2996 2415 autem
3047 2359 3370 2416 admodum
3422 2357 3782 2432 aspernaba-

2126 2455 2244 2518 tur,
2277 2449 2358 2506 ita
2387 2455 2452 2504 ut
2483 2467 2590 2506 nec
2641 2449 2930 2506 honorem
2983 2467 3271 2522 unquam,
3305 2467 3414 2506 nec
3445 2465 3625 2522 quam
3679 2463 3787 2520 par

2129 2545 2256 2594 erat
2283 2539 2763 2595 benevolentiam
2795 2539 2940 2612 ipsis
2997 2544 3329 2612 praestaret,
3383 2537 3486 2594 sed
3517 2539 3790 2612 exiguam

2129 2629 2450 2699 quamdam
2486 2628 2794 2696 duntaxat,
2830 2645 3080 2699 eamque
3115 2629 3314 2684 ﬁctam
3346 2645 3412 2684 ac
3445 2627 3788 2684 simulatam

2128 2719 2454 2774 amicitiam
2513 2719 2858 2776 exhiberet.
2929 2721 3232 2774 Venerunt
3279 2723 3478 2774 autem
3531 2717 3790 2789 quodam

2129 2809 2222 2863 die
2247 2809 2541 2864 immanes
2564 2815 2741 2880 atque
2769 2808 3052 2864 horrendi
3073 2807 3306 2871 milites,
3336 2808 3434 2878 qui
3465 2823 3600 2862 eum
3631 2821 3790 2862 sum-

2129 2916 2228 2954 ma
2258 2915 2392 2954 cum
2413 2897 2792 2954 festinatione
2817 2897 2890 2953 ad
2919 2915 3118 2972 regem
3143 2897 3464 2963 traherent,
3485 2901 3552 2952 ut
3581 2895 3787 2952 decem

2131 2989 2388 3044 millium
2423 2989 2804 3056 talentorum,
2838 3005 2966 3059 quae
3000 2987 3232 3054 debeat,
3257 2987 3550 3042 rationem
3573 2985 3788 3042 redde-

2130 3085 2240 3136 ret.
2293 3079 2396 3134 Ille
2432 3079 2608 3151 igitur
2637 3079 2700 3134 in
2733 3095 3070 3133 suummam
3123 3079 3456 3151 angustiam
3489 3077 3785 3144 redactus,

2133 3169 2395 3240 aliquem
2429 3167 2735 3240 querebat,
2771 3167 2870 3238 qui
2903 3168 2964 3222 in
2997 3167 3321 3222 metuenda
3355 3166 3460 3222 illa
3491 3166 3790 3222 rationum

2135 3259 2290 3332 apud
2305 3275 2504 3331 regem
2527 3257 2860 3313 redditione
2875 3275 3046 3330 Opem
3061 3257 3176 3328 ipsi
3195 3257 3395 3312 ferret.
3412 3257 3668 3312 Currens
3682 3255 3792 3310 ita-

2137 3367 2250 3422 que
2287 3349 2359 3404 ad
2393 3349 2676 3420 primum,
2701 3347 3090 3418 omniumque
3106 3347 3358 3402 aliorum
3374 3345 3794 3402 charissimum

2138 3439 2416 3500 amicum,
2445 3437 2516 3493 ad
2546 3455 2680 3493 eum
2703 3438 2787 3494 ait
2815 3453 2826 3491 :
2861 3439 2986 3492 Non
3011 3443 3066 3491 te
3097 3437 3266 3510 fugit,
3293 3454 3325 3492 ο
3352 3436 3564 3504 amice,
3588 3449 3798 3506 quem-

2139 3529 2460 3586 admodum
2483 3533 2586 3584 tua
2615 3544 2792 3584 causa
2813 3527 2990 3582 vitam
3013 3543 3203 3582 meam
3232 3542 3469 3598 semper
3493 3525 3554 3580 in
3587 3523 3801 3580 discri‘

2141 3639 2278 3676 men
2305 3619 2684 3686 adduxerim;
2709 3636 2868 3674 nunc
2891 3623 3088 3673 autem
3113 3617 3401 3672 hodierno
3427 3615 3798 3687 die.urgente

2143 3710 2518 3766 necessitate.
2555 3727 2664 3781 ope
2696 3713 2797 3764 tua
2824 3714 3002 3780 atque
3035 3707 3252 3762 auxilio
3283 3705 3540 3778 indigeo.
3575 3702 3800 3776 Ecquid

2143 3817 2278 3872 ergo
2301 3805 2356 3853 te
2380 3798 2524 3854 mihi
2551 3797 2772 3853 auxilio
2795 3797 2918 3852 fore
2951 3797 3252 3870 polliceris
3273 3795 3300 3851 ?
3330 3801 3388 3851 et
3431 3809 3706 3868 quaenam
3737 3791 3798 3848 in

2143 3895 2222 3956 te,
2239 3889 2325 3943 vir
2342 3887 2856 3960 charissime,spes
2878 3887 3026 3941 mihi
3052 3885 3376 3942 constituta
3397 3883 3798 3955 est?Respon-

2147 3981 2292 4036 dens
2311 3985 2507 4034 autem
2527 3978 2652 4046 ille,
2675 3977 2758 4034 ait
2783 3995 2795 4032 :
2817 3977 3056 4034 Amicus
3079 3983 3214 4032 tuus
3236 3993 3356 4031 non
3371 3993 3522 4044 sum,
3545 3991 3576 4030 ο
3595 3975 3796 4045 homo,

2147 4087 2256 4126 nec
2279 4069 2380 4140 qui
2403 4069 2484 4122 sis
2506 4067 2664 4122 novi.
2691 4069 2840 4122 Sunt
2860 4067 3022 4122 enim
3043 4067 3190 4122 mihi
3214 4065 3314 4122 alii
3337 4065 3534 4132 amici,
3559 4063 3802 4136 quibus-

2149 4177 2284 4215 cum
2315 4157 2490 4213 hodie
2514 4157 2796 4212 oblectari
2823 4174 2914 4212 me
2943 4161 3194 4229 oportet,
3224 4171 3490 4228 quosque
3519 4153 3580 4210 in
3605 4158 3804 4225 poste-

2151 4265 2284 4304 rum
2309 4265 2412 4320 pro
2436 4247 2647 4302 amicis
2668 4247 2980 4302 habiturus
3014 4263 3166 4301 sum.
3201 4247 3392 4311 Quare
3425 4244 3540 4300 duo
3573 4249 3806 4299 tantum

2154 4339 2350 4394 cilicia
2381 4337 2486 4392 tibi
2519 4337 2778 4410 porrigo,
2805 4341 2872 4390 ut
2889 4353 2958 4392 ea
2989 4337 3050 4390 in
3073 4335 3166 4391 via
3192 4351 3310 4406 qua
3337 4335 3534 4406 pergis
3565 4332 3806 4400 habeas,

2156 4449 2286 4502 quae
2311 4429 2488 4485 etiam
2513 4427 2640 4500 ipsa
2657 4426 2808 4482 nihil
2825 4427 2930 4482 tibi
2952 4425 3338 4481 emolumenti
3362 4425 3618 4480 allatura
3638 4427 3808 4490 sunt;

2155 4537 2264 4575 nec
2288 4525 2378 4574 est
2421 4517 2578 4590 quod
2607 4535 2640 4573 a
2671 4535 2764 4572 me
2809 4517 3136 4588 quidquam
3183 4519 3506 4588 exspectes.
3541 4515 3678 4569 Haec
3707 4513 3810 4568 ille

2155 4610 2424 4678 audiens,
2445 4627 2512 4664 ac
2526 4607 2596 4664 de
2626 4607 2867 4674 auxilio,
2885 4607 3042 4678 quod
3057 4607 3128 4662 ab
3156 4624 3224 4662 eo
3251 4605 3618 4678 expectabat,
3645 4619 3810 4676 spem

383 4697 651 4774 μοσύνης*
714 4699 956 4773 σήμερον
1018 4693 1098 4770 ὃὶ,
1157 4696 1340 4770 θλίψει
1391 4697 1698 4772 περιπεσὼν
1756 4697 1844 4752 καὶ
1904 4719 2029 4772 συμ-

2155 4716 2393 4756 omnem
2416 4697 2808 4771 abjiciens,ad
2834 4697 3164 4753 secundum
3184 4697 3442 4752 amicum
3467 4711 3530 4751 se
3561 4695 3810 4764 confert,

383 4791 526 4866 φορᾷ
587 4787 840 4864 μεγίστῃ,
897 4787 1094 4864 χρῄζω
1153 4789 1435 4861 συνεργοῦ.
1479 4785 1653 4841 Πόσον
1686 4785 1779 4842 οὖν
1833 4787 2044 4864 ίσχύεις

388 4899 484 4954 μοι
519 4879 882 4956 συγκοπιάσαι
909 4897 923 4948 ;
985 4875 1042 4946 ἐζ
1071 4876 1242 4946 αὐτῆς
1273 4876 1540 4953 γνώρισόν
1594 4899 1708 4950 μοι.
1755 4878 1814 4932 Ὠ
1845 4875 1902 4932 δέ
1935 4901 2044 4953 φη-

392 4988 494 5024 σιν·
550 4969 631 5026 Ού
663 4965 932 5046 σχολάζω
992 4967 1234 5041 σήμερον
1296 4965 1752 5043 συναγωνίσασθαί
1806 4987 1911 5023 σοι·
1951 4989 2045 5043 με·

393 5058 616 5136 ρίμναις
673 5059 776 5136 γὰρ
825 5056 975 5134 κάγὼ
1032 5055 1123 5111 καὶ
1180 5057 1527 5132 περιστάσεσι
1575 5059 1881 5134 περιπεσὼν
1919 5103 1933 5129 ,
1994 5057 2046 5114 ἐν

396 5147 583 5224 θλίψει
634 5145 771 5221 εἶμί.
807 5143 1018 5222 Μικρὸν
1053 5141 1098 5199 δ’
1131 5145 1284 5218 ὅμως
1331 5141 1637 5200 συνοδεύσω
1669 5167 1776 5216 σοι,
1809 5147 1904 5201 κᾶν
1943 5169 2052 5221 μη-

395 5235 482 5294 δὲν
543 5235 820 5316 ὠφελήσω
877 5257 954 5291 σε·
1015 5233 1136 5307 καὶ,
1197 5237 1390 5290 θᾶττον
1451 5235 1787 5312 ὑποστρέψας
1844 5235 2052 5309 οἴκαδε,

389 5333 512 5392 ταῖς
571 5325 736 5390 ἰδίαις
794 5322 992 5400 ἔσομαι
1053 5323 1467 5402 ἀσχολούμενος
1523 5324 1830 5400 μερίμναις.
1859 5333 2054 5392 Κεναῖς

396 5416 489 5476 οὖν
549 5423 796 5484 καγεῖθεν
860 5415 1199 5494 ὑποστρέψας
1271 5413 1459 5492 χερσὶν
1521 5417 1548 5470 ὁ
1607 5415 1894 5492 ἄνθρωπος
1966 5418 2058 5474 καὶ

397 5509 666 5566 πάντοθεν
749 5505 1130 5586 ἀπορούμενος
1189 5501 1214 5574 ,’
1299 5501 1610 5575 ἐταλόίνιζιν
1697 5507 1888 5564 ἑαυτὸν
1957 5515 2060 5579 τῆς

401 5597 632 5677 ματαίας
683 5593 908 5664 ἐλπίδος
961 5600 1069 5652 τῶν
1126 5592 1462 5673 ἀγνωμόνων
1520 5595 1686 5652 αὑτοῦ
1741 5596 1940 5676 φίλων,
1971 5597 2064 5654 καί

481 5815 593 5891 (64)
621 5815 789 5874 Joan.
821 5829 944 5887 xm,
975 5813 1046 5872 37
1070 5809 1200 5886 εΤὴν
1232 5811 1420 5888 ψυχήν
1455 5813 1560 5887 μου
1591 5809 1724 5890 ὑπὲρ
1753 5813 1858 5896 φοῧ
1888 5813 2062 5891 θήσω.

2153 4791 2227 4846 ad
2260 4806 2516 4860 eumque
2540 4788 2655 4843 ait:
2693 4785 3045 4856 Recordare,
3088 4786 3297 4852 amice,
3342 4789 3630 4857 quantum
3653 4799 3688 4838 a
3715 4795 3811 4837 me

2155 4881 2402 4937 honoris
2428 4885 2486 4935 et
2507 4877 2934 4936 beneﬁciorum
2957 4878 3279 4951 acceperis.
3300 4876 3600 4932 Hodierno
3614 4879 3816 4930 autem

2159 4971 2254 5028 die
2287 4972 2348 5026 in
2381 4969 2702 5026 maximam
2745 4969 3146 5024 calamitatem
3185 4973 3244 5024 et
3281 4966 3644 5022 afﬁctionem
3675 4981 3818 5036 pro-

2159 5062 2386 5134 lapsus,
2447 5059 2802 5132 Opitulatore
2863 5059 3062 5131 aliquo
3114 5075 3262 5130 Opus
3302 5055 3511 5111 habeo.
3565 5053 3818 5121 Quidam

2163 5152 2341 5226 igitur
2359 5151 2451 5222 adj
2463 5151 2688 5206 umenti
2708 5165 2868 5204 nunc
2887 5148 3032 5204 mihi
3056 5149 3266 5203 afferre
3283 5163 3504 5216 quatas,
3519 5144 3612 5200 fac
3637 5143 3822 5199 sciam

2165 5243 2270 5296 Ille
2287 5245 2487 5296 autem
2511 5241 2621 5296 ait:
2661 5238 2842 5294 Hodie
2867 5237 3014 5294 mihi
3039 5237 3396 5310 pernegotia
3411 5241 3608 5290 tecum
3633 5239 3826 5290 certa-

2166 5348 2306 5388 men
2335 5331 2534 5387 subire
2565 5331 2812 5386 minime
2849 5329 3009 5385 licet.
3043 5328 3212 5384 Curis
3247 5327 3408 5382 enim
3451 5331 3512 5380 et
3539 5325 3831 5382 sollicitu-

2169 5421 2413 5476 dinibur
2451 5420 2716 5491 undique
2748 5435 2983 5492 urgeor,
3015 5423 3193 5489 atque
3225 5417 3286 5472 in
3318 5415 3643 5472 afflictione
3673 5431 3828 5470 sum.

2171 5511 2424 5568 Paulum
2455 5517 2656 5568 tamen
2687 5513 2886 5566 tecum
2915 5525 3181 5582 pergam,
3207 5505 3477 5580 quamvis
3507 5505 3662 5562 nihil
3691 5503 3832 5560 hinc
