4100 6380
278 386 434 453 ¹979

1852 388 2217 447 ΔΟΠΒῘΙΒΔ.

3623 395 3721 454 980

326 516 623 575 commodi
653 515 728 572 ad
758 520 817 571 te
865 515 1193 572 rediterum
1242 515 1337 582 sit,
1375 529 1443 569 ac
1471 519 1607 585 post
1636 512 1836 568 statim
1866 509 1976 567 do-

2105 512 2198 563 εῶν
2230 508 2511 581 ἀνονήτων
2559 514 2668 584 (65)
2695 512 3089 587 ταλαιπωριῶν
3119 511 3197 567 ὧν
3226 510 3361 589 ὑπὲρ
3388 516 3492 583 τῆς
3519 511 3723 574 ἐκείνων

325 624 493 664 mum
516 622 807 675 reversus,
842 605 1095 678 negotiis
1126 604 1277 660 meis
1307 619 1551 675 operam
1582 602 1760 659 dabo.

397 696 684 753 Inanibus
716 694 895 768 igitur
913 694 1190 749 manibus
1209 694 1387 748 homo
1410 693 1550 748 inde
1582 708 1875 760 reversus,
1899 696 1987 747 at-

325 804 441 860 que
470 786 633 842 omni
667 802 736 840 ex
766 789 933 856 parte
977 783 1197 840 auxilio
1229 784 1573 851 destitutus,
1598 782 1670 837 de
1693 798 1841 838 vana
1858 798 1983 854 Spe,

326 893 505 950 quam
531 877 592 931 in
614 875 857 947 perﬁdis
874 874 1191 947 etingratis
1209 873 1416 929 amicis
1436 874 1558 929 suis
1572 873 1986 939 collocarat,es

326 967 399 1023 de
424 965 741 1022 inutilibus
758 963 1081 1029 loboribus,
1105 980 1255 1034 quos
1277 980 1383 1035 pro
1409 980 1513 1019 suo
1538 979 1677 1036 erga
1697 979 1796 1017 eos
1815 979 1984 1018 amo-

322 1074 390 1111 re
420 1058 785 1126 susceperat,
822 1053 1084 1124 seipsum
1141 1052 1507 1124 deplorabat.
1541 1052 1741 1125 Pergit
1783 1057 1983 1108 autem

325 1147 503 1201 etiam
535 1143 610 1201 ad
634 1144 875 1199 tertium
907 1142 1189 1209 amicum,
1213 1158 1393 1213 quem
1421 1158 1530 1197 nec
1561 1141 1684 1197 ullo
1716 1157 1984 1212 unquam

322 1234 455 1291 loco
476 1234 788 1301 habuerat,
806 1249 917 1287 nec
940 1231 1161 1287 laetitiae
1187 1248 1306 1287 sum
1327 1231 1554 1287 socium
1575 1231 1986 1287 asciverat.At-

324 1341 439 1396 que
484 1323 560 1380 ad
599 1340 735 1379 eum
767 1320 1116 1394 pudibundo
1158 1326 1217 1375 et
1259 1322 1319 1376 in
1348 1327 1566 1377 terram
1598 1321 1827 1394 dejecto
1857 1319 1975 1375 vul-

321 1420 387 1470 ιιι
418 1414 512 1469 his
541 1412 734 1468 verbis
761 1428 906 1468 usus
930 1416 1018 1466 est
1042 1428 1056 1465 :
1090 1412 1195 1465 Vix
1229 1411 1373 1466 mihi
1406 1411 1479 1466 ad
1504 1416 1559 1466 te
1588 1410 1872 1483 loquendi
1894 1410 1984 1466 fa-

326 1504 610 1559 cultatem
639 1520 706 1558 os
734 1501 1027 1557 concedit.
1076 1500 1309 1556 Etenim
1364 1500 1516 1556 illud
1569 1500 1984 1573 perspectissi—

325 1608 493 1649 mum
524 1591 735 1659 habeo,
761 1608 854 1647 me
877 1606 1187 1662 nunquam
1214 1590 1315 1645 tibi
1339 1590 1594 1663 benigne
1611 1590 1846 1660 fecisse,
1873 1606 1985 1644 nec

326 1683 521 1740 amico
551 1698 687 1754 erga
710 1687 764 1735 te
788 1681 986 1735 animo
1007 1680 1531 1745 fuisse.Cznterum,
1550 1679 1833 1751 quoniam
1856 1695 1984 1751 gra-

325 1772 569 1827 vissima
590 1770 927 1826 calamitate
949 1786 1269 1841 oppressus
1296 1770 1357 1823 in
1380 1769 1629 1840 reliquis
1661 1770 1811 1824 meis
1837 1769 1980 1824 ami-

327 1862 413 1917 cis
445 1860 673 1916 nullam
697 1858 907 1915 salutis
930 1876 1097 1930 spem
1121 1858 1345 1924 inveni,
1370 1858 1442 1914 ad
1468 1865 1522 1915 te
1543 1858 1783 1926 accedo,
1806 1864 1981 1929 teque
2016 1900 2061 1966 Β

324 1967 467 2021 rogo
487 1956 663 2021 atque
678 1950 946 2014 obsecro,
963 1948 1091 2004 utsi
1116 1950 1386 2022 exiguam
1402 1949 1665 2021 aliquam
1679 1965 1852 2020 opem
1878 1949 1983 2004 mi-

324 2041 386 2096 hi
410 2041 621 2096 atl‘erre
646 2054 849 2111 queas,
880 2054 954 2093 ne
975 2037 1056 2104 id,
1084 2038 1532 2111 ingratitudinis
1565 2055 1711 2094 mea:
1733 2055 1984 2109 memor,

324 2130 519 2186 facere
536 2145 795 2184 recuses.
820 2127 927 2183 llle
942 2135 1141 2183 autem
1166 2128 1340 2184 hilari
1361 2134 1417 2182 et
1439 2145 1671 2184 ammno
1693 2128 1859 2183 vultu
1880 2128 1983 2183 ait:

328 2220 481 2275 Sane
495 2217 972 2273 sincerissimum
988 2218 1249 2273 amicum
1263 2235 1461 2273 meum
1482 2224 1537 2273 te
1560 2235 1689 2273 esse
1706 2219 1992 2290 proﬁteor

328 2314 507 2380 atque
526 2308 751 2379 exiguaa
766 2306 926 2361 illius
940 2312 1056 2362 tum
1076 2324 1212 2380 erga
1224 2324 1318 2363 me
1337 2307 1747 2364 beneficentia;
1761 2324 1993 2363 memor

330 2414 464 2455 eam
478 2397 584 2451 tibi
603 2395 892 2451 hodierno
906 2396 1001 2451 die
1020 2413 1155 2451 cum
1173 2395 1375 2453 fenore
1389 2397 1991 2470 rependam.Quocir—

329 2504 401 2543 ca
429 2502 506 2541 ne
535 2492 767 2542 metuas
790 2502 858 2541 ac
887 2486 1295 2558 pertimescas.
1320 2490 1464 2544 Nam
1488 2505 1593 2561 ego
1615 2494 1753 2544 ante
1779 2495 1832 2543 te
1854 2504 1991 2560 pro-

330 2573 586 2643 ficiscar,
618 2591 938 2645 regemque
970 2581 1068 2630 tuo
1115 2576 1360 2631 nomine
1412 2576 1759 2644 obsecrabo,
1810 2593 1886 2631 ne
1937 2582 1992 2631 te

328 2664 590 2719 hostium
624 2663 901 2719 manibus
927 2663 1125 2719 dedat.
1153 2666 1342 2729 Quare
1370 2665 1462 2721 fac
1484 2665 1643 2722 bona
1663 2666 1863 2721 animo
1887 2667 1988 2733 sis,

326 2753 415 2808 vir
435 2753 824 2821 amicissime,
851 2770 961 2808 nec
987 2758 1041 2807 te
1072 2770 1324 2810 maerore
1361 2756 1684 2811 excrucies.
1717 2757 1862 2811 Tum
1890 2755 1991 2812 ille

326 2843 785 2916 compunctione
812 2844 1081 2912 affectus,
1117 2850 1175 2899 et
1197 2844 1477 2917 lacrymis
1504 2845 1798 2917 perfusus,
1832 2845 1994 2901 dice-

325 2933 611 2990 bat:Heu
634 2950 729 2990 me
752 2934 1066 3001 miserum,
1119 2932 1409 3005 quidnam
1441 2936 1607 3007 prius
1648 2934 1883 2991 deflebo
1926 2952 1993 2991 ac

2095 596 2310 673 ἀγάπης
2340 598 2565 669 ὑπέστη.

2169 690 2323 745 116
2378 689 2702 767 Ἀπέρχεται
2761 687 2956 746 λοιπὸν
3004 690 3144 766 πρὸς
3197 689 3290 745 τὸν
3338 690 3522 765 τρίτον
3574 694 3724 772 φίλον

2095 776 2286 849 αὐτοῦ,
2316 778 2375 833 ’ὀν
2405 777 2670 836 οὐδέποτε
2724 778 3097 855 ἰθεράπευσεν,
3158 778 3284 836 οὐδὲ
3335 781 3593 837 κοινωνὸν
3634 790 3728 855 τῆς

2095 869 2287 924 ἑαυτοῦ
2339 868 2669 943 εὐφροσύνης
2720 869 3159 944 προσεκαλέσατο
3192 888 3205 902 °
3262 868 3355 925 καὶ
3414 891 3546 942 φησι
3600 874 3730 949 πρὸς

2091 960 2253 1016 αὐτὸν
2313 958 2759 1035 κατῃσχυμμὲνῳ
2811 981 2872 1016 τε
2925 960 3017 1016 καὶ
3064 965 3406 1038 κατηφιῶντι
3442 964 3523 1033 τῷ
3566 982 3729 1038 προσ-

2093 1053 2252 1124 ώπῳ³
2313 1050 2432 1107 Οὐκ
2480 1048 2598 1125 ἔχω
2656 1050 2832 1124 στόμα
2895 1047 3078 1126 διᾶραι
3134 1050 3273 1125 πρὸς
3322 1050 3402 1117 σὶ,
3459 1049 3730 1126 γινώσκων

2091 1135 2337 1215 ἀκριϐῶς
2364 1137 2448 1195 ὅτι
2482 1139 2544 1194 οὐ
2603 1139 2879 1214 μὲμνησαί
2936 1161 3041 1213 μου
3097 1140 3324 1196 πώποτε
3353 1139 3733 1216 εὐεργετήσαν-

2088 1229 2184 1291 τός
2210 1249 2288 1298 σε,
2317 1226 2346 1298 ἢ
2378 1226 2704 1305 προσφιλῶς
2734 1225 3065 1292 διατεθέντος
3095 1249 3203 1299 σοι,
3235 1226 3397 1285 Ἀλλ’
3441 1226 3555 1283 ἐπεὶ
3604 1249 3738 1304 συμ-

2091 1316 2233 1392 φορά
2269 1338 2336 1391 με
2390 1312 2660 1374 κατέλαϐε
2719 1315 3118 1393 χαλεπωτάτη,
3176 1314 3479 1391 οὐδαμόθεν
3537 1314 3595 1373 δὶ
3636 1323 3740 1375 τῶν

2092 1406 2303 1464 λοιπῶν
2336 1427 2442 1480 μου
2472 1403 2651 1484 φίλων
2700 1407 2856 1479 εὗρον
2889 1408 3167 1484 σωτηρίας
3196 1404 3416 1476 ὶλπίδα,
3449 1408 3743 1484 παρεγενό-

2094 1518 2203 1571 μην
2249 1496 2385 1573 πρὸς
2434 1496 2513 1567 σὶ,
2563 1494 2855 1568 δυσωπῶν,
2904 1497 2954 1553 εἴ
3001 1494 3114 1553 ἔστι
3164 1517 3250 1553 σοι
3301 1496 3497 1574 ἰσχὺς,
3553 1496 3742 1573 μικράν

2088 1607 2207 1641 τινα
2241 1587 2499 1662 βοήθειαν
2548 1592 2853 1663 παρασχεῖν
2891 1608 3010 1662 μοι.
3042 1588 3134 1657 Mi]
3197 1586 3289 1643 οὖν
3346 1586 3745 1663 ἀπαγορεύσῃς,

2096 1678 2329 1749 μηνίσας
2377 1680 2491 1751 (66)
2556 1698 2661 1750 μου
2716 1685 2818 1748 τῆς
2876 1676 3292 1753 ἀγνωμοσύνης.
3352 1677 3414 1735 Ὁ
3473 1673 3533 1731 δὲ
3587 1697 3746 1754 φησιν

2090 1765 2270 1842 ἱλαρῷ
2317 1767 2407 1821 καὶ
2457 1766 2704 1842 χαρίεντι
2748 1768 3031 1843 προσώπῳ
3064 1785 3078 1799 ·
3112 1766 3217 1824 Ναὶ
3272 1763 3338 1836 δὴ
3401 1764 3566 1844 φίλον
3624 1764 3749 1840 ἐμὸν

2089 1856 2463 1930 γνησιώτατον
2496 1854 2759 1930 ὁμολογῶ
2790 1877 2849 1912 σε
2898 1855 3187 1933 ὑπάρχειν⁸
3245 1854 3361 1927 καὶ,
3402 1861 3509 1924 τῆς
3562 1858 3751 1931 μικρᾶς

2093 1944 2302 2016 ἐκείνης
2334 1944 2681 2019 μεμνημένος
2708 1966 2804 2001 σου
2836 1944 3103 2016 εὐποιίας,
3156 1944 3248 2001 σὺν
3300 1945 3452 2018 τόκῳ
3513 1946 3747 2020 σήμερον

2097 2030 2370 2090 ἀποδώσω
2428 2055 2534 2094 σοι.
2593 2036 2683 2104 Μὴ
2744 2030 2922 2103 φοϐοῦ
2978 2035 3181 2106 τοίνυν,
3224 2031 3367 2108 μηδὶ
3398 2030 3595 2090 δέδιθι·
3647 2032 3752 2110 ἐγώ

2100 2147 2196 2181 σου
2246 2125 2349 2201 γάρ
2397 2124 2874 2202 προπορεύσομαι,
2934 2124 3041 2200 ἐγὼ
3096 2122 3407 2195 δυσωπήσω
3473 2123 3608 2201 ὑπὲρ
3662 2127 3754 2179 σοῦ

2097 2216 2191 2271 τὸν
2224 2212 2473 2292 βασιλέα,
2503 2216 2594 2271 καὶ
2626 2215 2688 2271 ού
2736 2217 2813 2290 μὴ
2845 2212 3075 2293 παραδῶ
3105 2236 3162 2272 σε
3190 2214 3270 2279 είς
3302 2219 3501 2292 χεῖρας
3548 2212 3755 2291 ἐχθρῶν

2100 2327 2218 2363 σου.
2264 2307 2457 2382 Θάρσει
2509 2307 2628 2373 οὖν,
2661 2305 3118 2385 προσφιλέστατε,
3151 2304 3244 2361 καὶ
3274 2307 3352 2378 μὴ
3386 2301 3598 2360 λυποῦ.
3627 2303 3761 2361 Τότε

2099 2396 2417 2472 κατανυγεὶς
2476 2394 2682 2459 ἐκεῖνος
2748 2390 2901 2473 ἔλεγε
2955 2396 3092 2470 μετά
3149 2392 3419 2471 δακρύων·
3460 2390 3636 2469 Οἴμοι
3670 2390 3761 2450 ίτί

2100 2490 2318 2562 πρῶτον
2377 2487 2657 2562 θρηνήσω,
2719 2485 2809 2542 καὶ
2866 2486 2918 2541 τί
2957 2484 3269 2560 κλαύσομαι
3330 2487 3611 2562 πρῶτον;
3667 2489 3761 2553 τῆς

2106 2575 2342 2648 ματπίας
2404 2596 2510 2649 μου
2572 2574 2993 2651 καταγνώσομαι
3072 2573 3443 2652 προσπαθείας
3510 2572 3590 2636 είς
3644 2570 3767 2636 τοὺς

2102 2664 2432 2738 άμνήμονας
2474 2664 2562 2720 γαὶ
2611 2664 2943 2741 ἀχαρίστους
3000 2664 3089 2721 καὶ
3147 2662 3364 2740 ψευδεῖς
3394 2662 3607 2741 φίλους
3637 2660 3766 2718 ἐκείο

2101 2773 2278 2824 νους;
2333 2755 2368 2825 ἤ
2422 2754 2524 2824 τήν
2581 2750 2929 2832 φρενοϐλαϐἦ
2987 2754 3264 2812 ταλανίσω
3303 2757 3464 2812 Ἰἰτ
3518 2753 3771 2829 ἀγνωμο-

2105 2842 2287 2913 σύνην,
2320 2842 2494 2920 ἤνπερ
2524 2848 2604 2917 τῷ
2635 2842 2835 2916 ἀληθεῖ
2857 2843 3037 2918 τούτῳ
3056 2842 3147 2901 καὶ
3168 2842 3378 2920 γνησίῳ
3407 2838 3769 2915 ἐνεδειξάμην

2104 2932 2251 3013 φίλῳ
2284 2953 2298 3004 ;

327 3025 668 3083 lamentabo
692 3025 720 3081 ?
752 3028 1051 3081 Vanamne
1076 3041 1269 3080 meam
1293 3025 1353 3079 in
1378 3025 1761 3081 immemores
1785 3031 1842 3081 et
1864 3027 2126 3098 ingratos
2174 3026 2357 3082 falsos
2380 3026 2516 3083 illos
2566 3027 2791 3083 amicos
2812 3026 3290 3083 benevolentiam
3310 3022 3777 3082 condemnabo?

328 3134 405 3174 an
438 3117 634 3189 potius
656 3115 931 3170 insanam
955 3130 1086 3170 eam
1116 3115 1634 3187 ingratitudinem.
1669 3132 1787 3187 qua
1810 3115 1870 3170 in
1905 3117 2061 3171 hunc
2090 3132 2293 3171 verum
2326 3122 2385 3171 et
2406 3116 2705 3172 sincerum
2728 3117 2987 3174 amicum
3010 3133 3154 3174 usus
3198 3132 3352 3182 sum,
3376 3112 3779 3172 insectabor?

398 3205 893 3276 Josaphatautem
920 3204 1078 3259 hunc
1092 3220 1430 3259 sermonem
1446 3222 1566 3260 non
1584 3205 1711 3261 sine
1734 3204 1991 3260 admira-
2026 3208 2069 3273 ρ

328 3296 493 3352 tione
506 3292 918 3365 suscipiens,ej
930 3310 998 3347 us
1012 3292 1467 3364 explicationem
1481 3294 2006 3365 requirebat.Dixit

334 3387 542 3458 itaque
564 3383 835 3439 Barlaam
859 3400 872 3436 :
893 3382 1127 3437 Primus
1142 3383 1391 3451 amicus,
1416 3400 1595 3456 opum
1616 3383 1784 3455 copia
1811 3390 1918 3453 est,
1946 3390 2004 3439 et

330 3475 670 3531 divitiarum
692 3472 960 3543 amor,ob
977 3489 1155 3544 quem
1171 3474 1348 3527 homo
1366 3473 1427 3527 in
1446 3479 1725 3529 sexcenta
1737 3472 2003 3545 pericula

331 3564 621 3620 inciditac
642 3562 862 3618 multas
876 3578 1175 3618 aerumnas
1186 3560 1581 3633 perfert.Cum
1595 3566 1793 3618 autem
1807 3566 1998 3617 extre-

330 3672 465 3712 mus
492 3655 625 3710 vita;
650 3654 779 3710 dies
801 3655 1041 3709 clausus
1067 3659 1176 3721 est,
1218 3670 1287 3708 ex
1311 3653 1430 3709 illis
1453 3654 1734 3710 omnibus
1764 3653 1998 3726 opibus,

332 3749 551 3818 praster
572 3743 818 3800 inutiles
842 3743 1133 3815 quosdam
1148 3744 1507 3816 pannos,qui
1532 3744 1606 3800 ad
1625 3743 1805 3799 funus
1827 3744 1998 3799 adhi-

332 3834 553 3890 bentur
582 3833 734 3890 nihil
747 3833 992 3889 omnino
1008 3850 1205 3889 secum
1222 3833 1455 3905 accipit.
1483 3833 1790 3890 Secundus
1806 3839 2002 3889 autem

336 3926 565 3980 amicus
596 3941 744 3979 uxor
762 3939 829 3979 ac
852 3922 1023 3978 liberi
1048 3928 1207 3990 sunt,
1233 3923 1552 3995 cmterique
1584 3924 1817 3997 cognati
1838 3923 2002 3979 etfa-

335 4014 888 4085 miliares,quorum
907 4013 1222 4068 affectione
1237 4029 1305 4067 ac
1325 4012 1741 4068 benevolentia
1753 4012 2000 4068 constri-

334 4102 411 4160 cti
430 4102 977 4171 tenemur,utabiis
1003 4101 1201 4157 divelli
1220 4102 1312 4156 vix
1335 4119 1645 4173 queamus,
1669 4118 1735 4157 ac
1753 4120 1873 4174 prae
1897 4118 2000 4157 eo-

334 4209 470 4248 rum
488 4210 692 4249 amore
717 4207 932 4264 corpus
957 4191 1135 4246 etiam
1157 4199 1215 4245 et
1234 4192 1497 4247 animam
1521 4199 1785 4247 nostram
1814 4191 1998 4264 negli-

335 4300 566 4355 gamus.
596 4283 675 4337 Ex
700 4281 844 4354 ipsis
867 4297 1042 4353 porro
1059 4297 1234 4337 nemo
1257 4282 1320 4336 in
1342 4282 1552 4336 mortis
1566 4282 1713 4337 hora
1726 4281 2000 4337 utilitatis

337 4371 567 4444 aliquid
607 4372 880 4444 percipit.
928 4371 1047 4426 nisi
1095 4369 1253 4442 quod
1302 4371 1375 4427 ad
1429 4371 1769 4444 sepulcrum
1809 4387 1999 4442 usque

340 4462 631 4518 duntaxat
656 4460 905 4516 cadaver
935 4459 1315 4530 comitantur,
1350 4478 1417 4517 ac
1448 4461 1721 4534 protinus
1752 4461 1998 4517 domum

336 4550 613 4616 reversis,
638 4551 762 4605 suis
785 4550 944 4605 curis
965 4567 1030 4605 ac
1054 4550 1307 4623 negotiis
1334 4567 1577 4623 operam
1600 4550 2000 4622 dant,memo-

331 4641 488 4697 riam
514 4639 774 4711 ejus,qui
796 4638 1054 4711 quodam
1078 4640 1223 4712 ipsis
1248 4640 1465 4696 charus
1487 4647 1634 4708 erat,
1653 4658 1773 4697 non
1800 4641 1999 4696 minus

338 4729 650 4799 oblivioni,
682 4746 862 4802 quam
894 4746 1109 4802 corpus
1141 4730 1414 4802 sepulcro
1464 4731 1895 4803 relinquentes.
1926 4735 2003 4786 At

330 4837 471 4877 vero
496 4819 708 4876 tertius
721 4819 969 4889 amicus,
992 4821 1092 4890 qui
1116 4821 1485 4892 contemptui
1501 4838 1568 4877 ac
1588 4820 1829 4877 fastidio
1853 4825 1999 4889 erat,

332 4911 626 4984 cujusque
641 4910 869 4966 aditum
883 4909 1198 4967 horremus
1215 4911 2000 4983 etaversamurOptimorum

335 5015 583 5073 Operum
602 5000 821 5055 chorus
836 5004 923 5054 est
943 4998 1055 5055 hoc
1070 5005 1174 5064 est,
1187 4999 2000 5073 fides,spes,charitas,mise-

335 5089 1382 5161 ricordia,benignitas,reliquusque
1405 5090 1688 5146 virtutum
1701 5096 1886 5147 castus
1899 5091 2001 5162 qui

342 5179 587 5252 quidem
610 5182 749 5234 ante
781 5193 912 5245 nos,
939 5193 1074 5233 cum
1102 5193 1131 5233 e
1159 5194 1406 5249 corpore
1431 5180 1794 5250 excedimus,
1828 5180 2005 5252 profi-

408 5334 523 5406 (θῦ)
557 5334 626 5399 Α,
654 5329 928 5406 ἀνοήτων,
961 5332 1080 5404 Pag

2180 3204 2242 3261 Ὀ
2275 3201 2332 3259 δὲ
2379 3206 2636 3283 Ἰωάσαφ,
2695 3205 2781 3260 καὶ
2826 3209 3024 3262 τοῦτον
3083 3204 3221 3279 μετὰ
3276 3203 3569 3279 θαύματος
3629 3198 3772 3272 δεξά·

2114 3314 2276 3366 μενος
2306 3293 2399 3349 τὸν
2458 3292 2647 3371 λόγον,
2703 3296 2802 3365 τήν
2858 3297 3151 3373 σαφήνειαν
3209 3294 3411 3366 ἐζήτει.
3480 3293 3585 3349 Καὶ
3617 3313 3769 3371 φησιν

2112 3383 2140 3437 6
2170 3382 2449 3459 βαρλαὰμ·
2481 3384 2543 3442 Ὁ
2598 3389 2822 3460 πρῶτος
2877 3383 3039 3463 φίλος
3096 3382 3159 3441 ἂν
3190 3382 3274 3456 εἴη
3299 3386 3334 3454 ἡ
3363 3387 3473 3439 τοῦ
3535 3382 3763 3440 πλούτου

2110 3474 2399 3550 περιουσία
2448 3473 2539 3529 καὶ
2598 3475 2626 3528 ὁ
2682 3477 2783 3538 τῆς
2838 3474 3294 3551 φιλοχρηματίας
3352 3472 3534 3550 ἔρως,
3597 3473 3675 3552 ἐφ’
3725 3471 3764 3544 ᾧ

2114 3561 2324 3638 μυρίεις
2356 3564 2384 3618 6
2425 3563 2709 3638 ἅνθρωπος
2741 3562 3054 3640 περιπίπτει
3103 3560 3394 3635 κινδύνοις,
3429 3564 3531 3620 καὶ
3567 3560 3773 3621 πολλὰς

2113 3650 2373 3726 ὑπομένει
2422 3652 2827 3726 ταλαιπωρίας·
2856 3651 3126 3725 ἐλθούσης
3176 3650 3235 3708 δὲ
3293 3658 3394 3723 τῆς
3459 3649 3779 3711 τελευταίας

2108 3746 2206 3798 τοῦ
2258 3744 2486 3799 θανάτου
2526 3744 2863 3821 προθεσμίας
2922 3741 3077 3801 οὐδὲν
3133 3742 3196 3800 ἐκ
3250 3745 3480 3799 πάντων
3544 3741 3782 3810 ἐκείνων,

2110 3828 2164 3887 εἷ’
2215 3833 2290 3907 μή
2360 3833 2428 3889 τὰ
2483 3834 2623 3910 πρὸς
2679 3830 2901 3906 κηδείαν
2961 3834 3201 3906 ἀνόνητα
3258 3831 3449 3911 ῥάκια,
3484 3825 3788 3909 λαμϐάνει.

2111 3922 2371 3999 Δεύτερος
2432 3920 2490 3979 δὲ
2520 3922 2685 4002 φίλος
2740 3921 3007 3996 κέκληται
3036 3925 3171 4000 γυνή
3230 3943 3291 3979 τε
3344 3922 3444 3979 καὶ
3475 3923 3671 3993 rem,
3700 3920 3787 3977 καὶ

2111 4012 2162 4067 οἱ
2195 4010 2385 4067 λοιποὶ
2416 4018 2693 4090 συγγενεῖς
2735 4034 2796 4069 τε
2824 4014 2913 4069 καὶ
2942 4013 3160 4085 οἰκεῖοι,
3194 4014 3271 4068 ὧν
3317 4014 3388 4087 τῇ
3438 4008 3796 4091 προσπαθείᾳ

2108 4097 2516 4176 κεκολλημένοι
2578 4098 3014 4158 δυσαποπάστιυς
3046 4096 3276 4179 ἔχομεν,
3325 4100 3506 4172 αὐτῆς
3536 4108 3644 4172 τῆς
3694 4102 3796 4173 ψυ-

2108 4198 2211 4262 κῆς
2239 4192 2330 4247 καὶ
2379 4195 2477 4247 τοῦ
2536 4193 2795 4267 σώματος
2849 4188 3029 4249 ἕνεκεν
3086 4198 3190 4263 τῆς
3251 4190 3431 4248 αὐτῶν
3468 4192 3796 4267 ὑπερορῶν-

2107 4302 2194 4345 τες
2251 4281 2465 4359 ἀγάπης
2498 4299 2514 4313 ⁶
2577 4281 2841 4357 οὐδεμιᾶς
2928 4280 2987 4338 δὲ
3041 4303 3124 4345 τις
3173 4281 3223 4357 ιε
3280 4281 3464 4338 αὐτῶν
3527 4282 3799 4337 ἀπώνατο

2108 4369 2377 4451 ὠφελείας
2400 4374 2469 4446 τῇ
2529 4370 2647 4448 ὥρᾳ
2693 4376 2791 4427 τοῦ
2848 4370 3101 4427 θανάτουο
3164 4369 3293 4428 ἀλλ’
3324 4372 3361 4443 ἢ
3398 4372 3583 4446 μόνον
3626 4371 3801 4447 μέχρι

2107 4465 2204 4516 τοῦ
2237 4462 2527 4535 μνήματος
2570 4458 2950 4517 συνοδεύουσιν
3009 4461 3159 4535 αύτῷ
3212 4460 3629 4537 παρεπόμενοι,
3682 4459 3803 4530 εἶτ’,

2110 4548 2265 4614 εὐθὺς
2296 4549 2812 4629 ἑπαναστραφὲντες,
2863 4555 2975 4607 τῶν
3030 4546 3189 4606 ίδίων
3234 4547 3461 4627 ἔχονται
3501 4552 3804 4628 μεριμνῶν

2108 4639 2199 4695 καὶ
2231 4641 2623 4718 περιστάσεων,
2656 4641 2756 4696 οὑκ
2812 4634 3037 4697 ἔλαττον
3089 4638 3238 4717 λήθῃ
3287 4641 3388 4711 τήν
3458 4644 3736 4716 μνήμην,
3768 4637 3804 4709 ἢ

2107 4730 2171 4786 τὸ
2203 4734 2363 4804 σῶμα
2391 4734 2488 4787 τοῦ
2518 4751 2651 4786 ποτε
2705 4727 3050 4809 προσφιλοῦς
3102 4728 3450 4805 καλύψαντες
3511 4732 3711 4807 τάφῳ.
3745 4729 3804 4782 '0

2111 4817 2157 4876 δ’
2190 4819 2255 4875 αὗ
2296 4819 2483 4897 τρίτος
2538 4817 2702 4898 φίλος
2752 4820 2780 4876 6
2834 4817 3264 4899 παρεωραμένος
3313 4819 3405 4875 καὶ
3470 4818 3806 4900 φορτικὸςὸ

2116 4911 2192 4985 μή
2243 4911 2526 4987 προσιτὸς,
2585 4908 2733 4966 ἀλλά
2781 4909 3007 4989 φευκτὸς
3060 4909 3152 4965 καὶ
3200 4911 3313 4966 οἷον
3372 4909 3804 4986 ἆποτρόπαιος,

2114 4999 2143 5053 6
2166 5003 2275 5053 τῶν
2309 4998 2545 5075 ἀρίστων
2578 4995 2750 5075 ἔργων
2780 4997 2953 5074 χορὸς
3009 4997 3363 5070 καθέστηκεν,
3395 4997 3526 5054 οἷον
3588 5000 3807 5068 πίστις,

2113 5085 2296 5159 ἒΛπῖς,
2328 5085 2533 5164 ἀγάπη,
2563 5086 2907 5160 ἐλεημοσύνη
2946 5129 2961 5157 ,
2984 5083 3370 5166 φιλανθρωπία
3402 5130 3420 5156 ,
3452 5088 3559 5144 καὶ
3610 5089 3643 5144 6
3685 5086 3811 5145 λοι-

2113 5180 2217 5241 πὸς
2265 5181 2374 5233 τῶν
2434 5179 2639 5256 ἀρετῶν
2695 5174 2916 5251 ὅμιλος,
2949 5173 3294 5252 ὁδυνάμενος
3340 5178 3813 5255 προπορεύεσθαι

1134 5335 1222 5399 22,
1255 5335 1309 5405 4,
1341 5333 1457 5388 fuit
1488 5334 1652 5405 prius
1680 5331 1914 5402 ἀνόητος
1943 5333 1994 5388 in

2105 5350 2116 5401 ;
2151 5332 2277 5402 sed,
2310 5333 2534 5389 inserto
2580 5332 2767 5389 altero
2799 5348 2914 5405 ny,
2935 5336 3026 5388 est
3054 5349 3214 5405 nunc
3244 5330 3512 5405 ἇνόητος.
3550 5333 3676 5391 llla
3707 5331 3815 5390 ad-

329 5402 551 5477 jectiva
570 5404 819 5461 confusa
847 5404 1033 5460 fuisse
1054 5402 1301 5459 ostendi
1337 5410 1375 5462 t.
1408 5406 1448 5459 f.
1482 5402 1540 5477 p.
1573 5408 1697 5460 451.
1736 5405 1875 5461 Vide
1908 5406 1994 5460 Lol

337 5478 560 5529 Ιιίπτειν
597 5475 837 5533 Βαρείαις
864 5474 1000 5533 πρὸς
1034 5477 1168 5533 θεῶν
1203 5471 1553 5533 δυσπραξίαις
1585 5480 1828 5533 ”Εφασγ.
1867 5478 1895 5532 6
1930 5476 1994 5533 μά

2105 5405 2162 5461 k.
2196 5405 2271 5460 ad
2302 5405 2429 5461 hinc
2459 5407 2552 5476 Aj.
2573 5406 2681 5460 757
2709 5420 2723 5460 :
2753 5402 2972 5531 Τάγάς
2992 5404 3224 5477 περισσά
3252 5403 3546 5471 κάκόνητα
3570 5407 3819 5479 σώματα

2105 5495 2142 5533 :.
2170 5474 2318 5533 ὅστις
2353 5477 2644 5533 ἀνθρώπου
2698 5474 2859 5533 φύσιν
2892 5481 2935 5531 Β
2978 5475 3181 5533 αστὼν.
3208 5474 3393 5532 ἔπειτα
3432 5477 3523 5533 μή
3559 5479 3689 5533 κατ’
3721 5474 3821 5531 ἄν⁴

339 5475 560 5529 Πίπτειν
597 5475 837 5549 βαρείαις
864 5475 1000 5558 πρὸς
1034 5477 1168 5537 θεῶν
1203 5475 1553 5549 δυσπραξίαις
1585 5480 1828 5555 ”Εφασχ,
1867 5478 1895 5532 6
1930 5476 2142 5547 μάντις,
2170 5475 2318 5538 ὅστις
2353 5475 2644 5551 ἀνθρώπου
2698 5475 3181 5549 φύσινΒλαστὼν,
3208 5475 3393 5532 ἔπειτα
3432 5477 3523 5549 μὴ
3559 5475 3689 5535 κατ’
3721 5475 3820 5531 ἄν-

339 5558 557 5635 ρρωπον
578 5549 798 5635 φρονεῖ.
831 5547 918 5633 Ibi
948 5547 1132 5635 ferme
1166 5551 1532 5635 praat'ul'crim
1567 5548 1790 5635 ἀνέητα,
1828 5555 2070 5635 propter
2100 5548 2333 5635 ultima,
2364 5548 2446 5635 μη
2474 5549 2591 5603 κατ’
2622 5549 2905 5635 ἄνθρωπον
2930 5550 3143 5635 φρονεῖ.
3174 5552 3365 5635 Atque
3395 5552 3628 5635 statim}

337 5614 498 5677 ἄνους
519 5614 814 5702 ’κάφ’ρόνως
846 5614 1223 5702 ἀμειψάμενος
1255 5614 1955 5702 ΑεῦρίσκεταιεΝὲςςεὲξῐὶξῖ
1983 5638 1994 5674 ι

2105 5620 2295 5702 [mode
2321 5614 2327 5617 ⁷
2351 5614 2587 5702 άηόητος
2635 5614 2799 5702 Ajax_
2814 5614 3132 5688 diceretur,
3166 5614 3372 5702 qui'de
3403 5621 3657 5681 Grmcis
3689 5614 3817 5680 tam

338 5689 1090 5771 egregieniuerat.meritus.
1126 5692 1291 5771 (ἰοειΐἔ
1323 5689 1458 5748 etv.
1492 5695 1649 5761 1239,
1679 5692 1783 5771 ubi
1816 5690 1868 5745 ο⁰ι
1893 5690 1994 5765 εόρι

2105 5711 2188 5746 τοι
2219 5693 2392 5771 φῶτες
2422 5689 2482 5751 et
2522 5692 2575 5747 οἱ
2603 5689 2923 5771 φρονοῦντες
2954 5689 3358 5769 Opponlfntur.

414 5758 525 5834 (66)
559 5758 771 5814 Glossa
799 5759 861 5815 in
892 5762 939 5815 Α
971 5778 987 5816 :
1020 5761 1347 5837 Ὀργισθεὶς,
1380 5758 1817 5839 μνησικακήσας.
