4100 6392
345 402 445 457 981

1544 403 1718 456 νιΤΑ
1754 400 2108 455 BARLAAM
2145 402 2239 456 ΕΤ
2273 406 2612 460 JOASAPH.

3662 394 3771 456 982

348 527 514 598 ἡμῶν
544 520 924 598 ἐξερχομένων
953 526 1050 577 τοῦ
1080 522 1355 593 σώματος,
1392 518 1526 596 ὑπὲρ
1558 524 1717 593 ἡμῶν
1760 542 1819 576 τε
1869 520 1994 576 δυσ-

2115 524 2274 589 cisci,
2309 543 2374 582 ac
2407 534 2609 584 nostra
2639 546 2817 586 causa
2880 530 3060 585 Deum
3110 528 3386 599 precibus
3437 529 3768 594 inﬂectere,

351 624 571 685 ωπῆσαι
601 614 692 669 τὸν
727 613 951 689 Κύριον,
984 614 1072 667 καὶ
1130 617 1235 666 τῶν
1298 611 1511 685 ἐχθρῶν
1566 614 1716 683 ἡμᾶς
1769 611 2003 685 λυτρού-

353 727 517 781 μενος
546 703 636 760 καὶ
669 701 859 758 δεινῶν
922 701 1271 780 φορολόγων,
1331 706 1437 755 τῶν
1499 700 1818 775 λογοθέσιον
1870 704 2006 773 ἡμῖν

348 798 542 870 πικρὸν
576 793 737 865 ἐντῷ
791 791 907 867 ἀέρι
956 791 1274 862 κινούντων,
1334 790 1424 845 καὶ
1485 791 1853 866 χειρώσασθαι
1914 812 2004 845 πι-

347 889 495 959 κρῶς
530 882 859 955 ζητούντων.
893 881 1067 943 Οὗτός
1128 881 1267 936 ἐστιν
1303 882 1330 934 6
1361 880 1656 956 εὐγνώμων
1707 879 1868 957 φίλος
1914 882 2004 934 καὶ

350 976 577 1052 ἀγαθὸς,
609 977 637 1030 6
664 977 813 1031 118
846 973 935 1028 καὶ
965 974 1066 1040 τήν
1115 972 1309 1046 μικρὰν
1359 974 1518 1045 ἡμῶν
1573 972 1871 1047 εὐπραγίαν
1916 970 2003 1025 ἐπὶ

356 1068 584 1140 μνήμης
616 1065 792 1142 φέρων
825 1064 914 1118 καὶ
949 1061 1040 1116 σὺν
1070 1060 1218 1134 τόκῳ
1247 1064 1384 1134 ⁴ἡμῖν
1416 1068 1586 1116 πᾶσαν
1620 1059 1937 1122 ἀποδιδούς.

424 1248 585 1302 ΚΕΦ.
622 1245 720 1301 ΙΔ’.
783 1242 947 1305 Αὖθις
1007 1240 1099 1297 οὗν
1133 1240 1451 1319 ὁἸωάσαφ,
1509 1240 1586 1299 Εὖ
1644 1262 1727 1296 σοι
1787 1242 2001 1315 γένοιτο

348 1334 497 1410 παρά
527 1333 729 1407 Κυρίου
757 1338 854 1389 τοῦ
887 1337 1042 1399 Θεοῦ,
1077 1331 1121 1387 ὦ
1179 1334 1459 1409 σοφώτατε
1502 1336 1611 1386 τῶν
1659 1332 1957 1405 ἀνθρώπων
1986 1334 1999 1391 l

348 1421 617 1503 εὔφρανας
649 1424 756 1499 γὰρ
795 1445 899 1495 μου
928 1424 1027 1491 τήν
1060 1424 1246 1498 ψυχὴν
1301 1428 1421 1486 τοῖς
1473 1419 1855 1491 καταλλήλοις
1904 1442 2001 1476 σου

345 1515 437 1569 καὶ
470 1515 714 1586 ἀρίστοις
744 1512 973 1589 ῥήμασι.
1007 1516 1311 1588 Τοιγαροῦν
1364 1510 1713 1566 ἀνατύπωσὸν
1765 1532 1862 1583 μοι
1910 1510 2000 1566 καὶ

350 1599 431 1659 ἔτι
466 1602 648 1657 εἷκόνα
670 1609 771 1672 τῆς
807 1602 1172 1673 ματαιότητος
1199 1606 1297 1657 τοῦ
1348 1601 1580 1674 κόσμου,
1641 1600 1731 1655 καὶ
1775 1606 1890 1663 πῶς
1942 1599 2001 1656 ἄν

351 1715 437 1756 τις
470 1692 522 1749 ἐν
556 1691 746 1767 εἶρνίνῃ
776 1691 867 1747 καὶ
899 1689 1169 1770 ἀσφαλείᾳ
1187 1696 1379 1747 τοῦτον
1410 1689 1639 1749 διὲλθοι.

427 1867 742 1929 Ἀναλαϐὼν
772 1869 831 1926 δὲ
859 1871 952 1927 τὸν
986 1871 1148 1947 λόγον
1183 1873 1210 1926 6
1244 1872 1512 1947 Βαρλαάμ
1551 1869 1679 1946 ἕφη⁶
1728 1877 1996 1927 ’Ἄκουσον
2032 1917 2077 1979 Β

348 1962 441 2016 καὶ
466 1960 661 2016 τούτου
693 1959 879 2031 δήτοῦ
909 1957 1309 2037 προϐλήματος
1342 1960 1629 2034 ὁμοίωσιν.
1662 1959 1831 2015 Πόλιν
1880 1961 1999 2014 τινὰ

346 2051 641 2125 μεμάθηκα
676 2052 946 2127 μεγάλην,
974 2056 1041 2122 ἧς
1075 2053 1126 2107 οἱ
1183 2051 1409 2107 πολῖται
1455 2052 1712 2121 τοιαύτην
1768 2051 2001 2121 ἐσχήκε-

345 2164 443 2198 σαν
500 2139 732 2199 ἔκπαλαι
792 2145 1098 2214 συνηθειαν,
1171 2144 1235 2198 τὸ
1310 2139 1770 2216 ἐπιλαμϐάνεσθαι
1850 2142 1998 2215 ξένου

340 2233 495 2295 τινὸς
523 2234 613 2289 καὶ
646 2234 932 2309 ἀγνώστου
980 2231 1199 2307 ἀνδρὸς,
1262 2231 1430 2306 μηδὲν
1488 2237 1597 2287 τῶν
1656 2232 1839 2305 νόμων
1898 2240 1999 2301 τῆς

343 2322 565 2385 πόλεως
599 2325 683 2379 καὶ
717 2322 1069 2399 παραδόσεων
1103 2324 1251 2385 ὅλως
1307 2323 1689 2395 ἐπισταμένου,
1734 2323 1825 2376 καὶ
1871 2328 2001 2377 τοῦ-

338 2435 432 2468 τον
493 2414 724 2488 βασιλέα
779 2419 1033 2486 καθιστᾷν
1088 2415 1325 2481 ἑαυτοῖς,
1385 2414 1563 2485 πάσης
1651 2413 2001 2469 ἀπολαύοντα

340 2506 590 2579 ἐξουσίας
618 2506 707 2562 καὶ
738 2511 847 2562 τῶν
898 2506 1062 2561 αὐτοῦ
1122 2506 1449 2579 θελημάτων
1511 2504 1815 2567 ἀκωλύτως
1868 2505 1999 2581 ἐχό-

345 2617 531 2669 μενον,
568 2599 701 2673 ἄχρι
736 2595 1193 2671 συμπληρώσειυς
1224 2596 1552 2653 ἐνιαυσιαίου
1585 2598 1813 2672 χρόνου.
1862 2597 1994 2664 Εἶτ’,

342 2686 598 2764 ἐξαίφνης
660 2688 713 2743 ἐν
775 2690 919 2761 πάσῃ
976 2690 1145 2743 αὐτοῦ
1220 2692 1591 2765 τυγχάνοντος
1671 2688 1993 2760 ἀμεριμνίᾳ,

345 2780 660 2855 τρυφῶντάς
689 2800 749 2834 τε
775 2781 867 2834 καὶ
902 2778 1285 2841 σπαταλῶντος
1316 2776 1513 2847 ἀδεῶς,
1568 2778 1656 2833 καὶ
1706 2774 1993 2831 συνδιαιω-

344 2868 510 2938 νίζειν
535 2870 677 2944 αὐτῷ
705 2873 805 2942 τήν
858 2870 1135 2946 βασιλείαν
1192 2872 1356 2927 εἰσαεὶ
1411 2869 1720 2938 δοκοῦντος,
1782 2870 1994 2944 ἐπεγει-

343 2960 569 3037 ρόμενοι
599 2965 715 3018 κατ’
773 2963 960 3033 αὐτοῦ,
1011 2964 1098 3019 καὶ
1155 2966 1254 3032 τὴν
1307 2964 1599 3040 βασιλικὴν
1660 2962 1993 3039 ἀφελόμενοι

344 3051 573 3125 στολὴν,
606 3054 813 3129 γυμνόν
872 3076 931 3110 τε
989 3055 1088 3109 ἀνά
1144 3061 1315 3109 πᾶσαν
1378 3048 1835 3128 θριαμϐεύσαντες
1893 3054 1991 3121 τὴν

336 3142 534 3210 πόλιν,
565 3144 837 3219 ἐξόριστον
899 3143 1149 3220 ἔπεμπον
1197 3147 1273 3207 εἷς
1335 3145 1542 3219 μακρὰν
1602 3144 1994 3216 ἀπῳκισμένην

337 3234 428 3288 καὶ
470 3233 713 3310 μεγάλην
744 3235 865 3290 τινὰ
895 3243 1079 3306 νῆσον,
1133 3236 1183 3291 ἐν
1234 3237 1290 3308 ᾖ,
1355 3238 1493 3308 μήτε
1553 3232 1852 3311 διατροφῆς
1902 3232 1991 3286 εὐ-

339 3326 529 3399 πορῶν
586 3326 725 3397 μήτε
782 3322 1117 3399 ἐνδυμάτων,
1175 3325 1225 3379 ἐν
1283 3324 1435 3398 λιμῷ
1511 3324 1600 3379 καὶ
1692 3322 1995 3399 γυμνότητι

341 3411 533 3475 δεινῶς
563 3414 952 3490 κατετρύχετο,
994 3423 1096 3485 τῆς
1145 3416 1272 3491 παρ’
1316 3412 1511 3470 ἐλπίδα
1560 3412 1807 3483 δοθείσης
1850 3412 1996 3483 αὐτῷ

338 3510 554 3580 ’τρυφῆς
582 3503 671 3558 καὶ
704 3503 977 3578 θυμηδίας
1006 3505 1084 3570 εἷς
1139 3505 1319 3576 λύπην
1371 3502 1523 3569 αὖθις
1570 3503 1657 3559 καὶ
1716 3504 1843 3577 παρ’
1902 3502 1993 3557 ἐλο

342 3590 479 3647 πίδα
506 3599 676 3650 πᾶσαν
707 3594 797 3650 καὶ
829 3593 1156 3672 προσδοκίαν
1194 3594 1672 3673 μεταμειφθείσης.

418 3956 567 4012 Κατά
593 3955 657 4011 τὸ
688 3956 1180 4033 παρακολουθῆσαν
1208 3957 1390 4013 τοίνυν
1426 3955 1545 4020 ἔθος
1593 3961 1700 4012 τῶν
1754 3955 1999 4011 πολιτῶν

346 4042 589 4116 ἐκείνων,
641 4047 1033 4123 προεχειρίσθη
1092 4070 1176 4112 τις
1235 4048 1372 4123 ἀνὴρ
1425 4048 1501 4112 εἷς
1555 4049 1655 4117 τὴν
1719 4045 1996 4123 βασιλείαν

346 4138 501 4192 119
531 4137 737 4192 συνέσει
778 4136 969 4213 πολλῇ
1025 4139 1117 4193 τὸν
1188 4138 1457 4213 λογισμὸν
1516 4137 1827 4211 κατάκομον
1888 4140 2000 4210 (67)

348 4222 519 4299 ἔχων,
551 4225 609 4289 ὅς
642 4225 831 4282 αὐτίκα
865 4229 941 4301 μὴ
995 4227 1386 4301 συναρπασθεὶς
1439 4232 1508 4301 τῇ
1560 4226 1809 4304 ἐξαίφνης
1858 4226 2003 4298 αὖτῷ

351 4316 731 4392 προσπεσούσῃ
772 4317 1019 4389 εὐθηνίᾳ,
1085 4315 1222 4391 μηδὲ
1277 4322 1386 4372 τῶν
1428 4312 2005 4393 προϐεϐασιλευκότων

353 4407 443 4460 καὶ
478 4405 682 4469 ἀθλίως
741 4402 1120 4477 ἐκϐληθέντων
1177 4408 1276 4477 τήν
1336 4404 1663 4480 ἀμεριμνίαν
1727 4403 2004 4475 ζηλώσας,

355 4495 696 4570 ἐμμέριμνον
729 4497 846 4571 εἶχε
871 4496 958 4551 καὶ
1019 4496 1307 4573 ἐναγώνιοι
1365 4498 1463 4565 τὴν
1521 4497 1708 4571 ψυχὴν
1767 4499 1885 4557 πῶς
1946 4492 2004 4548 ἄν

349 4586 419 4641 τὰ
449 4586 569 4641 κατ’
596 4585 759 4642 αὐτὸν
788 4585 845 4641 εὖ
878 4586 1143 4643 διάθοιτο.
1177 4589 1260 4661 Τῇ
1294 4589 1469 4662 συχνῇ
1504 4583 1561 4641 δέ
1596 4585 1798 4661 μελέτῃ
1854 4586 2010 4661 ἀκρι-

2115 620 2293 684 etque
2316 616 2386 670 ab
2410 618 2683 673 hostibus
2706 620 2928 675 nostris
2952 625 3010 673 et
3030 617 3343 672 horrendis
3368 618 3761 671 exactoribus.

2114 704 2212 772 qui
2244 704 2316 758 de
2338 706 2667 762 referendis
2690 710 3017 765 rationibus
3039 707 3313 763 acerbam
3346 706 3520 759 nobis
3543 706 3600 759 in
3629 721 3763 760 aere

2113 794 2280 848 litem
2316 803 2571 853 movent.
2605 814 2669 853 ac
2702 799 3023 854 crudeliter
3062 816 3172 853 nos
3203 797 3464 867 arripere
3514 800 3765 850 conten-

2116 883 2285 949 dunt,
2319 885 2573 941 liberare
2604 894 2815 957 potest.
2850 890 2953 944 Hic
3012 890 3295 943 nimirum
3327 892 3417 941 est
3473 884 3762 940 candidus

2114 973 2217 1027 ille
2266 991 2332 1029 ac
2387 977 2609 1046 probus
2641 983 2698 1031 et
2726 984 2924 1051 gratus
2984 979 3225 1045 amicus,
3287 976 3385 1048 qui
3432 973 3763 1047 quamlibet

2116 1064 2293 1118 etiam
2326 1065 2600 1137 exiguum
2632 1066 2850 1121 bonum
2884 1074 3155 1123 nostrum
3187 1085 3334 1139 opus
3356 1066 3644 1121 memoria
3676 1070 3763 1120 te-

2114 1159 2235 1221 net,
2271 1172 2337 1209 ac
2365 1172 2502 1210 cum
2532 1156 2738 1211 fenore
2771 1157 2942 1212 nobis
2973 1158 3122 1212 illud
3145 1157 3435 1229 rependit.

2186 1248 2319 1302 GAP.
2355 1246 2496 1301 XIV.
2529 1277 2597 1289 --
2628 1250 2883 1303 Rursum
2910 1249 3089 1319 igitur
3114 1250 3393 1319 Josaphat
3421 1248 3606 1302 dixit:
3641 1248 3764 1302 Uti-

2112 1352 2250 1389 nam
2276 1336 2377 1390 tibi
2403 1353 2436 1391 a
2468 1338 2717 1392 Domino
2742 1339 2859 1392 Deo
2881 1343 2977 1392 tuo
2998 1337 3398 1392 omniafausta
3424 1336 3764 1408 etjucunda

2112 1426 2252 1493 sint,
2308 1427 2621 1481 hominum
2671 1427 3131 1499 sapientissime.
3184 1426 3489 1496 Siquidem
3521 1426 3762 1496 optimis

2112 1517 2229 1571 tuis
2267 1518 2538 1589 aptisque
2570 1518 2949 1573 sermonibus
2998 1518 3266 1573 animum
3300 1531 3500 1569 meum
3534 1515 3763 1569 exhila-

2110 1607 2274 1661 rasti.
2304 1608 2587 1672 Quocirca
2616 1609 2891 1663 vanitatis
2914 1608 3094 1680 hujus
3116 1606 3322 1661 mundi
3354 1621 3589 1659 rursum
3613 1605 3763 1659 ima-

2109 1698 2305 1768 ginem
2338 1698 2483 1752 mihi
2518 1699 2803 1769 exprime,
2834 1704 2892 1753 et
2922 1714 3039 1769 qua
3066 1698 3297 1752 ratione
3320 1697 3473 1751 hanc
3494 1695 3669 1749 vitam
3699 1695 3759 1749 in

2108 1802 2252 1855 pace
2284 1802 2350 1841 ac
2381 1786 2697 1841 securitate
2727 1802 3042 1859 peragrare
3072 1801 3308 1855 queam.

2180 1876 2493 1947 Excipiens
2525 1877 2704 1948 igitur
2754 1893 3093 1932 sermonem
3152 1875 3445 1940 Barlaam,
3478 1872 3597 1929 ait:
3636 1873 3758 1928 Hu-

2102 1965 2274 2035 jusce
2306 1982 2541 2036 quoque
2573 1967 2918 2037 quaestionis
2969 1964 3424 2020 similitudinem
3457 1962 3614 2018 audi.
3652 1963 3758 2017 Ur-

2108 2054 2244 2110 bem
2278 2056 2597 2126 quamdam
2629 2073 2901 2129 magnam
2953 2055 3247 2111 exstitisse
3278 2053 3502 2125 accepi,
3535 2052 3597 2107 in
3642 2068 3761 2123 qua

2110 2146 2265 2200 cives
2296 2146 2407 2199 hoc
2438 2147 2499 2199 in
2534 2162 2696 2200 more
2738 2152 2914 2216 atque
2966 2146 3235 2199 instituto
3268 2144 3527 2215 positum
3577 2141 3758 2195 habe-

2110 2234 2272 2297 bant,
2308 2241 2372 2289 ut
2394 2236 2773 2307 peregrinum
2809 2235 3126 2305 quemdam
3161 2239 3217 2288 et
3244 2234 3512 2305 ignotum
3543 2231 3756 2297 virum,

2109 2341 2176 2379 ac
2207 2325 2401 2396 legum
2436 2330 2493 2379 et
2529 2324 3031 2379 consuetudinum
3080 2324 3332 2378 civitatis
3381 2321 3625 2376 omnino
3656 2336 3762 2374 ru-

2109 2415 2243 2469 dem
2276 2421 2333 2469 et
2363 2416 2634 2487 ignarum
2666 2415 3025 2486 acciperent,
3059 2429 3313 2483 eumque
3346 2412 3458 2466 sibi
3489 2411 3635 2483 ipsis
3664 2426 3762 2464 re-

2108 2520 2239 2571 gem
2261 2505 2714 2571 constituerent,
2740 2520 2923 2575 penes
2947 2520 3121 2573 quem
3146 2519 3254 2574 per
3269 2502 3446 2556 unius
3468 2500 3609 2555 anni
3631 2516 3763 2553 cur-

2106 2591 2364 2645 riculum
2395 2606 2593 2645 rerum
2628 2590 2895 2644 omnium
2929 2594 3189 2660 potestas
3212 2592 3387 2653 esset,
3427 2585 3651 2657 quique
3683 2585 3757 2639 li-

2107 2680 2246 2734 bere
2274 2686 2331 2735 et
2361 2680 2489 2734 sine
2517 2680 2640 2734 ullo
2672 2680 3101 2751 impedimento
3133 2676 3423 2748 quidquid
3449 2675 3647 2742 vellet,
3670 2675 3761 2729 fa-

2106 2777 2285 2827 ceret.
2321 2774 2460 2826 Post
2489 2778 2710 2839 autem,
2741 2771 2881 2825 dum
2913 2770 3016 2824 ille
3037 2769 3199 2824 omni
3222 2785 3466 2839 prorsus
3498 2782 3641 2821 cura
3664 2782 3758 2821 va-

2106 2878 2250 2916 cuus
2282 2862 2542 2934 degeret,
2570 2868 2748 2932 atque
2782 2862 2842 2915 in
2874 2861 3017 2915 luxu
3074 2865 3133 2915 et
3188 2858 3419 2914 deliciis
3471 2857 3598 2911 sine
3630 2855 3755 2911 ullo

2104 2958 2265 3007 metu
2299 2958 2653 3019 versaretur,
2704 2957 3178 3023 perpetuumque
3207 2948 3319 3003 sibi
3354 2963 3601 3020 regnum
3632 2945 3757 3001 fore

2106 3042 2489 3109 existimaret,
2518 3047 2762 3113 repente
2783 3041 3066 3095 adversus
3089 3056 3225 3094 eum
3248 3039 3643 3109 insurgentes,
3664 3052 3761 3090 re-

2104 3132 2381 3205 giamque
2441 3132 2554 3202 ipsi
2612 3138 2831 3187 vestem
2864 3131 3266 3195 detrahentes,
3301 3144 3367 3182 ac
3399 3126 3626 3181 nudum
3657 3142 3763 3196 per

2110 3227 2294 3276 totam
2329 3222 2539 3276 urbem
2582 3227 2863 3293 tanquam
2908 3220 2969 3274 in
3002 3219 3371 3289 triumphum
3404 3220 3663 3289 agentes,
3698 3215 3759 3269 in

2027 3291 2069 3357 C
2111 3328 2386 3384 magnam
2409 3311 2727 3382 quamdam
2748 3328 2815 3365 ac
2833 3311 3006 3382 longe
3027 3314 3318 3365 remotam
3344 3307 3603 3361 insulam
3627 3320 3763 3361 eum

2100 3402 2466 3474 relegabant,
2500 3402 2563 3455 in
2592 3418 2709 3471 qua
2741 3417 2849 3455 nec
2878 3400 3033 3455 victu
3064 3416 3174 3455 nec
3218 3396 3589 3452 indumentis
3621 3411 3761 3466 sup-

2102 3491 2466 3563 petentibus.
2499 3490 2655 3546 fame
2687 3507 2754 3546 ac
2787 3490 3055 3544 nuditate
3087 3488 3423 3543 miserrime
3454 3484 3763 3557 premeba-

2103 3586 2219 3649 tur,
2252 3580 2552 3650 voluptate
2575 3580 2805 3634 scilicet
2835 3585 3011 3649 atque
3045 3576 3231 3631 animi
3273 3575 3591 3641 hilaritate,
3622 3590 3755 3644 quae

2101 3675 2321 3740 praater
2343 3686 2507 3739 spem
2532 3669 2645 3740 ipsi
2668 3684 2951 3723 concessa
2966 3668 3183 3731 fuerat,
3204 3666 3265 3719 in
3284 3679 3599 3720 mmrorem
3622 3678 3758 3717 rur-

2106 3775 2207 3813 sus
2242 3763 2461 3829 praater
2492 3775 2661 3829 spem
2705 3774 2945 3814 omnem
2981 3762 3041 3812 et
3078 3753 3578 3827 expectattionem
3614 3767 3781 3808 com-

2102 3852 2351 3903 mutata.

2179 3940 2437 4011 Contigit
2464 3956 2603 4010 ergo
2623 3946 2691 3994 ut
2712 3956 2819 4010 pro
2842 3939 3089 4009 antiquo
3112 3937 3326 3992 civium
3346 3935 3586 3991 illorum
3611 3952 3777 3991 more

2108 4033 2286 4099 atque
2313 4028 2703 4093 instituto,vir
2725 4028 2969 4099 quidam
2995 4041 3210 4099 magno
3241 4025 3463 4096 ingenii
3494 4025 3773 4081 acumine

2107 4118 2394 4190 praeditus
2415 4118 2487 4172 ad
2511 4135 2762 4189 regnum
2785 4119 3201 4173 ascisceretur.
3226 4117 3333 4181 Qui
3357 4115 3557 4170 statim
3579 4114 3776 4170 subita

2112 4226 2181 4264 ea
2201 4207 2505 4270 felicitate,
2529 4225 2660 4278 quae
2682 4208 2793 4278 ipsi
2813 4208 3122 4279 obtigerat,
3141 4205 3297 4261 haud
3315 4221 3614 4277 quaquam
3628 4221 3776 4276 pra)-

2111 4316 2252 4370 ceps
2284 4298 2589 4370 abreptus,
2613 4315 2724 4353 nec
2745 4314 2952 4352 eorum
2975 4297 3076 4367 qui
3100 4302 3235 4351 ante
3260 4313 3321 4351 se
3346 4294 3565 4366 regiam
3591 4294 3776 4367 digni-

2115 4397 2296 4446 tatem
2320 4390 2729 4453 obtinuerant,
2764 4390 3099 4461 misereque
3121 4389 3297 4460 ejecti
3328 4389 3584 4455 fuerant,
3605 4387 3777 4441 incu-

2114 4481 2266 4535 riam
2300 4480 2590 4548 imitatus,
2614 4479 2813 4534 animo
2837 4480 3011 4534 anxio
3031 4496 3099 4533 ac
3131 4478 3388 4533 sollicito
3413 4476 3471 4531 id
3494 4475 3773 4549 agitabat,

2118 4587 2381 4641 quonam
2414 4577 2588 4640 pacto
2618 4570 2795 4625 rebus
2821 4570 2944 4624 suis
2976 4570 3197 4640 optime
3229 4567 3591 4622 consuleret.
3628 4566 3777 4621 Dum

350 4672 697 4751 δαισάμενος,
760 4673 896 4754 ἔγνω
958 4674 1048 4731 διά
1102 4698 1248 4739 τινος
1308 4673 1626 4754 σοφωτάτου
1689 4670 2000 4749 συμϐοῦλου

2121 4677 2257 4733 ergo
2274 4660 2480 4715 crebra
2502 4659 2889 4714 meditatione
2908 4660 3033 4714 hazc
3052 4675 3253 4714 secum
3266 4662 3546 4724 versaret,
3565 4673 3672 4728 per
3693 4672 3782 4711 sa-

344 4769 448 4838 τὴν
484 4770 772 4838 συνήθειαν
803 4772 914 4822 τῶν
945 4765 1214 4839 πολιτῶν,
1247 4767 1337 4822 καὶ
1393 4767 1485 4821 τὸν
1543 4767 1712 4821 τόπον
1769 4773 1869 4834 τῆς
1930 4763 2010 4820 δι-

345 4861 581 4928 ηνεκοῦς
609 4856 839 4933 ἐξορίαςο
875 4858 1025 4919 ὃπως
1081 4879 1141 4913 τε
1197 4858 1310 4933 χρὴ
1370 4854 1559 4911 ἐαυτὸν
1614 4854 2011 4934 ἀσφαλίσασθαι

348 4945 608 5010 ἀπλανῶς
643 4944 932 5023 ἐδιδάχθη.
967 4948 1132 5003 Ταῦτ’
1184 4945 1277 5001 οὖν
1317 4946 1392 5008 ὡς
1440 4945 1604 5021 ἐγνω,
1657 4945 1747 5000 καὶ
1788 4944 1870 5001 ὅτι
1932 4943 2014 5001 δεῖ

347 5035 512 5092 αὐτὸν
547 5037 675 5093 ὅσον
710 5035 866 5093 οὔπω
907 5036 1117 5108 ἐκείνην
1174 5031 1613 5109 καταλαμϐάνειν
1670 5037 1769 5105 τήν
1816 5038 2010 5107 νῆσον,

346 5129 450 5196 τήν
512 5124 558 5181 δ’
607 5127 901 5197 ἐπίκτητον
957 5127 1160 5198 ταύτην
1217 5127 1307 5182 καὶ
1367 5124 1665 5201 ἀλλοτρίαν
1728 5124 2007 5201 βασιλείαν

351 5216 675 5291 ἀλλοτρίοις
742 5218 895 5282 αὗθις
940 5216 1397 5291 καταλιμπάνειν,
1457 5217 1668 5287 ἀνοίξας
1726 5216 1854 5281 τοὺς
1911 5227 2009 5287 θη-

427 5349 536 5419 (67)
564 5346 997 5419 Constantinus
1031 5347 1177 5401 Man.
1214 5347 1439 5419 Chron.
1464 5363 1594 5417 pag,
1631 5349 1730 5399 109
1757 5363 1768 5400 :
1799 5345 1990 5418 χάρισι

2115 5345 2354 5414 τάκομος.
2389 5347 2515 5401 Jam
2565 5351 2786 5419 anteI‘.
2820 5361 2855 5414 p

2121 4750 2567 4823 pientissimum
2616 4749 2933 4820 quemdam
2966 4748 3378 4804 consiliarium
3406 4789 3419 4816 ,
3454 4747 3525 4802 de
3556 4746 3776 4802 civium

2124 4840 2556 4896 consuetudine
2578 4855 2647 4894 ac
2667 4840 2939 4911 perpetui
2964 4838 3156 4893 exsilii
3188 4838 3317 4893 loco
3335 4838 3555 4893 certior
3586 4836 3775 4890 factus

2123 4937 2232 4997 est,
2267 4947 2525 5001 quonam
2559 4936 2729 5001 pacto
2763 4930 2890 4983 sine
2914 4929 3037 4983 ullo
3056 4945 3256 4983 errore
3278 4928 3406 4999 ipse
3430 4925 3541 4980 sibi
3574 4941 3776 4980 cavere

2122 5021 2367 5076 deberet
2386 5018 2702 5075 intellexit.
2723 5019 2867 5072 Cum
2890 5019 3069 5089 igitur
3086 5018 3197 5073 hoc
3217 5014 3781 5089 cognovisset,futu-

2122 5126 2377 5180 rumque
2400 5125 2582 5181 prope
2597 5109 2754 5163 diem
2768 5114 2835 5162 ut
2855 5107 2928 5163 ad
2946 5108 3108 5163 illam
3126 5107 3383 5162 insulam
3402 5104 3779 5177 ablegaretur

2122 5207 2297 5271 atque
2324 5199 2713 5254 adventitium
2736 5197 2885 5252 illud
2908 5203 2967 5252 et
2986 5197 3249 5252 alienum
3264 5211 3513 5268 regnum
3527 5193 3663 5249 aliis
3683 5208 3777 5247 re-

2865 5387 2877 5399 .
2912 5345 3000 5408 29,
3038 5343 3124 5396 18.
3170 5337 3314 5408 πάσῃ
3366 5337 3570 5391 συνέσει
3601 5336 3775 5389 κατά-

564 5396 1719 5493 {amcam},resignasse;
1757 5396 2191 5493 *ῥῆγι-τέλη,
2215 5396 2837 5493 ιλειέιτειξιῑλςῆί·ιῇέςάοι
2856 5396 3067 5493 ,λι-ωιτη
3103 5413 3174 5493 ἀς
3205 5396 3519 5493 possess
3552 5410 3777 5493 ηυριίεε

351 5480 676 5563 colloquio,
704 5480 864 5563 quod
892 5489 1121 5563 Paridis
1147 5480 1405 5563 perﬁdia.
1427 5480 1612 5563 rupit:
1633 5480 1900 5563 ἐντεῦθεν,
1933 5491 2000 5563 ai‘

2137 5480 2262 5563 281i,
2300 5485 2369 5541 δι’
2394 5487 2651 5556 ἀληθείας
2682 5488 2792 5563 τῆς.
2812 5480 3039 5557 φονικῆς
3068 5483 3273 5563 ταύτης
3319 5480 3495 5536 αὐτῶν
3526 5480 3778 5535 στνιλεύ-

354 5554 575 5635 gerum-6
607 5554 855 5635 Πρίάμος
882 5562 987 5635 sz}
1019 5558 1127 5635 διὰ.
1148 5554 1333 5615 ’ταῦτα
1358 5561 1385 5614 ὁ
1414 5554 1600 5635 γερων
1624 5560 1652 5613 6
1685 5554 1895 5622 ἅθλιος
1928 5554 2093 5635 ἐντὸς,
2134 5558 2353 5635 εῗσῇλθε
2409 5554 2575 5635 πάλιν
2630 5554 3055 5635 τοῦνᾶστεωςιτῇ
3089 5554 3236 5635 λυπῃ
3271 5556 3647 5635 ’κατάκομρςκ
3669 5558 3776 5609 Pro

356 5633 425 5690 δι’
460 5627 723 5705 ἀληθείας
755 5627 849 5691 est
879 5630 1228 5703 διαληθείσας
1258 5635 1319 5689 in
1376 5627 1507 5689 cod.
1569 5634 1710 5703 817;
1771 5635 1928 5690 unde
1988 5630 2000 5686 ί

2118 5633 2353 5702 υθείσης,
2388 5633 2547 5704 quod
2600 5638 2689 5688 est
2718 5627 3040 5705 sententiae
3078 5627 3478 5705 aptisSimum.
3538 5627 3775 5705 faciam,

358 5709 538 5779 idque
558 5700 766 5764 'facile.
802 5710 947 5779 Nam
976 5727 1009 5770 η
1033 5700 1103 5761 et
1132 5712 1492 5779 oppermutat
1520 5700 1885 5776 iotacismus,
1921 5707 2078 5779 quod
2101 5706 2229 5779 jam
2264 5700 2457 5779 Afuita
2487 5721 2581 5759 me
2602 5777 2611 5779 Α
2632 5704 2977 5779 δωρὶεείῐιιοΔ
3018 5702 3314 5779 monitum
3345 5708 3405 5755 et
3433 5700 3774 5779 terminatio

354 5770 463 5851 σηξ
489 5781 605 5837 alio
625 5781 767 5854 loco
787 5778 1058 5854 ejusdem
1086 5770 1308 5836 codicis
1338 5779 1485 5837 abiit
1506 5779 1571 5835 in
1600 5797 1716 5851 σας,
1739 5770 1998 5853 αῢί,Ῥἱό

2115 5770 2181 5834 ne
2211 5777 2369 5838 edito
2400 5770 2774 5852 πυρσωθείσῇς
2798 5794 2858 5849 p,
2883 5777 3006 5843 302,
3040 5774 3321 5831 librarius
3352 5772 3592 5846 scripsit
3618 5770 3775 5830 male

354 5852 761 5937 πυρσωθείσας.
