4100 6404
422 379 532 438 983

1959 381 2326 442 ADDBNDA.

3739 381 3829 440 984

437 507 764 577 linqueret,
797 503 1109 578 patefactis
1158 504 1452 560 thesauris
1482 504 1626 572 suis,
1662 520 1914 574 quorum
1947 509 2086 560 tunc

2224 510 2436 579 ἀυροὺς
2466 511 2633 566 αὐτοῦ
2659 511 2836 584 ὦνπερ
2861 529 2998 572 τεως
3055 507 3348 582 ἀνειμένην
3403 505 3527 582 εἶχε
3569 506 3657 560 καὶ
3705 509 3831 562 ακώ-

441 601 786 667 promptum
809 612 876 651 ac
895 595 1145 651 liberum
1166 612 1339 650 usum
1360 593 1891 665 habebat,aurique
1911 600 2086 665 atque

435 686 686 759 argenti,
711 702 779 742 ac
816 686 1210 758 pretiosorum
1256 684 1521 756 lapidum
1559 685 1782 757 ingenti
1811 685 1968 739 mole
1998 685 2090 739 fa-

435 775 618 831 mulis
642 775 1019 846 quibusdam,
1045 791 1193 845 quos
1226 773 1548 829 ﬁdissimos
1571 774 1844 841 habebat,
1876 773 2092 827 tradita

437 865 512 920 ad
544 881 672 920 eam
705 865 962 919 insulam
986 864 1059 918 ad
1079 880 1258 935 quam
1282 863 1672 919 abducendus
1697 869 1823 919 erat
1854 863 2094 934 praemi-

441 955 536 1009 sit.
559 955 830 1008 Vertente
852 959 1051 1008 autem
1068 970 1228 1008 anno
1253 954 1430 1022 cives,
1455 959 1756 1009 commota
1775 953 2093 1022 seditione,

436 1043 667 1099 nudum
697 1060 855 1112 eum,
889 1043 1396 1114 quemadmodum
1429 1044 1766 1116 superiores
1800 1060 1990 1116 reges,
2032 1043 2093 1097 in

434 1133 710 1189 exsilium
735 1135 1049 1189 miserunt.
1084 1137 1166 1189 Ac
1199 1135 1395 1189 caeteri
1428 1133 1670 1206 quidem
1713 1140 2004 1200 amentes,
2041 1139 2098 1187 et

434 1223 628 1278 brevis
648 1224 932 1295 temporis
955 1223 1501 1297 reges,gravissima
1521 1224 1676 1279 fame
1700 1222 2056 1279 laborabant
2079 1239 2092 1277 :

437 1316 539 1371 ille
567 1321 776 1372 contra
807 1316 908 1387 qui
944 1332 1088 1387 opes
1124 1333 1260 1371 suas
1292 1317 1681 1388 praemiserat,
1715 1315 1776 1369 in
1810 1321 2098 1386 perpetua

433 1423 635 1461 rerum
667 1406 839 1477 copia
859 1406 1038 1460 vitam
1064 1405 1310 1477 ducens,
1345 1412 1521 1476 atque
1543 1405 1780 1460 inﬁnita
1796 1404 2096 1476 voluptate

430 1497 657 1565 fruens,
723 1495 1089 1567 perﬁdorum
1123 1513 1190 1551 ac
1257 1496 1616 1552 sceleratum
1665 1496 1878 1550 civium
1937 1499 2099 1548 metu

433 1603 678 1660 prorsus
711 1586 967 1658 abjecto,
1002 1587 1436 1658 sapientissimi
1472 1585 1705 1642 consilii
1740 1586 1828 1641 sui
1859 1585 2100 1640 nomine

439 1679 683 1733 beatum
716 1693 778 1731 se
801 1675 1181 1748 praedicabat.

518 1768 620 1823 Hic
642 1784 818 1839 porro
842 1785 948 1840 per
968 1767 1268 1823 civitatem
1286 1785 1503 1824 vanum
1535 1768 1694 1823 hunc
1710 1772 1888 1838 atque
1912 1766 2101 1837 impo-

448 1864 671 1914 storem
687 1857 975 1913 mundum
993 1858 1400 1932 intellige.Per
1413 1861 1566 1915 cives
1583 1865 1779 1915 autem
1799 1858 2102 1929 principa-

447 1954 541 2004 tus
565 1953 622 2004 et
641 1953 960 2020 potestates
977 1948 1414 2012 daemonum,ac
1433 1948 1640 2004 mundi
1664 1954 1924 2003 rectores
1948 1952 2108 2001 tene-

443 2038 689 2094 brarum
713 2038 890 2110 hujus
922 2038 1147 2107 saeculi,
1169 2039 1270 2110 qui
1295 2055 1404 2094 nos
1430 2056 1537 2111 per
1564 2038 1884 2109 voluptatis
1910 2035 2110 2091 molli—

442 2130 586 2185 tiem
609 2129 1086 2198 inescant,atque
1127 2129 1188 2184 in
1222 2130 1494 2184 animum
1517 2128 1693 2183 nobis
1728 2127 2019 2182 inducunt
2049 2130 2114 2180 ut

458 2219 528 2275 de
544 2218 723 2274 rebus
736 2217 974 2273 caducis
988 2225 1046 2273 et
1058 2219 1576 2287 interituris,velut
1589 2217 1660 2271 de
1675 2215 2113 2272 immortalibus

451 2309 799 2380 cogitemus,
832 2313 1117 2379 tanquam
1174 2308 1404 2363 scilicet
1444 2324 1648 2363 earum
1679 2307 1906 2362 fructus
1942 2305 2114 2360 nobis

451 2403 778 2469 perpetuus
801 2413 868 2452 ac
901 2398 1301 2468 sempiternus
1317 2396 1554 2452 futurus
1573 2397 1820 2452 sit.Cum
1843 2396 2020 2468 igitur
2041 2395 2116 2450 ad

455 2486 620 2542 hunc
641 2487 889 2542 modum
911 2486 1144 2558 decepti
1171 2493 1349 2558 atque
1372 2488 1432 2542 in
1456 2487 1725 2543 fraudem
1749 2485 1990 2558 impulsi
2017 2503 2114 2540 su-

461 2592 736 2640 mus,nec
749 2577 820 2632 de
835 2578 1012 2632 certis
1027 2577 1146 2632 illis
1160 2593 1229 2633 ac
1242 2577 1622 2648 sempiternis
1645 2577 1836 2631 ullum
1851 2591 2115 2646 unquam

455 2665 776 2721 consilium
793 2665 1178 2734 iniimus,nec
1200 2665 1374 2720 nobis
1393 2665 1454 2720 in
1467 2665 1734 2721 futurum
1747 2682 1933 2719 arvum
1951 2664 2120 2735 quid-

453 2770 633 2827 quam
648 2755 1471 2826 recondidimus,repentinus
1494 2755 1890 2810 nobismortis
1910 2753 2119 2810 interi-

459 2851 554 2901 tus
580 2845 802 2918 ingruit
824 2847 1006 2918 (Prov.
1034 2852 1092 2914 ι).
1128 2849 1350 2901 Attum
1385 2845 1625 2901 demum
1648 2846 1840 2902 nudos
1873 2862 2002 2912 nos,
2029 2849 2116 2899 at-

457 2953 571 3008 que
585 2935 865 2992 omnibus
896 2937 1080 3008 hujus
1101 2937 1230 2991 vita:
1253 2936 1432 2992 rebus
1455 2936 1739 3008 spoliatos
1759 2935 2015 3007 improbi
2032 2934 2122 2989 illi

459 3043 527 3082 ac
550 3027 685 3082 saavi
707 3026 1091 3081 tenebrarum
1115 3027 1270 3080 cives
1285 3026 1739 3098 accipientes,ut
1760 3026 1860 3096 qui
1888 3032 2121 3096 tempus

467 3115 592 3171 illis
610 3131 786 3170 omne
809 3115 1306 3187 impenderimus,
1331 3115 1392 3169 in
1418 3122 1638 3170 terram
1663 3116 2042 3170 tenebrosam
2068 3120 2126 3169 et

457 3205 775 3261 obscuram
799 3204 1189 3272 abducunt,in
1215 3211 1432 3260 terram
1457 3205 1837 3277 sempiternas
1851 3205 2121 3277 caliginis

2201 594 2500 670 λυτοντήν
2550 607 2774 676 χρῆσιν,
2830 599 2919 654 καὶ
2979 593 3167 655 λαϐὼν
3237 595 3560 673 χρημάτων
3619 593 3832 671 πλῆθος,

2199 693 2409 763 χρυσοῦ
2439 711 2497 746 τε
2524 692 2610 746 καὶ
2647 689 2883 767 ἀργύρου
2926 690 3013 745 καὶ
3071 687 3244 743 λίθων
3303 685 3518 760 τιμίων
3570 683 3833 759 άδρότατον

2199 773 2385 852 ὄγκον,
2440 783 2787 845 πιστοτάτοις
2850 777 3128 856 παραδοὺς
3188 773 3456 845 οἰκέταις,
3514 774 3589 837 εἷς
3653 773 3836 848 ἐκείνην

2199 871 2573 946 προέπεμψεν,
2606 871 2682 935 εἰς
2711 875 2778 942 ἢν
2812 869 3044 945 ἔμελλεν
3095 868 3422 942 ἀπάγεσθαι,
3481 873 3666 935 νῆσον.
3722 872 3836 920 Συν-

2200 957 2550 1024 τελεσθέντος
2581 959 2640 1017 δὲ
2693 967 2792 1018 τοῦ
2850 961 3240 1036 ἐμπροθέσμου
3299 956 3581 1024 ἐνιαυτοῦ,
3641 959 3838 1010 στασιά-

2205 1069 2390 1111 σαντες
2421 1050 2473 1104 οἱ
2504 1051 2729 1106 πολῖται
2779 1056 2987 1125 γυμνὸν
3049 1047 3231 1119 αὐτὸν,
3292 1047 3373 1108 ὡς
3430 1043 3525 1100 καὶ
3581 1043 3704 1105 τοὺς
3753 1047 3841 1118 πρὸ

2203 1137 2390 1207 αὐτοῦ,
2423 1143 2490 1214 τῇ
2549 1137 2728 1214 ἐξορίᾳ
2787 1140 3172 1216 παρέπεμψαν.
3232 1135 3300 1193 Οἱ
3361 1135 3462 1208 μὲν
3526 1131 3619 1188 οὖν
3678 1131 3842 1189 λοιποὶ

2204 1227 2432 1298 ἀνόητοι
2466 1231 2556 1284 καὶ
2588 1231 2914 1304 πρόσκαιροι
2979 1226 3226 1304 βασιλεῖς
3281 1223 3481 1286 δεινῶς
3543 1223 3841 1297 ελίμωστον·

2205 1317 2232 1372 ὁ
2265 1315 2344 1387 δὲ,
2374 1319 2466 1374 τὸν
2495 1319 2734 1375 πλοῦτον
2769 1321 2924 1378 120
2980 1317 3436 1394 προαποθὲμενος
3492 1311 3716 1385 ἐκεῖνον,
3774 1313 3843 1368 εύσ

2207 1409 2369 1479 θηνίᾳ
2421 1406 2661 1480 διηνεκεῖ
2719 1413 2892 1479 συζῶν
2943 1409 3032 1464 καὶ
3086 1407 3298 1485 τρυφῆν
3363 1401 3647 1460 ἀδάπανον
3701 1398 3842 1476 ἔχων,

2206 1493 2376 1576 φόϐον
2433 1520 2492 1554 τε
2548 1498 2887 1555 παντάπασιν
2944 1497 3380 1570 ἀποσεισάμενος
3432 1497 3546 1549 τῶν
3628 1492 3841 1548 ἀτάκτων

2205 1587 2295 1640 καὶ
2323 1593 2581 1659 πονηρῶν
2606 1589 2877 1657 πολιτῶν,
2935 1594 3034 1658 τῆς
3099 1585 3428 1664 σοφωτάτης
3489 1581 3675 1638 ἑαυτὸν
3733 1580 3843 1656 ἐμαι-

2207 1678 2422 1753 κάριζεν
2456 1673 2766 1740 εὐϐουλίας.

2279 1767 2448 1822 Ιῐόλιν
2483 1766 2573 1822 οὖν
2607 1767 2716 1822 νόει
2753 1789 2845 1839 μοι
2878 1768 2971 1822 τὸν
3037 1765 3263 1839 μάταιον
3318 1768 3523 1821 τοῦτον
3581 1761 3671 1818 καὶ
3726 1763 3842 1818 ἀπα-

2210 1861 2384 1912 τεῶνα
2413 1858 2646 1931 κόσμον,
2679 1858 2916 1922 πολίτας
2947 1855 3004 1912 δὲ
3056 1855 3154 1918 τὰς
3202 1855 3382 1931 ἀρχάς
3425 1853 3520 1910 καὶ
3571 1852 3666 1915 τὰς
3721 1852 3843 1924 €509-

2218 1947 2334 2010 σίας
2363 1952 2468 2002 τῶν
2504 1945 2805 2022 δαιμόνων,
2837 1948 2965 2010 τοὺς
2996 1945 3454 2020 κοσμοκράτορας
3509 1947 3607 2000 τοῦ
3653 1943 3846 2005 σκότους

2216 2041 2314 2092 τοῦ
2347 2035 2545 2098 αἰῶνος
2574 2037 2774 2093 τούτου
2805 2040 2938 2110 (68),
2991 2035 3121 2098 τοὺς
3183 2031 3548 2103 δελεάζοντας
3610 2034 3748 2105 ἡμᾶς
3784 2037 3846 2103 τῷ

2221 2125 2356 2200 λείῳ
2387 2128 2484 2196 τῆς
2515 2124 2739 2196 ἡδονῆς,
2769 2126 2860 2182 καὶ
2907 2127 2982 2189 ὡς
3030 2125 3156 2202 περὶ
3206 2124 3506 2203 ἀφθάρτων
3564 2123 3848 2195 ὑποτιθεμέ-

2220 2237 2348 2279 νους
2403 2213 2732 2280 διανοεῖσθαι
2785 2220 2893 2271 τῶν
2953 2217 3204 2295 φθαρτῶν
3259 2212 3354 2269 καὶ
3446 2211 3739 2289 ἰπικήρων,
3789 2211 3845 2273 ὡς

2224 2304 2316 2361 ’ἁτε
2346 2304 2866 2376 συνδιαιωνιζούσης
2895 2308 3031 2379 ἡμῖν
3080 2303 3171 2360 καὶ
3233 2303 3477 2360 ἀθάνατα
3531 2309 3632 2373 τῆς
3675 2299 3845 2357 τούτων

2227 2396 2686 2473 συνυπαρχούσης
2741 2394 3117 2458 ἀπολαύσεως.
3180 2394 3374 2457 Οὕτως
3439 2391 3534 2449 οὖν
3591 2392 3848 2462 ἀπατηθέν-

2225 2488 2515 2559 τωνὴμῶν
2541 2486 2631 2542 καὶ
2678 2483 2951 2560 μηδεμίαν
3009 2482 3136 2561 περί
3187 2489 3294 2539 τῶν
3363 2483 3617 2558 μονίμων
3669 2480 3844 2537 ἐκείνων

2225 2575 2316 2630 καὶ
2349 2577 2586 2630 αἰωνίων
2625 2573 3100 2654 βουλευσαμένων,
3152 2575 3292 2648 μήτε
3341 2593 3396 2628 τι
3445 2573 3846 2646 ταμιευσαμὲνων

2233 2665 2446 2726 ἑαυτοῖς
2477 2663 2553 2726 εἷς
2579 2664 2669 2720 τὸν
2705 2662 2903 2728 ἐκεῖθεν
2932 2663 3074 2740 βίον,
3133 2661 3413 2741 αἰφνίδιος
3472 2665 3608 2736 ἡμῖν
3667 2659 3842 2738 ἐφίστα-

2225 2777 2313 2810 ται
2365 2749 2594 2830 ὄλεθρος
2629 2755 2783 2810 ὁτοῦ
2843 2755 3095 2819 θανάτου.
3154 2753 3286 2808 Τότε
3342 2750 3413 2822 δὴ
3474 2753 3599 2808 τότε
3651 2749 3842 2827 γυμνοὺς

2228 2847 2377 2918 ἡμᾶς
2409 2848 2516 2898 τῶν
2551 2843 2790 2909 ἐντεῦθεν
2824 2844 2875 2899 οἱ
2934 2841 3167 2920 πονηροὶ
3220 2841 3311 2898 καὶ
3370 2841 3564 2918 πικροὶ
3612 2839 3840 2914 δεξάμενοι

2228 2934 2456 2990 πολῖται
2485 2937 2582 2990 τοῦ
2610 2934 2858 3003 σκότους,
2890 2934 2967 2998 ὡς
3017 2931 3240 2995 ἐκείνοις
3296 2933 3394 2988 τὸν
3458 2934 3663 2988 ἅπαντα
3711 2950 3839 3005 προπ-

2229 3023 2614 3088 αναλὼσαντας
2677 3026 2900 3101 χρόνον,
2961 3025 3260 3101 ἀπάγουσιν
3324 3023 3408 3090 εἰς
3458 3025 3561 3100 γῆν
3612 3021 3838 3088 σκοτεινήν

2229 3115 2322 3170 καὶ
2351 3116 2637 3193 γνοφεράν,
2662 3116 2736 3178 εἷς
2765 3123 2866 3193 γῆν
2900 3116 3127 3178 σκότους
3187 3113 3443 3186 αἰωνίου,
3504 3113 3566 3169 οὗ
3621 3113 3710 3168 οὐκ
3759 3108 3836 3166 ἔστι

2232 3201 2454 3284 φέγγος,
2487 3203 2610 3260 οὐδὲ
2645 3205 2773 3281 ὁρᾷν
2809 3206 2954 3275 ζωήν
2991 3205 3202 3281 βροτῶν
3260 3207 3398 3276 (69).
3453 3197 3758 3277 Σύμῦονλον
3798 3195 3837 3252 δὶ

459 3295 564 3351 ubi
597 3295 699 3350 lux
729 3311 849 3350 non
882 3300 989 3362 est,
1007 3311 1117 3350 nec
1137 3295 1484 3350 mortalium
1516 3295 1694 3351 vitam
1727 3295 1947 3350 intueri
1979 3296 2113 3351 licet

2231 3294 2449 3372 ἀγαθὸν,
2479 3295 2572 3349 τὸν
2602 3295 2818 3365 τάληθῆ
2877 3298 3049 3353 πάντα
3103 3292 3454 3370 γνωρίσαντα
3511 3292 3601 3349 καὶ
3654 3293 3710 3346 τά
3754 3310 3833 3343 σω-

459 3386 602 3457 (Job.
619 3386 821 3456 x).Per
834 3384 1085 3456 probum
1109 3401 1243 3440 vero
1262 3385 1694 3453 consiliarium,
1714 3386 1813 3456 qui
1833 3386 2111 3456 prudenti

461 3492 530 3532 ac
560 3491 848 3547 perquam
905 3475 1156 3546 sapienti
1190 3475 1277 3529 illi
1308 3475 1429 3547 regi
1463 3475 1666 3531 omnia
1696 3493 1828 3530 vere
1859 3477 2111 3547 aperuit,

460 3583 530 3622 ac
561 3565 794 3621 sublata
830 3565 1084 3620 consilia
1115 3564 1377 3634 tradidit,
1403 3582 1498 3621 me
1529 3566 1705 3620 vilem
1736 3572 1794 3621 et
1823 3567 2114 3621 humilem

463 3655 899 3711 homunculum
917 3655 1314 3728 intellige,qui
1338 3655 1455 3711 huc
1473 3656 1694 3712 idcirco
1718 3657 1915 3725 venio,
1932 3662 1997 3711 ut
2011 3655 2117 3710 tibi

460 3747 616 3804 viam
645 3746 864 3803 bonam
897 3753 957 3802 et
980 3747 1052 3802 ab
1075 3748 1239 3803 omni
1271 3763 1468 3804 errore
1491 3747 1742 3803 liberam
1772 3764 2116 3803 commons-

459 3843 635 3908 trem,
669 3842 844 3908 teque
893 3837 968 3892 ad
1019 3838 1386 3909 sempiterna
1416 3842 1473 3892 et
1498 3855 1807 3909 nunquam
1855 3837 2120 3893 ﬁnienda

459 3927 622 3983 bona
644 3927 970 3994 traducam,
1005 3928 1265 4000 illucque
1284 3928 1484 3984 omnia
1511 3934 1612 3984 tua
1627 3928 1952 3984 recondere
1983 3946 2117 3985 sua-

462 4018 636 4074 deam
667 4023 994 4089 contraque
1023 4023 1074 4074 te
1106 4018 1178 4073 ab
1207 4019 1526 4090 impostore
1550 4019 1660 4074 hoc
1691 4019 1916 4074 mundo
1939 4019 2119 4075 abdu-

464 4126 616 4168 cam.
650 4111 834 4174 Quem
853 4109 1096 4180 quidem
1131 4109 1264 4181 ipse.
1280 4127 1514 4181 quoque
1547 4109 1870 4181 aliquando
1906 4111 2120 4166 misere

470 4201 767 4265 amabam,
785 4202 1034 4273 ejusque
1056 4202 1386 4274 voluptates
1418 4208 1476 4258 et
1495 4202 1934 4259 oblectamenta
1963 4220 2124 4259 com-

460 4289 1082 4363 plectebar.Cmterum
1095 4308 1230 4347 cum
1241 4293 1419 4348 rectis
1434 4293 1652 4348 mentis
1663 4295 1852 4349 oculis
1865 4293 2132 4349 animad.

462 4381 771 4436 vertissem
787 4380 1292 4452 quemadmodum
1314 4381 1376 4435 in
1392 4381 1484 4436 his
1497 4380 1675 4436 rebus
1690 4382 1964 4437 universa
1981 4399 2131 4437 mor-

468 4470 679 4526 talium
697 4471 815 4526 vita
834 4471 1184 4539 conteritur,
1207 4470 1341 4526 aliis
1364 4471 1651 4526 nimirum
1683 4471 2125 4541 accedentibus,

470 4560 606 4616 aliis
632 4560 1082 4629 decedentibus,
1105 4577 1216 4617 nec
1241 4561 1366 4616 ullo
1389 4561 1634 4617 omnino
1654 4562 1828 4618 firma
1849 4567 1907 4616 et
1929 4562 2128 4618 stabili

2222 3387 2387 3461 τῆρια
2415 3382 2699 3456 διδάξαντα
2732 3382 3142 3458 ἐπιτηδεύματα
3170 3389 3249 3458 τῷ
3305 3389 3516 3458 συνετῷ
3558 3382 3645 3440 καὶ
3687 3399 3824 3456 699w-

2223 3476 2371 3549 τάτῳ
2407 3473 2645 3551 βασιλεῖ,
2676 3477 2775 3546 τὴν
2837 3475 2976 3549 ἐμὴν
3022 3469 3386 3549 ὗποΛάμϐανε
3430 3474 3623 3544 εὐτελῆ
3661 3482 3823 3547 χθιμα-

2227 3563 2459 3633 λότητα,
2492 3564 2550 3627 ὅς
2581 3567 2680 3635 τήν
2713 3564 2924 3640 ἀγαθὴν
2957 3561 3084 3620 ὁδὸν
3111 3564 3200 3620 καὶ
3235 3565 3461 3636 ἀπλανῆ
3498 3558 3746 3631 ὕποδεῖξαί
3768 3575 3830 3610 σοι

2226 3657 2370 3724 ἣκω,
2401 3660 2519 3718 τοῖς
2549 3653 2793 3716 αἰωνίοις
2830 3654 2924 3728 μὶν
2957 3655 3045 3710 καὶ
3080 3652 3471 3726 ἀτελευτήτοις
3527 3654 3712 3729 ἐνάγων
3752 3643 3831 3700 κά-

2227 3751 2376 3800 κεῖσε
2405 3746 2580 3800 πάντα
2607 3739 3002 3819 συμϐουλεύων
3035 3743 3358 3815 ἀποθέσθαι,
3416 3743 3637 3820 ἀπάγων
3679 3736 3728 3793 δὶ
3763 3736 3834 3787 τοῦ

2231 3833 2440 3891 πλάνου
2471 3833 2683 3908 κόσμου
2716 3835 2859 3892 121
2909 3833 3130 3903 τούτου,
3189 3832 3355 3909 ὅνπερ
3407 3833 3559 3909 κάγὼ
3604 3827 3838 3901 δυστυχῶς

2232 3925 2480 4004 ἐφίλουν,
2508 3925 2734 3980 καὶτῶν
2767 3924 2932 3980 αὐτοῦ
2991 3923 3328 4000 ἀντειχόμην
3390 3928 3632 4002 τερπνῶν
3684 3938 3736 3973 τε
3774 3911 3841 4009 καὶ

2232 4013 2674 4072 ἀπολαυστικῶν.
2737 4016 3089 4087 Κατανοήσας
3150 4011 3208 4069 δὲ
3258 4019 3380 4078 τοῖς
3441 4011 3694 4070 ἀπλανέσι
3771 4021 3842 4058 του

2233 4105 2358 4168 νοὸς
2393 4101 2706 4184 ὀφθαλμοῖς
2736 4109 2854 4167 πῶς
2885 4103 2936 4160 ἐν
2967 4103 3184 4167 τούτοις
3233 4110 3338 4167 πᾶς
3371 4105 3400 4160 ὁ
3425 4107 3532 4160 τῶν
3589 4095 3841 4184 ἀνθρώπινγ

2235 4190 2617 4271 κατατρίϐεται
2653 4193 2794 4270 βίος,
2855 4199 2964 4251 τῶν
3015 4194 3111 4269 μὲν
3157 4195 3628 4272 παραγινομένων,
3673 4191 3764 4242 τῶν
3803 4178 3844 4272 ὃξ

2239 4283 2606 4362 ἀπαιρόντων,
2638 4285 2726 4341 καὶ
2755 4283 2992 4358 μηδενὸς
3025 4282 3253 4362 ἔχοντος
3279 4285 3342 4340 τὸ
3402 4280 3657 4358 στάσιμόν
3681 4297 3735 4333 τε
3775 4268 3843 4327 καὶ

2243 4372 2485 4454 βέϐαιον,
2519 4378 2659 4450 μήτε
2688 4381 2794 4432 τῶν
2826 4376 3212 4434 πλουτούντων
3245 4375 3296 4432 ἐν
3327 4381 3409 4450 τῷ
3440 4372 3681 4444 πλούτῳ,
3737 4365 3844 4440 μήτε

2238 4472 2346 4522 τῶν
2381 4465 2618 4523 δυνατῶν
2651 4465 2704 4522 ἐν
2735 4471 2804 4543 τῇ
2839 4466 3014 4544 ἰσχύϊ,
3050 4469 3190 4540 μήτε
3218 4471 3326 4522 τῶν
3356 4471 3538 4542 σοφῶν
3567 4461 3617 4518 ἐν
3673 4460 3734 4532 τῇ
3776 4472 3844 4544 σο·

2241 4559 2356 4638 φίᾳν
2418 4557 2547 4634 μηδ’
2604 4558 2670 4614 αὖ
2723 4565 2831 4615 τῶν
2892 4558 3308 4636 εὐημερούντων
3365 4555 3418 4612 ἐν
3473 4559 3544 4631 τῇ
3601 4542 3842 4622 εὐημερίᾳ,

471 4651 611 4707 sede
643 4651 986 4718 constituto,
1007 4651 1117 4706 hoc
1139 4657 1248 4719 est,
1273 4668 1384 4707 nec
1410 4651 1690 4708 divitibus
1714 4657 1772 4707 et
1791 4652 2113 4724 c0piosisin

2236 4636 2377 4726 μήτε
2433 4655 2542 4705 τῶν
2599 4652 2935 4727 τρυφώντων
2993 4649 3045 4705 ἐν
3105 4651 3175 4723 τῇ
3249 4646 3528 4724 σπατάλῃ,
3585 4644 3716 4718 μήτε
3761 4636 3844 4729 τῶξ

467 4739 702 4812 opibus,
736 4756 846 4796 nec
888 4739 1229 4811 potentibus
1267 4741 1329 4795 in
1360 4741 1646 4812 potentia,
1680 4758 1791 4797 nec
1838 4741 2126 4813 sapienti-

467 4829 582 4886 bus
613 4828 676 4884 in
699 4829 1010 4901 sapientia,
1029 4845 1139 4886 nec
1163 4830 1234 4886 iis
1259 4830 1477 4902 quibus
1498 4846 1784 4902 prospere
1799 4848 1894 4887 res
1925 4846 2130 4886 succe-

470 4920 641 4992 dunt,
671 4919 732 4975 in
763 4921 1178 4993 prosperitate,
1211 4937 1322 4976 nec
1371 4921 1536 4975 luxui
1561 4921 1778 4976 deditis
1802 4922 1863 4977 in
1895 4921 2039 4977 luxu
2071 4924 2130 4976 et

467 5011 757 5084 cupediis,
783 5012 983 5068 neciis
1002 5012 1108 5083 qui
1139 5027 1346 5066 secure
1379 5011 1489 5066 sibi
1523 5013 1713 5067 vivere
1735 5013 2034 5078 videntur,
2067 5013 2127 5067 in

465 5103 630 5158 inani
646 5118 752 5159 sua
765 5101 1316 5158 etimbecillissima
1334 5102 1525 5156 securi
1537 5107 1654 5159 tate
1666 5119 1776 5159 nec
1791 5104 1854 5158 in
1871 5104 1997 5159 ulla
2011 5104 2130 5159 alia

462 5212 528 5251 re
556 5211 625 5250 ex
640 5194 712 5251 iis
733 5212 864 5266 qua:
879 5193 1158 5250 laudibus
1173 5194 1746 5249 efferuntur.Verum
1761 5195 1887 5251 Ι]ωο
1905 5212 2000 5250 res
2016 5201 2128 5251 tor-

464 5285 726 5341 rentium
776 5300 1066 5355 aquarum
1098 5283 1160 5336 in
1197 5281 1565 5354 profundum
1599 5301 1761 5340 mare
1795 5285 2125 5341 labentium

467 5374 973 5431 transituisimilis
996 5379 1113 5442 est;
1131 5371 1341 5428 eodem
1375 5372 1534 5428 enim
1557 5374 1729 5430 modo
1744 5374 1905 5432 fluxa
1920 5381 2132 5431 suntet

2241 4741 2499 4818 ἀσφαλῶς
2530 4739 2836 4798 δοκούντων
2896 4745 3047 4820 βιοῦν
3082 4741 3132 4797 ἐν
3189 4745 3259 4817 τῇ
3321 4739 3522 4815 ματαίᾳ
3574 4735 3735 4791 αὐτῶν
3777 4741 3844 4832 Tal

2238 4830 2604 4908 ἀδρανεστάτῃ
2635 4831 2922 4912 ἀσφαλείᾳ,
2959 4834 3101 4908 μήτε
3152 4830 3204 4886 ἐν
3265 4829 3425 4904 ἄλλῳ
3475 4826 3582 4884 τινὶ
3634 4824 3734 4878 τῶν

2237 4921 2410 4988 τοίῦθα
2439 4921 2872 4998 ἐπαινουμένων,
2905 4920 3032 4979 ἀλλ’
3073 4919 3216 4978 ἔοικε
3266 4921 3329 4978 τὸ
3373 4924 3600 4995 πρᾶγμα
3644 4913 3844 5005 χειιιάἶς

2239 5013 2348 5091 ῥων
2381 5012 2612 5090 παρόδῳ
2642 5014 2937 5090 ἀμετρήτῳ
2969 5012 3248 5084 θαλάσσης
3303 5008 3675 5097 ἐμπιπτόντων
3725 5000 3844 5097 βυθιῖξ

2237 5104 2458 5180 (ῥευστά
2483 5104 2584 5182 γὰρ
2616 5108 2731 5178 (70)
2763 5103 2937 5167 οὕτως
2993 5103 3092 5159 εἶσὶ
3155 5102 3225 5158 τά
3279 5101 3520 5178 παρόντα
3569 5092 3733 5151 πάντα
3775 5092 3842 5139 καί

2239 5193 2564 5270 πρόσκαιρα)
2598 5201 2803 5264 συνῆκα
2857 5193 3025 5256 ὡςτά
3077 5196 3302 5248 τοιαῦτα
3356 5193 3554 5264 μάταια
3601 5183 3842 5255 σύμπαντα

2237 5285 2328 5339 καὶ
2361 5281 2548 5356 ὄνησις
2581 5284 2756 5340 αὐτῶν
2793 5281 3039 5358 οὐδεμία,
3075 5282 3228 5348 ἀλλ’,
3279 5283 3460 5357 ὥσπερ
3513 5278 3577 5332 τὰ
3619 5271 3842 5358 πρότεξθν

2237 5376 2410 5431 πάντα
2442 5374 2586 5451 λήθῃ
2613 5377 2935 5452 κέκρυπται,
2988 5372 3095 5431 εἴτε
3149 5371 3306 5445 δόξαν
3365 5370 3555 5442 ε’ίποις,
3609 5362 3706 5420 ε’ίτε
3757 5355 3840 5432 βα·

538 5548 650 5635 (68)
682 5548 866 5635 Ερίεειιἔ
899 5547 972 5604 ad
997 5547 1218 5635 ‘Ephes.
1251 5565 1325 5615 v1,
1355 5550 1466 5634 '42:
1500 5544 1615 5604 Οὐκ
1644 5545 1799 5635 ἔστιν
1829 5549 1964 5621 ἡμῖν
1996 5549 2113 5635 ἡΙπε

2246 5547 2383 5623 πρὸς
2403 5550 2540 5624 αἷμα
2569 5549 2659 5607 καὶ
2690 5549 2881 5628 σάρκα,
2909 5548 3057 5608 ἀλλᾶ
3085 5547 3226 5627 πρὸς
3257 5547 3352 5612 τὰς
3382 5543 3555 5625 ἀρχὰς
3595 5535 3719 5614 πρὸς
3762 5527 3840 5586 τά(

469 5615 494 5669 ὲ
538 5549 650 5674 (682
682 5549 866 5638 Epist:
899 5549 972 5604 ad
997 5549 1218 5635 ‘Ephes.
1251 5565 1325 5615 v1,
1355 5550 1466 5634 '42:
1500 5549 1615 5604 Οὐκ
1644 5549 1795 5634 ἔστιν
1829 5549 1964 5621 ἡμῖν
1996 5549 2176 5641 ἡΙπάλ

497 5617 621 5693 ξουσ
649 5639 734 5687 ας,
756 5639 900 5693 -προς
927 5639 1054 5680 τους
1083 5638 1538 5693 κοσμοκρατορας
1576 5639 1674 5674 του
1706 5621 1932 5682 σκότους
1960 5639 2177 5679 τουτου.

569 5692 658 5761 69)
685 5691 791 5747 Job
810 5691 878 5759 κ,
910 5695 999 5748 22.

539 5690 658 5831 (69)
685 5690 878 5759 Job'x,
910 5695 999 5748 22.
1194 5690 1198 5691 ⁷
1303 5690 1312 5692 “
1441 5690 1450 5693 ⁷

561 5762 650 5832 70)
682 5762 994 5835 Gregorius
1026 5763 1157 5820 Naz.
1191 5768 1338 5821 orat.
1371 5763 1463 5833 l6,
1494 5780 1627 5837 pag.
1661 5765 1758 5821 251
1793 5783 1807 5822 :
1841 5765 1918 5820 Τὰ
1952 5764 2048 5839 μὶν
2079 5787 2112 5844 γ

2224 5763 2326 5823 ἑστι
2355 5759 2551 5846 ῥευστά
2580 5765 2668 5824 καὶ
2703 5770 3031 5848 πρόσκαιρα.
