4100 6388
277 372 390 430 985

1460 378 1635 432 VITA
1671 375 2028 432 BARLAAM
2063 375 2157 431 ΕΤ
2191 377 2539 434 JOASAPH.

3583 366 3706 425 ’986

281 496 514 566 σιλείαν,
573 495 680 552 εἳτε
747 497 1072 572 ἀξιωμάτων
1141 496 1562 574 λαμπρότητας,
1617 498 1724 554 εἴτε
1782 496 1941 552 δυνα-

2084 501 2286 574 ragilia
2317 502 2518 557 omnia
2549 501 2866 574 praesentia
2913 501 3058 555 llinc
3093 499 3320 554 scilicet
3343 499 3469 552 haec
3499 495 3704 552 omnia

289 585 468 651 στείας
517 581 702 662 ὄγκον,
757 584 864 641 εἴτε
919 587 1195 664 τυράννων
1255 587 1588 662 θρασύτητα,
1621 584 1730 642 εἷ’τε
1759 591 1946 642 τιτῶν

291 676 584 747 τοιούτων,
633 675 807 738 οὕτως
864 677 953 730 καὶ
1011 676 1080 732 τὰ
1127 675 1393 732 ἐνεστῶτα
1441 677 1518 740 εἷς
1549 676 1676 739 τοὺς
1707 678 1829 750 ἑξῆς
1858 675 1947 730 καὶ

295 765 584 841 μετέπειτα
655 765 893 842 χρόνους
967 765 1446 842 ἀμαυρωθήσεται.
1533 770 1734 841 Ὧνπερ
1793 766 1948 840 κάγὼ

289 858 368 920 εἷς
401 857 668 932 ὑπάρχων
723 859 792 930 τῇ
849 857 1070 926 συνήθει
1127 857 1344 920 παντως
1399 857 1698 914 ἀλλοιώσει
1745 858 1948 911 ὑποπε·

285 950 514 1020 σοῢμαι,
546 947 636 1002 καὶ
667 947 847 1010 καθὼς
899 946 952 999 οἱ
1001 947 1108 1022 πρὸ
1159 946 1298 1020 ἐμοῦ
1330 946 1400 1002 δι’
1432 948 1629 1012 αἰῶνος
1657 948 1946 1024 τέρπεσθαι

285 1041 406 1099 τοῖς
463 1040 728 1114 παροῦσιν
787 1035 848 1090 οὐ
909 1039 1396 1114 συνεχωρήθησαν,
1457 1037 1632 1098 οὕτως
1678 1037 1824 1093 ἔσται
1857 1041 1947 1093 καὶ

285 1126 372 1182 ἐπ’
403 1125 548 1200 ἐμοί.
584 1123 844 1182 Κατεῐόον
901 1126 1004 1203 γὰρ
1054 1127 1142 1182 οἷα
1186 1127 1318 1189 τοὺς
1349 1129 1665 1203 ἀνθρώπους
1697 1130 1724 1183 ὁ
1754 1125 1949 1196 τύραν-

285 1232 384 1278 νος
460 1216 620 1278 αὗτος
701 1217 790 1270 καὶ
879 1214 1213 1292 ταραχώδης
1269 1218 1657 1294 κατεργάζεται
1716 1217 1950 1291 κόσμος,

291 1305 598 1378 μετατιθεὶς
653 1305 848 1361 αὐτους
906 1305 1141 1362 ἐντεὺθεν
1197 1309 1464 1376 κάκεῖθεν,
1529 1311 1682 1368 I22
1725 1308 1817 1369 οὕς
1853 1307 1947 1380 μὲν

289 1393 353 1450 ἐκ
381 1395 626 1450 πλούτου
655 1397 795 1472 πρὸς
824 1396 1028 1466 πενίαν,
1081 1397 1172 1458 οὕς
1233 1394 1290 1451 δὲ
1345 1397 1406 1452 ἐκ
1442 1399 1630 1461 πενίας
1660 1397 1736 1459 εἷς
1769 1394 1948 1467 δόξαν,

292 1486 524 1549 τούτους
557 1487 653 1560 μὲν
691 1487 968 1564 ὑπεξάγων
995 1491 1092 1542 τοῦ
1140 1487 1284 1563 βίου,
1318 1485 1526 1551 ἄλλους
1557 1486 1614 1543 δὲ
1646 1486 1798 1552 αὖθις
1829 1488 1950 1541 ἀντ-

293 1577 556 1651 εισαγών,
611 1577 758 1639 τινὰς
824 1579 918 1650 μὲν
975 1577 1178 1655 σοφοὺς
1237 1578 1326 1632 καὶ
1386 1578 1637 1640 συνετοὺς
1687 1575 1949 1632 ἂποδοκι-

301 1667 515 1740 μαζῶν,
571 1666 798 1741 ἀτίμους
856 1688 914 1722 τε
969 1669 1060 1722 καὶ
1113 1669 1350 1731 εὐτελεῖς
1406 1669 1534 1732 τοὺς
1593 1669 1808 1743 τιμίους
1861 1667 1950 1723 καὶ

297 1761 612 1836 περιφανεῖς
669 1756 1057 1832 ἐκγαζόμενος,
1115 1755 1325 1821 ἄλλους
1361 1757 1418 1814 δὲ
1457 1759 1692 1838 ἀσόφους
1749 1780 1808 1814 τε
1858 1757 1950 1814 καὶ

2061 606 2207 645 vana
2229 607 2378 658 esse,
2404 607 2599 661 neque
2621 591 2948 662 quidquam
2979 588 3253 644 utilitatis
3281 587 3498 643 habere
3529 584 3706 640 intel-

2059 679 2357 744 lexi.Quin
2381 680 2578 751 potius
2596 679 3102 752 quemadmodum
3125 679 3326 749 priora
3342 675 3544 730 omnia
3565 673 3709 728 obli-

2059 769 2228 824 vione
2247 769 2458 824 obruta
2475 773 2756 841 sunt(sive
2779 771 3028 840 gloriam
3047 767 3419 832 dixeris,sive
3438 777 3708 834 regnum,

2061 859 2180 914 sive
2201 859 2554 928 dignitatum
2580 862 3108 932 splendorem,sive
3135 857 3412 931 potentiw
3436 853 3710 924 amplitu-

2061 949 2285 1016 dinem,
2319 949 2436 1002 sive
2469 957 2860 1021 tyrannorum
2883 951 3215 1012 audaciam,
3240 949 3358 1003 sive
3383 944 3526 1016 quid
3549 939 3710 997 aliud

2061 1039 2332 1109 ejusdem
2363 1040 2642 1110 generis),
2667 1042 2876 1094 eodem
2923 1041 3098 1095 modo
3125 1035 3446 1111 praesentia
3473 1047 3708 1104 quoque

2059 1127 2300 1183 tandem
2317 1133 2578 1184 vetustas
2595 1130 3218 1195 obscurabit.Quorum
3235 1129 3292 1182 in
3309 1141 3557 1182 numero
3575 1137 3712 1177 cum

2061 1219 2187 1290 ipse
2201 1233 2438 1290 quoque
2454 1220 2894 1286 sim,consuetae
2908 1219 3306 1274 immutationi
3323 1231 3565 1288 prorsus
3580 1211 3714 1268 sub-

2052 1309 2251 1379 jicior.
2279 1309 2526 1364 Utenim
2547 1310 2618 1364 iis
2641 1311 2742 1381 qui
2764 1315 2900 1364 ante
2929 1326 3020 1363 me
3055 1309 3426 1372 exstiterunt,
3451 1319 3712 1376 praesen-

2061 1399 2210 1452 tium
2229 1414 2428 1453 rerum
2449 1399 2848 1472 voluptatibus
2867 1405 3152 1471 perpetuo
3173 1397 3286 1451 frui
3307 1396 3552 1450 minime
3575 1408 3712 1448 con-

2061 1505 2294 1543 cessum
2313 1490 2514 1556 est,sic
2531 1507 2606 1546 ne
2625 1491 2768 1545 mihi
2791 1490 3028 1561 quidem
3051 1482 3710 1543 concedetur.A11imad-

2059 1580 2204 1632 verti
2227 1579 2410 1648 enim,
2436 1580 2938 1651 quemadmodum
2975 1587 3258 1651 tyrannus
3281 1577 3375 1630 hic
3398 1591 3465 1629 ac
3496 1572 3711 1627 turbu-

2061 1667 2260 1723 lentus
2283 1670 2542 1726 mundus
2583 1672 2857 1726 homines
2885 1675 3116 1728 tractet.
3152 1685 3250 1722 eos
3281 1664 3568 1720 nimirum
3599 1661 3716 1716 huc

2061 1763 2238 1827 atque
2259 1758 2402 1814 illuc
2421 1760 2740 1829 invertens,
2766 1761 2875 1815 hos
2898 1759 3124 1814 scilicet
3148 1773 3218 1810 ex
3239 1754 3454 1826 opibus
3479 1751 3552 1806 ad
3585 1765 3718 1822 ege-

295 1848 592 1908 ἀσυνέτους
648 1845 735 1900 ἐπὶ
789 1847 986 1922 θρόνου
1043 1851 1284 1918 καθίζων
1345 1846 1506 1922 δόξης,
1555 1836 1684 1923 (Ἡ),
1731 1847 1952 1923 τιμίους

2084 1852 2297 1914 tatem,
2325 1849 2460 1904 illos
2487 1867 2692 1905 rursus
2747 1867 2818 1906 ex
2867 1849 3214 1922 gravissima
3263 1845 3610 1916 paupertate
3641 1836 3717 1894 ad

2102 1941 2117 1952 ι
2200 1941 2210 1951 ι
2359 1942 2370 1952 ι
2579 1942 2612 1952 α.
2701 1941 2716 1952 .
2942 1940 2998 1952 ..ι
3370 1947 3553 1952 κέκμμ.
3585 1929 3711 1952 ι-,....

287 1955 356 1990 τε
382 1935 510 2000 τοὺς
532 1935 760 2009 ἀτίμους
791 1936 881 1990 καὶ
913 1937 1134 2016 ἀφανεῖς
1165 1942 1294 1992 πᾶσι
1323 1936 1604 1995 δεικνύων.

2065 1941 2336 2012 gloriam,
2359 1942 2465 1996 hos
2489 1958 2518 1996 e
2541 1942 2660 1997 vita
2685 1940 3073 2005 ducens,illos
3096 1953 3332 1992 rursum
3357 1947 3560 1988 eorum
3585 1929 3714 1985 loco

289 2024 363 2080 in
395 2024 574 2080 vitam
605 2026 930 2096 inducens;
963 2029 1262 2099 sapientes
1294 2029 1584 2100 quosdam
1615 2034 1674 2084 et
1703 2029 2045 2102 ingeniosos
2075 2029 2230 2084 viros
2261 2029 2607 2101 improbans
2639 2046 2705 2084 ac
2735 2029 3038 2100 rejiciens,
3073 2041 3294 2096 eosque
3347 2022 3448 2094 qui
3495 2021 3556 2074 in
3607 2020 3717 2071 ho-

286 2131 444 2172 nore
475 2132 544 2172 ac
569 2115 888 2188 splendore
921 2123 1110 2188 erant,
1144 2123 1518 2192 contemptos
1567 2125 1624 2175 et
1666 2118 2061 2192 despicabiles
2111 2118 2367 2174 reddens
2395 2137 2408 2189 ;
2459 2120 2610 2175 alios
2655 2126 2862 2174 contra
2891 2117 3244 2188 insipientes
3275 2131 3344 2168 ac
3375 2109 3622 2167 stolidos
3653 2107 3716 2162 in

283 2206 501 2278 glorias
534 2207 746 2262 throno
777 2207 1099 2277 collocans,
1133 2225 1352 2280 eosque
1385 2210 1486 2280 qui
1531 2209 1746 2282 abjecti
1798 2215 1857 2263 et
1909 2208 2146 2264 obscuri
2199 2215 2389 2278 erant,
2425 2210 2508 2264 ita
2537 2211 2814 2276 evehens,
2844 2214 2910 2263 ut
2937 2207 3084 2279 ipsis
3114 2205 3186 2260 ab
3214 2202 3492 2260 omnibus
3526 2201 3720 2254 honor

283 2295 612 2352 tribuatur.

371 2384 477 2442 Καὶ
525 2380 668 2442 ἔστιν
725 2383 857 2442 ἰδεῖν
907 2388 968 2444 τὸ
996 2392 1104 2444 τῶν
1165 2387 1466 2464 ἀνθρώπων
1498 2389 1660 2465 γένος
1695 2385 1960 2462 μηδόλως

291 2475 438 2530 κατὰ
466 2475 766 2552 πρόσωπον
821 2484 920 2547 τῆς
978 2479 1148 2533 αὐτοῦ
1205 2479 1451 2550 ἀπηνοῦς
1481 2477 1796 2555 τυραννίδος
1826 2473 1956 2553 ἔχον

292 2563 507 2619 στάσινο
566 2563 713 2636 ἀλλ“,
775 2566 850 2628 ὡς
907 2565 1032 2622 ὅταν
1104 2570 1418 2645 περιστερὰ,
1476 2570 1750 2647 φεύγουσα
1806 2569 1958 2622 ἀετὸν

295 2654 414 2712 εἴτε
471 2655 680 2731 ἱέρακα,
741 2657 942 2722 τόπους
1030 2659 1089 2714 ἐκ
1165 2659 1349 2715 τόπων
1427 2657 1646 2735 ἀμείϐῃ,
1721 2663 1810 2714 νῦν
1869 2658 1963 2731 μὲν

299 2745 486 2820 τούτῳ
514 2750 592 2818 τῷ
621 2744 844 2823 δένδρῳ,
893 2746 1044 2812 αὖθις
1089 2748 1274 2822 ἐκείνῳ
1316 2749 1394 2822 τῷ
1439 2761 1652 2824 θαμνῳ,
1686 2750 1778 2804 εἶτ’
1809 2748 1965 2812 εὐθὺς

312 2835 595 2914 τρώγλαις
635 2841 745 2892 τῶν
808 2843 1020 2914 πετρῶν
1079 2840 1170 2894 καὶ
1227 2842 1511 2902 παντοίαις
1561 2841 1813 2901 ἀκάνθαις
1843 2839 1964 2892 ἑαυ-

309 2927 416 2994 τὴν
449 2929 918 3003 προσαράσσουσα,
974 2929 1065 2984 καὶ
1123 2927 1372 3004 οὐδαμοῦ
1431 2931 1758 3007 εὗρίακουσα
1795 2949 1968 3003 προσ-

2141 2393 2222 2448 Λο
2253 2407 2496 2448 cernere
2529 2387 2959 2458 est,hominum
2984 2403 3170 2462 genus
3201 2387 3283 2440 ita
3313 2384 3723 2454 comparatum

2073 2490 2295 2550 esse,ut
2308 2487 2444 2538 ante
2459 2481 2762 2537 crudelem
2778 2480 2964 2551 ipsius
2979 2477 3356 2551 tyrannidem
3369 2471 3522 2528 nihil
3539 2467 3728 2524 omni-

2071 2591 2148 2629 no
2183 2575 2421 2628 ﬁrmum
2445 2589 2512 2628 ac
2535 2571 2746 2628 stabile
2771 2571 3004 2626 haheat.
3029 2565 3542 2634 Quemadmodum
3565 2559 3726 2614 enim

2073 2665 2350 2720 columba
2362 2664 2622 2734 aquilam
2637 2662 3093 2733 autaccipitrem
3115 2656 3570 2731 fugiens,locum
3589 2650 3727 2705 sub-

2075 2757 2212 2812 inde
2232 2761 2650 2818 commutat,ac
2673 2771 2830 2810 nunc
2855 2751 3096 2822 quidem
3115 2750 3174 2802 in
3197 2749 3308 2802 hac
3327 2745 3726 2808 arbore,nunc

2077 2853 2276 2901 autem
2301 2845 2360 2900 in
2385 2845 2488 2899 illo
2510 2844 2816 2908 frutice,ac
2839 2839 3054 2895 deinde
3079 2839 3142 2892 in
3164 2835 3402 2906 rupium
3433 2828 3726 2896 cavernis,

2079 2953 2146 2991 ac
2179 2935 2354 2990 variis
2378 2935 2567 3006 spinis
2593 2933 2804 3004 pedem
2828 2932 3096 3002 aiﬁgens,
3117 2943 3226 2982 nec
3251 2931 3444 2978 tutum
3473 2933 3730 2990 usquam

307 3017 508 3096 φύγιον
539 3016 798 3096 ἀσφαλὲς,
844 3017 897 3074 ἐν
957 3019 1110 3093 σάλῳ
1165 3021 1254 3075 καὶ
1313 3019 1650 3076 ταλαντώσει
1680 3019 1964 3075 ταλαιπω-

2084 3026 2420 3098 perfugium
2455 3025 2782 3084 inveniens,
2805 3023 2865 3076 iu
2887 3025 3174 3093 perpetua
3196 3014 3522 3088 jactatione
3554 3017 3730 3078 atque

307 3112 488 3184 ρεῖται
575 3105 837 3178 διηνεκεῖ,
925 3107 1098 3170 οὕτως
1183 3106 1316 3164 εἰσὶν
1406 3109 1456 3163 οἱ
1528 3114 1644 3171 τοῖς
1704 3110 1967 3183 παροῦσιν

304 3195 672 3271 ἐπτοημένοι,
707 3197 792 3275 ὑφ’
824 3199 1005 3274 ὁρμῆς
1033 3199 1128 3272 μὶν
1151 3197 1452 3274 ἀλογίστου
1480 3198 1719 3253 ἁθλίσως
1743 3201 1975 3252 πονοῦν-

305 3308 425 3356 τες,
462 3285 728 3363 μηδόλως
761 3286 822 3344 δὲ
857 3310 910 3344 τι
959 3284 1176 3365 ἔχοντες
1231 3285 1449 3366 βέϐαιον
1479 3289 1516 3359 ἢ
1549 3287 1810 3360 ἀσφαλὲς,
1849 3287 1976 3361 μήτ’

313 3379 670 3452 ἐπιστάμενοι
731 3379 809 3442 εἰς
865 3379 1056 3434 ὁποῖον
1126 3384 1425 3434 καταντῶσι
1481 3378 1665 3448 τέλος,
1723 3377 1816 3432 καὶ
1871 3380 1976 3431 ποῦ

311 3469 547 3532 τούτους
577 3470 606 3524 ὁ
643 3470 870 3543 μάταιος
913 3465 1028 3544 ἄγει
1081 3470 1228 3544 βίος,
1275 3471 1321 3541 ᾧ
1359 3469 1724 3539 καθυπέταξαν
1757 3465 1980 3530 ἑαυτοὺς

321 3557 448 3614 λίαν
507 3557 794 3635 δυστυχῶς
851 3559 942 3614 καὶ
1001 3558 1230 3626 ἀθλίως,
1289 3559 1506 3635 πονηρὰ
1575 3559 1670 3630 μὲν
1726 3556 1979 3631 ἑλομενοι

325 3648 448 3703 ἀντὶ
479 3649 714 3723 ἀγαθῶν,
777 3648 1123 3721 μετελθόντες
1181 3647 1237 3703 δὲ
1292 3649 1482 3704 κακίαν
1513 3648 1630 3703 ἀντὶ
1663 3647 1983 3724 χρηστότη-

325 3741 444 3809 τοξ,
479 3740 513 3808 ἢ
545 3738 625 3802 τίς
654 3739 682 3792 ὁ
711 3740 806 3801 τὰς
860 3739 1078 3814 ψυχρὰς
1125 3743 1230 3793 τῶν
1283 3738 1513 3794 πολλῶν
1541 3737 1632 3793 καὶ
1677 3741 1980 3812 μοχθηρῶν

329 3829 508 3884 αὐτῶν
562 3832 822 3902 καμάτων
883 3825 1263 3902 διαδεξάμενος
1330 3827 1675 3903 ἐπικαρπίας,
1737 3827 1844 3881 εἴτε
1901 3825 1985 3880 οἰ-

325 3924 497 3989 κεῖος,
533 3918 640 3974 εἴτε
669 3914 987 3992 ἀλλότριος·
1037 3919 1126 3974 καὶ
1173 3916 1448 3980 πολλάκις
1488 3915 1613 3972 οὐδὲ
1643 3916 1806 3994 φίλος
1835 3915 1984 3977 ὅλως

333 4013 360 4036 σε
550 4011 640 4048 ,πρ
704 4010 714 4028 ’
737 4009 791 4066 λ“
815 4011 826 4030 ⁹
862 4010 874 4028 τ
1003 4009 1016 4028 ‘
1089 4030 1100 4040 .
1161 4009 1175 4028 ‘
1209 4031 1249 4044 ε..
1327 4009 1344 4038 .'.
1459 4030 1480 4042 ι

324 4035 362 4083 η
395 4031 664 4087 γνωσιος,
699 4031 731 4064 α
776 4027 807 4066 Λ
857 4021 1058 4086 εχθρος
1091 4031 1177 4064 και
1217 4008 1504 4083 ..ολιμων

403 4193 586 4250 Ταῦτα
641 4190 813 4246 πάντα
869 4191 960 4245 καὶ
1016 4190 1084 4245 τὰ
1137 4188 1356 4252 τούτοις
1410 4187 1654 4262 ἒπύμενα
1709 4185 1989 4262 διακρίνας

335 4281 388 4336 ἐν
423 4281 500 4353 τῷ
529 4288 626 4351 τῆς
677 4283 863 4355 ψυχῆς
921 4280 1212 4356 κριτηρίῳ,
1272 4279 1508 4354 ἒμίσησα
1563 4279 1654 4334 τὸν
1706 4277 1988 4351 σύμπαντά

343 4391 449 4444 μου
501 4372 618 4448 βίον
673 4370 764 4426 τὸν
821 4369 872 4426 ἐν
927 4375 1045 4433 τοῖς
1107 4371 1356 4445 ματαίοις
1416 4368 1781 4437 ἀναλωθέντα,
1813 4369 1870 4422 ὅν
1905 4364 1988 4421 δι-

2085 3133 2354 3171 aerumna
2383 3121 2686 3170 versatur:
2721 3112 2931 3168 eodem
2961 3109 3135 3165 modo
3164 3123 3225 3162 se
3257 3100 3606 3170 habent,qui
3637 3115 3732 3152 res

2083 3211 2410 3279 prmsentes
2432 3206 2504 3260 ad
2529 3211 2830 3275 stuporem
2851 3217 3041 3271 usque
3067 3193 3606 3263 mirantur.quippe
3631 3186 3734 3259 qui

2085 3297 2526 3352 inconsiderato
2547 3294 2806 3366 quodam
2829 3294 3053 3362 impetu
3077 3289 3292 3343 misere
3315 3283 3607 3340 laborent.
3627 3293 3738 3332 nec

2087 3388 2414 3460 quidquam
2437 3386 2682 3441 omnino
2711 3385 2950 3438 firmum
2973 3386 3074 3436 aut
3095 3378 3306 3433 stabile
3329 3373 3606 3438 habeant,
3627 3384 3739 3422 nec

2088 3479 2160 3535 ad
2193 3495 2372 3550 quem
2421 3478 2604 3532 finem
2646 3472 2986 3546 perventuri
3045 3471 3184 3537 sint,
3241 3464 3599 3536 intelligant,
3632 3473 3744 3512 nec

2089 3585 2206 3640 quo
2235 3569 2472 3624 tandem
2507 3581 2656 3620 vana
2683 3564 2822 3628 vita,
2853 3562 2970 3626 cui,
3005 3572 3294 3630 perquam
3327 3551 3647 3608 infeliciter
3675 3561 3744 3600 ac

2093 3637 2306 3713 misere
2337 3657 2494 3712 mala
2523 3654 2695 3709 bonis
2727 3652 3132 3724 praaferentes,
3167 3663 3234 3700 ac
3264 3639 3578 3715 probitatis
3611 3637 3741 3690 loco

2089 3747 2294 3802 vitium
2316 3748 2886 3808 consectantes,sese
2905 3737 3416 3809 subjecerunt,eos
3431 3729 3744 3793 ducat;nec

2093 3837 2369 3908 quisnam
2388 3835 2632 3907 frigidos
2657 3832 2981 3887 multorum
3001 3843 3066 3882 ac
3089 3825 3448 3882 miserorum
3467 3818 3742 3873 laborum

2093 3941 2335 3982 suorum
2357 3925 2584 3979 fructus
2607 3927 2959 3993 excepturus
2987 3917 3203 3984 sit,hoc
3227 3909 3747 3982 est,propinquus-

2093 4031 2168 4071 ne
2201 4031 2276 4071 an
2307 4015 2560 4078 alienus,
2595 4029 2662 4066 ac
2695 4025 2959 4083 persaepe
2991 4023 3068 4062 ne
3113 4004 3338 4060 amicus
3371 3999 3613 4071 quidem
3643 3998 3746 4050 aut

2093 4112 2292 4174 notus,
2325 4119 2528 4160 verum
2561 4103 2840 4156 inimicus
2875 4105 2934 4154 et
2963 4097 3171 4153 hostis.

2169 4193 2895 4266 Haec,inquam,omnia,et
2909 4207 3039 4260 qum
3058 4187 3150 4243 his
3165 4187 3568 4240 consentanea
3587 4179 3744 4244 sunt,

2097 4304 2232 4344 cum
2265 4288 2391 4358 ipse
2418 4287 2478 4340 in
2506 4284 2723 4341 animm
2753 4299 2900 4337 mea;
2931 4281 3059 4335 foro
3091 4267 3538 4346 disceptassem,
3563 4268 3744 4322 totius

2099 4380 2228 4434 vitm
2253 4393 2606 4448 n1eae.quam
2629 4376 2689 4430 in
2711 4373 2890 4428 rebus
2913 4370 3076 4426 vanis
3099 4362 3540 4434 consumpsi,ac
3561 4365 3746 4412 terre-

340 4445 548 4535 ἤγαγον
579 4467 694 4523 τοῖς
715 4461 838 4537 περὶ
859 4463 959 4536 γῆς
983 4460 1172 4522 πόνοις
1195 4461 1603 4536 προστετηκὼς.
1637 4453 1972 4516 Ἀποϐαλλο-

2099 4471 2194 4524 nis
2225 4445 2528 4524 laborib—us
2571 4465 2841 4521 addictus
2889 4460 3170 4530 transegi,
3205 4455 3408 4512 odium
3443 4465 3534 4506 me
3565 4447 3742 4520 cepit.

342 4553 494 4623 μένῳ
527 4554 675 4610 I23
709 4549 766 4606 δὲ
801 4572 895 4624 μοι
923 4557 1024 4621 τῆς
1055 4553 1241 4627 ψυχῆς
1267 4553 1366 4620 τήν
1383 4551 1590 4606 τούτων
1623 4551 1986 4624 προσπαθειαν

333 4641 426 4696 καὶ
457 4641 801 4718 ἀπορῥίξαντι
832 4643 1104 4720 κατὲφανη
1155 4641 1223 4696 τὰ
1277 4640 1356 4714 τῷ
1414 4637 1524 4696 ὄντι
1569 4640 1768 4716 ἀγαθὰ,
1795 4641 1856 4695 τὸ
1889 4660 1992 4718 φο-

331 4726 546 4787 ϐεῖσθαι
577 4733 669 4788 τὸν
711 4733 837 4789 Θεὸν
883 4732 973 4788 καὶ
1017 4737 1193 4788 ποιεῖν
1245 4731 1410 4786 αὐτοῦ
1453 4732 1518 4787 τὸ
1549 4731 1786 4804 θέλημα.
1817 4733 1990 4786 Τοῦτο

334 4824 443 4900 γὰρ
479 4818 653 4900 ἔγνων
685 4826 896 4880 πάντων
948 4829 1054 4879 τῶν
1105 4825 1322 4900 ἀγαθῶν
1371 4823 1668 4903 κεφάλαιον
1701 4822 1989 4898 ὑπάρχειν·

329 4919 500 4972 τοῦτο
555 4916 648 4970 καὶ
696 4916 845 4991 ἀρχή
897 4915 1090 4994 σοφίας
1142 4914 1360 4990 λέγεται
1391 4919 1508 4988 (72)
1537 4915 1626 4970 καὶ
1657 4913 1818 4990 σοφία
1846 4933 1995 4968 τετε-

333 5004 642 5079 λειωμένη·
680 5008 794 5078 ζωὴ
845 5007 950 5084 γὰρ
1007 5005 1148 5061 ἐστιν
1208 5004 1416 5069 ἄλυπος
1471 5006 1558 5062 καὶ
1593 5003 1996 5081 ἀνεπηρέαστος

331 5101 456 5158 τοῖς
489 5096 880 5174 ἀντεχομένοις
910 5095 1104 5168 αὐτῆς,
1133 5097 1224 5154 καὶ
1270 5103 1387 5160 τοῖς
1439 5093 1879 5172 ἐπερειδομὲνοις
1911 5093 1992 5152 ἐπ’

334 5185 510 5256 αὐτὴν
565 5187 640 5250 ὡς
673 5187 762 5244 ἐπὶ
819 5187 1024 5264 Κύριον
1077 5184 1345 5260 ἀσφαλής.
1402 5187 1728 5258 Ἐπιστήσας
1761 5183 1852 5242 οὖν
1890 5208 1996 5262 μου

331 5280 430 5335 τὸν
465 5277 732 5355 λογισμὸν
781 5285 851 5356 τῇ
903 5281 1278 5358 ἀπλανεστάτῃ
1332 5279 1444 5355 ὁδῷ
1489 5286 1597 5337 τῶν
1637 5281 1872 5338 ἐντολῶν
1901 5285 1997 5337 τοῦ

333 5368 544 5446 Κυρίου
575 5375 707 5445 (73),
761 5371 852 5427 καὶ
911 5371 1074 5448 γνοὺς
1127 5367 1367 5450 ἀκριϐῶς
1412 5369 1582 5447 μηδὲν
1615 5371 1666 5428 ἐν
1697 5373 1833 5448 αὐτῇ
1865 5394 1994 5428 σκο-

410 5615 526 5688 (71)
552 5613 754 5688 Matth.
786 5629 916 5682 xxv,
949 5613 1058 5688 3i:
1089 5611 1307 5688 Καθίσει
1340 5611 1428 5688 ἐπὶ
1460 5609 1845 5688 θρόνουγδόξης
1875 5609 2064 5688 αύτού.

2101 4561 2365 4630 Cumque
2399 4573 2603 4612 eorum
2635 4569 2903 4610 amorem
2935 4569 3003 4606 ex
3033 4551 3235 4605 animo
3267 4543 3662 4601 excussissem
3691 4543 3752 4593 et

2103 4651 2434 4723 ejecissem,
2469 4664 2538 4702 ea
2595 4662 2724 4702 sese
2772 4643 2960 4699 oculis
2993 4640 3140 4696 meis
3197 4637 3564 4702 obtulerunt,
3621 4647 3752 4702 quae

2100 4759 2234 4800 vere
2267 4741 2428 4796 bona
2457 4743 2618 4806 sunt,
2651 4738 2762 4791 hoc
2793 4741 2901 4800 est,
2926 4733 3026 4787 Dei
3059 4735 3222 4786 metu
3253 4727 3569 4801 praeditum
3601 4738 3751 4788 esse,

2103 4839 2281 4904 atque
2309 4831 2497 4904 ipsius
2527 4825 2816 4884 voluntati
2849 4823 3117 4894 obsequi.
3147 4822 3294 4876 Nam
3323 4819 3434 4872 hoc
3457 4816 3754 4870 bonorum

2106 4923 2376 4980 omnium
2393 4925 2570 4992 caput
2589 4935 2717 4974 esse
2737 4921 3106 4986 compertum
3128 4907 3460 4966 habui.Hoc
3478 4905 3640 4959 enim
3659 4917 3758 4957 sa-

2105 5015 2342 5088 pientiae
2365 5011 2600 5066 initium
2627 5025 2754 5064 esse
2777 5006 3196 5074 dicitur,atque
3214 4999 3362 5056 adeo
3387 4995 3646 5069 perfecta
3668 5009 3757 5088 sa-

2105 5081 2350 5179 pientia.
2381 5103 2617 5158 Etenim
2639 5097 2911 5156 maeroris
2941 5111 3151 5168 expers
3183 5091 3298 5144 vita
3328 5095 3438 5154 est,
3473 5091 3650 5155 atque
3683 5081 3755 5138 ab

2107 5177 2270 5252 omni
2291 5193 2622 5250 offensione
2645 5191 2832 5246 libera
2853 5189 2928 5242 iis
2950 5185 3048 5258 qui
3073 5200 3203 5240 eam
3225 5177 3762 5252 amplectuntur.et

2108 5287 2206 5358 qui
2233 5286 2286 5340 ei
2309 5291 2594 5356 tanquam
2622 5280 2870 5337 Domino
2895 5277 3251 5336 innituntur,
3273 5277 3400 5326 tuta
3421 5267 3570 5324 etab
3593 5263 3758 5321 omni

2107 5353 2371 5450 periculo
2403 5353 2712 5429 immunis.
2737 5371 2884 5425 Cum
2917 5367 3118 5437 itaque
3151 5363 3420 5420 animum
3453 5375 3654 5416 meum
3685 5353 3760 5412 ad

415 5681 519 5752 (72'
563 5687 718 5744 Psal.
747 5703 837 5758 cx,
871 5681 974 5744 io:
1007 5687 1154 5777 Ἀρχ
1224 5705 1286 5740 σο
1337 5685 1414 5750 ίας
1445 5681 1613 5772 φ’,όόος
1644 5687 1723 5742 Κυ
1760 5681 1872 5744 ίου.
1903 5685 2134 5743 Confer.
2169 5689 2210 5741 t.
2243 5685 2311 5754 Il,
2343 5701 2404 5758 p.
2441 5687 2526 5754 15,
2559 5700 2618 5740 n.
2653 5686 2706 5738 2.

418 5689 532 5818 (73%
559 5760 716 5816 Psal.
749 5776 941 5818 cxvur.
969 5759 1042 5817 32
1067 5775 1084 5816 :
1131 5685 1270 5818 Οθθὸν
1291 5705 1539 5817 εἓντολων
1573 5777 1670 5814 σου
1699 5703 1960 5818 ignotum.
2415 5807 2426 5818 .

1214 5779 1270 5815 ον

418 5755 532 5834 (73)
559 5760 716 5816 Psal.
749 5755 941 5831 cxvlu,
969 5759 1042 5817 32
1067 5755 1089 5816 Ξ
1113 5755 1270 5818 Ὀδὸν
1301 5755 1539 5840 ἐντολῶν
1573 5777 1670 5842 σου
1699 5755 1724 5814 ἕ

1761 5777 1960 5834 ραμον.

2415 5807 2426 5832 ι
