4100 6396
461 376 572 432 987

1998 369 2367 426 ADDENDA.
3756 386 3848 441 988

467 498 688 553 erroris
718 497 914 554 omnis
938 501 1242 570 eXpertem
1267 497 1679 554 mandatorum
1704 493 1938 551 Domini
1962 494 2114 550 viam

2245 495 2354 550 mw
2384 495 2418 564 ἢ
2454 495 2902 572 στραγγαλιῶδες
2943 501 3055 571 (74)
3098 499 3386 574 ὑπάρχειν,
3421 501 3562 572 μήτε
3591 521 3851 580 φαραγγων

466 586 558 658 adj
570 587 1194 659 ecissem,nihilquein
1216 587 1360 658 ipsis
1377 586 1686 656 obliquum
1707 590 1760 639 et
1783 584 2112 640 anfractuo-

467 693 621 741 sum,
655 693 722 732 ac
751 677 1133 749 voraginibus
1165 683 1223 731 et
1252 675 1512 747 scopulis
1538 683 1597 730 et
1623 675 1892 730 sentibus
1922 679 1981 729 et
2010 674 2114 728 tri-

465 764 620 820 bulis
651 767 896 837 plenum
929 782 1058 821 esse
1086 773 1246 821 certo
1279 765 1722 836 comperissem,
1744 781 1948 819 verum
1983 779 2115 818 eam

466 855 714 910 omnino
738 855 977 927 planam
1001 861 1060 909 et
1080 855 1434 926 aequabilem
1459 872 1618 923 esse;
1643 872 1848 911 eorum
1873 855 2114 926 quidem

467 945 565 1015 qui
579 945 732 999 hanc
747 945 1162 1017 ingrediuntur
1173 945 1652 1016 perclarissimas
1666 945 2116 1016 contemplatio-

463 1031 569 1089 nes
583 1034 786 1089 oculos
799 1034 1594 1106 oblectantem.pedibusque
1608 1034 2114 1107 pulchritudinem

463 1122 758 1178 concilian
768 1129 885 1178 tem
897 1129 1091 1195 .atque
1107 1141 1208 1180 eos
1221 1125 1294 1179 ad
1309 1124 1805 1196 praeparationem
1819 1123 2115 1196 Evangelii

464 1213 629 1285 pacis
650 1213 1039 1280 calceantem,
1073 1230 1168 1268 me
1200 1215 1394 1285 ipsum
1425 1214 1642 1286 prioris
1673 1215 2017 1285 imposturaa
2049 1231 2115 1268 ac

468 1303 699 1359 stolidaa
728 1303 954 1359 fraudis
976 1305 1219 1360 nomine
1241 1306 1527 1360 miserum
1563 1306 1991 1370 existimavi,ac
2014 1321 2118 1376 per

463 1399 688 1448 rectam
723 1394 888 1449 illam
909 1395 1186 1450 incedere
1209 1413 1518 1468 aggressus
1539 1413 1669 1451 sum
1693 1413 1706 1450 :
1740 1412 1920 1466 quam
1937 1397 2118 1451 etiam

468 1485 694 1556 optimo
719 1485 856 1557 jure
888 1486 1066 1542 rebus
1098 1487 1374 1542 omnibus
1396 1486 1668 1553 antetuli,
1691 1493 1867 1557 atque
1890 1486 2116 1557 collap-

467 1590 594 1629 sam
612 1574 939 1630 etdirutam
953 1576 1167 1632 animae
1181 1593 1328 1632 mem
1341 1577 1584 1632 domum
1600 1576 1932 1631 instaurare
1946 1575 2115 1646 ccepi.

538 1665 683 1718 Cum
700 1681 835 1736 ergo
854 1665 927 1720 ad
946 1666 1105 1722 hunc
1123 1667 1364 1722 modum
1384 1667 1564 1722 rebus
1582 1667 2119 1722 meisconsulerem

2229 582 2317 637 καὶ
2381 584 2688 656 σκοπέλων,
2743 587 2988 651 ἀκανθῶν
3040 609 3099 644 τε
3155 589 3246 643 καὶ
3293 585 3572 665 τριϐόλων
3621 594 3729 665 (75)
3772 615 3851 650 πι-

2228 674 2626 749 πληρωμένην,
2687 677 2815 734 ἀλλ’
2898 678 3034 750 ὅλην
3117 678 3263 735 λείαν
3342 682 3725 748 καθεστηκέναι
3776 687 3849 740 καὶ

2231 764 2473 838 ὁμαλήν,
2505 767 2805 841 τὲρπουσαν
2869 770 2962 842 μὶν
3019 767 3150 834 τοὺς
3204 768 3528 845 ὀφθαλμοὺς
3566 775 3671 825 τῶν
3703 773 3848 842 αὐτὴν

2233 853 2528 910 ὁδευόντων
2562 862 2680 919 ταῖς
2737 858 3058 935 φανοτάταις
3118 858 3394 933 θεωρίαις,
3452 859 3777 932 ὠραῒζυυσαν
3806 861 3854 918 δὲ

2229 944 2356 1007 τοὺς
2384 944 2577 1016 πόδας,
2617 948 2707 1002 καὶ
2766 945 3104 1003 ύποδύουσαν
3161 948 3260 1017 την
3319 948 3636 1020 ἒτοιμασίαν
3663 951 3754 1005 τοῦ
3783 952 3853 1007 εὖ·

2233 1032 2499 1110 αγγελίου
2546 1043 2646 1106 τῆς
2697 1037 2923 1110 εἰρήνης
2954 1041 3068 1110 (76)
3095 1041 3192 1092 τοῦ
3246 1037 3506 1114 ἀσφαλῶς
3536 1058 3592 1093 τε
3619 1039 3706 1093 καὶ
3752 1061 3856 1096 συν-

2232 1124 2418 1196 τόμως
2471 1123 2729 1200 βαδίζεινο
2787 1125 2961 1203 ἤνπερ
3020 1130 3134 1201 (77)
3188 1125 3404 1183 πάντων
3464 1124 3690 1192 δικαίως
3739 1149 3857 1205 προ-

2233 1212 2437 1290 ἐκρινα,
2471 1215 2559 1270 καὶ
2609 1215 2924 1290 οἰκοδομεῖν
2981 1218 3234 1291 ἠρξάμην
3289 1218 3391 1286 τήν
3450 1215 3711 1273 πεσοῦσάν
3767 1242 3853 1292 μου

2229 1311 2330 1375 τῆς
2360 1308 2548 1381 ψυχῆς
2576 1307 2664 1362 καὶ
2691 1309 2976 1384 φθαρεῖσαν
3011 1307 3211 1364 οἰκίαν.

2310 1668 2496 1731 Οὕτως
2553 1691 2657 1743 μου
2712 1671 2779 1724 τὰ
2833 1671 2952 1725 κατ’
3003 1668 3238 1744 ἐμαυτὸν
3300 1665 3679 1740 διατιθεμένου
3705 1670 3855 1725 καὶτὸ

462 1769 531 1810 ac
543 1756 762 1809 mentis
775 1754 1068 1812 lubricum
1083 1757 1378 1829 corrigere
1393 1756 2013 1827 studerem,sapientis
2027 1772 2124 1810 cu-

2245 1757 2506 1834 σφαλερὸν
2539 1764 2635 1814 τοῦ
2691 1759 2817 1822 νοὸς
2876 1759 3328 1836 ἐπανορθοῦντος,
3383 1757 3644 1833 ῥημάτων
3674 1758 3855 1829 ἀκήκοα

455 1841 695 1916 jnsdam
707 1845 971 1917 magistri
985 1863 1188 1901 vocem
1204 1846 1551 1917 audivi,th
1563 1847 1706 1902 mihi
1718 1847 2120 1903 inclamantis:

2245 1853 2406 1926 σοφοῦ
2455 1871 2605 1912 τινος
2666 1847 2999 1906 διδασκάλου
3070 1849 3296 1905 τοιαῦτά
3378 1869 3474 1921 μοι
3546 1843 3851 1920 ἐμϐοῶντοςο

466 1933 852 2005 Egredimini,
887 1935 1101 2006 inquit,
1135 1952 1363 2005 omnes,
1397 1952 1547 2007 quos
1590 1936 1802 1992 salutis
1834 1937 2127 2008 cupiditas

2245 1935 2531 2011 Ἐξέλθετε,
2572 1932 2702 2012 ἔφη,
2761 1938 2957 2000 πάντες
3015 1938 3072 1992 οἱ
3129 1941 3426 2001 ποθοῦντες
3459 1937 3713 2005 σωθῆναιο
3743 1936 3854 1991 ἀπο-

467 2027 839 2096 tenet,atque
863 2041 896 2079 a
917 2025 1126 2080 mundi
1155 2026 1411 2081 vanitate
1435 2045 1535 2082 vos
1561 2034 1879 2093 removete,
1915 2026 2130 2081 transit

2245 2030 2388 2084 I24
2421 2025 2736 2102 χωρίσθητε
2781 2034 2881 2097 τῆς
2931 2027 3297 2101 ματαιότητος
3339 2029 3439 2082 τοῦ
3487 2026 3712 2098 κόσμου·
3741 2047 3859 2102 παρ-

466 2115 626 2170 enim
653 2115 842 2187 ipsius
869 2116 1055 2188 figura
1077 2117 1122 2188 (1
1155 2118 1276 2172 Cor.
1310 2119 1435 2187 vii).
1466 2121 1590 2174 Jam
1616 2119 1885 2190 jamque,
1915 2124 1974 2174 et
1995 2135 2129 2173 ecce

2245 2115 2353 2190 ὶγει
2381 2117 2485 2192 γὰρ
2517 2116 2580 2170 τὸ
2612 2123 2808 2191 σχῆμα
2850 2116 3018 2171 αὐτοῦ
3067 2120 3181 2190 (78)
3238 2115 3438 2190 μικρὸν
3470 2114 3618 2183 ὅσον,
3649 2114 3731 2170 καὶ
3757 2112 3853 2170 ίδοὺ

463 2220 588 2259 non
618 2205 750 2260 erit.
785 2206 1084 2261 Irretortis
1107 2206 1296 2261 oculis
1319 2208 1582 2262 excedite
1604 2225 1617 2274 ;
1647 2225 1757 2263 nec
1780 2214 1978 2263 tamen
2003 2209 2130 2264 ina-

2245 2208 2339 2262 οὐκ
2384 2201 2552 2263 ἔσται.
2612 2206 2884 2276 Ἐξὲλθετε
2959 2205 3381 2280 ἀμεταστρεπτὶ,
3449 2208 3524 2280 μή
3583 2212 3770 2283 προῖκα
3811 2204 3856 2261 δὶ

469 2312 576 2350 nes
591 2301 648 2351 et
660 2296 1068 2359 vacui,verum
1082 2299 1462 2369 sempiternae
1478 2300 1608 2353 vitae
1625 2300 1836 2354 viatica
1848 2299 2129 2355 ferentes.

2245 2295 2325 2352 καί
2385 2295 2598 2370 ἀμισθὶ,
2659 2294 2786 2352 ἀλλ’
2845 2295 3035 2373 ἐφόδια
3091 2298 3384 2371 φερόμενοι
3446 2303 3590 2367 ζωῆς
3643 2295 3853 2352 αἰωνίου·

471 2385 707 2440 Etenim
747 2386 991 2459 longum
1022 2387 1135 2441 iter
1166 2387 1327 2442 vobis
1359 2389 1686 2444 ineundum
1711 2395 1820 2459 est,
1855 2389 2130 2460 quodque

2245 2387 2450 2461 μακρὰν
2484 2386 2589 2462 γὰρ
2625 2384 2855 2458 μέλλετε
2915 2383 3152 2461 βαδίζειν
3216 2383 3370 2452 ὁδὸν,
3403 2385 3630 2442 πολλῶν
3662 2384 3853 2461 ἔχουσαν

473 2474 664 2530 multo
692 2475 943 2547 hujusce
974 2475 1105 2531 vita;
1141 2477 1352 2532 viatico
1384 2493 1532 2549 opus
1561 2477 1777 2534 habeat
1804 2497 1817 2545 ;
1857 2483 2035 2549 atque
2060 2477 2130 2532 ad

2245 2477 2427 2551 χρείαν
2485 2479 2593 2530 τῶν
2664 2473 2897 2538 ἐντεῦθεν
2949 2472 3203 2553 ἐφοδίων.
3281 2475 3392 2531 Καὶ
3447 2471 3854 2548 καταλαμϐάνω

476 2565 911 2636 sempiternum
944 2566 1165 2627 locum.
1194 2567 1299 2622 das
1322 2567 1614 2640 regiones.
1637 2568 1697 2622 in
1722 2568 1938 2639 quibus
1960 2585 2130 2624 man-

2245 2567 2328 2620 τὸν
2361 2564 2582 2620 αἰώνιον
2614 2564 2782 2620 τόπον
2818 2563 3006 2640 χώρας
3038 2562 3238 2640 ἔχοντα
3287 2562 3411 2635 δύο,
3445 2562 3657 2629 πολλὰς
3683 2565 3732 2620 ἐν
3756 2565 3853 2620 ἰαυ-

477 2653 680 2710 siones
715 2656 918 2710 multa;
952 2656 1075 2710 sint
1103 2656 1156 2727 (Ι
1183 2655 1304 2712 Cor.
1333 2657 1417 2727 ii),
1452 2657 1794 2723 habentem,
1827 2658 2130 2728 pervenie-

2245 2660 2358 2717 ταῖς
2393 2654 2563 2727 μονὰς
2594 2653 2849 2728 ἐχούσας,
2905 2654 2978 2708 ὧν
3030 2655 3130 2722 τὴν
3194 2653 3289 2727 μὶν
3356 2655 3488 2727 μίαν
3539 2654 3848 2726 ἡτοίμασενὸ

472 2745 572 2799 tis.
605 2746 862 2810 Quarum
894 2746 1144 2802 alteram
1205 2745 1444 2817 quidem
1507 2749 1662 2803 Deus
1709 2747 1782 2802 iis
1813 2748 1911 2818 qui
1948 2747 2130 2819 ipsius

2245 2745 2373 2807 Θεὸς
2403 2750 2520 2806 τοῖς
2552 2743 2827 2819 ἀγαπῶσιν
2861 2743 3021 2798 αὐτὸν
3067 2743 3159 2799 καὶ
3204 2746 3300 2808 τὰς
3329 2744 3502 2800 αὐτοῦ
3533 2742 3847 2822 φυλάττουσιν

475 2851 678 2890 amore
693 2835 1024 2909 ﬂagrant.ej
1036 2855 1224 2910 usque
1237 2837 1536 2894 mandatis
1551 2837 2141 2910 obtemperant.pree-

472 2925 1002 2995 paravit,omnibus
1016 2925 1189 2983 bonis
1202 2927 1516 2983 ﬂorentem
1531 2933 1588 2983 et
1603 2926 2138 2985 circumﬂuentem.

475 3013 564 3068 Ad
626 3031 803 3085 quam
843 3015 943 3086 qui
983 3016 1179 3072 divino
1221 3017 1513 3073 beneflcio
1567 3017 1968 3072 admittuntur
2007 3019 2136 3088 (Isa.

475 3103 742 3166 xxxv).in
755 3105 1120 3176 sempiterna
1133 3107 1581 3178 incorruptione
1595 3107 1908 3179 degunt,ut
1921 3108 2021 3177 qui
2037 3109 2142 3162 im-

478 3192 842 3248 mortalitate
861 3193 1140 3250 interitus
1163 3196 1360 3252 omnis
1382 3203 1621 3268 experte
1650 3197 1944 3266 fruantur,
1976 3199 2134 3253 unde

2241 2833 2488 2906 ἐντολάς,
2546 2834 2816 2890 παντοίων
2905 2832 3066 2888 οὖσαν
3151 2833 3367 2909 ἀγαθῶν
3430 2833 3850 2910 πεπληρωμίνην,

2241 2927 2415 3000 ἧσπερ
2464 2924 2516 2978 οἱ
2560 2924 2871 2997 ἀξιωθέντες
2921 2923 2974 2978 ἐν
3024 2923 3292 3000 ἀφθαρσίᾳ
3341 2926 3601 2996 ζήσονται
3634 2921 3848 2994 διηνεκεῖ,

2240 3023 2342 3084 τῆς
2393 3013 2707 3090 ἂνωλέθρου
2763 3013 3137 3071 ἀπολαύοντες
3188 3013 3508 3081 ἀθανασίας,
3540 3009 3660 3069 ἔνθα
3687 3010 3852 3086 ἀπέδρα

2246 3102 2438 3175 ὀδύνη,
2471 3101 2620 3174 λύπη
2672 3103 2761 3159 καὶ
2821 3101 3121 3176 στεναγμός
3176 3106 3308 3175 (79)·
3337 3105 3376 3173 ἡ
3414 3101 3471 3158 δὶ
3502 3101 3729 3176 δευτέρα,
3758 3101 3849 3156 σκό-

2245 3215 2372 3256 τους
2405 3192 2537 3248 οὖσα
2571 3194 2739 3266 μεστὴ
2771 3191 2861 3248 καὶ
2894 3192 3134 3266 θλίψεως
3173 3192 3265 3247 καὶ
3295 3189 3521 3263 ὀδύνης,
3553 3197 3628 3265 τῷ
3656 3187 3851 3262 διαϐόλῳ

2248 3284 2581 3357 ἡτοίμασται
2612 3283 2701 3338 καὶ
2732 3287 2849 3346 τοῖς
2879 3280 3132 3358 ἀγγέΛοις
3165 3282 3332 3337 αὐτοῦ
3365 3287 3506 3356 (80),
3538 3281 3588 3336 ἐν
3682 3280 3849 3356 βληθή-

2246 3395 2431 3429 σονται
2487 3373 2578 3428 καὶ
2639 3373 2692 3428 οἱ
2747 3368 2817 3426 δι’
2888 3369 3063 3447 ἔργων
3119 3376 3384 3447 πονηρῶν
3441 3373 3650 3434 ἑαυτοῖς
3697 3369 3847 3435 ταύτην

2247 3464 2695 3538 προξενήσαντες,
2757 3462 2808 3516 οἱ
2861 3466 2971 3517 τῶν
3045 3462 3330 3539 ἀφθάρτων
3415 3462 3507 3518 καὶ
3559 3458 3757 3517 αἰωνίων
3788 3453 3842 3510 τὰ

2246 3553 2487 3630 παρόντα
2543 3551 3008 3626 ἇνταλλαξάμενοι
3061 3552 3150 3607 καὶ
3213 3551 3383 3615 ὃλους
3458 3550 3671 3614 ἑαυτοὺς
3713 3545 3848 3602 imii-

2248 3640 2446 3720 ϐρωμα
2472 3641 2571 3700 τοῦ
2599 3642 2830 3699 αἰωνίου
2860 3640 3032 3718 πυρός
3062 3641 3456 3716 ποιησάμενοι.

477 3281 1043 3353 effugitdolor,tristi
1054 3284 1133 3341 tia
1145 3291 1196 3339 et
1211 3287 1898 3358 gemitus.Alteraautem
1912 3306 2042 3359 quae
2059 3295 2139 3343 te-

478 3369 683 3425 nebris
707 3376 765 3425 et
785 3371 1220 3440 calamitate,ac
1243 3374 1449 3430 dolore
1473 3376 1743 3432 conferta
1763 3383 1873 3446 est,
1898 3377 2135 3434 diabolo

483 3464 542 3514 et
561 3460 789 3533 angelis
811 3461 940 3533 ejus
963 3469 1172 3534 parata
1193 3469 1301 3519 est.
1327 3465 1387 3520 ln
1407 3482 1586 3537 quam
1605 3467 1784 3522 etiam
1808 3468 2139 3539 conjicien—

482 3552 706 3622 tur,qui
722 3568 829 3623 per
848 3552 1173 3626 flagitiosas
1198 3556 1467 3611 actiones
1489 3573 1620 3612 eam
1645 3557 1756 3612 sibi
1782 3558 2137 3613 conciliave-

478 3641 806 3713 rint,atque
820 3642 893 3698 ab
907 3644 1081 3698 interi
1092 3649 1152 3698 tu
1167 3645 1364 3700 aliena
1378 3650 1435 3700 et
1446 3647 1812 3718 sempiterna
1830 3647 1989 3703 bona
2000 3664 2138 3703 cum

479 3731 878 3802 praisentibus
935 3735 1384 3803 commutarint,
1446 3741 1721 3808 totosque
1797 3754 1927 3793 sese
1982 3737 2137 3810 ignis

482 3820 693 3876 aeterni
723 3821 1008 3893 pabulum
1040 3824 1366 3882 effecerint.

557 3911 690 3966 Haec
703 3927 808 3984 ego
821 3928 960 3968 voce
974 3913 1378 3986 audita,atque
1392 3916 1578 3988 ipsius
1590 3917 2144 3974 veritateintellecta

483 4000 546 4056 in
565 4000 677 4056 hoc
689 4018 877 4057 unum
889 4019 1040 4075 opus
1054 4003 1392 4065 incubui.ut
1407 4007 1481 4062 ad
1499 4006 1647 4062 illud
1663 4009 1986 4080 hospitium
2006 4025 2140 4080 per-

483 4090 749 4146 venirem
767 4092 923 4163 quod
943 4094 1103 4149 omni
1124 4093 1330 4150 dolore
1363 4101 1421 4152 et
1450 4097 1733 4153 maestitia
1753 4104 2141 4164 vacat,tanta-

485 4198 601 4253 que
625 4189 832 4240 contra
851 4186 1167 4242 securitate
1188 4203 1255 4242 ac
1280 4188 1463 4243 tantis
1479 4188 1651 4244 bonis
1674 4195 2141 4262 scatetzquorum

484 4272 744 4346 cognitio
768 4291 930 4330 nunc
946 4276 1092 4330 mihi
1111 4276 1399 4333 duntaxat
1419 4295 1488 4334 ex
1515 4285 1681 4350 parte
1701 4285 1881 4348 est,ut
1901 4281 2000 4352 qui
2024 4281 2142 4352 spi-

483 4359 721 4416 ritualis
748 4363 940 4418 aatatis
970 4364 1203 4419 ratione
1233 4381 1383 4437 puer
1412 4365 1547 4431 sim,
1581 4383 1650 4422 ac
1691 4368 1852 4423 velut
1876 4385 1983 4440 per
2007 4385 2142 4440 spe-

487 4450 623 4506 cula
653 4451 940 4508 duntaxat
969 4458 1025 4508 et
1055 4455 1374 4527 aenigmata
1403 4474 1499 4512 res
1540 4457 1756 4512 futurae
1803 4458 1934 4512 vitae
1974 4475 2145 4530 pers—

485 4541 877 4612 piciamCum
899 4549 1098 4600 autem
1137 4547 1366 4603 venerit
1396 4548 1553 4620 quod
1586 4550 1915 4621 perfectum
1940 4555 2047 4617 est,
2073 4567 2141 4606 ac

483 4630 634 4687 facie
665 4633 739 4688 ad
772 4633 987 4689 faciem
1019 4652 1395 4708 cognoscam,
1419 4643 1546 4694 tum
1565 4638 1805 4695 demum
1830 4641 2143 4696 evacuabi-
2174 4609 2222 4675 Β

490 4727 588 4780 tur
617 4724 779 4795 quod
808 4741 878 4780 ex
915 4731 1083 4797 parte
1115 4733 1205 4782 est
1244 4729 1289 4799 (1
1319 4728 1440 4786 Cor.
1473 4730 1622 4801 xm).
1657 4731 1782 4796 Quo
1813 4731 1972 4787 circa
2000 4747 2142 4804 gra-

2323 3914 2541 3986 Ταύτης
2571 3913 2681 3990 ἐγὼ
2705 3919 2809 3984 τῆς
2869 3919 3058 3990 φωνῆς
3113 3911 3348 3975 ἀκούσας
3409 3911 3498 3968 καὶ
3556 3911 3618 3967 τὸ
3671 3902 3855 3982 ἀψευδὲς

2250 4005 2420 4075 αὐτῆς
2486 4004 2766 4078 ἐπιγνοὺς,
2854 4001 3027 4058 ἐκεῖνο
3113 3997 3448 4058 καταλαϐεῖν
3507 4002 3568 4056 τὸ
3616 3994 3860 4066 κατάλυμα

2251 4095 2406 4173 ἔργον
2453 4094 2672 4168 ἐθέμην,
2727 4092 2791 4148 τὸ
2847 4093 3028 4163 πάσης
3092 4092 3185 4165 μὶν
3239 4090 3665 4167 ἀπηλλαγμένον
3696 4083 3859 4150 ὀδύνης

2249 4186 2426 4243 τεκαὶ
2475 4183 2682 4257 λύπης,
2741 4181 3014 4253 τοσαύτης
3069 4179 3127 4237 δὲ
3184 4183 3487 4258 ἀσφαλείας
3518 4182 3608 4237 καὶ
3633 4175 3856 4235 τοιούτων

2254 4278 2465 4354 ἀγαθῶν
2509 4275 2723 4351 πλῆρες
2759 4273 3034 4350 ὑπάρχον,
3091 4273 3165 4326 ῶν
3225 4275 3260 4342 ἡ
3318 4279 3520 4346 γνῶσις
3572 4268 3681 4326 νυνὶ
3712 4265 3792 4340 μὲν
3818 4261 3862 4354 ἐκ

2257 4353 2456 4442 μέρους
2487 4363 2628 4420 ἐστὶν
2658 4364 2708 4419 ἐν
2742 4362 2891 4437 ἐμοὶ,
2923 4362 3107 4434 νηπίῳ
3147 4383 3206 4416 τε
3256 4358 3371 4417 ὅντι
3401 4363 3500 4432 τήν
3531 4353 3859 4442 πνευματικὴν

2251 4439 2504 4529 ἠλικίαν,
2559 4454 2650 4510 καὶ
2709 4454 2784 4516 ὡς
2843 4451 2915 4508 δι’
2971 4452 3249 4529 ἐσόπτρων
3307 4452 3400 4508 καὶ
3456 4448 3770 4525 αἰνιγμάτων
3812 4439 3863 4494 τὰ

2253 4548 2454 4604 ἐκεῖθεν
2487 4548 2638 4605 125
2671 4543 2930 4619 βλέποντι
2987 4546 3118 4616 (81)⁶
3179 4543 3269 4598 ’ὀτε
3315 4539 3373 4597 δὶ
3426 4538 3556 4611 ἔλθῃ
3583 4540 3642 4594 τὸ
3669 4534 3862 4619 τέλειον,

2253 4638 2344 4694 καὶ
2403 4636 2778 4711 ἐπιγνώσομαι
2835 4632 3129 4708 πρόσωπον
3182 4633 3320 4706 πρὸς
3351 4631 3660 4708 πρόσωπον,
3689 4624 3798 4682 τότε
3817 4617 3864 4672 τὸ

2253 4727 2314 4784 ἐκ
2375 4727 2573 4803 μέρους
2625 4725 3099 4801 καταργηθήσεται
3160 4725 3291 4797 (82).
3350 4722 3673 4797 Εὐχαριστῶ
3714 4711 3862 4770 τοίνυν

562 4896 672 4967 (74)
704 4898 871 4986 Ῑῖΐίζνς
933 4915 1052 4968 VIN,
1086 4900 1157 4956 82
1213 4899 1366 4956 Μετά
1420 4895 1772 4972 δικαιοσύνης
1823 4902 1998 4958 πάντα
2039 4903 2108 4958 τὰ
2159 4901 2382 4981 ῥήματα
2436 4903 2533 4956 τοῦ
2587 4896 2856 4972 στόματός
2911 4915 3036 4971 μου·
3088 4893 3246 4950 οὐδὲν
3278 4894 3486 4956 ἑαυτοῖς
3510 4888 3738 4959 σκολιὸν,
3766 4877 3867 4939 οὐδὲ

488 4967 970 5112 στῗξίῖῗτῖωιῗιὲ.
1005 5045 1100 5109 m,
1137 5061 1192 5116 ρ.
1231 5047 1350 5112 181,
1385 5064 1442 5102 n.
1480 5049 1532 5103 4.

708 5117 999 5205 Respectu
1026 5097 1250 5205 eid-ltsa.’
1277 5097 1438 5205 min?
1465 5137 1478 5174 :
1510 5119 1598 5181 Ὡς
1632 5117 1787 5205 ’ὥρακ
1822 5117 1909 5174 ἐπὶ
1969 5123 2092 5205 τῶν.

2245 5140 2330 5205 ρν,
2387 5118 2463 5205 ῶς
2520 5113 2684 5205 πόδες
2714 5111 3240 5205 ἐὐαγγελιζομένου
3270 5097 3864 5205 ἀκρῆννείρήνηςέἐιὲῗσξ

701 5173 1071 5316 ῧᾴᾱῂἏἙΗΧ,
1237 5189 1326 5250 Ὠς
1361 5173 1652 5264 ’ὡραῖοιοὶ
1681 5173 1994 5256 πόδεςγγτῶν
2044 5173 2545 5269 εὐαγγελιζομένων
2607 5173 2862 5261 εἰρήνην,
2890 5173 3035 5243 ’τῶν’
3072 5173 3659 5261 εὐαγγελιζομὲνώνπά
3686 5173 3860 5250 ἀγαθάί

594 5277 607 5312 ι
749 5278 762 5312 ι
812 5277 841 5314 e
1009 5278 1104 5315 em
1129 5279 1180 5316 a.
3825 5307 3835 5316 .

558 5259 668 5330 (77)
701 5259 841 5314 Vide
874 5259 1180 5316 Addenda.
1419 5259 1426 5264 ’
1529 5328 1534 5332 ,

560 5332 672 5402 (78)
705 5332 728 5385 Ι
759 5332 941 5422 Epist.
976 5333 1049 5387 ad
1079 5334 1204 5388 Cor.
1242 5352 1337 5403 v11,
1371 5337 1433 5390 31
1466 5353 1478 5390 :
1513 5333 1750 5410 Παράγει
1783 5335 1886 5413 γὰρ
1943 5336 2006 5392 τὸ
2067 5356 2130 5411 σχ

2245 5358 2266 5392 ι
2321 5339 2418 5391 τοῦ
2474 5332 2687 5408 κόσμου
2715 5330 2933 5389 τούτου.
2966 5331 3283 5404 IEpistola
3318 5332 3480 5388 Joan.
3513 5345 3573 5395 Il,
3609 5326 3704 5380 l7:
3734 5316 3758 5370 ὁ
3784 5307 3862 5368 x6-

487 5422 632 5476 σμος
662 5422 979 5476 παραγεται.

561 5477 672 5552 (79)
701 5477 814 5552 I_s_a.
847 5494 1016 5552 xxxy,
1054 5483 1138 5533 10.

708 5549 909 5628 biatth.
935 5545 1162 5628 inn}!
1198 5567 1211 5605 :
1244 5548 1317 5606 Τδ
1345 5553 1449 5625 πῦρ
1477 5551 1538 5628 τδ
1570 5550 1812 5619 αἰώνιον,
1845 5552 1906 5606 τὸ
1936 5549 2345 5628 ἡτοιμασμένον
2375 5555 2456 5623 τῷ
2487 5545 2856 5628 διαϐόλῳ-καί
2890 5553 3012 5628 τοῖς.
3037 5545 3296 5622 ἀγγέλοις
3326 5545 3507 5628 αὖῖοῧε
3543 5613 3553 5628 ,
3687 5625 3694 5628 Α
3760 5597 3860 5628 “,M

562 5613 673 5698 (8t)
708 5620 1023 5698 Gregorius
1056 5613 1207 5678 'Naz.
1235 5613 1430 5698 -orat,'
1479 5626 1565 5698 16,
1631 5641 1685 5695 p.
1734 5613 1832 5679 25⁷1
1865 5641 1878 5679 :
1935 5613 2105 5698 ᾇόξης

2245 5613 2441 5698 ορίαν,’
2460 5626 2548 5676 νῦν
2585 5624 2678 5695 μὲν
2707 5613 2806 5691 τὴν
2840 5621 2891 5674 ἐν
2925 5613 3211 5695 ἐσόπτροις
3241 5639 3300 5673 τε
3328 5617 3417 5673 καὶ
3448 5613 3734 5688 αἰνίγμασι,
3759 5613 3859 5654 τόυς

495 5680 679 5768 δὲ
709 5680 1050 5768 τε-λῖωτ-ἑραν
1077 5711 1133 5768 τε
1162 5692 1249 5746 καὶ
1280 5680 1683 5768 καθαρωτέραν.
1717 5697 1997 5768 Respexit
2013 5680 2130 5752 ‘u'te‘

2245 5680 2329 5751 61
2359 5680 2541 5768 Epist.
2576 5680 2648 5751 ad
2679 5680 2811 5768 Cor.
2839 5711 2852 5749 :
2885 5695 2958 5749 ef.
2994 5680 3136 5768 nota
3169 5680 3312 5768 seq;
3340 5764 3354 5768 _
3470 5760 3482 5768 _
3760 5737 3810 5768 -ι

568 5759 680 5836 (82)
709 5760 735 5816 1
763 5753 959 5833 Epist:
981 5761 1057 5819 ad
1085 5764 1216 5821 Cor.
1248 5782 1374 5838 xm,
1423 5753 1488 5841 '9,
1545 5753 1635 5842 ιο,
1676 5753 1785 5846 ιι,
1834 5753 1954 5826 ‘12:
2015 5768 2112 5824 Ἐκ

2245 5787 2366 5844 ρους
2406 5753 2522 5845 ⁵γὰρ
2576 5767 2984 5846 γινώσκομεν...
3017 5763 3143 5822 ὅταν
3179 5753 3400 5846 δὲ’ἔλθῃ
3432 5760 3493 5819 τὸ
3520 5753 3736 5820 τὲλειον,
3759 5753 3858 5797 τους
