4100 6388
200 403 314 462 993

1377 399 1550 452 VITA
1585 396 1938 452 BARLAAM
1972 396 2067 450 ET
2102 393 2444 448 JOASAPH.

3525 391 3634 450 994

199 529 514 604 ἀπάγουσαν
545 526 694 599 ἡμᾶς
721 527 830 580 τῶν
865 525 1140 602 φθαρτῶν,
1187 522 1278 578 καὶ
1325 525 1435 578 τῶν
1483 517 1676 578 ἀϊδίων
1727 541 1852 594 μετ-

1990 537 2088 592 per
2117 519 2276 592 quod
2299 517 2572 576 homines
2617 518 3120 593 sempiternorum
3163 519 3460 578 honorum
3489 539 3630 594 par—

200 619 377 696 όχους
412 614 812 694 ἐργαζομένην,

277 708 520 770 Παλαιᾶς
553 706 670 774 οὗν,
703 703 903 784 φησῖνό
937 703 1194 778 Ἰωάσαφ,
1244 705 1332 760 καὶ
1367 701 1544 768 οὕτως
1573 704 1862 780 ἀναγκαίας

201 797 375 866 οὔσης
405 805 506 868 τῆς
535 794 798 866 τοιαύτης
843 793 1194 873 φιλοσοφίας,
1245 799 1362 858 πῶς
1410 793 1471 849 ού
1519 793 1730 850 πολλοὶ
1765 801 1863 865 ζη-

205 891 368 948 λοῦσι
401 891 642 963 σήμερον
675 885 890 942 τουτονὶ
917 887 1010 940 τὸν
1049 885 1164 962 βίον
1192 903 1206 956 ;

281 1072 339 1124 Ὃ
390 1068 448 1125 δὲ
487 1067 658 1146 γέρων
705 1061 830 1142 ἔφη·
885 1064 1098 1122 Πολλοὶ
1151 1067 1246 1140 μὲν
1297 1065 1578 1138 ἐζήλωσαν
1627 1069 1714 1122 καὶ
1771 1073 1868 1136 ζη-

207 1161 428 1232 λοῦσιν,
461 1163 512 1214 οἱ
542 1159 791 1214 πλεῖστοι
839 1155 898 1212 δὲ
945 1159 1162 1214 ὀκνοῦσι
1211 1158 1302 1214 καὶ
1338 1157 1678 1216 ἀναδύονται.
1713 1159 1870 1218 Ὀλί-

205 1273 304 1326 γοι
335 1252 463 1326 γάρ,
497 1249 634 1305 καθά
665 1269 829 1324 φησιν
891 1249 919 1302 ὁ
981 1248 1204 1322 Κύριος,
1261 1250 1314 1304 οἱ
1371 1257 1470 1319 τῆς
1517 1258 1708 1320 στενῆς
1739 1247 1870 1304 ὁδοῦ

207 1341 302 1398 καὶ
331 1339 708 1414 τεθλιμμένης
749 1337 1036 1412 ὁδοιπόροι
1089 1342 1188 1412 (3),
1240 1346 1340 1408 τῆς
1379 1341 1662 1412 ἀνειμένης
1694 1339 1750 1396 δέ
1779 1339 1870 1396 καὶ

209 1429 474 1493 πλατείας
509 1430 560 1484 οἱ
609 1429 836 1492 πλείους
1033 1431 1100 1488 Οἱ
1147 1431 1246 1504 γὰρ
1295 1431 1536 1501 καθάπαξ
1572 1431 1676 1486 ὑπὸ
1710 1433 1872 1508 φιλο-

211 1520 534 1598 χρηματίας
590 1519 680 1574 καὶ
735 1523 844 1574 τῶν
899 1523 1001 1584 τῆς
1055 1517 1378 1598 φιληδονίας
1407 1525 1587 1576 κακῶν
1623 1521 1870 1592 άλόντες,

209 1615 288 1685 τῇ
339 1611 468 1682 κενῇ
526 1606 584 1664 δὲ
637 1607 728 1664 καὶ
791 1609 992 1681 ματαίᾳ
1043 1610 1476 1684 προστετηκότες
1534 1607 1682 1684 δόξῃ,
1741 1609 1870 1665 δῦσ-

217 1700 585 1762 αποσπάστως
615 1699 788 1754 αὐτῶν
841 1697 1084 1773 ἔχουσιν,
1132 1701 1206 1762 ὡς
1258 1701 1350 1755 ἅτε
1389 1697 1620 1762 δούλους
1655 1701 1874 1764 ἑαυτοὺς

217 1791 482 1853 ἑκουσίως
541 1790 1040 1864 ἀπεμπολήσαντες
1121 1791 1404 1866 ἀλλοτρίῳ
1463 1790 1723 1866 δεσπότῃ,
1781 1793 1874 1848 καὶ

219 1883 316 1938 ἀπ’
372 1879 614 1942 ἐναντίας
673 1879 955 1952 ἱστάμενοι
1005 1885 1084 1952 τῷ
1141 1885 1312 1936 ταῦτα
1363 1880 1700 1938 ἐπιτάττοντι
1733 1888 1872 1955 Θεῷ,

213 1969 310 2026 καὶ
341 1967 557 2042 δέσμιοι
615 1967 763 2042 αὐτῷ
814 1969 1196 2046 κατεχόμενοι.
1255 1973 1424 2046 Ψυχὴ
1485 1973 1589 2047 γάρ
1633 1974 1874 2044 καθάπαξ

212 2060 532 2134 ἀπογνοῦσα
576 2065 680 2128 τῆς
741 2059 948 2122 οἱκείας
1005 2059 1302 2130 σωτηρίας,
1359 2061 1452 2124 τὰς
1503 2062 1658 2131 ἡνίας
1707 2065 1876 2131 αὐτῆς

211 2147 450 2206 ἐνδοῦσα
503 2153 621 2211 ταῖς
684 2147 910 2224 ἀλόγοις
971 2148 1306 2223 ἐπιθυμίαις,
1339 2157 1622 2226 πανταχοῦ
1653 2154 1875 2230 περιφέ-

213 2257 395 2314 ρεται,
431 2236 528 2292 Διᾶ
553 2241 716 2292 τοῦτο
759 2235 1170 2315 ὀλοφυρόμενος
1203 2241 1230 2293 ὁ
1265 2242 1561 2314 Προφήτης
1591 2241 1688 2308 τὴν
1723 2261 1881 2316 περι-

209 2327 535 2404 κεχυμένην
591 2325 776 2382 ἄνοιαν
831 2333 950 2389 ταῖς
1005 2330 1284 2393 τοιαύταις
1339 2333 1566 2404 ψυχαῖς,
1626 2331 1715 2385 καὶ
1777 2335 1879 2396 τῆς

215 2419 570 2492 ἐπικειμένης
629 2418 816 2482 αὐταῖς
869 2417 1084 2495 ἀχλύος
1143 2421 1240 2488 τὴν
1303 2422 1596 2496 παχύτητα
1643 2426 1876 2496 θρηνῶν,

217 2505 404 2582 ἔλεγεν
463 2507 580 2563 Υἱοὶ
771 2508 1094 2582 ἀνθρώπων,
1148 2507 1253 2574 ἕως
1305 2510 1440 2565 πότε
1483 2509 1878 2587 βαρυκάρδιοι;

219 2599 370 2654 ἱνατί
399 2599 648 2674 ἀγαπᾶτε
683 2600 1022 2672 ματαιότήτα
1073 2600 1162 2656 καὶ
1207 2605 1417 2670 ζητεῖτε
1447 2597 1645 2674 ψεῦδος
1681 2621 1694 2670 ;
1727 2603 1880 2674 ’Ότῳ

217 2709 310 2750 τις
339 2687 430 2742 καὶ
477 2693 586 2743 τῶν
643 2688 928 2763 ἡμετέρων
985 2695 1166 2767 σοφῶν
1225 2686 1592 2758 διδασκάλων,
1626 2688 1880 2764 θεολογι-

221 2779 476 2840 κώτατος
533 2777 664 2854 ἀνὴρ
715 2781 815 2852 (6),
871 2775 1135 2849 συνᾴδων,
1185 2777 1272 2833 καὶ
1327 2799 1446 2833 τινα
1503 2781 1630 2855 παρ’
1689 2782 1880 2834 ἑαυτοῦ

219 2867 558 2942 προστιθεὶς,
613 2863 782 2940 ἐκϐοᾷ
835 2871 994 2923 πᾶσιν
1056 2867 1129 2930 ὡς
1187 2868 1236 2942 ἐξ
1295 2868 1542 2924 ἀπόπτςυ
1596 2871 1745 2932 τινὸς
1787 2869 1878 2924 καὶ

223 2960 386 3016 I30
421 2956 770 3032 ὑψηλοτάτης
799 2965 1086 3034 περιωπῆς
1117 2963 1211 3031 (7)·
1247 2959 1362 3013 Υἱοὶ
1423 2959 1748 3032 ἀνθρώπων,
1777 2957 1882 3024 ἕως

219 3047 360 3102 πότε
421 3045 814 3124 βαρυκάρδιοι;
869 3047 1011 3103 ὶνατί
1089 3049 1328 3124 ἀγαπᾶτε
1397 3049 1734 3124 ματαιότητα
1789 3051 1875 3105 καὶ

221 3143 440 3210 ζητεῖτε
469 3135 707 3214 ψεῦδος;
767 3143 922 3214 Μέγα
978 3161 1030 3196 τι
1088 3141 1182 3196 τὸν
1245 3141 1472 3206 ἐνταῦθα
1507 3141 1626 3218 βίος⁹
1659 3141 1748 3196 καὶ
1780 3141 1878 3210 τήν

209 3229 430 3306 τρυφὴν
491 3229 584 3286 καὶ
639 3231 700 3286 τὸ
764 3233 956 3308 μικρὸν
1019 3228 1265 3307 δοξάριον
1319 3231 1410 3286 καὶ
1467 3233 1566 3300 τὴν
1615 3233 1876 3300 ταπεινήν

1971 611 2182 681 ticipes
2215 609 2570 664 redduntur.

2043 701 2188 754 Cum
2211 700 2410 770 igitur,
2445 700 2638 770 inquit
2665 701 2968 772 Josaphat,
3001 705 3122 755 tam
3153 700 3402 771 antiqua
3431 707 3490 756 et
3517 719 3629 758 ne-

1973 791 2235 846 cessaria
2265 790 2613 860 hujusmodi
2643 792 3028 862 philosophia
3058 792 3154 854 sit,
3177 791 3322 862 quid
3353 807 3532 846 causa
3551 796 3640 846 est

1976 881 2368 953 quamobrem
2391 882 2680 937 hodierna
2701 883 2792 937 die
2817 885 2988 954 pauci
3013 885 3132 940 sint
3154 885 3254 954 qui
3283 885 3436 940 hanc
3457 885 3636 940 vitam

1975 973 2292 1028 imitentur
2313 972 2340 1026 ?

2048 1080 2376 1151 Respondit
2397 1079 2774 1134 seneszulti
2801 1081 3042 1150 quidem
3067 1099 3196 1136 eam
3223 1084 3436 1140 imitati
3469 1087 3628 1152 sunt,

1978 1179 2035 1228 et
2052 1175 2379 1228 etiamnum
2399 1173 2810 1228 imitantur.At
2827 1175 3012 1228 multo
3033 1176 3232 1246 plures
3251 1185 3630 1248 cunctantur,

1977 1283 2044 1320 ac
2067 1281 2263 1320 moras
2285 1264 2734 1318 nectunt.Pauci
2761 1264 2920 1318 enim
2948 1271 3106 1330 sunt,
3129 1273 3192 1320 ut
3213 1269 3296 1320 ait
3317 1269 3628 1338 Dominus,

1981 1355 2079 1426 qui
2105 1372 2210 1426 per
2231 1360 2456 1408 arctam
2477 1359 2536 1406 et
2555 1359 2866 1424 angustam
2891 1353 3044 1408 viam
3067 1355 3378 1422 incedant;
3405 1359 3504 1428 qui
3527 1375 3636 1413 au—

1983 1451 2100 1500 tem
2129 1460 2236 1515 per
2255 1443 2490 1499 facilem
2514 1449 2570 1496 et
2593 1443 2796 1508 latam,
2819 1459 2998 1514 quam
3017 1444 3260 1514 plurimi
3282 1447 3492 1514 (Matth.
3529 1465 3637 1514 vn;

1981 1539 2112 1591 Luc.
2149 1536 2322 1603 XXIII).
2361 1535 2504 1588 Nam
2535 1533 2636 1604 qui
2665 1533 2850 1588 semel
2875 1535 3268 1604 pecuniarum
3293 1537 3640 1606 cupiditate,

1983 1631 2044 1681 et
2073 1624 2350 1679 vitiorum
2391 1641 2522 1694 qua}
2556 1640 2626 1678 ex
2671 1624 3078 1678 voluntatibus
3110 1625 3404 1690 oriuntur,
3439 1643 3642 1682 amore

1983 1714 2552 1785 correpti.vanmque
2572 1719 2630 1766 et
2647 1713 2812 1768 inani
2835 1713 3034 1784 glorizr.
3053 1713 3274 1768 addicti
3293 1717 3550 1776 sunt,vix
3567 1717 3640 1771 ab

1985 1807 2130 1878 ipsis
2157 1804 2356 1858 divelli
2393 1809 2662 1874 possunt.
2697 1809 2764 1856 ut
2792 1804 2892 1874 qui
2925 1803 3122 1858 alieno
3145 1805 3640 1878 domino,quique

1910 1918 1955 1982 Β
1986 1897 2426 1960 omnia,contra
2439 1909 2506 1948 ac
2525 1893 3166 1964 Deus.imperat,atque
3181 1895 3340 1965 ipsos
3355 1901 3640 1967 tanquam

1989 1985 2214 2040 catenis
2237 1983 2592 2054 quibusdam
2611 1983 2838 2038 vinctos
2863 1983 3206 2046 tenet,ultra
3227 1985 3456 2056 seipsos
3483 2003 3644 2042 man-

1984 2075 2259 2145 ciparint.
2297 2073 2548 2126 Animus
2581 2073 2822 2144 quippe,
2857 2091 2992 2127 cum
3027 2075 3212 2128 semel
3265 2076 3472 2130 salutis
3521 2094 3642 2132 sure

1986 2181 2150 2236 spem
2175 2163 2749 2234 abjeceriLhabenas
2775 2179 2910 2217 suas
2933 2165 3154 2218 aversis
3173 2166 3451 2220 aratione
3476 2169 3644 2238 cupi-

1986 2253 2272 2307 ditatibus
2295 2251 3156 2322 permittens.quaquaversum
3187 2255 3484 2310 fertur.Ac
3505 2275 3643 2328 pro-

1985 2344 2124 2398 inde
2145 2343 2438 2412 Propheta
2457 2343 2708 2396 oﬂ'usam
2731 2341 3072 2412 huiusmodi
3089 2343 3308 2398 animis
3322 2348 3645 2402 amentiam

1988 2423 2327 2495 deplorans,
2361 2422 2752 2493 caliginisque
2785 2423 2945 2493 ipsos
2995 2425 3264 2494 urgentis
3313 2429 3646 2483 crassitiem

1988 2514 2318 2586 lugens.his
2337 2513 2532 2567 verbis
2553 2511 2864 2566 utebatur:
2891 2513 3020 2567 Filii
3055 2514 3394 2578 hominum.
3425 2535 3648 2588 usque-

1988 2623 2104 2676 quo
2128 2603 2284 2677 gravi
2309 2601 2586 2656 corde?ut
2607 2602 2750 2672 quid
2773 2603 3019 2674 diligitis
3042 2607 3387 2674 vanitatem,
3411 2615 3470 2663 et
3491 2627 3650 2680 quae-

1987 2695 2116 2750 ritis
2133 2691 3060 2755 mendacium?Quemadmodum
3081 2695 3262 2750 etiam
3285 2699 3527 2766 quidam
3553 2717 3649 2754 sa-

1987 2787 2254 2858 pientum
2279 2783 2698 2854 magistrorum
2723 2787 3182 2844 nostrorum.vir
3203 2805 3402 2842 rerum
3423 2789 3648 2846 divina-

1985 2893 2116 2931 rum
2133 2873 2530 2946 peritissimus
2546 2873 2816 2926 eamdem
2833 2877 3266 2946 cumPropheta
3281 2879 3645 2935 cantilenam

1989 2979 2306 3030 canens,ac
2329 2962 2602 3033 qumdam
2623 2979 2656 3016 a
2674 2963 2869 3033 seipse
2893 2964 3244 3036 adiungens,
3265 2973 3550 3039 tanquam
3577 2987 3646 3026 ex

1988 3057 2108 3112 alta
2121 3054 2376 3125 quadam
2392 3057 2446 3106 et
2461 3052 2792 3107 editissima
2811 3054 3052 3123 specula
3066 3057 3342 3111 omnibus
3359 3059 3606 3113 inlamat
3631 3075 3646 3116 :

1989 3147 2120 3203 Filii
2139 3144 2792 3213 hominum,usquequo
2810 3145 2968 3214 gravi
2990 3147 3266 3201 corde?ut
3287 3149 3432 3218 quid
3457 3149 3654 3220 diligi-

1991 3237 2066 3291 tis
2083 3235 2489 3294 vanitatem,et
2512 3233 2778 3303 quzeritis
2795 3233 3658 3307 mendacium(Psal.xr.n-'):ma.

213 3317 534 3376 δυναστείαν
591 3321 682 3375 καὶ
735 3323 834 3391 τὴν
891 3321 1232 3397 ψευδόμένην
1293 3322 1586 3397 εὐημερίαν
1617 3321 1872 3395 ὑπολαμ-

1990 3343 2164 3399 gnum
2185 3325 2472 3379 nimirum
2491 3323 2718 3394 aliquid
2735 3325 2884 3378 hanc
2901 3326 3076 3380 vitam
3091 3331 3166 3388 ,et
3182 3327 3516 3394 delicias,et
3533 3331 3658 3384 exi-

559 3411 581 3428 PI

213 3405 498 3480 ϐάνοντες,
559 3411 593 3466 ἃ
654 3413 730 3486 μὴ
787 3417 896 3468 τῶν
954 3413 1190 3488 ἐχόντων
1249 3413 1466 3487 μᾶλλον
1523 3411 1663 3469 ἐστίν
1695 3413 1729 3483 ἢ
1762 3417 1870 3468 τῶν

217 3501 586 3573 ἐλπισάντων,
641 3499 767 3558 ούδέ
821 3501 1030 3558 τούτων
1079 3501 1294 3577 μᾶλλον
1325 3505 1360 3572 ἢ
1393 3507 1499 3558 τῶν
1530 3501 1656 3558 οὐδὲ
1703 3525 1877 3578 προσ-

217 3590 596 3664 δοκησάντων,
648 3593 829 3667 ὥσπερ
888 3597 1027 3670 χοῦς
1089 3593 1192 3649 ὑπὸ
1251 3591 1525 3656 λαίλαπος
1567 3592 1771 3649 ἄλλοτε
1801 3593 1878 3659 εἰς

219 3679 432 3739 ἄλλους
493 3684 813 3760 ῥιπιζόμενα
863 3685 954 3739 καὶ
1019 3683 1548 3758 μεταρῥιπτούμενα,
1609 3685 1644 3753 ἢ
1697 3683 1876 3760 ὥσπερ

209 3774 426 3836 καπνὸς
481 3771 823 3852 διαῤῥέοντα,
871 3775 962 3828 καί
1017 3773 1092 3835 ὡς
1142 3769 1273 3848 ὄναρ
1323 3772 1608 3842 παίζοντα,
1649 3775 1740 3828 καὶ
1799 3775 1874 3837 ὡς

211 3864 344 3920 σκιᾶ
403 3865 479 3938 μή
533 3865 898 3939 κρατούμενα,
959 3860 1083 3919 οὔτε
1135 3862 1342 3918 ἀπόντα
1399 3860 1730 3918 δυσέλπιστα
1765 3869 1884 3926 τοῖς

207 3954 284 4010 ού
316 3956 702 4027 κεκτημένοις,
736 3951 860 4010 οὕτε
889 3955 1134 4028 παρόντα
1163 3954 1328 4008 πιστά
1351 3957 1470 4015 τοῖς
1507 3951 1754 4028 ἔχουσιν.

1984 3431 2154 3488 gnam
2167 3412 2552 3486 gloriolam,et
2567 3411 2904 3467 mendacem
2920 3415 3372 3484 prosperitatem
3390 3433 3518 3472 esse
3535 3419 3658 3472 exi-

1988 3507 2060 3561 sti
2071 3523 2206 3561 man
2217 3513 2300 3560 tes
2326 3507 2498 3574 .(Naz.
2527 3505 2718 3558 erade
2731 3507 2842 3558 suis
2853 3511 3014 3558 ser.et
3033 3505 3314 3560 adJulium
3323 3508 3579 3562 Exisotcn
3590 3507 3660 3576 .?)

1989 3599 2128 3662 Quae
2169 3595 2412 3666 quidem
2451 3609 2570 3648 non
2607 3593 2794 3664 magis
2827 3609 3034 3647 eorum
3066 3599 3206 3648 sunt
3237 3595 3338 3666 qui
3377 3595 3656 3652 fruuntur

1993 3701 2170 3757 quam
2191 3684 2290 3754 qui
2313 3699 2381 3738 ea
2401 3683 2458 3736 in
2477 3699 2578 3753 spe
2595 3683 3068 3748 habuerunt;nec
3085 3700 3290 3738 rursus
3307 3685 3520 3739 horum
3537 3703 3654 3742 ma-

1993 3776 2080 3848 gis
2104 3791 2283 3845 quam
2307 3789 2514 3827 eorum
2539 3773 2640 3842 qui
2665 3789 2738 3826 ne
2761 3787 2830 3826 ea
2851 3771 3098 3842 quidem
3121 3789 3386 3844 unquam
3411 3791 3658 3847 exspec-

1994 3869 2282 3926 tarunt,et
2309 3879 2440 3932 quas
2455 3878 2576 3916 non
2599 3879 2770 3916 secus
2791 3878 2858 3916 ac
2883 3863 3074 3932 pulvis
3100 3879 3133 3918 a
3157 3864 3395 3919 turbine
3414 3866 3486 3920 ad
3509 3867 3660 3922 alios

1997 3960 2174 4025 atque
2196 3951 2344 4008 alios
2378 3949 2630 4004 subinde
2663 3951 3013 4021 perﬂantur,
3041 3969 3108 4007 ac
3145 3953 3402 4009 vicissim
3421 3957 3661 4024 jactan-

213 4053 337 4116 tur,
374 4053 478 4102 aut
509 4047 656 4102 fumi
689 4047 878 4102 instar
909 4046 1200 4112 defluunt,
1233 4062 1300 4100 ac
1331 4045 1490 4100 velut
1521 4045 1888 4102 insomnium
1919 4045 2194 4102 homines
2219 4039 2629 4104 ludificantur,
2658 4046 2716 4094 et
2739 4045 2806 4094 ut
2829 4041 3040 4096 umbra
3063 4043 3306 4098 retineri
3333 4051 3660 4115 nequeunt,

216 4153 292 4194 ac
319 4138 580 4210 denique
609 4137 694 4192 ita
723 4141 938 4192 natura
969 4141 1312 4208 comparata
1341 4139 1500 4203 sunt,
1534 4141 1598 4189 ut
1647 4153 1756 4192 nec
1805 4154 1940 4192 cum
1985 4135 2223 4198 absunt,
2261 4147 2329 4187 ea
2379 4147 2440 4186 se
2475 4129 2789 4186 habituros
2833 4147 2962 4186 esse
2997 4131 3270 4189 homines
3303 4135 3660 4206 desperent;

219 4247 340 4285 nec
371 4245 508 4284 cum
539 4227 777 4294 adsunt,
811 4226 1256 4298 possidentibus
1287 4231 1448 4280 certa
1479 4230 1536 4280 et
1567 4226 1804 4280 stabilia
1837 4226 1976 4282 sint.

299 4315 489 4376 Οὕτως
522 4313 612 4370 οὖν
643 4317 740 4369 τοῦ
774 4321 1038 4390 Σωτῆρος
1079 4311 1494 4386 ἐντελλομένου,
1525 4317 1632 4368 τῶν
1666 4335 1873 4392 προφη-

2067 4314 2214 4368 Cum
2255 4311 2436 4384 igitur
2461 4310 2532 4366 ad
2565 4310 2722 4365 hunc
2759 4309 3004 4366 modum
3037 4313 3304 4369 Salvator
3329 4317 3660 4390 prarcipiat,

221 4409 341 4460 τῶτ
373 4424 430 4458 τε
457 4405 548 4458 καὶ
593 4403 946 4462 ’Λποστόλων
998 4404 1402 4476 κηρυττόντων,
1451 4403 1542 4457 καὶ
1575 4407 1682 4457 τῶν
1709 4403 1873 4477 ἁγίων

1995 4403 2302 4476 propheta:
2323 4407 2382 4456 et
2400 4399 2652 4472 apostoli
2675 4401 3096 4470 praedicentac
3117 4405 3306 4459 sancti
3327 4423 3533 4462 omnes
3551 4409 3660 4465 viri

223 4496 454 4550 πάντων
481 4491 626 4568 ἔργῳ
667 4515 725 4550 τε
779 4495 871 4550 καὶ
931 4495 1080 4569 λόγῳ
1136 4494 1212 4556 εἰς
1267 4494 1366 4562 τήν
1397 4499 1497 4562 τῆς
1528 4494 1724 4568 ἀρετῆς
1757 4515 1880 4548 συν-

217 4584 520 4649 ωθούντων
575 4586 722 4658 ἡμᾶς
775 4581 1185 4654 ἀπλανεστάτην
1251 4580 1400 4654 ὁδὸν,
1457 4581 1554 4637 κᾶν
1615 4581 1794 4659 ὀλίγοι
1829 4583 1880 4638 οἱ

209 4677 429 4748 ταύτην
461 4675 763 4750 ὁδεύοντες,
795 4675 1018 4738 πλείους
1074 4673 1132 4731 δέ
1189 4676 1240 4730 οἱ
1295 4676 1394 4744 τήν
1443 4673 1761 4750 εὐρύχωρον
1793 4675 1884 4729 καὶ

207 4767 362 4843 πρὸς
395 4763 674 4822 ἀπώλειαν
725 4767 962 4842 ἄγουσαν
1023 4765 1425 4842 προκρίνοντες,
1457 4764 1556 4820 οὐκ
1587 4765 1646 4820 ἐκ
1687 4763 1883 4820 τούτου

201 4859 246 4928 ἡ
313 4855 570 4912 πολιτεία
623 4863 726 4926 τῆς
783 4856 963 4921 ἐνθέου
1021 4857 1224 4926 ταύτης
1284 4856 1880 4930 κατασμικρυνθήσεται

203 4945 579 5028 φιλοσοφίας,
611 4945 778 5016 ἀλλὰ,
811 4947 1051 5018 καθάπερ
1085 4947 1114 5002 ὁ
1155 4945 1345 5014 ἥλιος,
1384 4945 1460 5007 είς
1495 4943 1685 5012 φαῦσιν
1720 4951 1882 4999 πᾶσιν

203 5035 570 5106 ἀνατέλλων,
625 5035 876 5116 ἀφθόνως
929 5037 1098 5092 αὑτοῦ
1154 5037 1250 5098 τὰς
1309 5035 1530 5100 ἀκτῖνας
1569 5035 1885 5112 προπέμπει

205 5130 434 5190 πάντας
484 5127 807 5206 φωτίξεσθαι
853 5125 1322 5203 προτρεπόμενος,
1371 5125 1514 5182 οὕτω
1553 5125 1644 5181 καὶ
1675 5128 1710 5196 ἡ
1745 5123 1886 5196 ἀλη-

205 5220 328 5290 θής
363 5215 664 5296 φιλοσοφία
709 5216 837 5280 τοὺς
887 5216 1058 5287 αὐτῆς
1106 5216 1330 5292 ἐραστὰς
1379 5215 1546 5286 ἡλίου
1579 5213 1736 5287 δίκην
1769 5235 1888 5274 φω-

1997 4501 2122 4548 tum
2145 4509 2208 4546 re
2231 4493 2514 4562 ipsa.tum
2539 4505 2815 4545 sermone
2849 4491 2924 4546 ad
2955 4493 3188 4548 virtutis
3215 4496 3366 4551 viam
3392 4499 3464 4552 ab
3495 4501 3660 4555 omni

1996 4600 2196 4640 errore
2227 4581 2485 4636 maxime
2521 4580 2854 4636 immunem
2905 4599 3015 4640 nos
3057 4584 3392 4656 impellant,
3428 4591 3662 4646 etiamsi

1995 4674 2168 4746 pauci
2195 4673 2348 4727 hanc
2367 4677 2848 4734 teneant,contra
2871 4679 3068 4728 autem
3091 4675 3260 4730 multi
3285 4677 3466 4733 latam
3483 4685 3660 4752 atque

1997 4765 2056 4818 in
2083 4763 2326 4818 exitium
2355 4761 2674 4816 ducentem
2701 4761 2810 4816 sibi
2837 4761 3120 4835 deligant,
3155 4783 3276 4821 non
3303 4775 3498 4824 tamen
3523 4789 3660 4842 pro-

1997 4859 2199 4926 pterea
2213 4852 2430 4906 divinae
2447 4851 2625 4922 hujus
2641 4851 3034 4923 pliilOSOpliize
3055 4855 3392 4912 institutum
3411 4859 3657 4915 minoris

1997 4943 2420 4998 aestimandum
2438 4941 2798 4996 est.Utenim
2817 4942 3068 5008 sol,c.um
3085 4945 3462 5002 illuminandi
3481 4966 3660 5006 causa

1999 5033 2273 5088 exoriens
2303 5029 2502 5085 radios
2527 5047 2667 5084 suos
2691 5030 3008 5086 afﬂuenter
3041 5035 3290 5100 emittat,
3327 5055 3655 5110 omnesque

1996 5123 2069 5179 ad
2089 5121 2508 5194 excipiendum
2523 5121 2726 5176 lumen
2743 5121 3160 5190 cohortetur,si
3180 5126 3421 5196 quidam
3437 5129 3657 5198 clausis

1997 5212 2186 5269 oculis
2205 5211 2584 5284 splendorem
2605 5211 2791 5282 ipsius
2807 5211 3380 5280 intuerinolint,non
3395 5225 3662 5292 propter-

408 5349 610 5404 Matth.
643 5366 746 5424 Ῡιι,
777 5350 840 5404 13
871 5363 886 5404 :
920 5346 1086 5417 Στενὴ
1137 5347 1172 5416 ἠ
1225 5342 1400 5416 πύλη,
1446 5343 1538 5400 καὶ
1586 5337 1929 5419 τεθλιμμένη
1981 5343 2016 5414 ἡ
2070 5338 2193 5404 ὁδὸς
2243 5340 2278 5409 ἡ
2331 5335 2614 5413 ἀπάγουσα
2645 5337 2724 5401 εἷς
2753 5339 2851 5408 τὴν
2887 5342 3057 5410 ζωήν,
3090 5342 3179 5398 καὶ
3227 5343 3408 5422 ὀλίγοι
3441 5344 3576 5402 εἷσίν
3609 5347 3662 5403 οἱ

205 5418 580 5490 εὑρίσκοντες
611 5418 800 5490 αὐτήν.

315 5497 376 5567 lg)
409 5481 610 5567 Matth.
643 5481 758 5567 νηί
775 5497 842 5567 12
871 5491 1156 5567 ζΠλατεῖα
1183 5494 1218 5562 ἡ
1252 5487 1426 5561 πύλη,
1453 5489 1540 5544 καὶ
1577 5489 1895 5567 εὐρύχωρος
1927 5489 1962 5558 ἡ
1997 5484 2122 5550 ὁδὸς
2177 5488 2212 5556 ἡ
2273 5483 2554 5560 ἀπάγουσα
2586 5481 2662 5544 εἰς
2691 5483 2792 5555 τὴν
2825 5483 3127 5559 ἀπώλειαν,
3161 5488 3252 5544 καὶ
3285 5489 3492 5548 πολλοί
3523 5491 3656 5550 εἰσιν

207 5561 703 5639 οἱέίσερχόμενοι
736 5561 805 5619 δι’
837 5563 1026 5634 αὐτῆς.

295 5643 384 5714 (5)
419 5639 572 5714 gsal.
607 5655 680 5714 iv,
713 5641 766 5694 2.

615 5713 746 5768 Naz.
778 5715 928 5766 orat.
961 5713 1014 5776 9,
1047 5727 1104 5776 p.
1135 5711 1256 5766 151.

299 5711 362 5781 (6
411 5711 524 5768 Gre
569 5754 580 5765 .
615 5713 746 5768 ΝΜ.
778 5715 928 5766 orat.
961 5713 1014 5776 9,
1089 5751 1104 5766 .
1135 5711 1256 5766 151.

295 5713 386 5859 (Ἱί
414 5783 498 5840 De
525 5727 830 5842 gocutione
859 5779 980 5842 vid.
1023 5727 1235 5839 falsius
1265 5782 1338 5840 ad
1371 5783 1625 5838 Leonem
1651 5779 1810 5838 Diae.
1843 5797 1901 5854 p.
1927 5779 2052 5836 213.
