4100 6386
466 424 574 481 995

2030 413 2377 470 ADDBNDA
2390 453 2404 468 .

3791 417 3905 473 996

466 569 536 610 ea
554 549 1088 625 reprehensionem
1115 550 1401 611 meretur,
1425 548 1528 600 aut
1556 560 1590 599 a
1620 541 1872 614 reliquis
1901 539 2109 612 negligi

2235 542 2476 614 ταγωγεῖ
2517 538 2607 594 καὶ
2637 537 2966 615 περιθάλπει
3015 538 3106 594 καὶ
3164 535 3456 615 λαμπροὺς
3489 537 3905 600 ἀποδείκνυσιν.

463 643 782 710 debet,nec
798 638 1131 714 splendoris
1145 635 1329 708 ipsius
1347 633 1590 708 gloriam
1608 633 1681 689 ob
1701 632 1942 687 illorum
1961 630 2127 686 sulti-

461 734 607 789 tiam
631 734 692 788 in
717 736 1059 800 contemptu
1081 725 1521 795 versatur;quin
1543 723 1740 795 potius
1764 722 1852 776 illi
1877 721 2122 793 quidem

461 825 692 894 seipsos
725 819 949 875 lumine
997 817 1276 872 orbantes
1312 819 1618 885 ,tanquam
1670 812 1831 874 cmci,
1865 811 2123 882 parietes

460 913 911 986 palpant,atque
941 909 1001 963 in
1034 907 1252 962 multas
1279 905 1520 961 scrobes
1550 904 1888 976 prmcipites
1918 905 2121 967 ruunt,

462 1002 788 1072 multisque
814 999 1002 1071 spinis
1020 1013 1226 1052 eorum
1249 995 1404 1050 oculi
1431 992 1893 1066 punguntur;sol
1916 997 2124 1047 contra

465 1091 847 1163 splendorem
877 1103 1050 1142 suum
1083 1086 1482 1150 retinens,eos
1513 1084 1775 1138 illustrat
1805 1083 1905 1153 qui
1932 1081 2122 1152 ipsius

460 1181 664 1236 lumen
687 1180 920 1234 detecta
939 1176 1089 1232 facie
1105 1173 1562 1230 contuenturzad
1586 1172 1864 1228 eumdem
1886 1187 2123 1242 quoque

457 1270 705 1325 modum
736 1267 953 1324 Christi
1003 1267 1206 1321 lumen
1265 1263 1543 1319 omnibus
1598 1262 1840 1334 quidem
1890 1261 2116 1326 illucet,

458 1360 968 1432 splendoremque
1013 1372 1187 1411 suum
1237 1353 1409 1409 nobis
1454 1353 1678 1408 atl‘atim
1707 1351 2012 1423 impertit;
2061 1355 2122 1404 at

456 1467 594 1507 vero
627 1467 735 1521 pro
768 1465 876 1504 sua
905 1447 1158 1518 quisque
1210 1443 1534 1516 cupiditate
1567 1442 1873 1512 animique
1905 1440 2122 1496 alacri-

456 1543 577 1596 tate
601 1539 798 1610 ipsum
820 1536 1093 1608 percipit.
1118 1536 1261 1589 Nam
1290 1549 1399 1588 nec
1421 1533 1522 1587 ille
1541 1532 1792 1603 justitim
1815 1531 1904 1586 sol
1927 1529 2118 1585 ullum

459 1645 529 1684 ex
560 1629 654 1683 his
687 1627 786 1698 qui
813 1626 1122 1682 oculorum
1155 1625 1340 1679 aciem
1371 1623 1429 1678 in
1465 1623 1660 1694 ipsum
1684 1620 1995 1677 intendere
2017 1637 2119 1675 cu-

451 1720 628 1792 piunt
654 1717 946 1774 beneﬁcio
981 1734 1052 1772 eo
1084 1715 1296 1787 privat,
1327 1731 1438 1769 nec
1480 1729 1718 1769 rursum
1750 1712 1843 1767 his
1875 1711 1991 1766 vim
2023 1711 2121 1764 in-

446 1809 566 1865 fert
613 1807 729 1880 qui'
764 1811 972 1878 suapte
1025 1810 1236 1877 sponte
1294 1803 1571 1859 tenebras
1616 1802 2115 1874 eligunt;verum

2236 625 2361 682 Εἶδὶ
2391 649 2559 697 τινες,
2597 628 2860 702 μύσαντες
2906 627 3036 691 τοὺς
3086 627 3430 706 ὁφθαΛμοὺς,
3456 629 3696 687 κατιδεῖν
3731 632 3903 688 αὐτοῦ

2231 716 2294 771 τὸ
2325 719 2523 794 φέγγος
2557 719 2622 774 οὐ
2655 717 3005 787 θελήσουσιν,
3053 715 3176 774 οὕτε
3228 719 3506 792 μεμπτέος
3555 721 3703 797 παρᾶ
3730 727 3898 778 τοῦτο

2235 806 2262 860 ὁ
2293 805 2480 876 ἥλιος,
2530 807 2656 864 οὗτε
2701 813 2819 870 τοῖς
2876 807 3098 872 λοιποῖς
3142 811 3473 883 παροπτέος,
3525 807 3650 866 οὔτε
3705 812 3814 884 μὴν
3857 815 3895 883 ἡ

2234 893 2363 967 δόξα
2392 899 2490 966 τῆς
2521 897 2686 953 αὐτοῦ
2717 895 3117 972 λαμπρότητος
3166 895 3255 953 διά
3304 903 3407 965 τῆς
3437 898 3658 956 ἐκείνων
3690 901 3898 974 ἀτιμα-

2233 988 2487 1056 σθήσεται
2567 982 2924 1060 ἀϐελτηρίας·
2988 991 3135 1046 181
3195 987 3318 1044 ἀλλ’
3378 989 3571 1046 ἐκεῖνοι
3640 991 3737 1063 μὶν
3794 995 3895 1047 τοῦ

2233 1077 2413 1154 φωτὸς
2447 1076 2670 1140 ἑαυτοὺς
2713 1078 3204 1152 ἀποστερήσαντες,
3257 1079 3332 1143 ὡς
3375 1077 3580 1158 τυφλοὶ
3627 1080 3898 1159 ψηλαφή-

2232 1186 2384 1220 σουσι
2435 1172 2658 1242 τοῖχον,
2714 1165 2955 1232 πολλοῖς
3011 1165 3070 1223 δὲ
3128 1167 3486 1241 ἐμπεσοῦνται
3526 1170 3894 1246 βὸθροις,καὶ

2230 1255 2472 1318 πολλαῖς
2529 1255 3022 1328 ἐκκεντηθήσονται
3079 1257 3174 1320 τὰς
3232 1255 3387 1333 ὄψεις
3445 1259 3718 1330 ἀκάνθαις,
3771 1263 3798 1316 ὁ
3835 1261 3896 1317 δὶ

2229 1343 2393 1414 ἥλιος
2423 1343 2508 1400 ἐπὶ
2541 1347 2642 1417 τῆς
2696 1343 2834 1408 ἰδίας
2891 1347 3187 1420 ἱστάμενος
3245 1346 3638 1423 λαμπρότητος
3697 1371 3896 1428 φωτιεῖ

2226 1434 2354 1496 τοὺς
2412 1433 2920 1509 ἀνακεκαλυμμένῳ
2995 1436 3277 1511 προσώπῳ
3347 1437 3410 1492 τὸ
3467 1437 3664 1516 φέγγος
3723 1441 3894 1495 αὐτοῦ

2228 1523 2765 1598 κατοπτριζομένους
2986 1525 3087 1580 Τὸν
3149 1525 3310 1580 αὐτὸν
3365 1523 3432 1595 δὴ
3473 1529 3678 1604 τρόπον
3704 1529 3890 1584 καὶτὸ

2226 1616 2326 1668 τοῦ
2355 1614 2591 1687 Χριστοῦ
2621 1619 2739 1692 φῶς
2795 1614 2974 1692 φαίνει
3040 1615 3136 1686 μὶν
3197 1622 3326 1670 πᾶσι
3376 1614 3686 1687 πλουσίως,
3723 1639 3889 1691 μετα-

2229 1699 2378 1758 διδὸν
2409 1705 2547 1776 ἡμῖν
2573 1709 2675 1774 τῆς
2703 1703 2867 1759 αὐτοῦ
2900 1702 3286 1779 λαμπηδόνος’
3324 1707 3543 1784 μετέχει
3577 1705 3634 1762 δὶ
3661 1704 3891 1772 ’ἐκασθος

2227 1793 2347 1856 καθ’
2403 1791 2528 1847 ὅσον
2589 1792 2821 1870 ἐφέσεως
2878 1787 2996 1868 ἔχει
3055 1792 3143 1849 καὶ
3213 1795 3546 1868 προθυμίας
3608 1792 3732 1852 οὔτε
3783 1796 3890 1873 γάρ

453 1915 575 1956 sua)
597 1897 851 1970 quisque
877 1896 1082 1951 liberm
1106 1893 1392 1950 voluntati
1427 1898 1485 1948 et
1513 1891 1816 1961 electioni,
1848 1892 2109 1964 quandiu

2227 1886 2519 1962 ἀποστερεῖ
2572 1906 2696 1941 τινα
2749 1889 2859 1940 τῶν
2923 1883 3275 1962 βουλομένων
3329 1886 3477 1961 αύτῷ
3509 1887 3822 1958 ἐνατενίζειν
3863 1889 3892 1943 ὁ

451 1986 513 2042 in
545 1987 657 2041 hac
686 1985 804 2039 vita
835 1988 946 2051 est,
971 1981 1358 2053 relinquitur.

2223 1973 2388 2044 ἥλιος
2438 1980 2540 2044 τῆς
2601 1971 2952 2046 δικαιονύνης
2991 1980 3085 2050 ιθ),
3145 1973 3271 2032 δῦτε
3331 1977 3439 2049 μὴν
3486 1976 3728 2054 βιάζεται
3755 1977 3889 2041 τοὺς

451 2074 719 2146 έκουσίως
749 2073 812 2128 τὸ
845 2072 1038 2133 σκότος
1068 2069 1484 2146 ἐκλεγομένους·
1536 2065 1686 2124 ἀλλά
1740 2070 1809 2140 τῇ
1870 2063 1984 2139 ἲδῖᾳ
2041 2063 2271 2128 ἕκαστος
2330 2063 2538 2142 ἐφεῖται
2599 2064 2934 2138 αύτεξουσίῳ
2963 2067 3300 2142 προαιρέσει,
3331 2065 3436 2130 ἓως
3462 2065 3517 2124 ἐν
3545 2072 3625 2140 τῷ
3653 2069 3891 2142 παρόντι

456 2147 562 2224 βίῳ
595 2144 727 2202 ἐστί.

519 2239 665 2293 Cum
687 2240 886 2292 autem
906 2235 1188 2306 Josaphat
1205 2231 1492 2305 quidnam
1514 2230 1741 2286 arbitrii
1762 2229 2006 2286 libertas
2028 2235 2111 2284 at-

445 2344 562 2400 que
577 2325 788 2382 electio
809 2330 966 2380 esset
983 2321 1614 2395 qumreret,respondit
1635 2336 1836 2376 senex:
1863 2317 2108 2374 Arbitrii

448 2417 694 2472 libertas
715 2420 805 2470 est
821 2415 1034 2470 animai
1051 2413 1281 2468 ratione
1299 2411 1522 2467 utentis
1539 2410 1966 2477 voluntas,sine
1985 2408 2108 2464 ullo

447 2506 881 2578 impedimento
903 2503 977 2560 ad
1002 2503 1061 2558 id
1084 2502 1243 2574 quod
1266 2501 1410 2567 vult,
1435 2502 1547 2556 hoc
1570 2505 1660 2556 est
1684 2501 1803 2556 sive
1829 2500 1902 2555 ad
1927 2499 2110 2554 virtu-

448 2595 719 2662 tem,sive
746 2593 819 2649 ad
842 2593 1071 2657 vitium,
1093 2592 1543 2661 incitata,atque
1561 2607 1596 2645 a
1617 2605 1849 2644 summo
1875 2588 1978 2643 illo
2002 2605 2110 2660 pa-

455 2692 626 2743 rente
659 2689 717 2740 et
741 2684 1063 2740 architecto
1094 2682 1180 2736 ita
1209 2682 1436 2737 eﬂ'ecta.
1464 2682 1740 2744 Rursum,
1764 2679 2008 2734 Arbitrii
2040 2678 2112 2733 li-

455 2774 656 2832 bertas
701 2779 790 2830 est
821 2771 1246 2828 intellectualis
1278 2771 1492 2826 animas
1526 2786 1631 2842 pro
1663 2786 1769 2825 suo
1818 2768 2113 2825 arbitratu

455 2864 949 2938 agitatio.Electio
975 2869 1174 2918 autem
1197 2866 1286 2917 est
1307 2876 1511 2916 earum
1545 2876 1746 2915 rerum
1778 2876 1909 2931 quas
1933 2859 1994 2914 in
2016 2875 2114 2914 ar-

452 2954 631 3011 bitrio
662 2960 865 3010 nostro
890 2953 1018 3008 sita:
1049 2957 1350 3015 sunt,cum
1381 2949 1632 3006 consilio
1665 2949 1986 3021 conjuncta
2008 2965 2114 3020 ap-

451 3041 995 3118 petitio.Siquidem
1013 3058 1139 3096 rem
1159 3057 1289 3096 eam
1307 3056 1438 3112 quin
1459 3039 1607 3095 inito
1628 3039 1877 3094 consilio
1901 3038 2116 3094 melior

443 3135 714 3207 judicata
738 3133 1144 3205 estieligentes
1167 3129 1864 3203 appetimus.Consilium
1899 3134 1989 3184 est
2019 3129 2110 3184 in-

449 3223 789 3296 vestigatrix
812 3219 1096 3293 appetitio
1122 3219 1193 3274 de
1218 3218 1393 3274 rebus
1414 3219 1713 3291 gerendis,
1735 3235 1987 3290 quarum
2012 3233 2116 3290 pe-

2291 2228 2404 2285 Τοῦ
2431 2223 2489 2282 δὶ
2535 2226 2771 2306 ἰωάσαφ
2821 2229 3134 2302 πυθομένου
3187 2227 3242 2284 τί
3296 2229 3359 2285 τὸ
3409 2229 3756 2301 αὐτεξούσιον
3786 2230 3878 2286 καὶ

2216 2317 2272 2375 τί
2328 2319 2669 2392 προαίρεσις,
2730 2318 2894 2397 φησὶν
2955 2321 2984 2375 ὁ
3038 2321 3237 2396 γέρων·
3300 2320 3724 2395 Δύτεξουσιότης
3768 2324 3882 2394 (10)

2223 2413 2318 2486 μὲν
2371 2410 2483 2467 ἐστι
2541 2414 2730 2486 ψυχῆς
2787 2409 3018 2488 λογικῆς
3073 2411 3320 2484 θέλησις,
3351 2412 3650 2476 ἀκωλύτως
3690 2434 3878 2468 κινου-

2225 2500 2359 2575 μένη
2392 2501 2531 2568 πρὸς
2563 2501 2694 2573 ὅπερ
2726 2499 2786 2556 ἂν
2838 2499 3121 2576 βούλοιτο,
3154 2501 3262 2558 εἴτε
3300 2503 3496 2580 ἀρετὴν
3529 2501 3638 2560 εἴτε
3663 2502 3876 2573 κακίαν,

2223 2591 2396 2653 οὕτως
2429 2591 2535 2646 ὑπὸ
2563 2595 2662 2646 τοῦ
2693 2599 2766 2662 Δη
2779 2597 3045 2668 μιουργοῦ
3075 2593 3404 2668 γενομένης.
3450 2593 3879 2664 Ᾱῦτιξουσιότης

2221 2681 2372 2744 αὖθίς
2401 2679 2511 2737 ἐστι
2543 2686 2731 2757 νοερᾶς
2781 2684 2970 2756 ψυχῆς
3015 2682 3233 2753 κίνησις
3284 2682 3652 2760 αύτοκρατής.
3681 2682 3884 2758 Προαί-

2223 2793 2369 2849 ρεσις
2424 2769 2480 2828 δὲ
2537 2771 2678 2826 ἐστιν
2739 2771 2918 2848 ύρεξις
2980 2770 3276 2849 βουλενική
3323 2779 3435 2828 τῶν
3491 2772 3574 2848 ἐφ’
3624 2775 3790 2845 ἡμῖν,
3843 2771 3876 2842 ἦ

2226 2861 2513 2939 βούλευσις
2571 2862 2827 2937 ὀρεκτικὴ
2884 2866 2993 2918 τῶν
3054 2861 3136 2940 ἐφ’
3192 2865 3352 2936 ἡμῖν·
3398 2868 3498 2920 τοῦ
3525 2863 3630 2939 γὰρ
3662 2884 3884 2938 προκρι-

2223 2950 2406 3018 θέντος
2439 2952 2499 3008 ἐκ
2524 2958 2626 3023 τῆς
2661 2953 2870 3030 βουλῆς
2917 2951 3180 3032 ἐφιέμεθα
3210 2955 3668 3029 προαιρούμενοι,
3705 2955 3874 3023 Βουλῆ

2225 3039 2283 3096 δὶ
2312 3041 2454 3097 ἐστιν
2487 3038 2663 3117 ὄρεξις
2725 3043 2993 3114 ζητητική
3038 3042 3163 3118 περὶ
3211 3047 3320 3100 τῶν
3375 3043 3457 3122 ἐφ’
3489 3047 3624 3117 ἡμῖν
3658 3065 3866 3120 πρακτιο

2221 3135 2333 3187 κῶν
2379 3131 2666 3207 γινομένηο
2727 3131 3048 3208 βουλεύεται
3106 3133 3207 3209 γάρ
3264 3153 3374 3201 τις,
3407 3133 3459 3190 εἷ’
3505 3129 3706 3190 ὥσειλε
3763 3155 3864 3208 μετα

2223 3217 2402 3276 ελθεῖν
2429 3221 2492 3276 τὸ
2542 3227 2775 3297 πρᾶγμα
2805 3221 2840 3291 ἢ
2874 3220 2959 3279 οὗ.
3016 3221 3150 3280 Εἶτα
3198 3222 3370 3299 κρίνει
3401 3223 3464 3279 τὸ
3488 3230 3760 3300 κρεῖττον,
3793 3224 3872 3279 καὶ

449 3331 558 3370 nos
577 3330 684 3368 nos
704 3317 966 3384 potestas
989 3308 1408 3365 est.Deliberat
1428 3309 1586 3366 enim
1605 3308 1902 3380 quispiam
1929 3325 2107 3380 expe-

2218 3307 2423 3384 γίνεται
2454 3309 2652 3386 κρίσις.
2702 3311 2833 3366 Εἶτα
2883 3308 3175 3376 διατίθεται
3227 3313 3312 3368 καὶ
3361 3313 3546 3388 ἀγαπᾷ
3592 3314 3656 3369 τὸ
3684 3313 3745 3369 ἐκ
3771 3318 3873 3379 τῆς

447 3403 651 3461 diatne
677 3401 903 3472 aliquid
929 3414 1340 3471 agere.necne.
1378 3397 1787 3468 Deinde,quod
1819 3403 2106 3470 praestan-

446 3493 564 3548 tius
596 3498 706 3560 est,
731 3491 983 3563 judicat,
1017 3506 1085 3544 ac
1109 3488 1406 3560 judicium
1439 3487 1715 3543 efﬁcitur.
1749 3489 1877 3543 Mox
1904 3493 2107 3544 autem

443 3582 724 3649 afﬁcitur,
782 3587 961 3652 atque
1021 3578 1081 3633 id
1131 3578 1288 3650 quod
1341 3594 1411 3632 ex
1467 3578 1720 3633 consilio
1766 3577 2104 3650 judicatum

443 3676 819 3739 est,amat,ac
849 3668 1148 3726 sententia
1179 3667 1569 3723 dicitur.Nam
1595 3667 1642 3722 si
1677 3667 1759 3722 ita
1781 3667 2014 3739 judicet
2041 3671 2107 3722 ut

439 3766 642 3819 tamen
658 3759 868 3833 ergaid
882 3756 1385 3830 quodjudicatum
1405 3756 2103 3822 est.minimeafﬁciatur,

441 3852 558 3908 hoc
579 3855 688 3918 est,
722 3849 781 3905 id
814 3848 1061 3904 minime
1091 3863 1276 3913 amer,
1311 3845 1609 3902 sententia
1638 3845 2102 3917 haudquaquam

448 3939 804 4014 appellatur.
831 3940 976 3994 Tum
1007 3941 1142 4009 post
1167 3935 1547 3992 affectionem
1581 3936 1648 3990 ﬁt
1678 3935 1914 3990 electio.
1956 3936 2102 3990 Nam

445 4031 660 4088 electio
683 4027 837 4085 nihil
860 4026 1024 4082 aliud
1046 4032 1137 4082 est
1161 4042 1338 4097 quam
1365 4041 1395 4080 e
1420 4025 1651 4082 duabus
1674 4024 1854 4080 rebus
1884 4042 2104 4097 propo-

441 4121 575 4179 sitis
597 4119 849 4176 alteram
871 4135 992 4189 pras
1023 4116 1212 4172 altera
1241 4115 1521 4187 amplecti
1555 4119 1614 4170 et
1639 4115 1877 4187 eligere.
1912 4116 2104 4186 Atque

434 4212 588 4269 illud
609 4210 698 4267 vel
721 4228 793 4266 ex
815 4209 945 4281 ipsa
967 4207 1325 4280 etymologia
1341 4207 1723 4279 perspicuum
1743 4205 2105 4273 est,electio-

433 4318 575 4358 nem
599 4317 728 4356 esse
749 4297 1068 4355 consilium
1087 4313 1223 4352 cum
1243 4295 1298 4350 di
1299 4295 1670 4367 judicatione
1687 4301 2100 4367 conjunctum.

433 4387 766 4465 Προαιρετὸν
814 4389 976 4444 enim
1025 4393 1114 4443 est
1161 4386 1415 4442 alterum
1450 4402 1571 4458 prae
1601 4383 1788 4440 altero
1821 4384 2096 4440 electum.

436 4483 621 4536 Nemo
647 4496 822 4551 porro
841 4477 1168 4550 quidquam
1194 4475 1461 4532 adhibito
1483 4473 1714 4546 judicio
1741 4474 1914 4529 alteri
1945 4492 2095 4546 prae-

435 4569 570 4634 fert,
593 4570 708 4624 nisi
727 4568 895 4639 prius
917 4566 1235 4622 consilium
1260 4565 1496 4630 inierit;
1519 4580 1630 4620 nec
1647 4580 1882 4620 rursum
1908 4564 2093 4638 eligit,

434 4657 550 4714 nisi
573 4656 1204 4730 priusjudicarit.1\'am
1224 4654 1508 4726 quoniam
1524 4670 1644 4709 non
1657 4670 1726 4710 ea
1746 4653 2093 4725 omniaquae
2124 4680 2172 4743 Β

432 4748 608 4804 nobis
634 4753 796 4803 recta
814 4752 872 4801 et
892 4745 1178 4818 praeclara
1195 4761 1326 4800 esse
1343 4743 1622 4799 videntur
1639 4743 1700 4798 in
1717 4761 1865 4815 opus
1883 4743 2097 4816 perdu-

427 4855 564 4896 cere
601 4835 931 4904 studemus,
967 4840 1090 4891 tum
1125 4834 1382 4904 denique
1415 4833 1629 4888 electio
1662 4838 1721 4888 et
1750 4833 2093 4907 eligendum

426 4928 691 4984 efﬁcitur
722 4926 782 4982 id
813 4923 973 4997 quod
1003 4942 1074 4980 ex
1123 4923 1374 4980 consilio
1407 4922 1779 4995 propositum
1809 4929 1918 4990 est,
1955 4940 2093 4979 cum

425 5017 860 5090 appetitionem
916 5015 1196 5070 comitem
1272 5013 1573 5069 asciverit.
1627 5013 1708 5066 Ex
1773 5029 1890 5084 quo
1949 5030 2095 5070 con-

425 5107 690 5164 cluditur
742 5105 1100 5162 electionem
1159 5119 1291 5160 esse
1341 5101 1770 5174 appetitionem
1821 5119 1955 5160 cum
1986 5103 2090 5160 de-

423 5197 782 5256 liberatione
841 5195 1227 5268 conjunctam
1307 5207 1514 5248 earum
1571 5209 1773 5249 rerum
1833 5211 1965 5266 quae
2023 5194 2086 5250 in

492 5436 569 5577 $8)
601 5433 770 5492 Conf.
803 5451 860 5505 p.
895 5434 988 5499 61,
1021 5447 1083 5486 n.
1117 5432 1205 5487 53.

516 5513 570 5568 ω
603 5505 853 5562 Malach.
885 5521 963 5566 IV,
996 5507 1081 5577 2.Δ

516 5505 570 5568 9t
603 5505 853 5562 Malach.
885 5521 963 5566 IV,
996 5507 1049 5557 2.

2217 3395 2426 3474 βουλῆς
2473 3400 2676 3472 κριθὲν,
2735 3399 2827 3455 καὶ
2878 3399 3095 3476 λέγεται
3152 3401 3372 3476 γνώμη’
3426 3402 3516 3458 ἐὰν
3561 3405 3655 3478 γὰρ
3681 3403 3857 3475 κρίνῃ,

2211 3487 2301 3543 καὶ
2355 3490 2431 3562 μή
2483 3485 2702 3564 διατεθῇ
2753 3492 2908 3548 1³2
2961 3491 3100 3564 πρὸς
3156 3491 3219 3546 τὸ
3265 3492 3471 3565 κριθὶν,
3523 3493 3680 3566 ἤγουν
3724 3490 3860 3566 ἀγα-

2211 3580 2363 3654 πήσῃ
2397 3577 2550 3648 αὐτὸ,
2609 3577 2670 3635 οὐ
2732 3577 2946 3656 λέγεται
3003 3578 3225 3656 γνώμη.
3288 3583 3420 3639 Εἶτα
3456 3584 3591 3655 μετά
3619 3581 3716 3649 τὴν
3749 3577 3869 3635 διά-

2209 3670 2376 3739 θεσιν,
2433 3667 2636 3745 γίνεται
2697 3668 3042 3746 προαίρεσις,
3092 3671 3263 3746 ἤγουν
3325 3670 3582 3748 ἐπιλογή·
3618 3671 3873 3745 προαίρε-

2212 3779 2294 3821 σις
2327 3759 2430 3833 γὰρ
2482 3757 2592 3814 ἐστι
2658 3757 2758 3814 δύο
2815 3761 3193 3835 προκειμένων
3251 3761 3315 3816 τὸ
3372 3758 3427 3817 ἕν
3487 3760 3760 3834 αἱρεῖσθαι
3786 3759 3875 3815 καί

2209 3847 2526 3924 ἐκλέγεσθαι
2555 3853 2718 3906 τοῦτο
2745 3851 2852 3925 πρὸ
2899 3854 2996 3906 τοῦ
3047 3850 3252 3924 ἐτέρου.
3289 3852 3394 3909 Καὶ
3425 3854 3589 3906 τοῦτο
3621 3849 3874 3929 φανερόν,

2208 3939 2292 3992 ὅτι
2347 3938 2524 4014 βουλή
2576 3938 2686 3995 ἐστι
2737 3940 2853 4013 μετ’
2902 3939 3227 4015 ἐπικρίσεως
3257 3943 3293 4011 ἡ
3325 3942 3671 4017 προαίρεσις,
3702 3941 3789 3995 καὶ
3820 3938 3873 4010 ἐξ

2206 4026 2377 4098 αὐτῆς
2405 4030 2505 4097 τῆς
2557 4027 2942 4105 ἐτυμολογίας’
3002 4031 3330 4106 προαιρετὸν
3389 4030 3494 4106 γὰρ
3523 4029 3640 4086 ἐστι
3668 4030 3733 4086 τὸ
3760 4027 3870 4085 ἕτε-

2207 4135 2302 4191 ρον
2333 4117 2441 4192 πρὸ
2469 4121 2566 4172 τοῦ
2599 4118 2783 4193 ἐτέρου
2843 4118 3058 4193 αἱρετόν
3119 4123 3258 4192 (11)·
3293 4116 3476 4183 οὐδεὶς
3504 4118 3562 4174 δὲ
3591 4118 3872 4193 προκρίνει

2202 4227 2256 4261 τι
2288 4207 2364 4278 μὴ
2401 4206 2862 4282 βουλευσάμενος,
2891 4205 3018 4264 οὐδὲ
3065 4214 3406 4284 προαιρεῖται
3439 4209 3517 4283 μὴ
3544 4210 3868 4282 προκρίνας·

2206 4292 2430 4366 Ἐπειδή
2463 4297 2567 4371 γὰρ
2630 4296 2692 4352 ού
2751 4297 2922 4352 πάντα
2969 4297 3035 4352 τά
3091 4295 3320 4368 δόξαντα
3359 4299 3495 4371 ἡμῖν
3526 4297 3582 4353 εὖ
3617 4295 3766 4373 ἔχειν
3794 4297 3870 4358 εἷς

2203 4380 2362 4460 ἔργον
2423 4385 2642 4461 ἀγαγεῖν
2700 4385 3160 4462 προθυμούμεθα,
3217 4386 3342 4443 τότε
3398 4387 3742 4462 προαίρεσις,
3782 4408 3873 4463 καὶ

2203 4474 2528 4550 προαιρετὸν
2581 4475 2789 4550 γίνεται
2844 4477 2907 4531 τὸ
2961 4476 3255 4552 προκριθὶν
3343 4475 3404 4532 ἐκ
3472 4483 3575 4547 τῆς
3636 4475 3872 4553 βουλῆς,

2205 4565 2331 4620 ὅταν
2392 4560 2680 4640 προσλάϐῃ
2753 4566 2853 4635 τὴν
2937 4561 3132 4642 ὄρεξιν.
3208 4565 3308 4621 Καὶ
3381 4563 3526 4622 οὕτω
3585 4567 3873 4642 συνάγεται

2203 4653 2522 4729 προαίρεσιν
2585 4655 2718 4709 εἶναι
2767 4650 2943 4730 ὄρεξιν
3009 4653 3374 4730 βουλευτικὴν
3432 4659 3543 4711 τῶν
3595 4655 3677 4734 ἐφ’
3709 4658 3870 4730 ἡμῖν’

2202 4747 2300 4799 τοῦ
2330 4743 2435 4820 γὰρ
2467 4743 2821 4820 προκιθέντος
2868 4743 2927 4800 ἐκ
2973 4765 3075 4814 της
3126 4743 3336 4821 βουλῆς
3390 4744 3650 4821 ἐφιέμεθα
3674 4766 3876 4820 προαιο

2204 4833 2485 4910 ρούπενοι.
2546 4839 2695 4890 Πᾶσα
2751 4835 2858 4910 γὰρ
2921 4833 3100 4912 βουλὴ
3158 4834 3406 4911 πράξεως
3462 4832 3622 4891 ἕνεκα
3659 4835 3751 4892 καὶ
3783 4833 3877 4890 διὰ

2201 4924 2417 4999 πρᾶξιν
2473 4923 2564 4980 καὶ
2646 4923 2790 4980 οὕτω
2861 4926 3041 4996 πάσης
3103 4927 3200 5001 μὲν
3259 4925 3632 5000 προαιρέσεως
3689 4925 3870 5001 βουλὴ

2201 5017 2444 5091 ἡγεῖται,
2495 5013 2674 5086 πάσης
2731 5012 2789 5071 δὲ
2845 5013 3093 5092 πράξεως
3151 5015 3492 5092 προαίρεσις.
3553 5015 3653 5072 Διᾶ
3707 5021 3872 5072 τοῦτο

2203 5103 2265 5160 οὐ
2329 5104 2494 5178 μόνον
2553 5105 2609 5160 αἱ
2665 5105 2907 5180 πράξεις,
2967 5103 3114 5162 ἀλλά
3168 5104 3259 5160 καὶ
3317 5105 3386 5162 τά
3427 5107 3568 5162 κατά
3598 5104 3870 5175 διάνοιαν,

2196 5196 2349 5250 ἅτινα
2420 5194 2517 5260 τὰς
2599 5195 2942 5272 προαιρέσεις
3025 5199 3360 5270 παριστῶσι,
3419 5195 3510 5252 καὶ
3569 5196 3870 5276 στειιιδάνους

495 5569 605 5648 UO)
638 5579 880 5632 Lemma
909 5574 1230 5649 metri_c_um
1263 5572 1325 5649 i_n
1362 5574 1406 5627 Α
1435 5589 1446 5627 :
1479 5571 1586 5640 Τὴν
1617 5576 1715 5649 τοῦ
1749 5569 2019 5649 Βαρλαᾶμ
2051 5595 2109 5649 et

2218 5571 2379 5649 ‘o_cp{a_zv
2413 5572 2534 5649 ὅρα.

495 5635 853 5731 (lli‘ﬁineas
897 5648 1038 5731 "Gaz.
1073 5645 1503 5731 Theophrasto,
1806 5635 2109 5731 Noﬁq.'&y§zt

2238 5635 2455 5731 ἀλόγῳ”
2477 5647 2691 5719 σώματι
2736 5647 3060 5731 χριὶξμενοςζ
3083 5644 3434 5720 αὐτοκράτωρ
3467 5645 3526 5702 δὲ
3553 5647 3871 5722 γενόμεννς,

425 5719 544 5795 κατ’
605 5716 842 5795 ἐξουσίαν
893 5713 1011 5795 ἅνω
1039 5715 1141 5795 καὶ·
1161 5709 1312 5795 κάτω
1343 5709 1680 5795 μεταχωρεῖ,
1702 5709 2251 5795 ἔτερον-αἱρούμενος-
2273 5709 2574 5794 προτέρου⁶’
2602 5709 2897 5794 τουτῖγάῥ
2928 5709 3263 5795 ηανθρωπου
3287 5709 3610 5795 πφσαιρεοὶς

429 5789 562 5845 Non
591 5777 884 5860 προτέρου,
912 5787 1018 5842 sed
1045 5787 1153 5860 πρὸ
1185 5777 1375 5860 tripoli
1400 5777 1712 5845 commode
1745 5777 1986 5846 eihibet
2013 5777 2109 5848 σοὶ
