4100 6370
233 394 340 451 997

1438 387 1612 445 VITA
1651 388 2009 445 BARLAAM
2048 390 2140 445 ΕΤ
2175 391 2518 447 JOASAPH.

3540 392 3650 450 998

225 523 315 578 καὶ
348 518 609 581 κολάσεις
638 517 1014 591 προξενοῢσιν.
1074 514 1249 591 Ἀρχή
1309 514 1413 591 γὰρ
1476 512 1744 587 ἁμαρτίας
1797 515 1887 569 καὶ

2011 522 2208 573 nostra
2226 525 2519 590 potestate
2542 522 2670 578 sitm
2696 518 3077 578 sint.Etenim
3096 520 3156 577 id
3179 521 3337 592 quod
3361 539 3430 578 ex
3456 522 3656 580 consi-

230 608 651 684 δικαιοπραγίας
717 606 1003 683 προαίρσίς
1060 604 1200 660 ἐστιν
1261 605 1312 659 ἐν
1395 609 1514 665 τοῖς
1593 603 1673 679 ἐφ’
1747 606 1885 676 ἡμῖν

230 700 601 775 καταγομένη·
633 698 708 750 ὧν
739 696 841 772 γὰρ
892 695 947 750 αἱ
1004 692 1267 768 ἐνέργειαι
1330 691 1410 769 ἐφ’
1469 693 1631 764 ἡμῖν,
1682 690 1891 746 τούτων

230 792 323 846 καὶ
356 791 410 844 αἱ
442 787 663 863 πράξεις
696 786 753 839 αἱ
803 785 940 839 κατὰ
994 784 1093 853 τὴν
1154 782 1420 857 ἐνέργειαν
1480 781 1560 858 ἐφ’
1591 784 1746 853 ἡμῖν·
1808 781 1891 858 ἐφ’

232 884 371 954 ἡμῖν
408 876 465 933 δὲ
495 878 550 932 αἱ
576 876 714 931 κατὰ
741 876 841 944 τὴν
892 875 1087 946 ἀρετὴν
1144 872 1431 946 ἐνέργειαι,
1481 871 1559 949 ἐφ’
1604 873 1740 944 ἡμῖν
1791 873 1893 947 ἄρα

233 972 327 1027 xni
357 971 411 1025 αἱ
444 967 649 1043 άρεταί’
680 964 884 1039 κυρίως
917 964 1018 1039 γὰρ
1070 963 1150 1039 ἐφ’
1208 965 1344 1035 ἡμῖν
1405 961 1515 1016 ἐστι
1568 961 1635 1016 τὰ
1682 960 1895 1037 ψυχικᾶ

238 1062 418 1117 πάντα
446 1060 534 1114 καὶ
569 1058 690 1133 περὶ
721 1056 794 1109 ὧν
833 1053 1233 1127 βουλευόμεθα.
1284 1052 1473 1113 Οὕτως
1532 1052 1891 1122 αὐτεξουσίως

244 1154 397 1209 133
434 1144 847 1225 βουλευομένων
880 1148 984 1198 τῶν
1038 1143 1337 1217 ἀνθρώπων
1395 1143 1483 1196 καὶ
1535 1141 1893 1211 αὐτεξουσίως

238 1235 716 1316 προαιρουμένων,
747 1236 864 1298 καθ’
907 1233 1031 1288 ὅσον
1092 1233 1151 1287 ἄν
1211 1252 1293 1294 τις
1348 1234 1699 1306 προαιρῆται,
1760 1230 1896 1285 κατὰ

236 1334 494 1387 τοσοῧτον
523 1326 613 1381 καὶ
676 1326 896 1399 μετέχει
953 1327 1050 1378 τοῦ
1105 1322 1251 1387 θείου
1313 1322 1493 1383 φωτὸς
1548 1320 1637 1375 καὶ
1698 1321 1896 1394 προκό-

237 1440 359 1476 πτει
404 1418 456 1473 ἐν
507 1421 625 1477 τοῖς
681 1422 781 1484 τῆς
842 1412 1171 1491 φιλοσοφίας
1226 1409 1643 1484 ἐπιτηδεύμασι·
1706 1408 1896 1488 διαφο-

242 1510 330 1586 ραὶ
362 1507 469 1584 γὸιρ
500 1505 871 1581 προαιρέσεως
904 1502 1026 1559 εἶσί.
1085 1501 1187 1559 Καὶ
1240 1503 1480 1575 καθάπερ
1532 1501 1673 1562 τινὲς
1721 1499 1895 1575 πηγαὶ

244 1597 453 1653 ὑδάτων
486 1595 546 1651 ἐκ
568 1599 674 1649 τῶν
706 1600 807 1662 τῆς
856 1598 959 1668 γῆς
1013 1590 1259 1665 λαγόνων
1308 1589 1785 1663 ἀναπεμπόμεναι,
1820 1590 1898 1643 ἀἱ

251 1689 346 1763 μὶν
377 1684 714 1745 ἐπιπολαίως
771 1688 871 1752 τῆς
928 1689 1029 1758 γῆς
1085 1675 1463 1751 ἐκϐλύζουσιν,
1494 1682 1550 1735 αἱ
1583 1677 1640 1735 δὲ
1702 1679 1894 1755 μικρόν

246 1799 301 1833 τι
337 1776 651 1852 βαθύτερον,
684 1774 737 1827 αἱ
771 1769 828 1826 δὲ
860 1771 978 1827 λίαν
1020 1773 1251 1845 βαθέως,
1281 1769 1489 1825 τούτων
1530 1768 1587 1825 δὲ
1613 1774 1722 1825 τῶν
1771 1766 1897 1825 ὑδά-

1997 607 2076 662 1ἱο
2093 610 2480 679 ρῐιωροείωω
2499 613 2904 686 est,e1igentes
2919 611 3470 683 appetimus.0mne
3484 614 3656 683 quip-

2000 714 2073 768 pe
2125 698 2448 753 consilium
2499 702 2750 757 actionis
2782 719 2964 757 causa
2993 708 3053 756 et
3082 708 3327 773 propter
3358 702 3655 757 actionem

2002 786 2339 856 suscipitur.
2371 790 2457 842 Ita
2486 792 2805 846 consilium
2834 792 3077 863 quidem
3106 791 3462 846 electionem
3488 796 3659 846 ante-

2004 875 2183 939 cedit,
2217 876 2426 931 electio
2450 886 2647 935 autem
2709 899 2948 936 omnem
2998 883 3316 937 actionem.
3370 882 3658 947 Quocirca

2007 983 2128 1021 non
2154 968 2327 1022 modo
2360 970 2645 1036 actiones,
2690 972 2793 1026 sed
2826 990 2894 1027 ea
2925 975 3102 1028 etiam
3135 991 3266 1044 qua;
3294 974 3496 1029 animo
3529 972 3658 1045 agi-

2006 1061 2209 1111 tantur
2235 1064 2391 1128 (quze
2415 1060 2655 1129 quidem
2676 1062 2995 1117 electiones
3014 1063 3469 1133 exhibent),tum
3489 1079 3663 1119 coro-

2006 1164 2136 1211 nas,
2171 1152 2297 1203 tum
2329 1166 2533 1219 pinnas
2565 1159 2899 1205 accersunt.
2942 1154 3177 1207 Etenim
3211 1152 3418 1208 electio
3475 1154 3536 1208 in
3568 1153 3662 1207 his

2007 1237 2185 1291 rebus
2209 1255 2340 1308 quaa
2364 1239 2425 1293 in
2458 1240 2702 1294 arbitrio
2726 1247 2929 1296 nostro
2965 1242 3092 1295 sitae
3113 1248 3665 1310 suntversans,tum

2007 1327 2254 1396 peccati,
2280 1329 2571 1399 tumjusti
2595 1330 2793 1400 operis
2817 1330 2977 1402 origo
3000 1336 3108 1384 est.
3126 1332 3268 1384 Nam
3294 1348 3544 1401 quarum
3570 1347 3663 1386 re-

2005 1432 2140 1470 rum
2164 1417 2479 1473 facultates
2508 1436 2691 1491 penes
2714 1438 2824 1475 nos
2857 1426 3015 1488 sunt,
3038 1421 3255 1474 harum
3281 1422 3459 1475 etiam
3481 1422 3663 1475 actio-

2007 1520 2114 1560 nes
2145 1505 2526 1563 facultatibus
2558 1516 2976 1566 consentaneaa
3008 1526 3194 1581 penes
3219 1526 3326 1564 nos
3350 1512 3667 1575 sunt.Qua-

2008 1594 2279 1651 mobrem
2302 1615 2436 1653 cum
2454 1598 2768 1655 facultates
2786 1600 2984 1655 virtuti
3002 1606 3423 1655 consentanea
3445 1599 3551 1654 inn
3574 1615 3670 1653 os-

2008 1690 2100 1741 tra
2120 1693 2411 1757 potestate
2444 1690 2584 1757 sint,
2614 1691 2676 1745 in
2701 1696 2905 1745 nostra
2923 1706 3161 1761 quoque
3180 1695 3471 1762 potestate
3487 1689 3672 1744 virtu-

2010 1780 2098 1830 tes
2130 1777 2250 1832 sint
2271 1795 2514 1834 necesse
2536 1781 2898 1852 est.Proprie
2920 1781 3080 1835 enim
3109 1781 3169 1835 in
3193 1779 3441 1835 arbitrio
3464 1782 3670 1834 nostro

248 1888 355 1921 των
382 1865 449 1919 τὰ
477 1867 572 1937 μὲν
604 1863 894 1938 προσεχῶς
929 1856 1259 1929 ἑκϐλύζοντα
1288 1859 1377 1915 καὶ
1407 1863 1476 1933 τῇ
1532 1858 1709 1935 γεύσει
1759 1859 1898 1934 γλυ-

293 1953 304 1966 .
460 1954 472 1966 .
544 1951 586 1966 κ.
661 1953 687 1966 η
735 1954 782 1966 η.
932 1950 977 1966 ς.
1105 1950 1115 1966 ,
1389 1948 1403 1966 κ
1476 1947 1521 1966 η
1662 1949 1708 1966 ι..
1873 1947 1898 1966 η

2011 1866 2351 1923 consistunt
2372 1886 2441 1924 ea
2464 1871 2667 1925 omnia
2692 1888 2824 1941 quae
2856 1870 3120 1926 animam
3151 1870 3471 1941 attingunt,
3506 1874 3566 1924 et
3596 1867 3668 1923 de

249 1953 366 2025 κὲα,
416 1954 482 2008 τά
540 1951 598 2008 δὲ
659 1953 868 2027 βαθέως
929 1950 1260 2025 ἐξερχόμενα
1315 1948 1406 2003 καὶ
1464 1947 1899 2023 ἀλμυρίζονταῆ

246 2044 571 2121 θεαφίζοντα
602 2046 736 2116 (l2),
767 2042 857 2096 καὶ
888 2041 954 2094 τὰ
1010 2040 1103 2112 μὲν
1163 2038 1411 2117 ἀφθόνως
1459 2035 1804 2111 ἐκδιδόμενα,
1836 2039 1904 2092 τὰ

246 2131 307 2189 δὲ
336 2134 472 2188 κατὰ
507 2133 699 2208 μικρὸν
734 2135 1013 2200 στάζοντα·
1050 2128 1222 2191 οὕτως
1266 2129 1355 2183 καὶ
1406 2126 1494 2183 ἐπὶ
1537 2133 1644 2182 τῶν
1696 2148 1901 2199 προαι-

243 2224 445 2301 ρέσεων
477 2222 608 2295 νόει,
637 2222 734 2282 τὰς
764 2222 858 2295 μὲν
900 2217 1124 2294 ταχείας
1185 2218 1322 2273 εἶναι
1376 2218 1465 2272 καὶ
1516 2215 1635 2271 λίαν
1698 2229 1903 2293 θερμο-

236 2316 430 2383 τάτας,
488 2312 584 2373 τὰς
642 2308 702 2365 δὲ
761 2310 973 2384 νωθρὰς
1035 2307 1126 2363 καὶ
1183 2308 1399 2383 ψυχρὰς
1483 2306 1573 2361 καὶ
1648 2306 1742 2367 τὰς
1806 2306 1901 2379 μὲν

243 2403 394 2465 ὅλως
448 2401 535 2456 ἐπὶ
567 2400 635 2455 τὰ
692 2396 836 2454 καλὰ
889 2399 986 2466 τὴν
1051 2396 1226 2473 ῥοπήν
1276 2394 1634 2468 κεκτημένας,
1692 2394 1787 2456 τὰς
1848 2392 1906 2448 δὲ

241 2491 385 2568 πρὸς
415 2492 478 2546 τὸ
511 2489 752 2545 ἐναντίον
783 2486 927 2562 πάσῃ
989 2484 1213 2559 δυνάμει
1268 2484 1696 2548 ἀποκλινούσας.
1756 2485 1907 2540 Κατὰ

240 2587 376 2659 γοῦν
403 2581 502 2643 τὰς
533 2579 709 2635 αὐτῶν
745 2576 1028 2648 διαθέσεις,
1086 2576 1177 2631 καὶ
1236 2576 1291 2630 αἱ
1351 2576 1487 2651 πρὸς
1537 2574 1633 2635 τὰς
1684 2574 1903 2646 πράξεις

248 2670 650 2735 ἀκολουθοῦσιν
686 2666 873 2744 ὁρμαί.

2012 1955 2229 2025 quibus
2260 1958 2684 2015 deliberamus.
2716 1961 2799 2015 Ad
2827 1961 2984 2015 hunc
3006 1960 3185 2025 igitur
3211 1958 3456 2014 modum
3482 1958 3669 2014 libere

2012 2046 2492 2103 consultantibus
2518 2050 2885 2117 hominibus,
2909 2067 2977 2105 ac
2998 2050 3342 2104 liberaitem
3362 2048 3666 2104 voluntate

2013 2135 2694 2209 eligentibus,quatenus
2717 2141 3015 2211 quispiam
3034 2140 3512 2212 eligit,hactenus
3526 2156 3666 2210 quo-

2014 2241 2127 2294 que
2160 2226 2424 2283 divinam
2457 2230 2653 2286 lucem
2679 2231 2951 2301 percipit,
2978 2235 3157 2301 atque
3180 2230 3243 2283 in
3274 2229 3667 2301 philosophia;

2015 2314 2229 2369 studiis
2249 2335 2595 2390 progressus
2616 2320 2956 2375 facit.Varia
2973 2320 3134 2374 enim
3154 2319 3514 2373 electionum
3532 2322 3673 2373 sunt

2014 2419 2252 2475 genera.
2284 2408 2352 2459 Et
2370 2407 2875 2478 quemadmodum
2898 2408 3142 2479 quidam
3164 2423 3455 2477 aquarum
3478 2406 3674 2463 fontes

2017 2509 2047 2547 e
2080 2499 2250 2549 terrae
2274 2497 2600 2553 visceribus
2619 2498 3033 2566 scaturientes,
3057 2498 3274 2568 partim
3296 2513 3327 2551 e
3356 2497 3673 2567 superﬁcie

2017 2585 2189 2637 terra:
2220 2585 2515 2652 oriuntur,
2549 2587 2766 2659 partim
2792 2589 3097 2658 aliquanto
3129 2586 3505 2657 profundius,
3530 2603 3667 2658 par-

2016 2669 2124 2725 tim
2156 2674 2663 2743 profundissime;
2707 2683 2883 2748 atque
2915 2678 3126 2731 harum
3158 2691 3447 2746 aquarum
3480 2676 3612 2730 aliae
3636 2691 3667 2730 e

246 2764 587 2836 propinquo
618 2763 903 2816 emanant
930 2762 1225 2831 gustuque
1257 2756 1462 2811 dulces
1496 2760 1652 2822 sunt,
1694 2754 1826 2810 alize
1858 2772 1928 2811 ex
1958 2757 2077 2813 imo
2109 2776 2176 2815 ac
2209 2764 2379 2819 salsae
2407 2772 2508 2820 aut
2538 2766 2876 2837 sulphurea
2910 2772 3072 2829 sunt,
3104 2771 3280 2834 atque
3339 2764 3484 2819 item
3532 2764 3665 2819 alia)

250 2853 556 2908 uberrime
585 2851 910 2923 profluunt,
944 2849 1075 2903 aliae
1102 2848 1393 2919 paulatim
1420 2846 1683 2911 stillant;
1717 2845 1928 2900 eodem
1961 2848 2134 2904 modo
2168 2852 2227 2905 in
2263 2854 2657 2911 electionibus
2688 2873 2925 2928 quoque
2979 2856 3190 2927 cogita,
3243 2854 3391 2909 alias
3440 2854 3667 2908 celeres

250 2959 323 2999 ac
350 2958 634 3014 perquam
664 2939 916 2996 fervidas
949 2955 1101 3003 esse,
1136 2938 1285 2993 alias
1317 2953 1527 3008 segnes
1558 2941 1617 2990 et
1652 2935 1916 3007 frigidas,
1950 2953 2018 2992 ac
2068 2956 2309 2998 rursum
2362 2946 2509 3001 alias
2561 2947 2634 3002 ad
2684 2948 2959 3001 virtutem
3018 2945 3266 2999 omnino
3315 2958 3668 3014 propensae,

247 3034 400 3090 alias
432 3032 504 3087 ad
535 3032 740 3086 vitium
773 3030 1053 3085 omnibus
1082 3028 1304 3083 viribus
1338 3027 1675 3083 inclinatas.
1704 3026 1887 3097 Igitur
1917 3029 2124 3098 quales
2156 3049 2362 3089 earum
2393 3038 2738 3093 affectiones
2765 3043 2925 3102 sunt,
2950 3036 3098 3091 tales
3123 3051 3359 3106 quoque
3392 3034 3467 3090 ad
3489 3050 3670 3106 agen-

245 3124 392 3179 dum
423 3123 680 3193 impetus
712 3124 1183 3191 consequuntur.

317 3215 487 3269 ΚΕΦ.
522 3212 610 3280 1ζ’.
654 3209 813 3284 Λέγει
869 3206 980 3262 δέὁ
1012 3206 1243 3284 ’ίωάσαιρ
1298 3208 1436 3282 πρὸς
1490 3205 1583 3261 τὸν
1642 3206 1892 3282 γέροντα.

2079 3220 2214 3273 (me.
2249 3220 2391 3273 XVI.
2425 3250 2494 3259 --
2530 3219 2684 3274 Dixit
2713 3224 2912 3274 autem
2938 3217 3011 3273 ad
3080 3232 3287 3272 senem
3342 3214 3664 3285 Josaphat:

239 3302 394 3361 Εἰσὶν
430 3298 638 3355 οὖνκαὶ
684 3296 858 3373 ἕτεροί
916 3318 1056 3359 τινες
1117 3300 1232 3370 (13)
1289 3301 1381 3351 νῦν
1440 3298 1491 3351 οἱ
1546 3295 1681 3351 κατὰ
1737 3301 1905 3351 ταῦτα

237 3390 607 3464 κηρύττοντες
641 3388 823 3463 ὥσπερ
874 3386 937 3441 σύ
970 3413 983 3455 ε
1016 3384 1051 3455 ἤ
1090 3387 1257 3459 μόνος
1305 3388 1355 3442 εἴ
1405 3389 1644 3459 σήμερον
1679 3387 1707 3441 ὁ
1736 3389 1905 3441 ταῦτα

236 3478 656 3547 διδάσκων,καὶ
688 3475 862 3540 οὕτως
898 3476 1129 3549 μισητὸν
1190 3476 1283 3531 τὸν
1345 3476 1589 3549 παρόντα
1649 3476 1767 3552 βίον
1821 3472 1905 3530 δι-

235 3568 596 3641 ηλούμενοςς
646 3569 802 3623 134
857 3566 913 3619 Ὀ
974 3562 1031 3620 δὲ
1083 3565 1402 3639 ἀποκριθεὶς
1461 3564 1625 3619 εἶπεψ
1689 3565 1775 3620 Ἐν
1831 3567 1900 3638 τῇ

238 3659 364 3721 γαθ’
397 3657 535 3730 ὑμᾶς
568 3654 971 3730 δυστυχεστάτῃ
1006 3654 1169 3728 χώρᾳ
1195 3652 1368 3727 ταύτῃ
1398 3650 1590 3707 οὐδένα
1619 3652 1899 3727 γινώσκω.

240 3747 308 3804 Ἠ
366 3748 467 3823 γάρ
523 3750 619 3800 τοῦ
678 3749 773 3800 σοῦ
831 3744 1034 3819 πατρὸς
1092 3743 1341 3818 τυραννὶς
1403 3743 1619 3816 μυρίοις
1675 3740 1904 3805 τούτους

243 3840 496 3901 θανάτοις
529 3830 845 3909 περιέϐαλε,
876 3833 967 3888 καὶ
1028 3830 1180 3907 ἔργον
1240 3828 1389 3885 ἔθετο
1445 3831 1522 3904 μή
1552 3831 1615 3885 τὸ
1665 3828 1897 3885 σύνολον

242 3926 537 3990 ἀκούεσθαι
567 3925 618 3980 ἐν
657 3926 780 3997 ὑμῖν
840 3924 902 3978 τὸ
950 3925 1050 3987 τῆς
1110 3920 1434 3997 θεογνωσίας
1481 3922 1757 3997 κήρυγμα.
1809 3921 1897 3977 Ἑν

237 4022 439 4078 πάσαις
468 4014 527 4071 δὲ
563 4020 683 4078 ταῖς
736 4011 959 4074 λοιπαῖς
1014 4010 1295 4085 γλώσσαις
1346 4006 1530 4081 ᾅδεται
1586 4013 1753 4064 ταῦτα
1809 4009 1899 4064 καὶ

234 4104 539 4177 δοξάζεται,
575 4106 659 4165 οἷς
724 4103 818 4177 μὲν
880 4101 1159 4175 ὀρθοτάτῳ
1222 4098 1397 4173 λόγῳ,
1454 4096 1649 4160 ἄλλοις
1709 4098 1765 4153 δὲ
1817 4096 1902 4153 δι-

234 4198 650 4272 εστραμμένως,
709 4192 806 4249 τοῦ
864 4190 1138 4265 πολεμίου
1188 4194 1293 4245 τῶν
1356 4188 1640 4264 ἡμετέρων
1702 4193 1897 4266 ψυχῶν

240 4286 509 4342 ἐκκλίνειν
543 4283 737 4347 αὐτοὺς
768 4291 869 4353 τῆς
903 4281 1111 4346 εὐθείας
1139 4280 1522 4353 ποιησαμένου
1580 4280 1670 4335 καὶ
1725 4278 1897 4336 ἀλλο-

240 4376 422 4448 τρίαις
481 4374 983 4448 καταμερισαμένου
1039 4368 1240 4444 δόξαις,
1317 4370 1406 4424 καὶ
1495 4369 1679 4445 ῥήσεις
1753 4369 1901 4433 τινάς

239 4471 351 4521 τῶν
386 4470 609 4541 Γραφῶν
641 4462 826 4528 αλλως
855 4464 947 4518 καὶ
979 4460 1041 4516 οὐ
1091 4460 1228 4516 κατὰ
1272 4460 1362 4513 τὸν
1411 4458 1721 4534 ἐγκείμενον
1772 4464 1896 4515 νοῦν

2013 3306 2240 3363 Suntne
2272 3310 2450 3365 etiam
2473 3310 2575 3364 alii
2599 3309 2897 3376 nonnulli,
2924 3307 3024 3379 qui
3052 3305 3262 3362 eadem
3286 3322 3417 3376 quas
3442 3310 3503 3359 tu
3524 3320 3668 3375 prae-

2013 3395 2235 3467 dicent,
2271 3416 2347 3455 an
2377 3417 2512 3455 vero
2539 3405 2600 3453 tu
2632 3398 2922 3453 hodierno
2956 3397 3050 3452 die
3083 3396 3248 3452 solus
3279 3411 3342 3449 es
3393 3394 3497 3464 qui
3536 3392 3665 3448 haec

2012 3488 2211 3555 doces,
2234 3506 2302 3545 ac
2325 3494 2681 3561 praesentem
2710 3489 2887 3543 vitam
2914 3502 3098 3557 usque
3113 3484 3260 3540 adeo
3275 3481 3669 3538 aversandam

2012 3582 2190 3649 atque
2222 3579 2358 3634 odio
2390 3578 2805 3634 insectandam
2834 3592 2963 3631 esse
2995 3572 3255 3630 mones?
3315 3571 3418 3627 Ille
3468 3578 3671 3626 autem

2011 3667 2087 3721 ad
2117 3668 2278 3723 hunc
2310 3667 2552 3723 modum
2583 3664 2929 3737 respondit:
2958 3666 3023 3719 In
3054 3663 3164 3719 hac
3223 3666 3417 3715 vestra
3468 3659 3668 3714 infeli-

2010 3758 2253 3812 cissima
2291 3758 2530 3829 regione
2571 3757 2876 3811 neminem
2926 3753 3081 3809 novi.
3136 3754 3281 3807 Nam
3340 3749 3527 3822 patris
3579 3750 3663 3804 tui

2010 3848 2280 3918 tyrannis
2313 3848 2647 3903 innumeris
2680 3846 2886 3902 mortis
2916 3843 3234 3917 generibus
3267 3859 3369 3898 eos
3407 3841 3664 3897 mulcta-

2007 3938 2109 4005 vit,
2144 3937 2427 4009 deditque
2460 3953 2704 4009 Operam
2736 3952 2809 3991 ne
2837 3951 3079 4006 prorsus
3109 3932 3266 3988 inter
3295 3948 3395 3986 vos
3448 3930 3662 3986 divinas

2010 4028 2364 4099 cognitionis
2404 4026 2747 4099 praedicatio
2788 4024 3114 4081 audiretur.
3174 4021 3345 4094 Apud
3400 4020 3666 4090 reliquas

2010 4124 2208 4174 autem
2236 4118 2512 4173 nationes
2543 4117 2669 4171 huic
2700 4120 3016 4171 cantantur
3045 4130 3114 4168 ac
3155 4112 3555 4177 celebrantur,
3590 4107 3663 4163 ab

2010 4209 2144 4264 aliis
2175 4208 2417 4279 quidem
2447 4206 2783 4263 rectissima
2820 4204 3073 4268 ratione,
3134 4202 3208 4258 ab
3268 4200 3404 4257 aliis
3462 4202 3664 4254 autem

2009 4315 2303 4370 perverse,
2338 4298 2558 4371 quippe
2589 4314 2722 4352 cum
2744 4296 3078 4351 animarum
3107 4298 3449 4348 nostrarum
3473 4288 3662 4344 hostis

2010 4406 2110 4445 eos
2140 4406 2174 4444 a
2199 4395 2362 4443 recta
2389 4389 2481 4442 via
2507 4393 2873 4442 transversos
2899 4385 3106 4457 egerit,
3137 4388 3315 4453 atque
3349 4381 3409 4434 in
3434 4378 3662 4434 alienas

2009 4480 2322 4552 Opiniones
2349 4478 2636 4541 diviserit,
2671 4491 2893 4546 eosque
2936 4474 3067 4528 loca
3124 4470 3397 4542 quaedam
3445 4467 3662 4522 divina

239 4554 670 4630 μεθερμηνεύειν
731 4552 1068 4623 διδάξαντος.
1127 4549 1241 4607 Μία
1289 4546 1347 4604 δὲ
1401 4548 1543 4604 ἐστιν
1578 4551 1612 4619 ἡ
1646 4548 1896 4621 ἀλήθεια,

2014 4569 2330 4639 Scripturae
2361 4567 2536 4621 aliter
2566 4582 2743 4637 quam
2774 4579 3095 4637 germanus
3126 4577 3338 4616 sensus
3368 4558 3540 4618 ferat,
3572 4556 3663 4612 in-

226 4650 270 4717 ἡ
305 4647 645 4722 κηρυχθεῖσα
674 4641 765 4699 διὰ
821 4648 931 4698 τῶν
987 4638 1217 4714 ἐνδόξων
1271 4638 1597 4695 ἀποστόλων
1650 4640 1741 4693 καὶ
1789 4645 1897 4695 τῶν

223 4718 510 4812 θεέφόρων
552 4733 949 4809 Ματέρων,καί
1008 4729 1061 4786 ἒν
1125 4733 1196 4803 τῇ
1250 4718 1525 4803 καθολικῇ
1585 4727 1903 4802 Ἕκκλμσίᾳ

217 4830 300 4901 τῇ
333 4827 441 4881 ἀπὸ
472 4827 720 4901 περάτων
752 4820 856 4886 ἕως
888 4822 1136 4898 περάτων
1182 4825 1285 4889 τῆς
1350 4818 1683 4892 οἰκουμένης
1734 4819 1899 4888 ἡλίου

219 4915 596 4994 φαιδρότερον
656 4913 1067 4987 διαλάμπουσα,
1143 4913 1316 4985 ἧσπερ
1393 4908 1500 4986 ἐγὼ
1560 4912 1728 4985 κήρυξ
1810 4912 1898 4967 καὶ

219 5006 568 5069 διδάσκαλος
597 5003 908 5076 ἀπεστάλην
932 5023 1040 5060 σοι.

305 5206 444 5263 Eine
472 5202 531 5260 δὲ
562 5206 590 5260 ὁ
620 5204 855 5280 Ἰωάσαφ
885 5199 1025 5277 πρὸς
1065 5198 1245 5254 αὺτόν’
1308 5193 1477 5255 Οὐδὲν
1539 5197 1632 5252 οὗν
1688 5198 1898 5255 τούτων

212 5297 250 5353 ὁ
292 5296 433 5370 ἐμὸς
468 5293 753 5369 μεμάθηκε
781 5292 962 5365 πατήρ
993 5308 1008 5361 ἰ

2012 4658 2327 4730 terpretari
2357 4656 2643 4712 docuerit.
2680 4656 2970 4711 Caaterum
3002 4668 3121 4707 una
3150 4654 3239 4706 est
3258 4649 3495 4715 veritas,
3529 4662 3660 4718 quae

2011 4749 2083 4805 ab
2118 4748 2453 4804 illustribus
2485 4744 2769 4817 apostolis
2800 4748 2859 4797 et
2889 4741 3104 4796 divinis
3133 4738 3407 4795 Patribus
3446 4734 3662 4807 praadi-

2010 4845 2141 4895 cata
2172 4843 2282 4908 est,
2316 4843 2376 4892 et
2404 4838 2467 4892 in
2497 4834 2812 4900 catholica,
2844 4837 3021 4902 atque
3052 4830 3125 4886 ab
3162 4827 3445 4884 extremis
3499 4823 3661 4880 orbis

2011 4928 2234 4985 ﬁnibus
2265 4927 2338 4983 ad
2370 4931 2668 4983 extremos
2698 4939 2887 4993 usque
2934 4922 3084 4977 fines
3133 4919 3349 4973 diffusa
3397 4912 3663 4970 Ecclesia

2009 5020 2135 5077 sole
2167 5016 2541 5091 splendidius
2571 5015 2750 5070 lucet.
2783 5015 2970 5077 Quam
3002 5008 3245 5082 quidem
3284 5022 3389 5079 ego
3437 5008 3503 5058 ut
3550 5001 3658 5057 tibi

2005 5111 2394 5185 praedicarem
2446 5123 2513 5162 ac
2543 5103 2862 5169 traderem,
2906 5101 2980 5156 ad
3011 5106 3067 5155 te
3098 5098 3317 5154 missus
3348 5110 3500 5150 sum.

2079 5200 2235 5257 Dixit
2259 5203 2457 5253 autem
2489 5194 2564 5250 ad
2595 5210 2732 5249 eum
2786 5191 3105 5262 Josaphat:
3156 5184 3393 5243 Nihilne
3443 5183 3660 5238 horum

2004 5297 2174 5367 pater
2203 5304 2372 5345 meus
2402 5298 2668 5357 unquam
2701 5278 2950 5336 didicit?

299 5424 318 5495 (
334 5425 417 5493 l2)
444 5424 504 5491 C,
538 5420 646 5476 ε’ίτε
670 5420 1020 5495 ἀφανίζοντα.
1054 5421 1192 5495 Mox_
1212 5416 1273 5495 (ξ,
1307 5412 1671 5495 στκαλάζοντα..
1697 5419 1898 5495 Partic'

2011 5443 2017 5472 ι
2050 5415 2314 5495 στάζοντα
2347 5414 2494 5495 mihi
2542 5410 2658 5467 loci
2692 5406 3027 5495 Sophoclei,
3078 5403 3275 5487 Ajacis
3305 5400 3500 5485 initio,
3532 5414 3657 5486 me-

202 5470 428 5554 moria
458 5470 814 5551 renovatur:
843 5470 1005 5565 :Aptt
1034 5490 1135 5565 γὰρ
1168 5470 1306 5567 ᾀνῆρ
1340 5482 1469 5539 ε’ίσω
1490 5470 1778 5567 ἷτυγχάνει,
1808 5470 1898 5567 xiv;

2011 5470 2185 5567 τᾶζῳῦ
2212 5484 2426 5567 ἱδρῶτιΖ
2463 5487 2527 5539 In
2560 5500 2691 5567 quo.
2727 5470 2826 5567 qui
2880 5470 3143 5567 voluerev
3166 5475 3340 5567 {iungi
3390 5470 3655 5567 13111:sz

199 5569 373 5640 κάρα
402 5567 635 5634 eratcum;
669 5546 1545 5640 obconslant'emhuj'usoverbi
1576 5546 1646 5616 ἒίό
1676 5546 1974 5637 partieipii
2009 5546 2530 5640 societatemLiam
2579 5546 3022 5640 satis-fuerunt
3064 5546 3255 5640 verbis
3292 5546 3377 5603 ‘ex
3423 5546 3658 5640 lI‘Electra

198 5617 642 5704 reiutati,‘N-3-i
678 5635 724 5691 δ’
752 5636 965 5710 ἀγροῖσι
995 5617 1280 5710 τυγχάνεις
1310 5631 1564 5710 aliisque
1597 5617 1898 5710 exemplis

2011 5617 2238 5710 rilibus.
2275 5617 2497 5710 Quibus
2528 5634 2586 5683 et
2605 5623 3016 5710 reponendum
3042 5621 3295 5710 videtur,
3316 5617 3659 5710 multojm‘a-

200 5711 435 5789 gi_s_ad
464 5688 593 5789 rem
625 5688 829 5789 facere.
850 5688 1618 5789 atqu-ﬁeisse‘opportutnius
1650 5706 1697 5760 si
1728 5688 2325 5787 mion'eaitu—r-Ulvsses
2382 5701 2453 5757 de
2484 5688 2724 5789 recente
2747 5694 2963 5789 ‘Ajaeis
2992 5694 3054 5775 in
3084 5692 3407 5789 tentorium
3439 5688 3657 5789 reditu,

456 5760 1279 5917 ἱὲξὶξέᾘᾱοέἕᾱήοὖέηιίὲ
1292 5760 2196 5849 descriptione,quamwsi—idilli
2220 5781 2451 5832 tantum
2475 5760 2845 5845 signiﬁcetur
2866 5767 2933 5839 Aj
2943 5766 3065 5822 acis
3086 5770 3264 5837 caput
3269 5764 3292 5835 j
3302 5778 3399 5820 am
3422 5760 3656 5818 sudare.

511 5895 528 5926 ,
675 5872 728 5908 οι
752 5872 836 5910 τιν
899 5895 913 5909 .

511 5895 528 5926 ,
559 5872 728 5910 αΛΑοι
752 5872 913 5917 τινες.
