4100 6386
413 405 522 463 999
1945 392 2032 448 ΑΕ

2228 392 2317 451 DA.
3700 400 3847 460 1000

484 531 821 607 Respondit
844 547 1026 588 senex
1055 547 1070 586 :
1102 530 1419 603 Perspicue
1452 526 1718 600 quidem,
1776 525 1956 594 atque
2002 520 2073 575 ut

2255 515 2363 607 Καὶ
2395 540 2559 599 φησιν
2591 520 2621 578 6
2651 521 2849 599 γίρων·
2881 524 3107 601 Τρανῶς
3148 523 3244 600 μὶν
3301 525 3395 583 καὶ
3443 525 3846 603 προσηκόντως

421 643 532 700 par
564 605 711 693 erat,
742 622 895 679 nihil
936 622 1162 677 didicit.
1225 618 1492 676 Occlusis
1548 617 1712 673 enim
1770 612 2040 671 sensibus

2222 605 2334 700 ύδὲν
2366 609 2671 700 μεμάθηκεο
2723 613 2869 689 βύων
2926 615 3030 691 γὰρ
3071 614 3167 679 τὰς
3222 615 3521 690 αἰσθήσεις,
3550 618 3615 675 τὸ
3643 619 3841 697 ἀγαθὸν

421 696 647 773 bonum
680 715 752 770 de
794 711 1089 768 industria
1148 710 1442 782 repudiat,
1503 713 1681 779 atque
1738 705 1801 761 in
1844 702 2040 760 malum

2230 698 2318 754 ιὼν
2371 699 2434 755 οὐ
2492 699 2881 778 προσδέχεται,
2935 704 3074 780 πρὸς
3128 704 3195 762 τὸ
3249 706 3415 764 κακὸν
3446 706 3849 786 αὖτοπροαιρὲ-

423 808 615 863 libera
639 804 818 861 animi
852 802 1196 857 inductione
1228 798 1582 871 propendet.

1418 798 1582 853 ndet.
2177 811 2287 853 τως
2314 793 2416 860 τὴν
2447 790 2622 869 ῥοπήν
2652 794 3036 868 κεκτημένος.⁴

492 902 568 953 At
596 895 828 953 vellem.
862 892 1061 962 inquit
1087 890 1389 962 Josaphat,
1422 889 1524 944 ille
1557 902 1791 960 quoque
1815 885 1929 940 hac
1963 882 2070 939 do-

2252 879 2407 938 Ἀλλ’
2454 879 2679 957 ἤθελον,
2739 885 2904 963 φησὶν
2964 885 2994 940 6
3054 884 3311 966 Ἰωάσαςρ,
3369 886 3618 945 κάκεῖνον
3674 894 3847 947 ταῦτα

421 988 614 1045 ctrina
644 985 1027 1040 imbueretur.

862 988 1027 1036 retur.
2184 972 2481 1043 μυηθῆναι.

490 1076 818 1149 Respondit
841 1089 1050 1129 senex:
1078 1074 1211 1127 llaac
1232 1071 1390 1144 apud
1410 1069 1683 1127 homines
1697 1069 2071 1139 suntimpos-

2250 1060 2313 1118 Ὀ
2345 1058 2403 1117 δὲ
2462 1063 2657 1138 γέρων*
2685 1063 2761 1119 Τὰ
2816 1065 2962 1139 παρᾶ
3016 1065 3353 1141 ἀνθρώποις,
3386 1068 3554 1139 εἶπεν,
3587 1067 3847 1141 ἀδύνατα,

420 1167 653 1231 sibilia;
688 1164 843 1237 apud
877 1165 1061 1219 Deum
1090 1168 1289 1218 autem
1321 1161 1474 1217 nihil
1504 1166 1595 1216 est
1615 1159 1776 1231 quod
1798 1159 1927 1213 ﬁeri
1952 1175 2039 1213 n01

2226 1150 2326 1227 αρὰ
2352 1157 2435 1225 τῷ
2464 1157 2582 1227 Θεῷ
2629 1154 2803 1209 πάντα
2835 1151 3033 1210 δυνατά
3091 1154 3201 1211 ἐστι
3262 1159 3398 1231 (14).
3430 1157 3494 1215 Τί
3551 1159 3655 1235 γὰρ
3686 1157 3845 1223 οἶδας

416 1260 609 1334 possit
629 1258 844 1329 (Matth.
868 1256 1007 1327 xix).
1034 1254 1258 1325 Ecquid
1281 1253 1441 1309 enim
1473 1252 1587 1308 scis
1610 1252 1954 1306 futurumne
1999 1267 2035 1305 s

2222 1240 2322 1296 ἱσὺ
2349 1242 2542 1305 σώσεις
2590 1242 2683 1299 τὸν
2716 1243 2920 1317 πατέρα
2979 1264 3098 1313 σου,
3154 1244 3245 1300 καὶ
3301 1245 3495 1321 τρόπῳ
3552 1249 3841 1323 θαυμασίῳ

420 1355 487 1406 ut
507 1348 660 1422 patri
683 1353 783 1403 tuo
802 1346 1054 1402 salutem
1072 1346 1306 1412 atl‘eras,
1333 1350 1510 1413 atque
1533 1339 1883 1397 admirando
1896 1339 2034 1394 mod

2219 1334 2455 1403 εννήτωρ
2484 1336 2583 1388 τοῦ
2613 1336 2710 1388 σοῦ
2740 1334 3111 1422 χρηματίσεις
3137 1337 3462 1412 γεννήτορος
3496 1339 3606 1413 (15)
3637 1357 3651 1407 ;
3686 1341 3838 1400 1⁸5

422 1441 610 1514 patris
629 1439 714 1494 tui
728 1444 897 1510 pater
908 1434 1148 1493 tandem
1163 1435 1389 1490 voceris
1402 1433 1429 1488 ?
1441 1435 1483 1489 Ν
1489 1437 1754 1488 arratum
1769 1431 1928 1486 enim
1962 1429 2041 1484 mi

2226 1422 2422 1514 lxiﬁxou
2469 1423 2573 1497 γάρ
2638 1421 2864 1498 βασιλέα
2935 1423 3056 1480 τινὰ
3126 1425 3400 1501 γεγονέναι
3458 1427 3602 1483 πάνυ
3656 1433 3845 1495 καλῶς

420 1533 481 1587 hi
496 1536 796 1602 estregem
808 1527 1125 1599 quemdam
1141 1522 1565 1595 exstitisse,qui
1580 1520 1863 1594 praeclare
1876 1519 2039 1575 admc

2223 1511 2279 1581 ἦν
2335 1511 2529 1567 ὶαυτοῦ
2586 1512 2982 1585 οίκονομοῦντα
3039 1508 3339 1572 ϐασιλείαν.
3389 1517 3581 1592 πράως
3634 1537 3694 1574 τε
3749 1518 3842 1574 καὶ

420 1622 561 1677 dum
576 1600 798 1693 regiam
813 1616 1341 1689 suamzdignitatem
1354 1611 1831 1678 administrabat,
1842 1610 2039 1665 lenite)

2225 1600 2361 1664 πὶως
2391 1605 2472 1675 τῷ
2531 1602 2620 1658 ὑπ’
2674 1603 2837 1659 αὐτὸν
2898 1604 3245 1681 κεχρημένον
3302 1603 3445 1678 λαῷ,
3471 1604 3525 1662 ἐν
3556 1607 3737 1681 τούτῳ
3785 1604 3844 1664 δὲ

424 1728 539 1784 que
552 1728 620 1766 ac
644 1691 873 1781 placide
896 1706 1181 1779 populum
1194 1704 1295 1776 qui
1318 1704 1505 1775 ipsius
1521 1701 1732 1758 ditioni
1759 1707 1940 1771 atque
1964 1701 2043 1755 im

2226 1691 2331 1784 όνῳ
2359 1692 2770 1784 σφαλλόμενοι,
2798 1699 2881 1768 τῷ
2912 1696 2990 1769 μή
3021 1692 3281 1751 πλουτεῖν
3311 1697 3408 1752 τὸν
3453 1704 3556 1767 τῆς
3601 1700 3843 1776 θεογνω-

422 1781 586 1874 peric
613 1799 855 1855 suberat
876 1795 1183 1862 tractabat,
1211 1795 1271 1849 in
1304 1794 1412 1849 hac
1438 1797 1634 1848 autem
1663 1807 1784 1846 una
1812 1806 1877 1845 re
1910 1788 2041 1844 labe

2226 1781 2300 1845 ίας
2363 1784 2668 1874 φωτισμὸν,
2717 1782 2864 1840 ἀλλὰ
2915 1787 3203 1874 τῇΑπλάνῃ
3235 1791 3345 1842 τῶν
3406 1784 3656 1844 εἰδώλων
3710 1811 3845 1847 κατ-

420 1888 781 1962 batur,quod
794 1886 1005 1944 divinae
1024 1883 1382 1958 cognitionis
1396 1882 1624 1937 lumine
1642 1885 1873 1937 careret
1898 1885 2038 1950 atqu

2222 1884 2425 1949 χεσθαι.
2463 1876 2599 1965 εἷχε
2631 1870 2688 1929 δέ
2714 1895 2836 1929 τινα
2867 1869 3183 1948 σύμϐουλον
3217 1874 3413 1951 ἀγαθὸν
3439 1880 3530 1933 καὶ
3562 1879 3841 1944 παντοίως

421 1980 719 2036 idolorum
743 1977 906 2033 cultu
929 1976 1291 2031 constrictus
1313 1974 1784 2029 teneretur.Erat
1798 1977 1997 2026 autem
2021 1985 2040 2023 ε

2220 1963 2599 2037 εκοσμημὲνον
2626 1968 2696 2038 τῇ
2733 1985 2794 2020 τε
2844 1965 2980 2040 πρὸς
3032 1965 3125 2021 τὸν
3189 1966 3317 2021 Θεὸν
3379 1963 3621 2040 εὐσεϐείᾳ
3649 1970 3739 2024 καὶ
3768 1974 3837 2045 τῇ

421 2070 645 2143 probus
669 2067 911 2140 quidam
936 2065 1316 2128 consiliarus,
1340 2080 1409 2118 ac
1432 2068 1556 2117 tum
1580 2077 1718 2134 erga
1740 2061 1926 2116 Deum
1949 2060 2040 2131 pie

2217 2056 2358 2143 otnﬁ
2389 2055 2533 2143 πάσῃ
2561 2052 2795 2143 ἐναρὲτῳ
2825 2054 3007 2131 σοφίᾳ’
3042 2055 3123 2127 ὃς,
3158 2054 3468 2131 ἀχθόμενος
3511 2058 3602 2114 καὶ
3634 2056 3836 2136 δυσχε-

421 2141 561 2225 tate,
591 2166 716 2214 tum
748 2156 980 2213 caeteris
1009 2154 1328 2210 virtutibus
1352 2151 1793 2215 ornatissimus,
1813 2150 1914 2221 qui
1942 2165 2040 2204 cur

2221 2141 2384 2199 αίνων
2417 2141 2505 2199 ἐπὶ
2561 2147 2631 2218 τῇ
2662 2142 2844 2219 πλάνῃ
2897 2148 2995 2200 τοῦ
3031 2144 3303 2221 βασιλέως
3347 2145 3437 2202 καὶ
3499 2146 3839 2226 βουλόμενος

417 2250 574 2319 regis
600 2262 800 2303 errore
822 2251 1160 2317 angeretur,
1194 2259 1451 2313 eumque
1485 2240 1843 2314 permoleste
1869 2239 2036 2294 ferre‘

2220 2232 2344 2289 ὐτὸν
2377 2232 2501 2307 περὶ
2558 2232 2755 2289 τούτου
2811 2232 3044 2311 ἐλέγξαι,
3076 2234 3447 2312 ἆνεχαιτὶζετο
3501 2244 3603 2308 τῆς
3634 2240 3836 2315 ὁρμῆς,

423 2344 601 2410 atque
623 2338 821 2409 ipsum
843 2337 954 2391 hoc
975 2333 1220 2390 nomine
1243 2348 1563 2405 coarguere
1584 2332 1646 2386 in
1671 2330 1872 2386 animo
1894 2327 2042 2384 habe

2221 2320 2450 2388 εδοικὼς
2478 2324 2554 2398 μὴ
2602 2328 2782 2380 κακῶν
2814 2325 3069 2399 πρόξενος
3096 2325 3271 2399 ἑαυτῷ
3297 2347 3359 2383 τε
3386 2326 3476 2382 καὶ
3528 2333 3648 2394 τοῖς
3677 2329 3838 2386 αὐτοῦ

420 2434 534 2493 ret,
560 2433 758 2484 tamen
783 2426 893 2481 hac
917 2425 988 2480 de
1006 2439 1187 2479 causa
1217 2438 1347 2477 sese
1374 2420 1759 2493 reprimebat,
1793 2418 1951 2491 quod
1980 2435 2039 2474 ve

2227 2412 2423 2488 εαίροις
2452 2412 2663 2490 γένοιτο
2693 2413 2783 2469 καὶ
2832 2416 2932 2485 τὴν
2964 2415 3263 2492 γινομένην
3297 2414 3369 2472 δι’
3399 2416 3566 2475 αὐτοῦ
3614 2418 3846 2477 πολλῶν

421 2524 757 2586 reretur,ne
772 2523 828 2571 et
845 2515 957 2570 sibi
972 2519 1032 2569 et
1044 2513 1223 2569 sociis
1238 2512 1362 2567 suis
1375 2511 1702 2584 perniciem
1725 2518 2040 2566 accerseret

2224 2502 2457 2585 ιφὲλειαν
2514 2506 2879 2581 περικόψειεν.
2941 2508 3159 2579 Ἐζήτει
3202 2506 3260 2565 δὲ
3288 2508 3445 2583 ὅμως
3471 2510 3663 2587 καιρὸν
3694 2509 3843 2578 εὔθε-

425 2624 677 2679 eamque
706 2606 1027 2662 utilitatem
1055 2621 1186 2675 quae
1202 2619 1271 2658 ex
1293 2603 1422 2674 ipso
1438 2602 1511 2656 ad
1526 2600 1675 2657 alios
1688 2597 2044 2672 promanaba

2220 2617 2278 2651 ον
2308 2599 2409 2652 τοῦ
2441 2595 2663 2652 ελκῦσαι
2689 2596 2848 2653 αὐτὸν
2877 2598 3016 2671 πρὸς
3067 2598 3131 2654 τὸ
3190 2598 3415 2676 ἀγαθόν.
3455 2603 3633 2670 Φησὶν
3667 2602 3760 2658 οὖν
3788 2603 3839 2658 ἐν

420 2696 1160 2770 amputaret.Occasionem
1175 2697 1374 2748 autem
1386 2690 1778 2746 nihilominus
1791 2689 2039 2761 querebe

2222 2691 2290 2759 ιιᾷ
2318 2687 2466 2742 νυκτῖ
2501 2686 2638 2759 πρὸς
2667 2684 2824 2742 αὐτὸν
2856 2688 2885 2743 6
2919 2687 3193 2763 βασιλεύςι
3257 2693 3424 2764 Δεῦρο
3484 2688 3576 2762 δή,
3610 2690 3841 2764 ἐξέλθω-

421 2806 538 2861 qua
567 2786 879 2843 commode
912 2786 1109 2856 ipsum
1141 2783 1215 2838 ad
1247 2782 1470 2837 bonum
1505 2781 1896 2852 pertraheret.
1922 2780 2040 2834 Dixi

2218 2795 2286 2829 ιεν
2316 2774 2407 2829 καὶ
2465 2773 2998 2849 ἑμπεριπατήσωμεν
3047 2776 3149 2847 τὴν
3209 2777 3396 2853 πόλιν,
3428 2778 3485 2834 εἶ’
3519 2780 3626 2836 πού
3656 2803 3710 2837 τι
3732 2787 3837 2838 τῶν

418 2880 598 2944 igitur
629 2882 803 2934 nocte
835 2874 1089 2947 quadam
1124 2872 1200 2928 ad
1230 2888 1367 2927 eum
1398 2888 1537 2927 rex:
1564 2870 1886 2931 Adesdum.
1912 2885 2037 2942 egre

2222 2863 2548 2942 ιφελούντων
2629 2867 2740 2939 (16)
2815 2864 3061 2940 ὀψόμεθα
3093 2910 3108 2925 .
3154 2869 3711 2946 Ἑμπεριπατούντων
3788 2870 3841 2930 δὲ

418 2970 747 3033 diamur,ac
759 2967 865 3022 civi
878 2971 1055 3021 tatem
1069 2964 1674 3029 circumeamus,num
1686 2959 1835 3015 forte
1848 2959 2033 3030 aliqui

2221 2955 2362 3011 ὖτῶν
2390 2956 2487 3025 τήν
2522 2953 2710 3026 πόλιν,
2748 2952 2892 3012 εἶδον
2926 2957 3108 3035 φωτὸς
3137 2960 3312 3034 αὐγὴν
3345 2960 3451 3016 ἆπό
3509 2982 3665 3026 τινος
3716 2985 3840 3041 τρυ-

422 3058 668 3131 quodin
693 3072 820 3111 rem
844 3055 1110 3110 futurum
1127 3053 1203 3107 sit
1222 3051 1679 3124 perspiciamus.
1713 3051 1857 3104 Cum
1876 3054 2041 3105 auter

2220 3050 2390 3105 ιαΛιᾶς
2421 3042 2772 3123 λάμπουφαψ
2818 3043 2931 3115 καὶ,
2977 3043 3147 3120 ταύτῃ
3190 3046 3319 3112 τοὺς
3365 3047 3695 3125 ὀφθαλμοὺς
3728 3049 3839 3107 ἑπι-

417 3130 507 3204 illi
529 3164 635 3218 per
656 3146 862 3201 urbem
895 3143 1372 3202 obambularent.
1397 3141 1548 3196 lucis
1574 3140 1956 3212 splendorem
1972 3156 2036 3210 pe

2223 3133 2465 3204 αλόντες,
2529 3131 2821 3210 βλέπουσιν
2857 3133 3109 3212 ὐπόγειόν
3167 3157 3221 3192 τι
3279 3135 3552 3214 ἀντρῶδες
3609 3136 3836 3215 οἴκημα,

418 3238 695 3293 foramen
728 3234 1027 3307 quoddam
1055 3232 1391 3287 radiantem
1447 3235 1744 3297 cernunt;
1795 3230 1889 3285 cui
1939 3246 2037 3285 cur

2222 3246 2238 3280 ν
2297 3226 2343 3299 ᾧ
2399 3225 2797 3301 προὺκαθὲζετο
2858 3226 2995 3300 ἀνὴρ
3054 3224 3260 3303 ἐσχάτῃ
3312 3233 3489 3300 συζῶν
3544 3232 3702 3305 πενίᾳ
3755 3233 3841 3288 καὶ

419 3279 695 3293 .ν.ι....ν,.
729 3279 1027 3307 ,μη-ευ-..
1058 3279 1391 3287 -.._-..-------
1452 3279 1744 3297 ---η-πη
1800 3279 1889 3285 -__
1944 3279 2038 3285 η,

419 3327 627 3383 oculos
640 3324 711 3381 ad
711 3321 1483 3397 jecissent,subterraneum
1497 3319 1796 3392 quoddam
1816 3325 2038 3375 etcavei

2218 3279 2387 3382 ὖτελῆ
2439 3279 2561 3371 τινα
2618 3279 2995 3392 περικείμενός
3074 3279 3280 3394 ῥάκιαῖ
3340 3279 3836 3392 ιιξιξέστξξξτδέξ

420 3432 634 3473 nosum
659 3413 1030 3470 domicilium
1044 3410 1557 3483 conspicantur,in
1582 3426 1699 3480 quo
1718 3408 2039 3481 praesideba

2207 3408 2324 3485 τυνή
2358 3406 2522 3464 αὐτοῦ
2570 3411 2716 3462 οἶνον
2776 3410 3020 3479 κιρνῶσα
3050 3409 3320 3483 (1³7).Τοῦ
3376 3408 3435 3466 δὲ
3493 3410 3679 3485 ἀνδρὸς
3728 3414 3826 3482 τὴν

420 3507 509 3562 vir
523 3504 767 3577 quidam
789 3510 1055 3559 extrema
1076 3502 1278 3573 inopia
1299 3500 1599 3567 laborans,
1623 3516 1691 3555 ac
1714 3498 1929 3555 vilibus
1947 3500 2039 3571 qui

2207 3496 2388 3553 ιύλικα
2419 3495 2508 3552 ἐπὶ
2564 3502 2757 3573 χεῖρας
2811 3490 3103 3563 λαϐόντος,
3155 3496 3387 3575 λεγυρὸν
3441 3498 3640 3573 ᾅδουσα
3670 3498 3826 3575 μέλος

421 3596 674 3652 busdam
707 3600 765 3650 et
789 3593 1001 3649 laceris
1028 3592 1245 3665 pannis
1271 3590 1536 3647 indutus.
1578 3588 1824 3645 Astabat
1880 3595 2040 3644 auter

2217 3586 2392 3659 κείνη,
2448 3585 2638 3661 τέρψιν
2692 3585 2843 3658 αὐτῷ
2901 3584 3134 3642 ἐνεποίει
3203 3588 3550 3666 ὀρχουμένη,
3604 3590 3693 3647 καὶ
3745 3590 3832 3646 τὸν

423 3687 611 3760 ipsius
630 3701 796 3747 uxor,
815 3685 1020 3739 vinum
1038 3683 1150 3755 ipsi
1175 3687 1531 3753 temperans.
1543 3680 1807 3750 Cumque
1823 3679 1949 3751 ipse
1972 3697 2042 3751 po

2220 3673 2357 3751 νδρα
2385 3675 2685 3752 ἐγκωμίοις
2725 3673 3150 3753 καταθέλγουσα.
3213 3678 3283 3736 Ol
3312 3680 3439 3755 περῖ
3468 3680 3560 3736 τὸν
3619 3680 3839 3758 βασιλέα

422 3777 624 3833 culum
652 3775 928 3830 manibus
949 3770 1407 3844 accepisset,illa
1429 3786 1604 3826 suave
1626 3769 1926 3841 quoddam
1948 3786 2041 3825 car

2221 3765 2388 3837 οίνυν,
2421 3764 2507 3822 ἐπὶ
2568 3764 2713 3843 ὥραν
2775 3764 2966 3835 ίκανήν
3019 3770 3188 3823 ταῦτα
3245 3775 3657 3840 κατανοοῦντες,
3692 3770 3840 3826 ἐθαύ-

423 3883 562 3923 men
594 3864 1203 3934 canens,voluptatem
1221 3861 1334 3933 ipsi
1348 3858 1887 3922 aﬂ‘erebat,saltaus
1905 3859 2042 3914 nimi

2221 3860 2357 3925 ιαζον
2388 3854 2495 3923 ὅτι,
2524 3853 2749 3929 τοιαύτῃ
2803 3854 3121 3928 πιεζόμενοι
3188 3858 3349 3933 πενίᾳ
3379 3860 3455 3924 ὡς
3488 3862 3632 3933 μήτε
3692 3860 3840 3918 οἴκου

422 3976 577 4025 rum,
612 3974 681 4015 ac
712 3956 993 4013 maritum
1027 3954 1303 4011 laudibus
1341 3951 1657 4007 deliniens.
1700 3951 1821 4006 Rex
1874 3949 2041 4023 igiitu

2221 3948 2434 4022 Smpe‘iv
2462 3947 2590 4020 μήτ’
2616 3945 2864 4015 ἐσθῆτος,
2888 3946 3062 4012 οὕτως
3085 3948 3340 4024 εὐθύμως
3356 3952 3451 4008 τὸν
3479 3952 3601 4030 βίον
3627 3950 3840 4030 διῆγον·

420 4048 857 4122 aliquantisper
872 4047 999 4102 haec
1014 4040 1741 4117 perspiciens,mirabatur
1760 4039 1919 4111 quod
1937 4057 2039 4096 cur

2219 4038 2284 4092 ζαὶ
2315 4039 2469 4096 186
2515 4056 2678 4112 φησιν
2708 4036 2736 4090 6
2771 4034 3030 4111 βασιλεὺς
3075 4042 3155 4111 τῷ
3202 4035 3704 4116 πρωτοσυμϐούλῳ
3734 4044 3838 4117 (18)

420 4145 586 4196 tanta
605 4143 863 4212 egestate
884 4136 1395 4209 premerentur,ut
1412 4148 1523 4187 nec
1543 4130 1756 4185 domus
1772 4145 1882 4185 nec
1895 4130 2039 4185 vesti

2218 4127 2367 4182 ὗτοῦο
2396 4128 2464 4181 Ὤ
2491 4129 2589 4182 τοῦ
2638 4122 2935 4200 θαύματος,
2995 4125 3141 4205 φίλε,
3200 4126 3288 4184 ὅτι
3338 4129 3464 4204 ἐμοί
3521 4152 3582 4188 τε
3632 4132 3726 4187 καὶ
3756 4130 3837 4189 σοὶ

421 4229 567 4302 ipsis
588 4232 1156 4301 suppeteret,tamen
1172 4239 1360 4294 usque
1375 4220 1521 4277 adeo
1534 4219 1735 4275 letam
1749 4219 2040 4277 ethilaren

2218 4216 2312 4275 ὐδέ
2343 4214 2515 4280 οὕτως
2561 4215 2591 4270 6
2646 4215 2768 4279 καθ’
2819 4216 2970 4288 ἡμᾶς
3029 4237 3164 4272 ποτε
3206 4217 3368 4294 ἤρεσε
3429 4219 3568 4297 βίος,
3598 4221 3835 4298 τοσαύτῃ

416 4320 597 4376 vitam
619 4319 1123 4387 ducerent.Atque
1146 4313 1219 4369 ad
1245 4310 1593 4385 primarium
1608 4326 1782 4365 suum
1800 4311 2035 4366 consilia

2218 4309 2309 4383 όξῃ
2334 4309 2426 4363 καὶ
2453 4309 2632 4383 τρυφῇ
2686 4324 2788 4379 περ
2850 4309 2957 4378 (19)
3015 4303 3372 4382 διαλάμπων,
3434 4312 3511 4374 ὡς
3543 4313 3578 4381 ἡ
3612 4311 3837 4384 εὐτελῆς

418 4410 575 4465 rium
614 4409 707 4464 his
759 4407 955 4463 verbis
1002 4406 1227 4461 utitur:
1260 4404 1304 4459 Ο
1335 4417 1461 4457 rem
1510 4400 1740 4465 miram,
1773 4415 1806 4453 ο
1837 4401 2026 4456 amice

2218 4398 2312 4470 ὕτη
2345 4397 2436 4453 καὶ
2463 4393 2815 4470 ταλαίπωρος
2845 4396 2959 4464 ζωή
3008 4396 3234 4462 τούτους
3266 4396 3334 4470 δὴ
3386 4398 3517 4464 τοὺς
3568 4402 3837 4474 ἀνοήτους

418 4498 579 4572 quod
609 4498 855 4563 scilicet,
878 4512 989 4552 nec
1019 4493 1188 4559 mihi,
1214 4508 1325 4548 nec
1350 4491 1478 4555 tibi,
1498 4490 1615 4544 vita
1634 4494 2037 4561 nostra.quam

2213 4489 2383 4567 ἐρπει,
2416 4489 2503 4544 καὶ
2554 4486 2741 4559 ἡδύνει
2798 4486 2948 4551 λεῖος
2981 4488 3169 4552 αὐτοῖς
3199 4491 3290 4546 καὶ
3323 4492 3610 4568 προσηνὴς
3643 4493 3673 4549 6
3703 4513 3832 4567 τρα-

447 4590 499 4644 is
522 4587 744 4659 alioqui
767 4591 931 4642 tanta
951 4584 1139 4658 gloria
1164 4589 1222 4637 et
1242 4580 1473 4637 deliciis
1495 4585 1554 4635 et
1572 4578 1869 4650 voluptate
1891 4579 2066 4636 undi-

2222 4580 2283 4645 ὓς
2329 4581 2487 4642 οὗτος
2543 4578 2635 4634 καὶ
2712 4580 3036 4643 ἀπευκταῖος
3112 4577 3230 4656 βίος
3316 4580 3837 4660 καταφαινόμενοςί

416 4695 533 4752 que
565 4677 890 4743 collucens,
922 4690 1111 4747 usque
1142 4672 1289 4729 adeo
1345 4684 1613 4741 unquam
1661 4669 1971 4740 placuerit,
2003 4686 2035 4725 u

2216 4671 2449 4747 εὐκαίρου
2500 4666 2558 4725 δὲ
2614 4666 2946 4746 δραξάμενος
2998 4669 3027 4724 6
3087 4665 3602 4745 πρωτοσύμϐουλος
3652 4672 3835 4749 ὣρας,

411 4769 546 4824 vilis
578 4768 704 4824 hmc
735 4772 793 4824 et
818 4781 1154 4822 aerumnosa
1182 4764 1300 4818 vita
1328 4759 1611 4816 vecordes
1640 4759 1786 4815 istos
1809 4757 2030 4815 oblecta

2217 4779 2300 4838 ρη’
2334 4758 2516 4816 Ἀλλᾶ
2574 4760 2660 4815 σοί
2690 4780 2772 4834 γε,
2808 4757 3058 4836 βασιλεῦ,
3118 4763 3235 4823 πῶς
3258 4762 3295 4830 ἡ
3329 4756 3538 4817 τούτων
3595 4762 3836 4840 φαίνεται

415 4866 472 4918 et
493 4859 887 4923 exhilarat,ut
908 4874 1061 4929 quae,
1086 4852 1322 4911 tametsi
1344 4849 1569 4920 alioqui
1591 4864 1804 4920 aspera
1827 4853 1884 4905 et
1899 4866 2034 4905 aver

2215 4850 2331 4920 ιοτή
2358 4869 2374 4916 ς
2406 4847 2653 4918 Πάντων,
2686 4848 2853 4924 φησὶν
2884 4849 2913 4904 6
2941 4844 3222 4925 βασιλεὺς,
3250 4848 3325 4904 ὧν
3360 4850 3588 4906 πώποτε
3621 4851 3834 4928 ἑώρακα

414 4951 620 5013 sanda,
652 4948 846 5006 facilis
868 4947 1012 5020 ipsis
1035 4962 1102 5002 ac
1127 4942 1348 5001 blanda
1366 4939 2033 5011 videatur.0pportunar

2213 4936 2473 5009 ηδεστάτη
2506 4937 2597 4992 καὶ
2653 4934 3089 5013 δυστυχεστάτη,
3154 4934 3427 5013 βδελυκτή
3458 4959 3519 4995 τε
3546 4941 3636 4996 καὶ
3692 4939 3832 4995 ἄπο-

410 5046 612 5097 autem
642 5040 854 5096 horam
884 5042 1097 5093 nactus
1127 5034 1406 5106 princeps
1429 5029 1531 5085 ille
1554 5027 1955 5098 consiliarius,
1977 5029 2029 5084 iu

2205 5027 2457 5105 ρόπαιος.
2488 5027 2618 5082 Τότε
2666 5026 2818 5103 λέγει
2851 5026 2994 5104 πρὸς
3048 5025 3211 5083 αὐτὸν
3244 5028 3273 5084 6
3303 5025 3821 5106 πρωτοσύμϐουλος

481 5215 800 5295 “ﬂabianii.
832 5227 891 5295 ξ,
923 5210 991 5263 2³ί
1018 5222 1030 5261 :
1060 5203 1214 5295 Πριρᾴ
1242 5193 1873 5295 άῖιρρῶποιςωᾶδύνατον,
1937 5196 2064 5255 ἀλλ’

2234 5201 2383 5277 παρᾶ
2436 5203 2516 5273 τῷ
2566 5201 2709 5273 Οεῷ⁶
2742 5199 2918 5256 πάντα
2973 5200 3079 5277 γὰρ
3137 5197 3339 5257 δυνατά
3393 5200 3506 5259 im
3560 5203 3712 5278 παρᾶ
3760 5204 3839 5275 τῷ

409 5275 550 5359 Θεῗρ.
577 5275 668 5341 ’(112
712 5281 935 5339 similia
963 5279 1119 5351 apud
1150 5275 1356 5334 Matth.
1387 5291 1508 5337 xxx,
1541 5275 1629 5327 26.

486 5359 598 5423 (15)
630 5358 872 5423 Lemma
901 5351 1217 5408 metricum
1249 5349 1311 5403 in
1341 5349 1425 5403 A:
1458 5344 1573 5412 Τὴν
1604 5345 1701 5399 τοῦ
1731 5341 2005 5419 Βαρλαᾶμ

1005 5279 1119 5351 pud
1150 5275 1356 5334 Matth.
1387 5291 1508 5337 xxx,
1541 5275 1629 5327 26.
2316 5275 2323 5277 '

1005 5351 1217 5406 tricum
1249 5349 1311 5403 in
1341 5349 1425 5403 A:
1458 5344 1573 5412 Τὴν
1604 5345 1701 5399 τοῦ
1731 5341 2005 5419 Βαρλαᾶμ
2034 5343 2371 5423 προφητείαν
2400 5347 2491 5400 νῦν
2516 5340 2624 5401 ῗδε.

514 5422 601 5498 16)
628 5430 688 5489 C,
723 5422 1125 5498 ὀφειλομένων.

512 5496 599 5572 17)
630 5504 677 5555 Α
708 5496 840 5554 sine
869 5496 1040 5553 οἶνον,

506 5573 593 5640 18)
621 5573 882 5626 Joannes
913 5569 1071 5640 Hier.
1107 5567 1237 5621 Vita
1263 5564 1470 5640 Joann.
1502 5560 2003 5640 pamasc._p.‘2t5
2030 5578 2044 5617 :
2075 5560 2125 5618 'C

2221 5563 2371 5615 ιτῶν
2400 5560 3074 5640 Σαρακηνῶν..ἆρχηγὸς,
3130 5561 3223 5640 τρν
3272 5562 3532 5634 Ἰωάννην
3593 5559 3840 5640 εἰσκαλεῖ

481 5576 593 5640 (18)
621 5576 882 5626 Joannes
914 5576 1071 5624 Hier.
1110 5576 1237 5621 Vita
1263 5576 1470 5620 Joanu.
1507 5576 1776 5617 uamasc.
1847 5598 1859 5612 .
1898 5576 2003 5615 χιιι)

410 5643 477 5699 σά
490 5661 673 5716 μενος,
693 5637 1143 5716 --προεχειρίζετο
1190 5626 1739 5716 πρωτοσύμξουλον..
1780 5576 2029 5716 ἥξοι-υτ

2222 5580 2371 5615 ιτων
2400 5576 2737 5634 Σαρακηνων
2799 5576 3074 5638 αρχηγος,
3130 5576 3223 5617 τον
3277 5576 3532 5634 ἰωαννην
3593 5576 3841 5620 εἰσκαλε-

2222 5650 2317 5716 ,ςειὶ
2365 5627 2881 5716 πρωτυσυμόούλου
2938 5635 3303 5716 respondere
3360 5631 3841 5716 summ_ae__apud

409 5702 647 5786 Arabes
675 5702 973 5786 dignitati,
1000 5702 1134 5782 quas
1162 5702 1253 5786 est
1279 5702 1759 5786 Emir-‘alonzarai.
1801 5702 1912 5786 adi
1943 5704 2145 5786 Reislx.
2173 5705 2250 5762 ad
2279 5702 2584 5786 Qonstant.
2616 5702 3248 5786 ξξοςνρὶητινειζ.,(ἷθτίιπι.⁸
3271 5724 3332 5780 p.
3362 5709 3470 5765 806
3501 5709 3598 5768 ed.
3630 5710 3698 5767 Ν.

495 5784 601 5855 (l9)
628 5785 695 5837 In
723 5772 771 5836 C
797 5787 887 5837 est
916 5772 1346 5838 e'correctione
1374 5775 1707 5835 recentiore
1740 5772 1963 5852 καίπερ.
1998 5776 2111 5834 Sed

1878 5793 1963 5852 ερ.
1998 5776 2111 5834 Sed
2139 5795 2242 5852 περ
2272 5776 2418 5835 alibi
2444 5777 2531 5835 sic
2561 5772 2881 5837 adhibetur
2906 5796 2918 5833 :
2950 5772 3028 5835 cf.
3060 5796 3118 5854 p.
3154 5780 3256 5836 138
3272 5772 3344 5837 et
3372 5783 3497 5840 140.

481 5361 503 5640 ἱ
