4100 6370
275 417 412 474 1001

1455 411 1626 466 ΥΙΤΔ
1663 412 2016 466 BABLAAM
2051 411 2146 466 ΕΤ
2180 411 2523 467 JOASAPH.

3558 418 3702 477 1002

273 541 456 610 Οὕτω,
513 537 644 600 οῦνς
672 535 730 592 εῦ
763 534 895 602 ἴσθι,
931 532 1177 612 βασιλεῦ,
1217 533 1308 588 καὶ
1355 529 1561 605 πολλῷ
1608 529 1930 608 χαλεπώτε-

2056 533 2215 605 quit:
2238 533 2320 589 Tu
2351 551 2510 604 vero,
2538 553 2570 592 o
2601 553 2726 609 rex,
2760 537 3096 609 cujusmodi
3127 540 3370 598 tandem
3387 544 3599 603 horum
3615 549 3704 606 vi.

275 630 424 709 ροςὸ
453 629 574 692 καθ’
606 628 756 700 ἡμᾶς
816 623 1138 699 λελόγισται
1203 621 1322 700 βίος
1379 627 1496 684 τοῖς
1551 621 1816 684 ἆπόπταις
1845 623 1936 676 καὶ

279 722 509 796 μύσταις
564 723 666 788 τῆς
719 711 900 771 ἀϊδίου
959 711 1119 786 δόξης
1177 711 1389 784 ἰκείνης
1447 710 1537 767 καί
1595 715 1702 766 τῶν
1763 711 1938 767 πάντα

274 814 398 866 νοῦν
466 801 900 884 ὑπερϐαινόντων
959 804 1197 878 ἀγαθῶν*
1253 801 1308 858 αῖ
1337 823 1394 858 τε
1425 805 1616 877 χρυσῷ
1645 799 1938 856 καταστίλ-

277 897 475 956 ϐουσαι
507 896 681 953 οἰκίαι
737 894 828 950 καὶ
883 893 951 948 τα
1003 893 1232 968 λαμπρά
1287 895 1456 947 ταῦτα
1512 889 1800 964 ἒνδῦματα,
1844 890 1937 946 καὶ

274 994 311 1062 ἡ
344 989 516 1060 λοιπή
574 990 673 1043 τοῦ
733 975 857 1063 βίου
910 982 1108 1039 τούτου
1166 983 1368 1061 τρυφὴ,
1423 975 1711 1036 σκυόάλων
1743 1002 1802 1036 τε
1846 983 1934 1036 καὶ

276 1081 506 1154 ἀμαρῶν
540 1077 672 1133 εἰσιν
702 1072 1003 1150 ἀηδὲστερα
1049 1078 1172 1134 τοῖς
1229 1071 1542 1149 ὀφθαλμοῖς
1567 1075 1676 1127 τῶν
1711 1065 1934 1126 εἷδότων

271 1171 344 1226 τά
372 1165 742 1242 ἀνεκδιήγητα
773 1161 954 1235 κάλλη
985 1167 1098 1218 τῶν
1130 1160 1183 1217 ἐν
1218 1161 1472 1238 οὐρανοῖς
1497 1161 1932 1237 ἀχειροτεύκτων

275 1261 659 1330 σκηνωματῶν
717 1257 831 1330 (20)
867 1296 881 1322 ,
939 1259 1039 1323 τῆς
1098 1251 1423 1330 θεοῦφάντου
1475 1271 1534 1307 τε
1587 1248 1792 1320 στολῆς
1845 1251 1934 1305 καὶ

269 1351 379 1405 τῶν
435 1343 722 1424 ἀφθάρτων
808 1340 1158 1416 διαδημάτων
1199 1385 1212 1411 ,
1267 1341 1302 1395 ἆ
1358 1339 1655 1414 ἡτοίμασεν
1717 1340 1746 1394 6
1805 1340 1936 1402 Θεὸς

269 1442 390 1498 τοῖς
419 1435 698 1512 ἀγαπῶσιν
747 1431 905 1488 αὐτὸν
952 1433 1084 1505 (21),
1119 1431 1147 1485 6
1179 1431 1394 1486 πάντων
1449 1429 1799 1506 Δημιουργὸς
1845 1429 1935 1484 καὶ

275 1531 426 1586 1³7
492 1525 714 1601 Κύριος.
771 1525 873 1582 "Ov
930 1521 1134 1600 τρόπον
1193 1523 1294 1600 γὰρ
1373 1521 1716 1593 ἀνοηταίνειν
1767 1523 1934 1594 εῆμῖν

277 1615 432 1673 οῦτοι
480 1613 866 1692 ἐλογίσθησαν,
897 1612 1097 1686 πολλῷ
1134 1611 1300 1668 πλέον
1333 1613 1520 1685 ἡμεῖς,
1554 1611 1606 1666 οἱ
1635 1615 1714 1683 τῷ
1740 1605 1935 1683 κόσμῳ

275 1704 760 1784 περιπλανώμενοι
818 1707 908 1759 καί
970 1703 1423 1780 αὐταρεσκοῦντες
1481 1699 1532 1756 ἐν
1589 1704 1658 1775 τῇ
1739 1697 1938 1774 ψευδο-

281 1799 417 1872 μένῃ
444 1795 615 1871 ταύτῃ
677 1791 804 1869 δόξῃ
855 1793 946 1849 καὶ
1007 1793 1226 1866 ἀνοήτῳ
1281 1795 1482 1868 τρυφῇ,
1527 1791 1740 1866 θρήνων
1774 1789 1936 1863 ἐσμὲν

2053 629 2170 678 tam
2193 639 2320 679 esse
2344 625 2647 682 existimas
2663 627 2691 682 ‘I
2713 627 3015 696 Omnium,
3053 629 3246 700 inquit
3277 631 3406 702 ille,
3428 651 3574 705 quas
3591 653 3702 695 un-

2047 729 2224 784 quam
2257 713 2526 782 viderim,
2559 715 3038 773 insuavissimam
3072 723 3128 774 et
3151 719 3574 793 miserrimam,
3600 742 3708 782 ex-

2048 805 2497 874 secrationeque
2530 805 2768 878 dignam
2802 811 2858 860 et
2889 808 3299 868 aversandam.
3333 813 3494 870 Tunc
3517 815 3598 870 ait
3629 815 3704 872 ad

2047 908 2184 948 eum
2213 892 2535 964 primarius
2583 894 2680 949 ille
2719 897 3100 954 consiliarius
3130 915 3142 953 :
3177 899 3264 956 Ad
3311 903 3586 959 eumdem
3620 906 3704 963 ita

2047 981 2311 1048 modum,
2347 981 2492 1036 mihi
2539 981 2734 1049 crede,
2771 1003 2803 1038 ο
2835 1003 2957 1052 rex,
2992 1005 3057 1042 ac
3090 989 3276 1045 multo
3309 991 3486 1048 etiam
3533 1011 3702 1051 acer-

2047 1071 2178 1126 bior
2205 1071 2322 1126 vita
2351 1077 2556 1126 nostra
2587 1073 2658 1126 iis
2691 1091 2824 1128 esse
2851 1075 3106 1142 videtur,
3142 1079 3240 1148 qui
3271 1083 3698 1154 sempiternam

2047 1161 2210 1217 illam
2233 1160 2508 1232 gloriam,
2533 1177 2600 1216 ac
2623 1161 2780 1218 bona
2811 1163 2913 1219 illa
2937 1181 3066 1236 quae
3098 1185 3334 1226 omnem
3368 1175 3585 1230 mentis
3606 1193 3704 1232 ca-

2043 1256 2210 1322 ptum
2244 1255 2549 1322 superant,
2585 1253 3069 1323 contemplantur
3099 1261 3276 1328 atque
3309 1269 3699 1334 cognoscunt.

2045 1343 2235 1412 Atque
2267 1357 2409 1396 auro
2431 1341 2749 1396 rutilantes
2769 1342 2944 1412 mdes,
2970 1361 3036 1399 ac
3069 1346 3354 1416 praeclara
3377 1351 3501 1406 lucc
3525 1353 3706 1410 indu-

2045 1435 2268 1500 menta,
2301 1437 2649 1501 caitermque
2679 1431 2812 1486 vitae
2845 1431 3096 1500 deliciae,
3133 1435 3202 1488 iis
3235 1436 3332 1506 qui
3375 1440 3706 1498 rmlestium

2045 1517 2570 1576 tabernaculorum
2595 1538 2716 1576 non
2748 1538 2929 1577 manu
2953 1523 3266 1595 factorum,
3299 1527 3592 1600 vestisque
3615 1531 3708 1586 di-

2045 1609 2262 1664 vinitus
2277 1613 2664 1676 contextae,ac
2678 1610 3080 1667 diadematum
3099 1615 3496 1687 corruptionis
3509 1619 3708 1675 omnis

2049 1701 2406 1772 expertium,
2431 1717 2561 1774 quae
2593 1717 2794 1758 rerum
2829 1704 3098 1758 omnium
3130 1705 3489 1764 architectus
3511 1725 3578 1765 ac
3601 1711 3711 1766 Do-

2045 1792 2246 1846 minus
2275 1790 2658 1864 diligentibus
2709 1808 2769 1846 se
2823 1795 3194 1865 prmparavit,
3243 1797 3604 1854 stercoribus
3649 1803 3710 1856 et

277 1883 419 1959 ἄξιοι
451 1885 542 1940 καὶ
575 1882 822 1959 δακρύων
854 1879 905 1938 ἐν
941 1880 1252 1960 ὀφθαλμοῖς
1301 1884 1410 1936 τῶν
1467 1879 1811 1956 γευσαμένων
1837 1885 1937 1949 τῆς

2056 1897 2213 1936 coeno
2229 1880 2534 1936 fetidiores
2549 1880 2843 1936 videntur.
2865 1881 2910 1953 (ι
2931 1883 3058 1938 Cor.
3081 1886 3162 1955 ιι).
3189 1886 3704 1950 Quemadmodum

269 1973 618 2050 γλυκύτητος
647 1977 758 2029 τῶν
791 1973 1004 2046 ἀγαθῶν
1037 1969 1277 2026 ἐκείνων.

2047 1971 2207 2026 enim
2231 1971 2330 2026 isti
2353 1971 2580 2044 judicio
2605 1978 2810 2028 nostro
2849 1991 2917 2029 ac
2949 1977 3245 2030 sententia
3273 1975 3595 2049 desipiunt,
3625 1979 3708 2035 ita

280 2065 467 2122 etiam
501 2083 569 2122 ac
595 2064 783 2121 multo
801 2063 1010 2137 magis,
1037 2079 1145 2117 nos
1163 2061 1265 2133 qui
1289 2061 1350 2116 in
1371 2061 1594 2116 mundo
1618 2061 1988 2129 oberramus,
2008 2066 2184 2132 atque
2207 2062 2268 2116 in
2290 2061 2562 2116 mendaci
2584 2061 2694 2118 hac
2721 2061 2910 2134 glovia
2938 2063 3254 2136 stultisque
3276 2065 3506 2123 deliciis
3531 2067 3704 2124 nobis

273 2156 611 2230 placemus,
645 2157 706 2211 in
737 2171 944 2212 eorum
968 2153 1156 2209 oculis
1175 2153 1276 2224 qui
1299 2152 1597 2208 bonorum
1628 2151 1870 2206 illorum
1890 2149 2268 2206 dulcedinem
2287 2149 2694 2223 degustarunt,
2719 2151 2882 2207 luctu
2915 2153 3265 2224 etlacrymis
3289 2156 3449 2229 digni
3473 2174 3696 2214 sumus.

349 2247 411 2304 Ὁ
441 2243 499 2301 δὶ
533 2241 792 2322 βασιλεὺς
841 2241 1050 2298 τούτων
1112 2238 1366 2308 ἀκούσας,
1398 2238 1488 2294 καὶ
1519 2238 1690 2300 ἐννεὸς
1748 2243 1929 2314 ῶσπερ

267 2335 598 2412 γενόμενος,
630 2329 756 2414 ἔφη·
787 2331 940 2394 Τίνες
993 2332 1084 2386 οῦν
1147 2328 1344 2386 ἐκεῖνοί
1401 2329 1533 2384 εἰσιν
1576 2329 1628 2383 οἱ
1656 2327 1932 2404 κρείττονα

277 2431 390 2496 τῆς
419 2425 540 2480 καθ’
589 2425 742 2498 ἡμᾶς
796 2419 1122 2495 κεκτημένοι
1181 2420 1366 2490 ζωήνς
1427 2418 1648 2489 Πάντες,
1708 2417 1870 2489 φησὶν
1903 2417 1932 2473 6

265 2507 816 2590 πρωτοσῦμόουλος,
876 2511 927 2566 οἱ
982 2510 1049 2566 τα
1107 2508 1302 2564 αἰώνια
1357 2507 1796 2584 προτιμήσαντες
1825 2510 1932 2562 τῶν

265 2601 654 2682 προσκαίρων.
690 2602 862 2666 Αῦθις
890 2601 982 2656 οῦν
1017 2603 1115 2655 τοῦ
1175 2597 1448 2673 βασιλέως
1482 2598 1670 2670 μαθεῖν
1707 2601 1932 2667 ζητοῦν-

267 2715 374 2756 τος
403 2691 524 2749 τίνα
576 2692 644 2748 τὰ
703 2691 919 2760 αἰώνια,
980 2687 1143 2768 φησὶν
1202 2689 1231 2742 6
1290 2689 1450 2762 ἀνήρ.
1507 2685 1765 2744 Βασιλεία

277 2780 626 2858 ἁδιάδοχος,
685 2783 776 2837 καὶ
836 2781 950 2850 ζωὴ
1015 2779 1091 2853 μή
1153 2777 1490 2850 ὑποκειμὲνη
1549 2777 1784 2849 θανάτῳ,
1841 2773 1932 2830 καὶ

279 2870 532 2934 πλοῦτος
579 2868 858 2945 μηδέποτε
917 2870 1274 2947 ὑφορώμενος
1317 2866 1521 2936 πενίαν,
1567 2865 1716 2942 χαρά
1755 2885 1814 2921 τε
1843 2865 1932 2920 καὶ

276 2959 592 3041 εὐφροσύνη
653 2959 832 3030 πάσης
887 2957 1166 3034 ἀμέτοχος
1213 2955 1394 3027 λύπης
1453 2955 1544 3012 καὶ
1599 2952 1934 3031 ἀχθηδόνος,

271 3051 374 3108 καὶ
435 3050 626 3126 εἰρήνη
688 3047 947 3120 διηνεκὴς
1006 3045 1260 3120 ἐλευθέρα
1314 3045 1492 3115 πάσης
1565 3043 1770 3120 ἔχθρας
1844 3043 1935 3099 καὶ

267 3141 623 3222 φιλονεικίας
653 3182 666 3196 .
721 3136 942 3196 Τούτων
993 3137 1046 3192 οἱ
1097 3133 1515 3208 καταξιωθέντες
1590 3133 1885 3190 ἀπολαύειν
1922 3177 1936 3204 ,

277 3219 572 3306 μακάριοι,
612 3226 899 3283 καὶτοῦτο
955 3223 1232 3287 πολλάκις
1281 3227 1411 3298 (23)·
1445 3219 1654 3278 ἄλυπον
1687 3221 1792 3297 γὰρ
1847 3221 1937 3276 καὶ

2117 2241 2218 2296 His
2239 2245 2438 2296 autem
2481 2241 2672 2295 verbis
2699 2241 3012 2312 perculsus
3033 2261 3156 2309 rex,
3182 2244 3380 2316 inquit
3403 2263 3414 2301 :
3447 2247 3704 2311 Quinam

2049 2330 2226 2402 igitur
2277 2329 2364 2384 illi
2421 2335 2561 2385 sunt
2595 2331 2696 2401 qui
2745 2332 3224 2402 praestantiorem
3275 2334 3447 2389 nobis
3523 2336 3704 2392 vitam

2047 2421 2279 2492 agunt?
2309 2420 2525 2475 Omnes
2557 2420 2756 2490 inquit
2781 2421 2906 2488 ille,
2927 2423 3029 2492 qui
3061 2424 3428 2496 sempiterna
3456 2424 3698 2482 caducis

2047 2513 2106 2564 et
2121 2508 2430 2581 fragilibus
2449 2509 2862 2580 praetulerunt.
2889 2511 3156 2583 Cumque
3177 2529 3280 2568 rex
3293 2531 3529 2570 rursum
3544 2533 3701 2586 quae-

2045 2617 2186 2656 nam
2218 2601 2583 2672 sempiterna
2613 2601 2718 2656 illa
2746 2607 2946 2656 essent
2971 2604 3364 2673 quaesivisset;
3391 2607 3704 2679 respondit

2047 2690 2182 2745 ille:
2213 2691 2481 2762 Regnum
2514 2690 2587 2745 ab
2611 2691 2772 2745 omni
2789 2693 3168 2748 successione
3188 2693 3472 2761 alienum,
3496 2711 3564 2750 ac
3585 2697 3704 2752 vita

2050 2781 2224 2835 morti
2257 2781 2504 2834 minime
2529 2779 2805 2848 obnoxia,
2831 2787 2888 2835 et
2909 2799 3050 2852 opes
3081 2788 3402 2854 egestatem
3437 2801 3556 2840 non
3579 2801 3706 2841 me-

2049 2874 2304 2933 tuentes,
2339 2869 2482 2922 item
2517 2874 2574 2923 et
2593 2867 2908 2924 oblectatio
2931 2869 3004 2924 ab
3023 2871 3186 2925 omni
3215 2873 3494 2927 mmstitia
3525 2879 3582 2928 et
3597 2874 3706 2930 do-

2049 2957 2173 3012 lore
2198 2956 2726 3028 sejuncta,paxque
2749 2963 3053 3029 perpetua,
3087 2965 3144 3012 et.
3173 2959 3245 3013 ab
3269 2961 3428 3014 omni
3449 2961 3710 3017 inimici-

2039 3047 2133 3102 tia
2155 3052 2212 3100 et
2242 3046 2624 3101 contentione
2657 3047 2865 3104 libera.
2892 3047 2992 3102 llis
3023 3048 3217 3119 bonis,
3251 3049 3467 3121 quibus
3493 3051 3711 3106 divini-

2055 3141 2147 3191 tus
2173 3136 2290 3190 frui
2323 3135 2656 3207 contigerit,
2693 3135 2956 3191 beatiilli
3002 3153 3068 3192 ac
3096 3153 3254 3210 saape
3285 3138 3440 3194 beati
3468 3157 3481 3207 ;
3531 3141 3710 3195 vitam

2054 3226 2214 3281 enim
2247 3225 2412 3281 omni
2461 3225 2662 3280 labore
2709 3233 2768 3280 et
2793 3227 3074 3282 mmstitia
3125 3245 3368 3284 vacuam
3421 3229 3480 3283 in
3537 3247 3714 3285 omne

275 3319 542 3396 ἄμοχθον
603 3319 862 3389 ζήσουσιν
918 3313 997 3378 εἷς
1049 3313 1250 3376 αίῶνας
1312 3313 1458 3384 ζωὴν
1491 3358 1508 3382 ,
1559 3311 1774 3368 πάντων
1831 3316 1940 3366 τῶν

2059 3331 2247 3371 aevum
2279 3315 2520 3381 ducent,
2553 3315 2833 3371 omnibus
2861 3317 3030 3388 regni
3085 3318 3192 3374 Dei
3234 3318 3714 3390 jucunditatibus

270 3408 464 3482 ἡδέων
493 3407 588 3464 καὶ
615 3409 860 3484 τερπνῶν
891 3412 992 3476 τῆς
1038 3408 1136 3460 τοῦ
1191 3407 1328 3460 Θεοῦ
1389 3401 1670 3479 βασιλείας
1702 3400 1948 3476 ἀμογητὶ

275 3497 685 3568 ἀπολαῦοντες,
729 3497 818 3552 καὶ
873 3499 954 3568 τῷ
1013 3495 1231 3570 Χριστῷ
1287 3491 1623 3563 ἀτελευτητα
1677 3487 1948 3565 συμϐασι-

279 3589 568 3650 λεύοντες.
623 3586 748 3644 Καί·
803 3584 901 3648 Τίς
962 3582 1108 3656 ἄξιος
1137 3583 1344 3638 τούτων
1389 3581 1714 3656 ἐπιτυχεῖνς
1763 3580 1952 3636 εἶπόν-

283 3695 386 3737 τος
441 3677 541 3729 τοῦ
601 3669 907 3748 βασιλιως,
967 3668 1172 3732 ὶκεῖνος
1225 3665 1574 3743 ἀπεκρίνατο·
1635 3667 1838 3728 Πάντες
1897 3668 1950 3720 οἳ

284 3772 393 3836 τῆς
451 3762 624 3820 ἐκεῖσε
681 3760 999 3836 ἀπαιτούσης
1055 3756 1186 3814 ὁδοῦ
1246 3755 1602 3834 δραξάμενοι·
1663 3753 1952 3817 ἀκώλυτος

277 3855 460 3931 γάρκὴ
497 3849 714 3914 εἴσοδος
741 3855 861 3912 τοῖς
911 3846 1176 3920 θελήσασι
1237 3846 1404 3922 μόνον
1446 3847 1582 3920 (24).
1614 3845 1670 3931 ᾯ
1703 3841 1760 3900 δὶ
1794 3845 1948 3920 βασιο

281 3929 442 4007 λεός·
475 3943 580 4000 Καὶ
611 3939 719 4011 τίς,
751 3939 941 4019 φησὶν,
973 3939 1010 4008 ἡ
1041 3937 1214 3994 ἑκεῖσε
1257 3935 1494 4016 φέρουσα
1536 3929 1725 4011 τρίϐος
1761 3957 1776 4003 ;
1809 3933 1952 4008 Πρὸς

279 4034 348 4090 ὃν
383 4027 488 4111 ἔφη
522 4032 554 4087 6
583 4029 844 4105 λαμπρὸς
879 4030 1036 4086 1³8
1063 4027 1165 4096 τὴν
1223 4026 1410 4102 ψυχὴν
1471 4023 1696 4086 ἐκεῖνος·
1758 4025 1836 4081 Τὸ
1867 4043 1952 4098 γι-

275 4125 516 4179 νώσκειν
577 4119 672 4176 τὸν
707 4119 874 4194 μόνον
934 4115 1192 4188 ἀληθινὸν
1245 4116 1404 4185 Θεὸν,
1433 4113 1524 4170 καὶ
1572 4115 1782 4184 Ἰησοῦν
1817 4119 1958 4185 Χρι-

277 4215 412 4270 στὸν
444 4215 556 4287 (25)
587 4213 682 4266 τὸν
720 4213 995 4284 μονογενῆ
1029 4207 1200 4262 αὐτοῦ
1249 4205 1376 4260 Υίὸν
1419 4204 1509 4259 καὶ
1556 4203 1618 4258 τὸ
1669 4202 1820 4278 ἅγιον
1864 4200 1956 4256 καὶ

289 4302 566 4374 ζωοποιὸν
602 4304 842 4374 Πνεῦμα.

363 4393 426 4450 Ὁ
452 4390 634 4446 τοίνυν
685 4386 966 4467 βασιλεὺς,
1029 4393 1132 4456 τῆς
1191 4381 1525 4459 ἁλουργίδας
1554 4382 1760 4438 σύνεσιν
1811 4377 1959 4457 ἔχων

283 4480 446 4554 ἀξίαν
475 4481 611 4553 (26),
637 4475 738 4557 ἔφη
789 4478 927 4553 πρὸς
993 4473 1178 4532 αὐτόν’
1241 4474 1336 4528 Καὶ
1396 4472 1449 4528 τί
1495 4473 1558 4527 τὸ
1615 4468 1868 4526 κωλῦσάν
1903 4491 1960 4524 σε

287 4570 468 4645 μέχρι
497 4572 596 4625 τοῦ
624 4573 718 4623 νῦν
777 4568 854 4640 μή
888 4585 1156 4642 γνωρισαι
1191 4584 1287 4637 μοι
1347 4562 1472 4636 περὶ
1525 4561 1736 4616 τούτων
1769 4578 1784 4629 ;
1843 4561 1960 4618 Οὐκ

2053 3411 2112 3460 et
2139 3405 2592 3460 oblectamentis
2615 3405 2742 3460 sine
2767 3403 2892 3460 ullo
2925 3405 3126 3461 labore
3158 3407 3446 3476 fruentes,
3477 3425 3546 3464 ac
3577 3425 3714 3465 cum

2053 3495 2285 3550 Christo
2345 3492 2408 3547 in
2461 3497 2818 3565 perpetuum
2867 3501 3205 3566 regnantes.
3266 3498 3532 3567 Cumque
3611 3513 3716 3556 rex

2055 3584 2342 3639 dixisset:
2375 3583 2659 3646 Quisnam
2685 3581 2927 3638 tandem
2973 3584 3098 3638 haec
3143 3586 3426 3655 consequi
3475 3601 3716 3656 prome-

2055 3671 2286 3730 rebitur
2305 3671 2334 3726 ‘?
2361 3672 2672 3742 respondit
2700 3672 2822 3727 ille.
2857 3674 3077 3728 Omnes
3101 3673 3202 3744 qui
3237 3674 3415 3728 vitam
3441 3673 3586 3730 illuc
3611 3675 3721 3732 du-

2056 3767 2291 3817 centem
2322 3761 2723 3832 arripuerint;
2757 3761 2924 3816 aditu
2947 3763 3104 3818 enim
3135 3779 3313 3818 nemo
3347 3763 3720 3834 prohibetur,

2059 3850 2160 3922 qui
2193 3848 2369 3905 modo
2401 3848 2676 3904 voluerit.
2705 3851 2852 3904 Tum
2883 3867 3023 3906 rex:
3059 3853 3127 3906 Et
3157 3868 3458 3922 quasnam,
3493 3854 3720 3925 inquit,

2058 3945 2150 3996 est
2179 3939 2270 3994 via
2291 3937 2564 4008 quailluc
2583 3939 2740 3994 itur?
2761 3938 3092 4010 Respondit
3119 3939 3222 3995 ille
3245 3941 3518 4012 praeclari
3535 3940 3724 3998 animi

2059 4029 2184 4082 vir:
2227 4029 2594 4100 Cognoscere
2655 4028 2850 4084 solum
2910 4045 3114 4084 verum
3173 4031 3384 4095 Deum,
3416 4035 3476 4086 et
3517 4031 3716 4087 Iesum

2059 4119 2358 4173 Christum
2389 4117 2766 4190 unigenitum
2797 4117 2988 4189 ipsius
3019 4118 3234 4188 ﬁlium,
3255 4125 3314 4176 et
3344 4125 3616 4176 sanctum
3649 4137 3718 4176 ac

2061 4207 2354 4262 viviﬁcum
2387 4207 2674 4277 Spiritum
2714 4209 2899 4278 (Joan.
2931 4208 3093 4279 xvn).

2131 4388 2252 4442 Rex
2269 4385 2468 4458 igitur,
2490 4386 2654 4458 regia
2675 4403 2816 4444 sane
2831 4386 3150 4459 prudentia
3159 4387 3468 4460 praaditus,
3486 4388 3561 4445 ad
3583 4406 3718 4446 eum

2063 4476 2286 4547 inquit:
2306 4477 2376 4530 Et
2397 4475 2684 4547 quidnam
2709 4477 2996 4533 hactenus
3017 4483 3070 4534 te
3085 4478 3726 4550 prohibuitquominus

2061 4565 2208 4620 mihi
2225 4565 2350 4621 haec
2370 4582 2698 4638 exponeres
2711 4566 2939 4638 ?Neque
2956 4567 3114 4623 enim
3133 4567 3260 4624 haec
3271 4570 3650 4626 cunctatione
3662 4587 3732 4626 ac

277 4653 574 4729 ἀναϐολῆς
603 4662 710 4732 γὰρ
768 4657 859 4712 καὶ
920 4655 1261 4732 ὑπερθέσεως
1319 4651 1441 4723 ἄξιά
1473 4648 1752 4738 μοιῖδοκεῖ
1782 4651 1942 4738 ὑπάρ-

2069 4654 2357 4710 dilatione
2389 4655 2537 4710 mihi
2560 4654 2740 4728 digna
2761 4671 2889 4712 esse
2917 4657 3212 4725 videntur,
3242 4658 3290 4714 si
3325 4658 3568 4730 quidem
3600 4675 3737 4716 vera

270 4770 410 4828 χειν
468 4752 662 4817 ταῦτα,
711 4746 761 4802 εἷ’
789 4765 854 4821 γε
887 4743 1074 4814 ἀληθῆ
1132 4743 1410 4819 τυγχάνει’
1474 4741 1520 4796 εἰ
1569 4737 1626 4795 δὲ
1673 4733 1962 4814 ἀμφὶϐολά

267 4839 456 4910 ἐστιν,
487 4833 746 4911 ὖμπόνως
795 4833 878 4889 δεῖ
911 4839 1148 4905 ζητῆσαι
1179 4833 1376 4907 μέχρις
1429 4831 1558 4886 δτου
1602 4830 1666 4884 τὸ
1721 4828 1962 4905 ἀναμφί-

270 4926 489 4984 λεκτον
537 4923 782 5001 εὕροιμι.
831 4923 948 4982 Οὐκ
995 4919 1273 4997 ἀμελείᾳ,
1327 4920 1490 4996 φησὶν
1538 4919 1566 4974 ὁ
1598 4919 1754 4994 ἀνὴρ,
1787 4919 1822 4989 ἢ
1869 4917 1966 4994 ῥᾳ-

271 5017 462 5094 θυμίᾳ
506 5017 902 5093 συνεχόμενος,
950 5016 1076 5091 περὶ
1129 5009 1340 5069 τούτων
1393 5005 1618 5082 ὤκνησα
1649 5007 1964 5084 σοιγνωρί-

396 5183 492 5255 20)
523 5181 690 5255 Conf.
724 5198 784 5254 p.
819 5184 906 5248 17,
939 5195 1002 5236 n.
1036 5181 1124 5255 ζῦςίτ.

2073 4743 2406 4810 sunt.Quod
2423 4744 2470 4800 si
2491 4743 2674 4800 dubia
2687 4750 2846 4814 sunt,
2869 4745 3076 4801 sedulo
3106 4752 3165 4802 et
3188 4753 3462 4803 accurate
3493 4747 3738 4804 investi-

2073 4833 2336 4906 gandum
2361 4838 2467 4898 est,
2483 4835 2874 4907 quoadusque
2893 4853 2964 4892 ea
2983 4835 3134 4891 citra
3147 4836 3332 4892 ullam
3354 4837 3738 4910 ambiguitat-

2077 4929 2196 4978 tem
2213 4939 2284 4979 ac
2294 4922 2730 4982 dubitationem
2749 4925 3280 4982 inveniamus.Non
3293 4926 3658 5000 negligentia
3678 4931 3738 4984 et

2076 5013 2350 5070 socordia
2377 5012 2600 5070 factum
2633 5019 2746 5084 est,
2778 5015 2863 5070 ait
2891 5015 3012 5084 ille,
3047 5021 3114 5072 ut
3143 5014 3250 5072 tibi
3279 5015 3406 5072 haec
3438 5031 3736 5088 exponere

513 5243 792 5322 Jacobfr,
825 5243 934 5308 12':
968 5247 1213 5334 Λήψεται
1241 5248 1523 5336 σςτὲφανρν,
1553 5245 1614 5336 ’ὸν
1641 5243 2284 5336 ἐπηῒῃείλατοιὸνΚόρξος
2317 5251 2436 5336 τοῖς
2453 5245 2730 5321 ἀγαπῶσιν
2761 5245 2940 5304 αὐτόν.

371 5317 484 5400 (22)
515 5317 883 5400 ιιοωῐξιεόεῑ.
911 5317 1228 5400 metricum
1257 5321 1321 5400 in
1347 5317 1552 5376 'codice
1583 5319 1630 5374 Α
1664 5333 1678 5373 :
1702 5317 1849 5400 rm
1879 5318 1942 5371 τὰ

2056 5317 2178 5371 {md
2201 5318 2376 5392 ἀγαθᾶ
2405 5317 2524 5388 ὅρα.

375 5388 488 5471 (23}
519 5401 588 5471 Δ,
610 5395 704 5471 καὶ
733 5395 935 5471 τρὶς-τ.
967 5392 1060 5448 καὶ
1091 5388 1385 5454 πολλάκις·
1427 5407 1457 5445 e
1487 5390 1878 5447 correctione.

383 5469 500 5542 (24)
532 5469 702 5525 Conf.
735 5486 794 5542 p.
827 5469 950 5542 Ml.

523 5543 691 5598 Joan.
723 5530 860 5606 ἱνιῐ,
894 5541 924 5592 3
953 5554 965 5592 :
1003 5535 1144 5608 Αὕτη
1179 5530 1237 5590 δά
1265 5531 1406 5588 ἐστιν
1431 5535 1464 5602 ἠ
1498 5531 1715 5596 αῗώνιες
1749 5534 1886 5602 ζωὴ,
1913 5530 2002 5587 ’ἱνα
2027 5533 2344 5606 γινώσκωσι
2383 5553 2442 5588 σε
2469 5533 2558 5588 τὸν
2597 5534 2758 5606 μόνον
2807 5533 3064 5604 ἀληθινὸν
3097 5533 3246 5604 Θεὸν,
3278 5533 3368 5590 καὶ
3400 5531 3458 5588 ὅν
3492 5531 3744 5590 ἀπεστεί-

291 5609 416 5674 λίς
450 5613 662 5684 Ἰησοῦν
695 5609 950 5684 Χριστόν.

385 5672 592 5757 (26ft),
621 5672 808 5757 τοίνυν
842 5681 872 5736 6
909 5677 1190 5757 βασιλεὺς,
1232 5674 1654 5754 βασιλικοτάτην
1707 5672 1853 5754 ἔχων
1911 5698 1942 5731 σ

2056 5691 2142 5730 τιν’
2193 5693 2323 5748 qum
2382 5679 2494 5734 iuit
2545 5679 2962 5751 interpretum,
2994 5679 3223 5752 Georgii
3253 5681 3626 5752 Trapezuntii
3679 5697 3750 5738 ac

293 5756 498 5824 Billii,
523 5756 726 5814 lectio.

605 5876 876 5939 PATBOL.
928 5870 1037 5934 Gs.
1084 5867 1295 5936 XCVI.

3386 5869 3462 5930 32
