4100 6418
404 421 545 480 1003

1934 412 2298 465 ΔΟΟΕΝΟΑ.

3688 407 3839 464 1004

397 554 882 616 cuuctarer,cum
905 561 1042 603 vera
1060 543 1182 600 sint
1198 548 1376 615 atque
1400 541 1472 598 ab
1495 539 1660 596 omni
1683 538 2044 596 dubitatione

2174 556 2284 605 σαι,
2319 534 2504 606 ἀληθῆ
2538 555 2640 609 περ
2698 533 2823 590 ὄντα
2873 535 2960 591 καὶ
3016 535 3194 603 πάντη
3245 533 3649 611 ἀναμφίλεκτα,
3683 532 3841 590 ἀλλά

397 647 660 708 remota;
683 656 887 696 verum
901 637 1060 710 quod
1083 635 1470 692 excellentem
1483 631 1687 704 gloriae
1701 636 1816 685 tuae
1837 631 2058 702 magni.

402 732 675 788 tudinem
708 745 963 793 vererer,
991 733 1169 797 atque
1201 723 1350 779 illud
1408 727 1761 787 metuerem,
1814 737 1890 776 ne
1949 719 2055 774 tibi

401 814 600 888 gravis
631 829 698 868 ac
718 809 1005 866 molestus
1037 803 1557 869 essem.Quocirca
1583 801 1632 856 si
1664 801 1809 856 mihi
1832 799 2056 856 famqu

403 908 505 960 tuo
538 903 648 957 hoc
697 900 976 969 imperas,
1007 901 1073 950 ut
1104 900 1159 949 te
1204 893 1275 948 de
1307 893 1402 946 his
1433 890 1612 945 rebus
1640 890 1700 944 in
1755 894 2057 961 posterum

401 992 811 1052 submoneam,
845 984 1096 1057 imperio
1151 989 1251 1038 tuo
1285 981 1598 1052 obsequar.
1660 979 1831 1046 Sane,
1864 978 2059 1049 inquit

397 1099 522 1150 rex,
556 1096 676 1136 non
708 1075 968 1133 interdiu
1000 1074 1217 1141 solum,
1254 1072 1356 1129 sed
1389 1073 1568 1127 etiam
1619 1070 1883 1142 qualibet
1914 1069 2058 1124 hora

397 1169 546 1227 mihi
575 1170 788 1224 harum
806 1182 1007 1222 rerum
1032 1163 1385 1220 memoriam
1409 1177 1646 1216 renova.
1675 1162 1872 1231 Neque
1898 1159 2056 1213 enim

393 1259 764 1332 negligenter
786 1273 854 1313 ac
875 1254 1507 1328 perfunctorie,verum
1522 1266 1753 1306 summo
1779 1249 1972 1304 studio
1991 1265 2058 1303 ac

397 1351 627 1406 fervore
650 1348 744 1404 his
765 1346 944 1402 rebus
961 1345 1231 1402 animum
1256 1341 1567 1398 intendere
1585 1337 2056 1412 oportet.Audivi

396 1440 599 1513 igitur,
621 1439 705 1494 ait
734 1435 1028 1502 Barlaam,
1053 1434 1213 1490 hunc
1237 1448 1434 1504 regem
1460 1431 1741 1502 deinceps
1763 1430 1859 1501 pie
1881 1445 1949 1484 ac
1972 1445 2059 1483 re.

396 1528 607 1604 ligiose
619 1527 798 1583 vitam
813 1522 1602 1595 instituisse,praasentisque
1615 1519 1746 1574 vitae
1761 1518 2056 1574 curriculo

397 1616 633 1692 placide
655 1633 722 1673 ac
743 1615 1065 1687 tranquille
1091 1613 1380 1679 confecto,
1411 1609 1836 1682 sempiternam
1859 1608 2058 1664 beatu-

399 1707 604 1765 dinem
625 1710 1016 1762 consecutum
1043 1719 1193 1759 esse.
1219 1699 1614 1768 Quamobrem
1643 1698 1692 1753 si
1717 1697 1849 1769 quis
1878 1697 2056 1752 etiam

399 1804 631 1870 patrem
655 1801 824 1850 tuum
839 1793 911 1849 de
939 1793 1032 1848 his
1051 1791 1226 1848 rebus
1240 1789 1585 1862 tempestive
1601 1788 1918 1844 admoneat
1936 1786 2056 1842 for-

400 1887 577 1943 tassis
607 1884 903 1957 intelliget
926 1889 1104 1954 atque
1137 1881 1506 1952 exploratum
1540 1878 1784 1934 habebit
1813 1877 2052 1948 quantis

398 1976 572 2034 malis
604 1974 932 2048 implicitus
963 1978 1256 2036 teneatur,
1291 1977 1469 2042 atque
1501 1969 1572 2024 ab
1607 1969 1680 2023 iis
1713 1985 1841 2023 sese
1884 1983 2048 2022 aver.

399 2070 553 2127 tens.
586 2064 746 2137 quod
771 2063 996 2119 bonum
1021 2069 1112 2118 est
1141 2059 1537 2133 amplectatur
1561 2061 1633 2129 (Il
1664 2060 1784 2114 Pet.
1819 2058 1877 2128 l).
1910 2059 2051 2111 Nam

396 2157 460 2213 in
491 2153 812 2228 praesentia
846 2152 1088 2225 quidem
1120 2167 1316 2207 caecus
1347 2154 1458 2218 est,
1491 2153 1550 2204 et
1579 2164 1762 2204 manu
1795 2153 2054 2213 tentans,

395 2251 465 2302 ut
491 2244 594 2317 qui
625 2259 762 2298 vero
791 2242 1020 2298 lumine
1051 2257 1179 2296 sese
1203 2239 1446 2306 orbarit,
1472 2244 1650 2308 atque
1680 2236 1755 2293 ad
1782 2237 2057 2309 impieta-

397 2334 478 2391 tis
507 2331 786 2390 tenebras
818 2330 1220 2402 transfugerit.

471 2423 631 2479 Dixit
660 2426 861 2477 autem
917 2420 990 2476 ad
1046 2436 1183 2476 eum
1212 2417 1531 2490 Josaphat:
1563 2418 1644 2472 De
1697 2421 1861 2488 patre
1921 2433 2054 2472 meo

400 2513 561 2586 quod
594 2511 877 2568 Dominus
890 2510 1162 2584 jusserit,
1197 2509 1319 2564 ﬁat.
1348 2510 1492 2564 Nam
1526 2507 1662 2579 ipsi,
1687 2506 1844 2562 velut
1875 2507 2053 2562 etiam

397 2603 506 2661 abs
537 2608 591 2659 te
624 2601 850 2658 dictum
877 2607 986 2669 est,
1022 2617 1090 2657 ea
1131 2597 1334 2656 omnia
1390 2597 1698 2670 possibilia
1729 2602 1887 2664 sunt,
1920 2614 2053 2668 quae

395 2693 557 2766 apud
586 2691 864 2747 homines
891 2689 1286 2762 impossibilia
1307 2705 1435 2743 esse
1461 2687 1751 2742 videntur.
1778 2688 1892 2758 Ego
1917 2703 2052 2741 vero

393 2799 503 2857 per
533 2781 784 2838 eximios
816 2796 883 2836 ac
916 2778 1248 2851 singulares
1282 2783 1414 2832 tuos
1463 2793 1793 2843 sermones,
1826 2775 2052 2830 vanita-

392 2875 470 2930 tis
501 2872 888 2946 praesentium
937 2887 1137 2926 rerum
1191 2874 1501 2941 pertzesus,
1552 2867 1623 2922 ab
1684 2867 1776 2921 his
1809 2865 2050 2937 quidem

393 2963 638 3020 omnino
696 2961 966 3018 animum
1023 2959 1320 3015 abducere
1365 2957 1666 3024 constitui,
1704 2973 1771 3011 ac
1832 2961 2049 3022 tecum,

395 3051 687 3126 quidquid
743 3050 888 3106 mibi
932 3051 1064 3104 vita)
1125 3053 1419 3120 superest.
1453 3047 1786 3113 traducere,
1819 3063 1892 3100 ne
1947 3062 2054 3118 per

392 3141 555 3198 ﬂuxa
585 3145 645 3196 et
672 3139 907 3212 fragilia
937 3138 1437 3210 sempiternorum
1472 3135 1765 3191 bonorum
1798 3140 1858 3189 et
1887 3135 2050 3190 omni

389 3230 640 3289 interitu
665 3229 1000 3300 alienorum
1031 3227 1227 3283 fructu
1259 3226 1546 3283 excidam.

467 3335 795 3410 Respondit
825 3351 1006 3390 senex
1034 3351 1046 3389 :
1081 3333 1139 3389 Si
1171 3334 1282 3388 hoc
1312 3333 1547 3399 feceris,
1580 3333 2046 3404 prudentissimo

393 3427 632 3484 cuidam
660 3424 886 3499 juveni,
919 3441 1095 3496 quem
1127 3423 1384 3496 copiosis
1415 3428 1592 3494 atque
1625 3423 2051 3478 illustrissimis

391 3515 742 3590 parentibus
768 3519 976 3571 natum
1009 3529 1139 3570 esse
1173 3512 1462 3578 intellexi,
1497 3513 1754 3568 similem
1807 3518 1861 3568 te
1894 3530 2047 3584 prae-

387 3606 580 3664 bebis.
613 3605 719 3660 Cui
752 3621 888 3660 eum
917 3608 1086 3676 pater
1137 3602 1357 3658 nobilis
1408 3601 1719 3674 cujusdam
1751 3607 1932 3673 atque
1984 3603 2045 3657 in

387 3695 600 3770 primis
655 3693 881 3767 copiosi
934 3693 1040 3748 viri
1092 3693 1278 3749 filiam
1332 3691 1550 3764 insigni
1598 3691 2044 3763 pulchritudine

386 3785 702 3860 praditam
757 3782 1196 3856 despondisset,
1229 3799 1299 3838 ac
1329 3781 1402 3837 de
1454 3781 1799 3854 hujusmodi
1833 3783 2042 3837 matri-

379 3877 584 3934 monio
615 3893 753 3932 cum
788 3875 912 3931 ﬁlio
947 3891 1286 3932 sermonem
1320 3873 1741 3940 conseruisset,
1777 3873 2039 3945 quidque

377 3965 444 4023 in
478 3966 680 4023 animo
712 3965 962 4022 haberet
1005 3964 1364 4036 exposuiset,
1397 3963 1522 4018 haec
1567 3969 1632 4018 ut
1662 3963 1763 4018 ille
1794 3963 2038 4032 audivit,

379 4055 551 4128 quasi
581 4056 876 4112 absonum
910 4054 1194 4126 quiddam
1225 4070 1294 4110 ac
1338 4059 1792 4125 praposterum,
1826 4054 2040 4126 hujus-

379 4145 543 4203 modi
564 4161 693 4202 rem
719 4145 1046 4214 excutiens,
1061 4144 1272 4199 relicto
1287 4149 1453 4216 patre
1483 4143 2033 4216 profugit.Cumque

375 4235 493 4291 iter
521 4234 765 4303 faceret,
795 4233 954 4307 apud
993 4250 1200 4290 senem
1242 4232 1562 4304 quemdam
1591 4248 1937 4304 pauperem,
1971 4237 2037 4288 ut

374 4339 413 4380 a
441 4321 560 4380 diei
589 4328 737 4379 astu
768 4339 900 4380 sese
929 4327 1246 4391 recrearet,
1271 4321 1528 4377 divertit.

446 4429 596 4486 Filia
622 4447 798 4502 porro
829 4429 990 4486 senis
1020 4429 1184 4485 illius
1209 4446 1340 4502 quas
1367 4429 1544 4485 unica
1574 4429 1661 4484 illi
1691 4429 1850 4503 virgo
1881 4435 2028 4499 erat,

371 4535 482 4591 pro
511 4518 741 4574 foribus
756 4519 992 4586 sedens,
1017 4518 1293 4575 manibus
1308 4519 1685 4591 operabatur,
1701 4535 1803 4574 ore
1829 4526 2027 4576 autem

370 4607 563 4666 Deum
593 4608 723 4664 sine
753 4607 877 4664 ulla
905 4609 1348 4665 intermissione
1377 4607 1678 4676 laudabat,
1712 4626 1781 4665 ex
1813 4609 2026 4666 intimo

368 4703 612 4771 pectore
636 4699 853 4770 gratias
876 4697 987 4769 ipsi
1011 4715 1211 4769 agens.
1233 4699 1423 4772 Ipsius
1444 4705 1642 4755 autem
1666 4697 1904 4754 laudem
1930 4701 2026 4772 ju-

364 4787 533 4844 venis
553 4786 824 4855 audiens,
840 4788 949 4844 ait:
975 4788 1305 4857 Quodnam,
1329 4805 1362 4844 ο
1376 4788 1771 4860 puella,tuum
1785 4789 2021 4845 institu-

363 4883 494 4934 tum
527 4882 620 4933 est
638 4876 666 4932 ?
682 4877 942 4949 thuam
965 4877 1038 4932 ob
1065 4893 1332 4943 causam,
1358 4894 1493 4935 cum
1516 4878 1579 4934 in
1612 4883 1776 4935 tanta
1797 4878 2022 4934 vilitate

361 4972 426 5024 et
454 4967 657 5041 inopia
687 4967 961 5036 verseris,
996 4972 1282 5040 tanquam
1319 4968 1394 5024 ob
1437 4969 1702 5043 ingentia
1730 4969 2022 5026 beneﬁcia

361 5064 626 5131 accepta,
640 5057 853 5114 horum
886 5064 1187 5114 auctorem
1209 5058 1383 5115 laude
1400 5059 1591 5115 afﬁcis
1611 5059 1639 5116 ?
1665 5061 1799 5132 Ipsa
1819 5066 2018 5116 autem

361 5146 438 5203 ad
468 5163 604 5202 eum
625 5147 963 5219 respondit:
991 5150 1080 5203 An
1111 5148 1308 5204 nescis
1329 5147 1490 5220 quod
1511 5149 2018 5220 quemadmodum

364 5237 641 5310 exiguum
673 5237 1066 5309 pharmacum
1097 5253 1128 5292 e
1162 5237 1392 5311 magnis
1439 5237 1794 5311 plerumque
1847 5256 2015 5294 mor-

357 5325 452 5384 bis
483 5326 789 5382 hominem
820 5326 1018 5399 eripit,
1051 5325 1261 5383 eodem
1291 5327 1469 5383 modo
1492 5327 1673 5384 etiam
1705 5328 1778 5385 ob
1803 5346 2016 5401 parvas

2127 5147 2264 5222 πρὸς
2323 5147 2482 5203 αὐτὸν
2541 5147 2865 5224 ἀπεκρίνατο
2899 5168 2913 5182 ο

2127 5238 2409 5314 φάρμακον
2468 5238 2662 5311 μικρὸν
2705 5237 2765 5292 ἐκ
2810 5236 3066 5314 μεγάλων
3118 5243 3451 5312 νοσημάτων
3510 5239 3789 5302 πολλάκις

2168 625 2232 680 τὸ
2286 623 2556 700 ὑπερέχον
2613 620 2942 696 αἰδούμενος
2997 631 3098 694 τῆς
3157 630 3257 694 σῆς
3322 620 3506 697 δόξης,
3556 625 3631 698 μή
3693 644 3839 682 ποτε

2172 711 2550 789 ὀχληρότερός
2597 734 2682 768 σοι
2734 713 2978 792 φανείην.
3015 714 3081 770 Εἴ
3127 714 3219 768 οὗν
3251 714 3608 789 προστάσσεις
3637 718 3719 787 τῷ
3749 718 3834 786 σῷ

2169 803 2354 880 οἰκέτῃ
2413 804 2854 878 ὑπομιμνήσκειν
2908 824 2990 858 σοι
3053 802 3130 868 εἷς
3170 803 3233 858 τὸ
3262 801 3385 874 ἑξῆς
3437 804 3564 880 περὶ
3614 803 3833 859 τούτων

2167 898 2248 967 τῷ
2306 898 2385 967 σῷ
2450 891 2643 967 ἔσομαι
2728 898 3121 968 καθυπηρετῶν
3181 891 3568 968 προστάγματι
3604 937 3617 950 .
3682 894 3830 965 Ναὶ,

2169 983 2332 1061 φησὶν
2363 985 2391 1040 6
2427 981 2700 1059 βασιλεύς
2755 987 2832 1057 μή
2884 983 3002 1039 καθ’
3040 983 3249 1059 ἡμέραν
3305 983 3496 1056 μόνον,
3541 982 3688 1040 ἀλλᾶ
3731 984 3830 1039 καὶ

2169 1072 2248 1145 ἐφ’
2307 1073 2536 1144 ἑκάστης
2595 1072 2739 1151 ὣρας
2815 1075 2914 1143 τήν
2995 1073 3203 1128 τούτων
3269 1073 3495 1147 μνήμην
3556 1069 3828 1144 διηνεκῶς

2166 1161 2469 1233 ἀνακαίνιζε
2501 1182 2514 1194 ·
2549 1162 2648 1218 οὐκ
2705 1161 2926 1236 ἀμελῶς
2951 1163 3055 1238 γὰρ
3087 1163 3200 1238 χρὴ
3231 1161 3454 1224 τούτοις
3507 1163 3828 1238 προσέχειν,

2166 1250 2312 1308 ἀλλά
2360 1253 2450 1308 καὶ
2484 1251 2605 1308 λίαν
2663 1254 2880 1328 θερμῶς
2940 1252 3030 1306 καὶ
3090 1249 3421 1316 σπουδαίως.
3480 1251 3830 1327 ’Λκηκόαμεν

2168 1341 2280 1410 οῦν,
2324 1342 2489 1420 φησὶν
2523 1343 2551 1398 6
2581 1340 2870 1418 Βαρλαάμ,
2904 1335 3140 1404 εὐσεϐῶς
3191 1342 3282 1396 τὸν
3348 1339 3578 1418 βασιλέα
3630 1347 3828 1398 τοῦτον

2169 1437 2326 1502 ζῆσαι
2379 1431 2442 1486 τὸ
2501 1430 2645 1503 ἑξῆς,
2693 1431 2782 1486 καὶ
2836 1431 3146 1504 ἀκυμάντος
3204 1430 3296 1486 τὸν
3354 1431 3600 1506 παρόντα
3647 1427 3832 1484 διανύο

2167 1543 2327 1576 σαντα
2377 1517 2521 1592 ὗίον,
2561 1523 2657 1590 τῆς
2691 1519 3005 1594 μελλούσης
3066 1520 3144 1594 μὴ
3201 1519 3498 1595 ἀποτυχεῖν
3559 1519 3831 1596 μακαριό-

2163 1633 2353 1683 τητος.
2406 1612 2470 1670 Εἰ
2527 1611 2706 1667 τοίνυν
2747 1611 2838 1666 καὶ
2891 1615 2971 1683 τῷ
3021 1614 3098 1682 σῷ
3153 1608 3319 1686 πατρὶ
3376 1609 3600 1665 τοιαῦτά
3655 1632 3739 1673 τις
3775 1609 3829 1664 ἐν

2171 1699 2472 1775 ἐπιτηδείῳ
2531 1702 2982 1777 προσυπομνήσει
3040 1704 3236 1776 καιρῷ,
3292 1702 3444 1758 189
3493 1700 3640 1776 τάχα
3681 1721 3824 1754 συν-

2165 1793 2285 1863 ήσει
2311 1793 2400 1846 καὶ
2447 1791 2708 1868 γνώσεται
2740 1790 2890 1854 ὅσοις
2944 1788 3242 1865 συνὲσχέθη
3302 1795 3516 1858 κακοῖς,
3548 1789 3661 1859 καὶ,
3691 1789 3828 1845 τού-

2163 1901 2270 1935 των
2325 1879 2596 1949 ἐκκλίνας,
2655 1879 2926 1952 έκλέξεται
2967 1881 3030 1935 τὸ
3060 1879 3287 1955 ἀγαθόν’
3345 1878 3459 1935 ἐπεὶ
3517 1880 3580 1935 τὸ
3636 1901 3699 1956 γε
3729 1884 3827 1935 νῦν

2160 1967 2288 2045 ἔχον
2323 1968 2531 2047 τυφλός
2563 1968 2698 2040 ἐστι,
2745 1971 3056 2042 μυωπάζων
3089 1973 3221 2044 (2⁵7),
3266 1973 3363 2025 τοῦ
3396 1969 3662 2041 ἀληθινοῦ
3702 1992 3824 2049 φω-

2157 2059 2254 2122 τὸς
2286 2060 2472 2115 ἑαυτὸν
2531 2058 2932 2135 ἀποστερήσας,
2981 2057 3307 2132 αὐτομολῶν
3357 2055 3414 2114 δὲ
3444 2059 3580 2133 πρὸς
3624 2060 3687 2115 τὸ
3719 2066 3822 2130 τῆς

2159 2145 2408 2213 ἀσεϐείας
2438 2150 2653 2212 σκότος.

2233 2420 2364 2476 Eine
2395 2417 2452 2474 δὲ
2501 2420 2528 2474 6
2568 2417 2803 2497 Ἰωάσαιρ
2852 2420 2987 2496 πρὸς
3038 2417 3221 2474 αὐτόν·
3273 2417 3354 2475 Τά
3411 2418 3508 2493 μὶν
3551 2423 3647 2474 τοῦ
3680 2418 3823 2493 ἐμοῦ

2159 2509 2364 2582 πατρὸς
2421 2508 2612 2584 ἄγοιτο
2673 2507 2876 2583 Κύριος
2923 2511 3034 2582 (28)
3094 2507 3275 2572 καθὼς
3346 2505 3605 2564 κελεύειο
3673 2508 3821 2582 αὖτῷ

2157 2599 2280 2673 γάρ,
2310 2598 2451 2653 καθά
2481 2595 2548 2667 δὴ
2581 2598 2668 2652 καὶ
2706 2599 2854 2661 εἶπας
2890 2602 3022 2671 (29),
3051 2598 3225 2653 πάντα
3273 2595 3472 2652 δυνατά
3519 2599 3821 2670 καθέστηκε

2157 2689 2225 2743 τά
2252 2689 2398 2760 παρὰ
2457 2689 2767 2764 ἀνθρώποις
2827 2685 3082 2744 ἀδύνατα·
3142 2685 3248 2762 ἐγὼ
3309 2684 3386 2758 δὶ,
3439 2685 3529 2742 διά
3565 2693 3674 2744 τῶν
3710 2694 3816 2744 σῶν

2157 2772 2589 2853 ἀνυπερῦλητων
2646 2776 2949 2853 ῥημάτων,
2999 2783 3099 2847 τῆς
3145 2781 3252 2832 τῶν
3307 2776 3596 2853 παρόντων
3655 2799 3816 2834 κατα.

2156 2865 2318 2941 γνοὺς
2381 2865 2785 2940 ματαιότητος,
2843 2867 3148 2936 ἀποστῆναι
3211 2868 3308 2940 μὲν
3367 2867 3578 2922 τούτων
3639 2870 3817 2938 πάντη

2159 2953 2537 3030 διανενόημαι,
2570 2958 2660 3012 καὶ
2697 2958 2832 3030 μετά
2877 2961 2972 3011 σοῦ
3029 2957 3091 3012 τὸ
3149 2954 3348 3012 λοιπὸν
3396 2963 3499 3027 τῆς
3533 2962 3682 3028 ζωῆς
3715 2981 3819 3032 μου

2159 3043 2422 3120 διανύσαι,
2470 3046 2564 3103 ἳνα
2625 3049 2702 3121 μή
2760 3045 2848 3103 διά
2904 3053 3012 3102 τῶν
3068 3047 3416 3122 προσκαίρων
3475 3047 3686 3104 τούτων
3731 3050 3821 3105 καὶ

2158 3132 2394 3210 ῥευστῶν
2453 3137 2551 3204 τῆς
2614 3139 2722 3190 τῶν
2802 3134 3036 3189 αἰωνίων
3111 3135 3201 3189 καὶ
3261 3134 3552 3213 ἀφθάρτων
3610 3135 3822 3192 έκπέσω

2162 3223 2518 3287 ἀπολαύσεως
2534 3267 2546 3284 .

2233 3333 2375 3409 Πρὸς
2433 3334 2490 3387 ὃν
2525 3333 2552 3388 ὁ
2583 3334 2757 3408 γέρων
2810 3331 3156 3408 ἀπεκρίνατο’
3209 3333 3271 3389 Εἰ
3323 3337 3489 3389 τοῦτο
3544 3337 3811 3407 ποιήσεις,

2156 3422 2351 3494 ὅμοιος
2386 3416 2478 3496 ἔσῃ
2518 3422 2780 3495 νεανίσκῳ
2807 3421 2915 3477 τ.νὶ
2965 3421 3389 3498 φρονιμωτάτῳ,
3423 3422 3551 3500 περὶ
3584 3423 3644 3480 οῦ
3672 3425 3800 3494 ἀκή-

2151 3533 2258 3567 κοα
2288 3511 2566 3568 πλουσίων
2625 3515 2898 3590 γεγονέναι
2954 3513 3044 3568 καὶ
3104 3511 3332 3585 ἐνδόξων
3393 3516 3620 3590 γονέων·
3649 3516 3789 3587 ᾧτινι

2154 3601 2181 3654 6
2235 3604 2417 3677 πατὴρ
2483 3601 2958 3676 μνηστευσάμενος
3014 3603 3114 3673 τήν
3175 3605 3445 3680 θυγατέρα
3500 3605 3649 3667 τινὸς
3692 3608 3793 3659 τῶν

2151 3691 2395 3768 εὐγενείᾳ
2423 3693 2511 3748 καὶ
2571 3693 2797 3768 πλοῦτῳ
2855 3691 3220 3772 διαφερόντων
3280 3693 3400 3751 λίαν
3433 3696 3800 3770 ὡραιοτάτην,

2146 3781 2688 3858 κοινολογησάμενος
2719 3781 2777 3839 δὲ
2806 3784 2944 3860 πρὸς
2972 3785 3062 3840 τὸν
3095 3782 3263 3840 παῖδα
3295 3785 3419 3862 περὶ
3452 3789 3549 3842 τοῦ
3598 3785 3801 3861 γάμου,

2145 3871 2235 3927 καὶ
2268 3872 2420 3936 ὅπως
2450 3874 2517 3942 ἦν
2550 3873 2698 3946 αὐτῷ
2758 3874 3114 3947 μελετώμενα
3168 3873 3523 3952 ἀπαγγείλας,
3576 3877 3802 3940 ἀκούσας

2145 3959 2371 4031 ἐκεῖνος,
2405 3963 2494 4018 καὶ
2552 3964 2628 4026 ὡς
2686 3963 2903 4040 ἀπηχές
2937 3985 2990 4020 τι
3032 3964 3122 4019 καὶ
3179 3965 3380 4020 ἄτοπον
3441 3965 3801 4040 ἀποσεισάμε-

2141 4072 2237 4113 νος
2267 4053 2330 4106 τὸ
2359 4058 2610 4127 πρᾶγμα,
2644 4052 2814 4130 φυγὰς
2867 4050 3048 4128 ᾤχετο
3106 4051 3426 4109 καταλιπὼν
3455 4055 3548 4110 τὸν
3577 4054 3802 4131 πατέρα.

2143 4142 2524 4216 Πορευόμενος
2556 4139 2614 4197 δὲ
2655 4141 2914 4212 ξενίζεται
2973 4142 3024 4198 έν
3059 4143 3206 4215 οἰκίᾳ
3258 4149 3500 4220 γηραιοῦ
3532 4166 3678 4208 τινος
3711 4147 3806 4202 πέ-

2140 4251 2325 4302 νητος,
2354 4235 2452 4286 τοῦ
2483 4230 2764 4294 καύσωνος
2795 4239 2896 4302 τῆς
2926 4232 3140 4309 ἡμέρας
3175 4233 3364 4290 ἑαυτὸν
3430 4231 3804 4292 διαναπαύων.

2209 4430 2372 4485 140
2401 4428 2468 4486 Ἠ
2501 4424 2559 4482 δὲ
2589 4429 2830 4504 θυγάτηρ
2880 4433 2979 4484 τοῦ
3031 4430 3285 4502 πένητος,
3335 4432 3637 4506 μονογενὴς
3668 4433 3802 4487 οῦσα

2133 4516 2223 4571 καὶ
2264 4518 2548 4592 παρθένος,
2602 4518 2941 4592 καθεζομένη
3001 4520 3109 4596 πρὸ
3161 4525 3271 4576 τῶν
3333 4525 3544 4590 θυρῶν,
3602 4523 3800 4599 εἰργά-

2137 4613 2256 4676 ζετο
2291 4608 2387 4681 μὶν
2433 4613 2556 4670 ταῖς
2613 4607 2798 4684 χερσὶ,
2853 4614 2934 4682 τῷ
2993 4607 3052 4665 δὲ
3111 4609 3344 4684 στόματι
3392 4610 3677 4687 ἀσιγήτως
3704 4613 3800 4668 τὸν

2135 4696 2264 4751 Θεὸν
2297 4693 2514 4772 εὐλόγει
2557 4696 2960 4773 εύχαριστοῦσα
3020 4698 3168 4772 αὐτῷ
3225 4698 3285 4756 ix
3345 4701 3554 4776 βαθέων
3586 4705 3797 4778 ψυχῆς

2131 4789 2250 4842 Τῶν
2301 4785 2506 4856 ταύτης
2563 4783 2621 4841 δὲ
2649 4785 2836 4860 ὕμνων
2895 4787 3151 4857 ἀκούσας,
3185 4789 3214 4844 6
3243 4787 3365 4852 νέος
3397 4787 3523 4867 ἔφη’
3555 4791 3624 4848 Τί
3677 4812 3799 4859 σου,

2128 4873 2302 4951 γύναι,
2357 4877 2420 4931 τὸ
2475 4873 2858 4950 ἐπιτήδευμα;
2930 4877 3092 4954 χάριν
3147 4875 3207 4934 δὲ
3260 4879 3433 4948 τίνος,
3490 4879 3637 4936 οὕτω
3695 4901 3796 4955 περ

2131 4962 2263 5019 οῦσα
2295 4964 2524 5034 εύτελής
2578 4965 2669 5020 καὶ
2699 4968 2928 5043 πτωχὴ,
2960 4967 3035 5030 ὡς
3067 4966 3154 5022 ἐπί
3216 4987 3329 5022 τισι
3391 4970 3658 5044 μεγάλοις
3687 4967 3796 5025 δω-

2130 5059 2370 5132 ρήμασιν
2427 5057 2794 5134 εὐχαριστεῖς,
2849 5059 2941 5114 τὸν
3006 5056 3217 5134 δοτῆρα
3277 5060 3574 5133 ὑμνοῦσας
3635 5063 3706 5119 Ἡ
3736 5059 3797 5118 δὲ

2975 5149 3089 5205 Ούκ
3145 5150 3302 5204 ιοῖσθα
3357 5148 3490 5222 ὅτι,
3548 5153 3791 5228 καθάπερ

2130 5327 2310 5404 ῥύεται
2342 5328 2435 5383 τὸν
2469 5329 2778 5402 ἄνθρωπον,
2801 5327 2943 5385 οὕτω
2974 5325 3042 5398 δὴ
3074 5329 3162 5384 καὶ
3197 5329 3259 5385 τὸ
3291 5327 3380 5386 ἐπὶ
3411 5335 3529 5393 τοῖς
3565 5335 3788 5404 μικροῖς

428 5557 685 5647 (27)'I:tr.
717 5561 778 5647 I'l‘
805 5560 987 5647 Epist.
1011 5564 1143 5647 ‘1,'9.
1179 5563 1430 5647 Lexiucon
1462 5564 1778 5647 in‘codice
1821 5566 1938 5647 .24‘8
1963 5581 1997 5647 ε.
2036 5564 2044 5619 l

2157 5559 2356 5646 ›πάζω,
2413 5559 2730 5647 ὀφθαλμῷ.
2763 5565 3160 5647 (ζεοιιιρωίᾳε
3189 5565 3291 5647 ἀεὶ
3346 5567 3507 5623 Petri
3534 5566 3733 5625 locum
3767 5582 3784 5622 :

362 5623 703 5710 ηυωπά-ςειχ
729 5625 788 5685 δὶ
811 5623 876 5710 τὸ
900 5623 1242 5710 τυφλῶττειν
1275 5631 1508 5709 εἴρηται,
1533 5633 1641 5690 ἀπὸ
1669 5639 1778 5691 τῶν
1815 5635 1920 5690 ὑπὸ
1938 5635 2038 5705 τήν
2069 5641 2172 5709 γῆν
2209 5623 2383 5707 μύῶν.
2416 5623 2636 5710 τυῲλιῖἱν
2671 5633 2748 5698 εἷς
2786 5635 2924 5690 ἅπαν
2951 5633 3375 5697 διατελούντων.

453 5700 544 5837 2εὲ
576 5701 773 5759 Malim
801 5703 929 5775 ἄγοι
958 5700 993 5758 ὅ
1018 5707 1086 5759 Κ.

453 5770 522 5822 29
572 5771 656 5827 Cf.
688 5789 748 5837 p.
783 5774 906 5837 134.
933 5790 1071 5830 cum

453 5770 543 5837 29)
572 5771 656 5827 Cf.
688 5789 748 5844 p.
783 5770 906 5844 131i,
933 5790 1071 5830 cum
1092 5791 1154 5832 ιι.
1191 5778 1274 5832 lt.
