4100 6374
332 400 478 457 1009

1518 406 1684 461 VITA
1725 403 2077 459 BARLA“
2113 403 2208 456 Π
2241 401 2587 457 JOASAPH.

3622 399 3763 463 ιωθ

333 544 452 581 σου·
484 522 752 601 γνώρισόν
812 548 906 600 μοι
959 526 1049 583 τόν
1104 548 1164 582 τε
1221 525 1463 583 πλοῦτον
1518 535 1618 597 τῆς
1679 524 1840 598 δόξης
1892 529 1990 581 τοῦ

2103 525 2385 598 gestiens,
2409 524 2513 579 abs
2535 529 2591 579 te
2612 527 2844 595 peto,ut
2863 529 2924 579 et
2947 521 3161 579 divina;
3191 522 3396 597 glorias
3415 525 3678 599 divitias,
3698 533 3757 583 et

335 618 471 669 Θεοῦ
500 614 591 670 καὶ
621 615 685 670 τὸ
720 612 1073 691 ὑπερϐάλλον
1100 624 1202 687 τῆς
1232 617 1397 672 αὐτοῦ
1430 615 1732 690 δυνάμεως.

405 704 544 761 Eius
577 703 634 759 δὶ
664 705 804 781 πρὸς
863 706 1025 761 αὐτὸν
1087 707 1114 761 ὁ
1175 706 1463 781 Βαρλαάμ’
1498 711 1590 780 Τῷ
1620 710 1735 779 Θεῷ
1756 702 1992 780 εὔχομαι

336 790 538 865 διδάξει
594 816 650 849 σε
699 798 895 863 ταῦτα,
975 796 1066 850 καὶ
1135 803 1236 867 τῆν
1311 801 1514 872 γνῶσιν
1564 801 1671 851 τῶν
1726 794 1993 850 τοιούτων

334 883 563 939 ἐνθεῖναί
623 906 720 940 σου
774 889 844 959 τῇ
905 889 1081 962 ψυχῇ·
1144 887 1257 942 ἐπεὶ
1325 889 1471 961 παρᾶ
1529 886 1839 961 ἀνθρώποις
1896 885 1995 953 τήν

335 973 505 1029 αὐτοῦ
538 978 806 1050 Λεχθῆναι
865 973 1018 1047 δόξαν
1068 978 1155 1031 καὶ
1208 974 1433 1050 δύναμιν
1465 978 1527 1032 τὸ
1556 976 1808 1050 παράπαν
1852 973 1992 1030 ἀδύ-

330 1084 514 1134 νατον,
546 1064 642 1118 κᾶν
676 1070 841 1118 πᾶσαι
895 1064 949 1118 αἱ
995 1069 1104 1119 τῶν
1150 1064 1267 1120 νυνὶ
1317 1066 1407 1120 καὶ
1446 1070 1555 1120 τῶν
1586 1067 1809 1120 πώποτε
1837 1083 1995 1140 γενο-

336 1152 511 1227 μένων
568 1152 871 1228 ἀνθρώπων
928 1151 1173 1230 γλῶσσαι
1231 1150 1283 1208 ἓν
1344 1157 1619 1229 γένωνται.
1681 1155 1808 1209 Θεὸν
1866 1153 1987 1230 γάρ)

327 1242 491 1318 φησὶν
527 1243 555 1296 ὁ
590 1241 990 1318 εὐαγγελιστής
1015 1244 1103 1298 καὶ
1127 1243 1390 1320 θεολόγος
1416 1248 1547 1319 (36),
1586 1242 1765 1304 οὐδεὶς
1788 1244 1992 1316 ἑώρακε

321 1331 569 1386 πώποτε·
599 1332 627 1386 ὁ
664 1335 969 1409 μονογενής
1005 1334 1151 1403 Υἱὸς,
1212 1335 1240 1389 ὁ
1301 1329 1375 1388 ὥν
1430 1334 1507 1395 εἷς
1536 1335 1626 1389 τὸν
1654 1332 1866 1389 κόλπον
1891 1336 1989 1387 τοῦ

327 1421 563 1494 Πατρὸς,
622 1419 828 1484 ἐκεῖνος
884 1422 1205 1499 ἐξηγήσατο.
1282 1426 1394 1480 Τοῦ
1474 1421 1529 1478 δὲ
1605 1422 1841 1497 ἀοράτου
1898 1421 1987 1476 καὶ

326 1510 695 1585 ὑπεραπείρου
753 1513 853 1581 τὴν
917 1509 1073 1585 δόξαν
1130 1513 1217 1568 καὶ
1295 1515 1393 1583 τὴν
1446 1512 1843 1587 μεγαλωσύνην
1902 1512 1985 1573 τίς

326 1597 545 1675 ἰσχύσει
605 1603 754 1660 ⁸146
814 1606 1061 1677 γηγενῶν
1113 1598 1537 1673 καταλαϐέσθαι,
1600 1602 1645 1658 εἷ
1710 1604 1785 1675 μή
1836 1603 1881 1674 ᾧ
1921 1600 1985 1655 ἂν

328 1688 490 1751 αὐτὸς
548 1689 877 1765 ἀποκαλύψῃ
932 1694 1049 1745 καθ’
1111 1694 1237 1747 ὅσον
1303 1691 1584 1768 βούλεται,
1645 1695 1825 1767 ὥσπερ
1865 1697 1982 1753 τοῖς

328 1781 637 1854 προφήταις
660 1780 825 1835 αὐτοῦ
856 1780 945 1834 καὶ
979 1781 1312 1846 ἅποστόΛοις
1359 1783 1702 1857 ἀπεκάλυψεν
1730 1800 1744 1850 ;
1789 1782 1983 1854 Ἡμεῖς

2106 616 2292 687 ipsius
2322 617 2602 687 potentiae
2632 614 3050 671 excellentiam
3076 614 3222 670 mihi
3250 613 3539 671 declares.

2178 708 2334 761 Dixit
2363 712 2561 761 autem
2600 708 2673 761 ad
2722 707 2917 780 ipsum
2949 705 3254 763 Barlaam:
3287 707 3473 762 Deum
3507 708 3755 780 supplex

2103 812 2242 868 rogo
2275 802 2341 850 ut
2367 797 2491 851 haec
2524 802 2579 851 te
2602 796 2830 865 doceat,
2852 802 3031 869 atque
3054 797 3401 869 hujusmodi
3431 813 3633 853 rerum
3655 813 3758 853 co-

2102 885 2428 957 gnitionem
2461 886 2661 941 animo
2687 892 2785 942 tuo
2811 888 3053 944 inserat.
3078 886 3570 959 Quandoquidem
3598 886 3756 959 apud

2104 977 2379 1032 homines
2402 977 2588 1048 ipsius
2609 977 2797 1049 gloria
2818 993 2885 1033 ac
2908 980 3174 1050 potentia
3204 978 3371 1034 nullo
3393 978 3570 1035 modo
3592 994 3754 1037 com-

2101 1066 2421 1121 memorari
2438 1068 2925 1137 potest,quamvis
2946 1069 3123 1123 etiam
3142 1085 3350 1124 omnes
3364 1069 3634 1125 omnium
3653 1069 3755 1124 ho-

2100 1156 2481 1223 minum,tam
2506 1154 2607 1227 qui
2630 1172 2788 1211 nunc
2817 1162 2956 1211 sunt
2972 1173 3149 1227 quam
3167 1158 3266 1229 qui
3286 1158 3609 1230 aliquando
3631 1158 3754 1213 fue-

2098 1251 2258 1311 runt,
2292 1245 2509 1318 linguas
2542 1245 2603 1300 in
2634 1262 2822 1300 unum
2854 1252 3083 1301 coeant.
3119 1248 3305 1303 Deum
3337 1250 3519 1318 enim,
3552 1247 3750 1319 inquit

2098 1335 2457 1407 evangelista
2470 1340 2529 1390 et
2547 1335 3288 1408 theologus(Joan.i).nemo
3300 1338 3745 1410 viditunquam.

2099 1424 2449 1495 Unigenitus
2471 1424 2675 1493 Filius,
2700 1425 2803 1495 qui
2827 1429 2918 1480 est
2939 1424 3001 1479 in
3028 1425 3165 1480 sinu
3181 1426 3396 1495 Patris,
3420 1427 3546 1498 ipse
3578 1445 3750 1485 enar-

2096 1513 2413 1585 ravit.Ejus
2433 1530 2610 1586 porro
2632 1514 2734 1584 qui
2758 1514 3067 1570 oculorum
3091 1514 3364 1570 obtutum
3395 1514 3749 1589 fugit,atque

2097 1603 2427 1658 immensus
2459 1610 2567 1669 est,
2589 1603 2839 1675 gloriam
2864 1608 2924 1658 et
2944 1604 3485 1676 majestatem,quis
3508 1605 3748 1662 tandem

2094 1708 2299 1747 eorum
2351 1694 2451 1764 qui
2484 1710 2513 1747 e
2546 1699 2705 1748 terra
2750 1693 3011 1749 concreti
3062 1699 3220 1763 sunt,
3254 1694 3747 1766 comprehensam

2093 1782 2312 1837 habere
2336 1783 2655 1853 queat,nisi
2679 1783 2805 1855 ipse
2827 1782 3117 1839 arbitratu
3144 1800 3250 1839 suo
3283 1799 3412 1840 eam
3445 1783 3745 1856 patefece-

329 1865 387 1922 δὲ
418 1866 476 1922 ἐκ
505 1872 601 1922 τοῦ
651 1868 1005 1944 κηρύγματος
1064 1870 1237 1926 αὐτῶν
1302 1871 1391 1927 καὶ
1452 1872 1503 1943 ἐξ
1549 1870 1717 1941 αὐτῆς
1745 1878 1845 1941 τῆς
1875 1875 1982 1925 τῶν

534 1960 553 1975 λ
752 1958 765 1976 1
1204 1961 1219 1976 ι
1290 1962 1304 1976 .
1513 1967 1539 1976 -
1615 1964 1628 1976 .
1689 1967 1712 1976 ..
1894 1961 1946 1976 ,ι

2101 1872 2187 1939 rit,
2223 1872 2726 1943 quemadmodum
2759 1873 2986 1929 scilicet
3014 1873 3323 1945 prophetis
3353 1873 3477 1929 suis
3507 1880 3567 1929 et
3593 1890 3744 1946 apo-

324 1960 667 2033 πραγμᾶτων
699 1958 932 2036 φύσεως,
977 1982 1112 2016 κατα
1166 1961 1228 2017 τὸ
1286 1962 1572 2038 ἐγχωροῦν
1605 1964 1740 2035 ἡμῖν
1778 1961 1981 2034 μανθά-

325 2067 515 2122 νομεν.
577 2047 733 2123 Λέγει
790 2049 889 2125 γάρ
948 2052 982 2120 ἡ
1045 2053 1253 2126 Γραφή·
1323 2053 1392 2109 Οἱ
1452 2051 1670 2126 οὐρανοὶ
1732 2053 1843 2123 (37)
1902 2047 1985 2103 δι-

322 2140 585 2213 ηγοῦνται
619 2134 778 2208 δοξαν
819 2144 976 2208 Θεοῦ,
1028 2141 1252 2209 ποίησιν
1288 2140 1345 2196 δὲ
1389 2147 1594 2217 χειρῶν
1628 2141 1792 2196 αὐτοῦ
1824 2141 1984 2215 ἀναγ-

317 2225 515 2301 γέλλει
561 2227 624 2282 τὸ
682 2226 984 2302 στερέωμα·
1048 2231 1171 2285 Καὶ·
1251 2232 1335 2287 Τά
1393 2230 1597 2307 ἀόρατα
1654 2234 1766 2303 (38)
1820 2228 1986 2285 αὐτοῦ

315 2316 430 2372 ἀπὸ
479 2316 707 2381 κτίσεως
762 2318 975 2393 κύσμου
1030 2326 1147 2383 τοῖς
1202 2323 1476 2396 ποιήμασι
1533 2321 1803 2395 νοούμενα
1853 2331 1985 2384 καθ-

317 2415 534 2484 ορᾶται,
566 2412 601 2481 ἢ
632 2431 691 2466 τε
722 2408 899 2475 ἀΐδιος
931 2412 1095 2468 αὕτοῦ
1128 2410 1359 2487 δύναμις
1389 2414 1479 2469 καὶ
1514 2412 1731 2485 θεότης.

400 2682 651 2759 Καθάπερ
699 2681 801 2758 γάρ
852 2704 958 2753 τις,
1016 2682 1191 2738 οἰκίαν
1249 2682 1380 2739 ἰδὼν
1436 2682 1705 2758 λαμπρῶς
1759 2683 1849 2738 καὶ
1902 2680 1983 2737 ἐν·

326 2772 542 2845 τὲχνως
598 2773 1103 2843 κατεσκευασμένην
1156 2772 1192 2843 ἤ
1254 2778 1442 2835 σκεῦος
1516 2773 1726 2849 εὐφυῶς
1787 2792 1985 2847 συνηρ-

340 2857 627 2934 μοσμένον,
666 2867 761 2916 τὸν
814 2859 1110 2935 οἰκοδόμον
1170 2865 1205 2934 ἢ
1258 2865 1483 2919 τέκτονα
1513 2861 1668 2927 εὐθὺς
1703 2862 1759 2917 ἃν
1795 2862 1984 2933 ἐννοή-

336 2972 437 3013 σας
470 2948 811 3024 θαυμᾶσειεν,
863 2952 1007 3008 οὕτω
1057 2956 1169 3027 (39)
1215 2955 1390 3029 κάγὼ,
1440 2953 1499 3009 ἐκ
1550 2954 1624 3027 μή
1662 2949 1832 3008 ὄντων
1866 2949 1984 3006 δια·

330 3039 597 3105 πλασθεὶς
644 3041 732 3097 καὶ
784 3042 860 3105 εἷς
896 3043 959 3098 τὸ
1009 3039 1066 3098 ὅν
1117 3044 1437 3120 παραχθεὶς,
1474 3042 1639 3098 εἶκαὶ
1692 3042 1784 3098 τὸν
1843 3041 1987 3097 πλά-

329 3152 465 3201 στην
497 3131 588 3185 καὶ
620 3132 871 3208 παροχέα
920 3133 1202 3197 θεάσασθαι
1264 3132 1325 3188 οὐ
1382 3130 1704 3205 δεδύνημαι,
1753 3129 1878 3186 ἀλλ’
1928 3131 1987 3185 ἐκ

325 3228 431 3291 τῆς
462 3220 801 3296 εὖαρμόστου
856 3223 947 3277 καὶ
1006 3224 1463 3296 θαυμασιωτάτης
1516 3244 1626 3297 μου
1656 3224 1985 3291 κατασκευῆς

2090 1961 2257 2016 stolis
2288 1962 2615 2033 patefecit?
2665 1964 2791 2018 Non
2835 1968 3033 2018 autem
3082 1968 3209 2018 tum
3250 1979 3323 2018 ex
3352 1978 3557 2019 eorum
3587 1980 3739 2035 pra»

2090 2050 2410 2116 dicatione,
2443 2057 2567 2107 tum
2600 2069 2671 2108 ex
2725 2053 2855 2124 ipsa
2900 2069 3103 2109 rerum
3160 2057 3393 2120 natura,
3452 2057 3740 2124 quantam

2091 2141 2327 2210 assequi
2361 2141 2533 2196 nobis
2564 2142 2761 2208 datur,
2794 2158 2925 2198 eam
2955 2141 3366 2197 discimus.Ait
3395 2142 3555 2197 enim
3586 2141 3742 2198 Scri-

2089 2238 2302 2302 ptura:
2357 2232 2495 2287 Coeli
2542 2238 2825 2288 enarrant
2870 2232 3120 2305 gloriam
3160 2232 3286 2302 Dei,
3320 2238 3380 2287 et
3406 2246 3586 2305 opera
3614 2247 3745 2288 ma-

2091 2337 2277 2375 nuum
2309 2322 2437 2393 ejus
2468 2323 2787 2378 annuntiat
2816 2321 3263 2377 ﬁrmamentum
3296 2320 3748 2393 (Psal.xvm).Ac

2090 2427 2298 2465 rursus
2326 2427 2338 2464 :
2372 2410 2701 2467 Invisnbilia
2730 2411 2918 2483 ipsius
2950 2427 2984 2467 a
3014 2416 3287 2467 creatura
3315 2409 3660 2482 mundi,per
3683 2426 3754 2467 ea

2093 2517 2224 2571 qua)
2259 2500 2411 2556 facta
2459 2506 2619 2567 sunt,
2670 2500 2979 2558 intellecta
3024 2501 3498 2573 conspiciuntur,
3532 2500 3753 2573 sempi-

2092 2596 2260 2646 terna
2283 2607 2521 2663 quoque
2545 2591 2734 2663 ipsius
2764 2592 3033 2664 potentia
3053 2598 3115 2647 et
3132 2591 3412 2649 divinitas
3433 2593 3682 2662 (Romi).

2160 2680 2677 2745 Quemadmodum
2694 2682 2855 2738 enim
2874 2681 3173 2753 quispiam
3194 2680 3441 2737 domum
3463 2678 3750 2753 praeclare

2090 2768 2411 2839 acfsumma
2427 2776 2553 2825 arte
2568 2775 3104 2837 constructam,aut
3122 2769 3426 2825 vasculum
3446 2769 3752 2842 eleganter

2089 2866 2510 2915 concinnatum
2536 2860 2925 2932 perspiciens,
2957 2858 3345 2915 architectum
3376 2864 3480 2914 aut
3506 2857 3741 2913 fabrum

2090 2948 2289 3003 statim
2331 2950 2402 3004 ob
2434 2950 2701 3005 animum
2734 2950 2844 3005 sibi
2876 2950 3177 3021 proponit,
3208 2949 3293 3004 sic
3325 2948 3504 3004 etiam
3529 2963 3634 3019 ego
3666 2962 3739 3003 ex

2092 3038 2281 3092 nihilo
2313 3039 2568 3104 efﬁctus,
2601 3044 2777 3110 atque
2810 3040 2869 3093 in
2901 3045 3097 3093 ortum
3128 3037 3471 3109 productus,
3505 3035 3738 3091 etiamsi

2093 3130 2360 3184 ﬁctorem
2392 3147 2458 3184 ac
2480 3130 2900 3201 productorem
2927 3146 3127 3185 meum
3156 3144 3401 3185 cernere
3423 3142 3743 3198 nequeam,

2092 3224 2291 3274 tamen
2308 3236 2373 3274 ex
2387 3221 2698 3291 aptissima
2712 3219 3089 3290 maximeque
3102 3217 3455 3274 admiranda
3466 3216 3584 3273 mei
3599 3221 3751 3272 stru-

328 3309 411 3374 εἷς
463 3315 664 3385 γνῶσιν
716 3309 890 3380 ἦλθον
948 3315 1047 3381 τῆς
1098 3312 1264 3368 αὐτοῦ
1316 3313 1531 3392 σοφίας,
1593 3313 1654 3367 οὐ
1711 3313 1830 3375 καθ’
1862 3310 1891 3366 ὅ
1932 3312 1985 3366 τί

2101 3317 2263 3366 ctura
2279 3310 2353 3365 ad
2372 3311 2575 3382 sapien
2587 3310 2680 3364 tia:
2700 3310 2884 3381 ipsius
2896 3309 3295 3382 cognitionem
3310 3308 3594 3373 veni,non
3607 3321 3753 3376 qua-

328 3399 499 3463 ἐστιν,
533 3399 680 3455 ἀλλὰ
728 3402 868 3455 καθά
920 3399 1219 3475 δεδύνημαι
1277 3408 1421 3458 νοεῖν
1482 3404 1614 3476 (40),
1649 3400 1729 3456 ὅτι
1765 3400 1864 3456 οὐκ
1894 3400 1988 3455 αύ-

328 3489 593 3562 τομάτως
648 3492 972 3567 παρήχθην,
1052 3491 1177 3547 οὐδὲ
1245 3492 1335 3569 ἀφ’
1413 3493 1611 3547 ἑαυτοῦ
1665 3491 1988 3568 γεγένημαι,

333 3577 468 3633 ἀλλ’
498 3577 655 3641 αὐτὸς
688 3574 891 3635 ἔπλασέ
928 3602 994 3654 με
1042 3582 1221 3645 καθὼς
1270 3577 1590 3653 ἠϐουλήθη,
1623 3585 1840 3636 πάντων
1896 3580 1990 3654 μὶν

336 3668 741 3743 προκατάρχειν
802 3670 961 3740 τάξας
1020 3674 1130 3724 τῶν
1190 3671 1526 3743 κτισμάτων,
1585 3669 1749 3725 τινῶν
1802 3666 1860 3724 δὶ
1901 3668 1993 3723 καὶ

334 3755 672 3827 ἐλαττώσας,
742 3758 834 3812 καὶ
910 3754 1257 3835 συντριϐέντα
1311 3758 1477 3814 πάλιν
1536 3760 1805 3828 κρείττονι
1866 3757 1995 3812 ἀνα-

332 3843 566 3900 καινίσει
593 3845 931 3917 ἀναπλάσας,
985 3850 1094 3903 εἶτα
1141 3848 1229 3903 καὶ
1286 3848 1563 3925 ὑπεξάγων
1615 3853 1723 3903 τῶν
1756 3846 1992 3902 ἐντεῦθεν

330 3938 418 4007 τῷ
445 3934 577 4007 θείῳ
607 3935 772 3991 αὐτοῦ
826 3940 1205 4014 προστάγματι
1263 3939 1352 3993 καὶ
1410 3939 1547 4013 πρὸς
1601 3934 1784 4013 ἑτέραν
1830 3957 1995 4010 μετα-

332 4025 509 4088 τιθεὶς
571 4024 760 4099 βιοτὴν
823 4025 1184 4099 ἀτελεύτητον
1243 4026 1334 4082 καί
1402 4026 1644 4097 αἰώνιον,
1705 4026 1755 4081 ἐν
1817 4024 1991 4081 ούδενὶ

328 4113 543 4170 τούτων
576 4111 875 4189 δυναμένου
919 4138 1027 4189 μου
1080 4117 1424 4173 ἀνθίστασθαι
1472 4121 1539 4192 τῇ
1588 4116 1745 4191 ἰσχύϊ
1771 4123 1871 4185 τῆς
1904 4114 1995 4170 αὖ·

330 4203 432 4259 τοῦ
490 4204 777 4279 προνοίας,
844 4208 984 4278 μήτε
1039 4229 1095 4262 τι
1166 4208 1513 4281 προστιθέναι
1581 4206 1799 4281 ἐμαυτῷ
1859 4208 1999 4279 μήτε

333 4296 494 4350 146
519 4293 789 4372 ὑφαιρεῖν,
845 4295 952 4351 εἷ’τε
1006 4299 1125 4351 καθ’
1182 4297 1404 4367 ἡλικίαν
1459 4300 1566 4370 (41)
1623 4296 1731 4351 εἴτε
1773 4296 1997 4351 κατὰτὸ

337 4388 441 4450 τῆς
478 4390 695 4461 μορφῆς
728 4382 893 4453 εἶδος,
935 4387 1075 4459 μήτε
1113 4386 1180 4442 τὰ
1238 4385 1669 4459 πεπαλαιωμένα
1723 4406 1815 4460 μοι
1871 4387 2001 4440 ἀνα-

336 4472 599 4541 καινίζειν
650 4472 954 4549 ἐξισχύσαι,
1019 4478 1161 4550 μήτε
1216 4475 1283 4531 τὰ
1342 4473 1704 4555 διεφθαρμένα
1769 4475 2001 4550 ἐπανορ-

336 4566 488 4628 θοῦν.
524 4561 719 4628 Οίιδεὶς
777 4566 881 4642 γὰρ
939 4572 1049 4622 τῶν
1108 4567 1410 4643 ἀνθρώπων
1470 4568 1679 4623 τούτων
1725 4588 1777 4622 τι
1810 4565 2001 4642 ἴσχυσέ

336 4673 474 4708 ποτε
530 4653 985 4731 κατεργάσασθαι,

339 4744 470 4802 οὔτε
498 4744 784 4817 πλούσιος,
817 4746 941 4806 οὔτε
991 4746 1278 4822 δυνάστης,
1329 4748 1452 4807 οὔτε
1480 4772 1563 4815 τις
1590 4749 1759 4812 ἄλλος
1788 4749 1997 4825 ἀνθρώ-

336 4859 471 4893 πινα
560 4841 965 4917 μετερχόμενος
1069 4841 1494 4917 ἐπιτηδεύματα⁶
1596 4841 1791 4905 Οὐδεὶς
1871 4843 1996 4917 γὰρ,

338 4927 477 5005 φησῖ
511 4931 647 5003 (42),
684 4928 953 5006 βασιλέων
1000 4931 1034 5001 ἢ
1076 4937 1182 4987 τῶν
1244 4932 1296 4988 ἓν
1354 4933 1655 5010 ὑπεροχαῖς
1682 4929 1850 4988 ὄντων
1887 4930 2001 4987 ἐτέ-

336 5036 439 5090 ραν
468 5013 596 5091 ἔσχε
627 5018 889 5092 γενέσεως
930 5020 1134 5097 ἀρχὴν,
1189 5019 1285 5094 μία
1334 5018 1391 5077 δὲ
1440 5023 1651 5078 πάντων
1685 5019 1896 5085 εἴσοδος
1927 5021 2001 5084 εἷς

334 5104 431 5161 τὸν
470 5105 617 5181 βίον,
648 5102 833 5179 ἕξοδός
858 5130 917 5165 τε
946 5108 1057 5181 ἴση.

420 5260 532 5402 (36)
561 5262 729 5318 Joan.
762 5280 800 5328 1,
836 5265 925 5320 18.

442 5333 529 5401 37)
560 5334 714 5389 Psal.
748 5352 904 5395 mn.

442 5333 529 5401 37)
560 5334 714 5389 Psal.
748 5352 904 5395 mn.
941 5338 990 5391 1.

421 5404 531 5478 (38)
563 5406 747 5478 Epist.
782 5407 858 5463 ad
887 5410 1056 5466 Rom.
1090 5426 1129 5475 ι,
1163 5412 1251 5466 20.

416 5476 508 5543 (39
560 5476 802 5535 Lemma
834 5480 895 5534 in
924 5483 1010 5536 A:
1040 5481 1182 5553 Ὅρα

563 5550 625 5617 C,
654 5550 794 5605 καθᾶ
825 5547 909 5605 δεῖ
939 5571 1006 5623 με
1036 5557 1199 5623 νοεῖν,

416 5618 528 5691 (41)
568 5623 739 5677 Matth

343 5690 484 5749 Luc.
519 5708 619 5761 xu,
649 5695 739 5749 25.

419 5760 531 5841 (42)
564 5765 695 5841 Sap.
728 5766 944 5826 Salom.
978 5784 1075 5840 vn,
1106 5770 1160 5842 5,
1193 5769 1247 5825 6.

510 5478 530 5691 ἓ

2100 3407 2272 3455 tenus
2290 3400 2510 3467 est,sed
2530 3406 2824 3471 quatenus
2842 3398 3177 3470 intelligere
3194 3412 3593 3470 queoznempe
3612 3395 3755 3467 quia

2099 3507 2221 3545 non
2245 3507 2384 3545 casu
2408 3507 2474 3545 ac
2506 3490 2749 3545 fortuito
2780 3488 3103 3561 productus
3136 3504 3288 3554 sum,
3314 3502 3424 3542 nec
3446 3502 3481 3542 a
3500 3502 3596 3541 me
3620 3485 3750 3555 ipso

2099 3582 2526 3637 exsliti.verum
2550 3580 2675 3652 ipse
2699 3580 2987 3635 arbitratu
3011 3595 3116 3634 suo
3138 3595 3234 3634 me
3257 3576 3519 3631 efﬁnxit:
3544 3575 3630 3629 sic
3656 3573 3751 3629 ni-

2099 3671 2316 3725 mirum
2335 3676 2507 3725 utme
2526 3686 2727 3725 rerum
2744 3669 3013 3724 omnium
3028 3666 3401 3724 conditarum
3414 3663 3749 3737 principem

2099 3759 2859 3831 constitueritquibusdam
2876 3763 3074 3813 autem
3090 3756 3431 3812 inferiorem
3448 3752 3751 3818 fecerit,ac

2099 3850 2422 3904 contritum
2456 3849 2632 3903 etiam
2666 3848 2861 3903 divino
2877 3864 2981 3902 suo
3014 3845 3264 3917 imperio
3282 3860 3378 3901 me
3400 3860 3473 3901 ex
3491 3843 3603 3899 hac
3631 3840 3749 3899 vita

2100 3938 2460 4003 educens,ad
2477 3938 2725 3993 alteram
2748 3938 2926 3992 vitam
2951 3936 3089 3991 ﬁnis
3110 3939 3414 4007 expertem
3441 3949 3509 3989 ac
3529 3930 3751 4002 sempi-

2102 4034 2331 4083 ternam
2358 4028 2693 4083 transferat.
2714 4026 2939 4093 Quibus
2962 4025 3240 4081 omnibus
3267 4024 3328 4079 in
3354 4022 3533 4079 rebus
3553 4020 3752 4093 provi-

2102 4119 2317 4174 dentim
2361 4118 2546 4190 ipsius
2584 4117 2812 4172 viribus
2850 4115 3141 4172 obluctari
3178 4130 3433 4186 nequeo,
3458 4127 3569 4168 nec
3606 4109 3756 4166 mihi

2104 4208 2453 4281 quidquam,
2477 4208 2563 4263 vel
2598 4212 2888 4279 quantum
2922 4206 2995 4263 ad
3026 4210 3335 4270 staturam,
3357 4202 3448 4259 vel
3470 4204 3760 4273 quantum

2103 4300 2177 4354 ad
2200 4300 2405 4353 formae
2438 4299 2687 4369 ﬁguram
2720 4296 2952 4363 attinet,
2976 4295 3236 4368 adjicere
3260 4298 3363 4350 aut
3385 4290 3760 4355 subtrahere.

2105 4406 2213 4445 nec
2237 4406 2304 4445 ea
2327 4405 2458 4459 qum
2482 4388 2542 4442 in
2569 4404 2661 4442 me
2684 4391 2972 4443 vetustate
2990 4384 3263 4441 confecta
3284 4387 3763 4449 sunt,renovare,

2105 4496 2216 4536 nec
2237 4496 2372 4551 quas
2403 4478 2757 4533 labefactata
2787 4481 2847 4531 et
2876 4480 3155 4547 corrupta
3186 4478 3345 4539 sunt,
3370 4472 3431 4527 in
3462 4471 3762 4543 integrum

2107 4571 2420 4625 restituere
2430 4570 2626 4639 Neque
2642 4568 2802 4622 enim
2820 4566 3164 4622 mortalium
3178 4564 3338 4619 ullus
3352 4577 3617 4634 unquam
3631 4559 3765 4627 fuit,

1071 4653 1195 4712 οὔτε
1285 4656 1565 4735 βασιλεὺς,
1634 4654 1756 4712 οὔτε
1810 4657 1990 4733 σοφὸς,

2113 4661 2212 4732 qui
2246 4660 2457 4713 horum
2487 4657 2813 4728 quidquam
2835 4657 3072 4712 efﬁcere
3098 4660 3317 4727 posset,
3340 4669 3461 4710 non
3491 4668 3615 4719 rex,
3640 4666 3761 4705 non

2109 4751 2368 4822 sapiens,
2391 4765 2511 4803 non
2545 4747 2727 4811 dives,
2752 4764 2871 4801 non
2904 4752 3137 4817 potens,
3162 4761 3283 4800 non
3317 4742 3576 4814 denique
3606 4738 3759 4795 alius

2109 4840 2404 4913 quispiam
2428 4840 2690 4893 humana
2710 4836 2905 4891 studia
2936 4841 3306 4891 consectans.
3334 4830 3543 4888 Nullus
3573 4828 3759 4897 enim,

2112 4930 2649 5003 inquitille,regum
2663 4931 2783 4990 ,aut
2800 4942 3005 4980 eorum
3021 4925 3119 4996 qui
3140 4924 3201 4978 in
3221 4920 3585 4979 sublimitate
3600 4922 3763 4988 sunt,

2112 5020 2274 5077 aliud
2297 5018 2505 5075 habuit
2528 5016 2851 5073 nativitatis
2873 5014 3303 5071 initium.Unus
3331 5010 3489 5068 enim
3518 5014 3609 5065 est
3638 5022 3768 5064 om-

2112 5111 2281 5166 nium
2311 5108 2589 5164 introitus
2611 5106 2687 5163 ad
2706 5107 2975 5174 vitam,et
2995 5104 3153 5161 idem
3175 5102 3367 5159 exitus
3389 5101 3543 5173 (Sap.
3576 5099 3697 5171 vn).

560 5470 802 5559 liémma
828 5480 1010 5559 in_A:
1040 5470 1182 5553 ’Ὀροι
1211 5478 1272 5535 ἐκ
1298 5477 1456 5535 τίνων
1491 5480 1566 5543 εἰς
1590 5482 1688 5551 τήν
1719 5479 1814 5536 τοῦ
1845 5484 1980 5537 Θεοῦ
2006 5486 2206 5559 γνῶσιν
2238 5480 2327 5535 καὶ
2363 5474 2766 5555 μεγαλειότητα
2794 5474 3047 5549 ἀνάγεται
3076 5470 3383 5546 ἅνθρωπος.

568 5609 769 5703 Matth.
830 5640 905 5694 VI,
939 5609 1074 5683 '27:
1126 5622 1221 5686 Τίς
1275 5621 1325 5696 ἐξ
1384 5623 1537 5700 ὑμῶν
1597 5630 1876 5703 μεριμνῶν
1938 5623 2159 5682 δύναται
2216 5627 2532 5701 προσθεῖναι
2580 5617 2668 5676 ἐπὶ
2714 5618 2814 5689 τὴν
2842 5616 3067 5689 ἡλικίαν
3099 5616 3267 5672 αὐτοῦ
3297 5620 3483 5691 πῆχυν
3510 5609 3645 5681 ’ἱνα;
3678 5610 3766 5673 Cf.
