4100 6416
313 413 460 473 1017

1511 415 1687 469 νιτΑ
1723 412 2076 469 ΒΑΒΒΔΔΠ
2111 413 2206 469 ΕΤ
2239 413 2580 471 JOASAPH.

3600 412 3741 470 1018

317 533 465 603 ζωὴν
498 530 745 587 αἰώνιον.
778 528 846 586 τὰ
876 540 979 607 γαρ
1012 529 1224 604 ὀψώνια
1252 530 1352 597 τῆς
1412 528 1680 605 ἁμαρτίαις
1728 527 1973 599 θάνατος,

2096 533 2213 601 Dei,
2246 533 2362 588 vita
2392 539 2634 603 aeterna,
2668 535 2730 591 in
2760 535 2991 592 Christo
3051 536 3187 591 Jesu
3242 536 3492 591 Domino
3535 538 3738 591 nostro

310 621 377 677 τὸ
410 619 467 677 δὲ
498 633 750 698 χάρισμα
778 624 876 675 τοῦ
908 623 1042 675 Θεοῦ
1071 618 1184 689 ζωὴ
1216 617 1461 681 αἰώνιος.

392 714 525 770 Εἰπε
577 709 635 768 δὲ
691 712 718 766 ὁ
779 710 1013 788 Ἰωάσαφ
1072 710 1208 785 πρὸς
1270 707 1450 766 αὐτόν.
1512 708 1765 785 Ἐπείπερ
1823 710 1859 779 ἡ
1919 706 1969 763 ἐν

316 802 478 880 σαρκὶ
508 802 622 873 ζωὴ
655 800 754 857 οὐκ
785 800 837 855 ἐν
873 802 1057 874 μέτρῳ
1116 803 1261 869 ζωῆς
1323 819 1406 853 σοι
1457 796 1799 873 λελόγισται,
1849 793 1974 852 οὐδὲ

318 892 414 948 τὸν
449 894 674 957 θάνατον
715 896 931 959 τοῦτον,
990 888 1046 944 δν
1114 888 1427 968 ὑφίστανται
1485 891 1703 959 πάντες,
1750 884 1971 951 θάνατόν

318 1003 405 1038 σοι
438 980 754 1058 λογίζεσθαι
789 982 899 1056 χρή
914 1022 926 1036 .

387 1072 448 1129 Ὁ
481 1070 540 1127 δὲ
570 1072 748 1147 γέρων
799 1068 1145 1147 ἀπεκρίνατο·
1208 1065 1665 1147 Ἀναμφιλέκτως
1711 1067 1798 1123 καὶ
1847 1066 1971 1135 περὶ

311 1160 525 1217 τούτων
560 1160 743 1223 οὕτως
773 1157 915 1236 ἔχω,
951 1156 1215 1233 μηδόλως
1247 1160 1339 1214 τὸν
1372 1157 1702 1234 πρόσκαιρον
1755 1157 1972 1213 τουτονὶ

311 1252 547 1315 θάνατον
597 1249 843 1327 τρὲμων,
905 1251 1047 1324 μήτε
1106 1250 1332 1314 θάνατον
1420 1247 1581 1302 αὐτὸν
1653 1247 1972 1323 τοπαράπαν

307 1338 637 1411 ἀποκαλῶν,
670 1338 725 1395 εἷ’
750 1360 815 1415 γε
842 1340 943 1410 τήν
978 1335 1102 1395 ὁδὸν
1133 1343 1240 1393 τῶν
1276 1337 1511 1394 ἐντολῶν
1546 1342 1643 1393 τοῦ
1687 1341 1822 1393 Θεοῦ
1876 1338 1972 1412 βα-

305 1425 532 1499 δίζοντά
567 1450 635 1503 με
668 1432 781 1503 (66)
830 1425 1142 1504 καταλάϐῃ,
1193 1423 1546 1505 διαϐατήριον
1581 1425 1638 1483 δὲ
1671 1425 1885 1501 μᾶλλον
1916 1424 1976 1481 ἐκ

306 1520 543 1575 θανάτου
600 1518 737 1595 πρὸς
803 1520 949 1589 ζωὴν
1010 1519 1110 1587 τήν
1166 1519 1451 1593 κρείττονα
1528 1517 1618 1572 καὶ
1703 1515 1973 1573 τελειοτὲο

313 1630 413 1686 ραν
447 1613 580 1684 (67),
624 1609 715 1665 καὶ
776 1606 829 1663 ἐν
888 1609 1108 1682 Χριστῷ
1164 1608 1549 1683 κρυπτομένην
1608 1609 1742 1681 (68),
1800 1608 1973 1683 ἧσπερ

318 1702 624 1765 ποθοῦντες
654 1703 864 1774 τυχεῖν,
900 1698 951 1753 οἰ
984 1697 1128 1774 ’ἀγιοι
1159 1699 1299 1753 πάνυ
1327 1695 1396 1772 τῇ
1450 1696 1698 1772 παρούσῃ
1750 1692 1973 1771 ἐδυσχέο

320 1810 536 1864 ραινον.
571 1787 664 1843 Διό
718 1787 940 1866 φησινὸ
974 1784 1337 1850 Ἀπόστολος·
1402 1785 1642 1861 Οἴδαμεν
1701 1790 1806 1859 (69)
1867 1786 1974 1856 ὅτι,

315 1878 410 1934 ἐὰν
444 1880 477 1947 ἡ
511 1876 752 1953 ἐπίγειος
805 1880 965 1949 ἡμῶν
1028 1876 1173 1932 οἰκία
1228 1880 1324 1932 τοῦ
1384 1878 1616 1948 σκήνους
1674 1875 1975 1950 καταλυθῇ,
2009 1910 2054 1974 Β

315 1964 627 2040 οἰκοδομὴν
688 1965 747 2023 ἐκ
800 1971 935 2022 Θεοῦ
993 1964 1195 2043 ἔχομεν
1256 1964 1430 2021 οἰκίαν
1518 1965 1976 2042 ἀχειροποίητον,

309 2055 563 2126 αἰώνιον,
594 2055 646 2111 ἐν
672 2055 795 2118 τοῖς
833 2054 1116 2132 οὐρανοῖς·
1150 2055 1241 2109 καὶ
1296 2055 1396 2131 γάρ
1455 2053 1505 2109 ἐν
1563 2054 1741 2127 τούτῳ
1799 2054 1978 2109 στενά-

310 2150 507 2219 ζομεν,
538 2145 601 2200 τὸ
630 2144 962 2217 οἰκητήριον
994 2146 1155 2217 ἡμῶν
1188 2144 1251 2199 τὸ
1309 2144 1359 2217 ἐξ
1411 2143 1643 2221 οὐρανοῦ
1691 2141 1980 2199 ἐπενδύσα-

309 2248 438 2301 σθαι
472 2235 884 2306 ἐπιποθοῦντες,
919 2232 965 2289 ε⁹ί
997 2255 1059 2310 γε
1116 2234 1206 2289 καὶ
1256 2231 1629 2308 ἐνδυσάμενοι,
1664 2234 1728 2289 οὐ
1781 2232 1981 2310 γυμνοὶ

311 2325 753 2401 εῦρεθησόμεθω
790 2327 944 2384 I53
972 2326 1060 2380 καὶ
1108 2326 1211 2400 γὰρ
1264 2324 1316 2379 οἱ
1362 2319 1512 2387 ὄντες
1562 2322 1613 2378 ἐν
1658 2328 1738 2396 τῷ
1796 2325 1980 2395 σκήνει

312 2416 650 2490 στενάζομεν
688 2415 827 2491 βαρο
848 2414 1064 2489 όμενοι,
1096 2414 1177 2492 ἐφ’
1207 2414 1253 2487 ᾧ
1285 2414 1346 2469 οὐ
1380 2411 1608 2488 θέλομεν
1642 2410 1981 2487 ἐκδύσασθαι,

324 2504 459 2562 ἀλλ’
490 2502 904 2575 ἐπενδύσασθαι,
933 2504 1026 2559 ’ἰνα
1060 2508 1344 2578 καταποθῇ
1392 2503 1455 2558 τὸ
1489 2504 1686 2574 θνητὸν
1736 2502 1838 2558 ὑπὸ
1881 2510 1983 2573 τῆς

317 2601 496 2667 ζωῆς.
533 2592 852 2651 Καίπάλιν’
904 2593 1268 2665 Ταλαίπωρος
1329 2596 1436 2667 (70)
1495 2592 1602 2670 ἐγὼ
1661 2590 1979 2665 ἄνθρωποςί

318 2684 407 2748 τίς
444 2707 509 2759 με
541 2685 757 2762 ῥύσεται
784 2683 843 2739 ἐκ
871 2688 968 2739 τοῦ
995 2685 1254 2758 σώματος
1307 2680 1403 2739 τοῦ
1462 2682 1689 2739 θανάτου
1746 2683 1980 2755 τούτους

330 2774 438 2834 Καὶ
468 2773 953 2848 αῦθις.Ἐπιθυμῶ
983 2780 1092 2845 (71)
1148 2772 1409 2829 ἀναλῦσαι
1467 2772 1557 2829 καὶ
1619 2771 1712 2828 σὺν
1765 2771 1983 2849 Χριστῷ

323 2864 488 2922 εἶναι.
521 2865 581 2922 Ὀ
633 2862 689 2920 δὶ
747 2866 1071 2942 Προφήτης,
1124 2863 1263 2919 Πότε
1320 2866 1427 2937 (72)
1481 2862 1617 2937 ἥξω,
1680 2863 1836 2938 φησὶ,
1893 2863 1983 2917 καὶ

330 2954 645 3033 ὀφθήσομαι
676 2953 755 3026 τῷ
785 2955 1067 3029 προσώπῳ
1097 2957 1193 3008 τοῦ
1225 2957 1399 3025 Θεοῦ;
1432 2954 1555 3011 ’Ότι
1615 2950 1673 3008 δέ
1718 2953 1806 3008 καὶ
1858 2950 1984 3027 ἐμοὶ

326 3046 411 3118 τῷ
440 3045 652 3100 πάντων
687 3042 1096 3121 ἐλαχιστοτέρῳ
1156 3042 1403 3107 οὖδόλως
1450 3044 1542 3100 τὸν
1594 3043 1847 3115 αἰσθητὸν
1898 3040 1987 3105 θά-

323 3157 489 3191 νατον
514 3132 814 3190 δεδοικέναι
848 3132 1018 3204 δοκεῖ,
1075 3131 1242 3205 ἔξεστί
1302 3155 1385 3190 σοι
1444 3137 1643 3209 γνῶναι
1698 3138 1798 3206 τῷ,
1859 3132 1985 3207 παρ’

326 3222 487 3280 οῦδὶν
521 3224 745 3297 θὲμενόν
777 3245 845 3298 με
872 3225 971 3294 τὴν
997 3226 1094 3278 τοῦ
1145 3228 1240 3278 σοῦ
1299 3224 1499 3297 πατρὸς
1554 3221 1787 3292 ἀπειλήν
1849 3224 1984 3297 (73),

327 3313 528 3384 ἀδεῶς,
561 3315 956 3392 παραγενέσθαι
1016 3314 1153 3388 πρὸς
1202 3313 1259 3367 οὶ
1313 3311 1524 3367 καὶτὸν
1578 3310 1848 3387 σωτήριόν
1900 3332 1987 3366 σοι

330 3404 693 3481 κατάγγεῖλαι
725 3404 911 3480 λόγον,
945 3397 1183 3477 ἀκριϐῶς
1242 3422 1341 3478 περ
1401 3399 1583 3457 εἰδότα
1633 3402 1728 3471 ὡς,
1779 3400 1823 3456 εἰ
1875 3398 1991 3457 ἔλθι

336 3494 486 3567 αὐτῷ
544 3494 623 3559 είς
678 3498 875 3571 γνῶσιν
925 3496 1116 3563 ταῦτα,
1183 3492 1402 3568 μυρίοις
1466 3512 1556 3565 με,
1641 3490 1687 3547 εἰ
1745 3488 1993 3559 δυνατὸν,

338 3580 720 3641 καθυποϐαλεῖ
759 3582 1029 3648 θανάτοις.
1089 3581 1247 3640 Ἀλλ’
1305 3578 1493 3659 ἔγωγε,
1551 3582 1641 3637 τὸν
1699 3586 1799 3637 τοῦ
1857 3585 1993 3637 Θεοῦ

342 3671 509 3749 λόγον
541 3675 755 3730 πάντων
810 3672 1123 3750 προκρίνων
1184 3670 1274 3727 καὶ
1334 3671 1499 3727 αὐτοῦ
1557 3674 1741 3727 ποθῶν
1802 3671 1990 3726 ἐπιτυ-

342 3768 492 3840 χεῖν,
524 3762 649 3820 οὔτε
697 3766 971 3838 πτοοῦμαι
1027 3763 1119 3818 τὸν
1175 3761 1506 3837 πρόσκαιρον
1562 3762 1811 3835 θάνατον,
1868 3758 1992 3816 (οὔτε

331 3860 437 3925 τῆς
486 3853 746 3924 τοιαύτης
796 3853 959 3909 αὐτὸν
1016 3851 1391 3928 προσηγορίας
1446 3848 1591 3922 ὄίξιον
1651 3849 1797 3913 ὅλως
1857 3849 1991 3905 ἀπο-

330 3943 511 4015 καλῶ,
544 3946 613 4018 τῇ
645 3946 951 4017 Δεσποτικῇ
983 3942 1308 4014 πειθόμενος
1344 3939 1560 4015 ἐντολῇ,
1618 3942 1686 4015 τῇ
1735 3940 1987 4016 λεγουσῃ.

330 4035 423 4104 Μή
455 4029 866 4113 φοϐεῖσθειῦίιν)
895 4032 1001 4087 ἀπὸ
1057 4036 1165 4087 τῶν
1228 4030 1627 4087 ἀποκτενόντων
1685 4029 1750 4085 τὸ
1808 4034 1988 4105 σῶμα,

326 4126 428 4194 τήν
466 4122 525 4179 δὲ
562 4125 748 4199 ψυχὴν
811 4123 885 4196 μή
944 4118 1258 4195 δυναμένων
1311 4119 1646 4176 ἀποκτεῖναν
1708 4114 1991 4198 φοϐήθητε

333 4211 392 4269 δὲ
426 4211 643 4287 μᾶλλον
670 4214 762 4268 τὸν
798 4210 1103 4285 δυνάμενον
1136 4208 1226 4267 καί
1276 4212 1464 4285 ψυχὴν
1514 4209 1604 4265 καὶ
1654 4214 1813 4283 σῶμα
1861 4210 1991 4264 ἀπο·

334 4302 491 4359 λὲσαι
520 4303 575 4359 ἐν
607 4304 795 4380 γεέννῃ
808 4346 820 4359 .

409 4397 582 4450 Ταῦτα
616 4393 714 4468 μὶν
765 4394 883 4461 οῦν,
939 4390 1103 4469 φησὶν
1158 4392 1187 4446 ὁ
1246 4391 1501 4467 Ίωάσαφ,
1557 4396 1659 4461 τῆς
1718 4389 1989 4461 ἀληθινῆς

341 4484 499 4557 ὑμῶν
553 4481 881 4563 φιλοσοφίας
934 4481 1001 4536 τὰ
1080 4481 1505 4557 κατορθώματα,
1585 4475 1991 4555 ὑπιραναϐεϐη-

330 4572 464 4629 κότα
494 4572 613 4629 λίαν
646 4574 745 4642 τήν
777 4576 883 4627 τών
911 4568 1119 4647 γηίνων
1150 4570 1306 4649 φύσιν
1362 4574 1469 4625 τῶν
1522 4566 1989 4633 δυσαποσπάστως

2087 623 2263 692 (Rom.
2297 624 2393 696 γι).

2155 713 2310 767 Dixit
2339 722 2538 770 autem
2572 716 2645 771 ad
2696 733 2831 772 eum
2881 716 3199 788 Josaphat:
3247 712 3737 784 Quandoquidem

2081 802 2261 857 vitam
2294 820 2424 874 quae
2457 805 2517 859 in
2551 822 2725 862 carne
2761 806 3017 873 ducitur,
3080 807 3257 861 vitam
3308 821 3437 860 esse
3487 802 3731 857 minime

2083 909 2312 961 censes,
2344 911 2453 965 par
2483 900 2572 950 est
2601 896 2780 968 igitur
2810 904 2872 952 ut
2902 916 2975 953 ne
3006 903 3261 953 mortem
3294 893 3535 967 quidem
3577 892 3733 947 hanc

2084 999 2262 1054 quam
2294 999 2500 1037 omnes
2531 983 2787 1039 subeunt
2815 991 3066 1040 mortem
3099 1001 3227 1040 esse
3260 999 3527 1039 censeas.

2154 1072 2481 1144 Respondit
2513 1090 2693 1129 senex
2723 1092 2735 1129 :
2770 1075 2903 1130 Sine
2935 1076 3058 1131 ulla
3089 1074 3456 1130 dubitatione
3511 1072 3582 1127 de
3637 1067 3730 1124 his

2083 1178 2320 1233 quoque
2353 1162 2434 1217 ita
2464 1179 2699 1233 censeo,
2733 1163 2954 1236 quippe
2988 1165 3087 1236 qui
3127 1163 3545 1236 temporariam
3577 1162 3731 1215 hanc

2083 1257 2325 1307 mortem
2346 1252 2590 1307 minime
2604 1254 3167 1325 pertimescam,imo
3187 1272 3295 1309 nec
3309 1254 3552 1309 omnino
3568 1266 3730 1305 mor-

2084 1346 2203 1396 tem
2236 1358 2367 1397 eam
2406 1341 2724 1414 appellem,
2758 1343 2806 1396 si
2840 1342 3078 1414 quidem
3112 1360 3203 1398 me
3232 1360 3337 1414 per
3394 1342 3732 1397 divinorum

2084 1438 2519 1504 praeceptorum
2537 1433 2690 1487 viam
2718 1433 3095 1488 incedentem
3119 1432 3609 1504 arripuerit,quin
3630 1447 3731 1502 po-

2086 1523 2202 1577 tius
2236 1524 2550 1577 transitum
2583 1540 2617 1578 a
2633 1529 2821 1579 morte
2844 1523 2916 1579 ad
2939 1523 3414 1596 praestantiorem
3433 1519 3732 1592 etperfec-

2087 1612 2299 1667 tiorem
2332 1612 2507 1667 vitam
2542 1618 2718 1683 atque
2743 1613 2803 1667 in
2825 1613 3055 1668 Christo
3079 1610 3489 1668 absconditam
3508 1608 3730 1679 (Coloss.

2086 1702 2378 1774 1n).Cujus
2411 1702 2651 1775 quidem
2675 1703 3112 1775 consequendze
3134 1701 3458 1773 cupiditate
3480 1699 3736 1771 flagran-

2089 1799 2173 1849 tes
2206 1794 2413 1865 optimi
2443 1793 2571 1860 viri,
2606 1801 2963 1867 przesentem
2987 1795 3140 1849 hanc
3171 1793 3348 1847 vitam
3378 1788 3737 1863 permoleste

2086 1882 2374 1941 ferebant.
2412 1883 2573 1938 Unde
2607 1884 2786 1938 etiam
2813 1884 2897 1937 ait
2928 1882 3280 1955 Apostolus:
3315 1880 3542 1935 Scimus
3574 1876 3735 1932 enim

2087 1974 2370 2045 quoniam
2404 1973 2451 2027 si
2486 1973 2784 2028 terrestris
2815 1971 3029 2028 domus
3060 1979 3265 2027 nostra
3294 1970 3473 2042 hujus
3504 1967 3736 2022 habita-

2088 2063 2267 2118 tionis
2300 2062 2661 2131 dissolvitur,
2695 2062 3153 2118 aedificationem
3184 2079 3253 2116 ex
3278 2061 3395 2115 Deo
3423 2057 3734 2124 habemus,

2088 2151 2333 2208 domum
2365 2170 2484 2207 non
2516 2152 2937 2222 manufactam,
2968 2158 3251 2207 aeternam
3284 2150 3343 2204 in
3376 2149 3559 2204 oculis.
3593 2148 3740 2201 Nam

2089 2249 2147 2297 et
2168 2241 2229 2297 in
2250 2243 2357 2297 hoc
2381 2242 3284 2315 ingemiscimus,habitationem
3309 2244 3734 2307 nostram.quaa

2090 2332 2163 2387 de
2194 2331 2339 2387 c0310
2372 2338 2479 2397 est,
2515 2331 2865 2403 superindui
2898 2332 3227 2402 cupientes,
3249 2331 3511 2384 sitamen
3539 2324 3735 2379 vestiti

2091 2428 2149 2477 et
2165 2437 2284 2476 non
2300 2420 2443 2477 nudi
2464 2421 2837 2476 inveniamur
2854 2422 2925 2493 (ΙΙ
2948 2421 3052 2475 Cor
3080 2421 3305 2490 v).Nam
3330 2424 3387 2473 et
3408 2417 3509 2488 qui
3532 2430 3738 2470 sumus

2091 2512 2154 2566 in
2186 2511 2301 2566 hoc
2330 2509 2738 2578 tabernaculo,
2764 2509 3212 2583 ingemiscimus
3235 2507 3553 2580 gravati.eo
3582 2502 3741 2575 quod

2089 2601 2370 2657 nolumus
2403 2600 2835 2673 exspoliariari,
2878 2599 2981 2655 sed
3004 2616 3183 2671 super
3212 2597 3506 2665 vestiri,ut
3530 2595 3742 2651 absor-

2089 2690 2300 2747 beatur
2316 2690 2473 2761 quod
2494 2690 2746 2745 mortale
2770 2696 2859 2744 est
2877 2706 2911 2745 a
2940 2690 3076 2744 vita.
3098 2692 3179 2743 Ac
3201 2703 3437 2742 rursum
3463 2701 3475 2739 :
3505 2683 3740 2751 Infelix,

2090 2780 2305 2853 inquit,
2329 2797 2433 2854 ego
2461 2780 2800 2853 homo,quis
2824 2796 2917 2835 me
2938 2778 3219 2835 liberabit
3236 2778 3307 2833 de
3330 2792 3576 2848 corpore
3589 2791 3743 2829 mor-

2092 2871 2167 2925 tis
2188 2870 2368 2941 hujus
2394 2871 2571 2941 (Rom.
2605 2870 2735 2940 vn)?
2756 2872 2825 2923 Et
2855 2869 2971 2924 alio
2994 2869 3121 2924 loco
3141 2886 3153 2922 :
3177 2866 3361 2939 Cupio
3386 2864 3648 2931 dissolvi,
3684 2868 3743 2918 et

2092 2977 2221 3015 esse
2243 2978 2376 3014 cum
2392 2961 2623 3015 Christo
2641 2961 3015 3031 (Philip.i),Et
3035 2958 3325 3030 propheta
3341 2954 3743 3020 Javiszuan-

2092 3049 2165 3104 do
2188 3050 2441 3117 veniam,
2468 3050 2837 3123 etapparebo
2866 3054 3002 3105 ante
3025 3048 3237 3103 faciem
3264 3047 3365 3101 Dei
3384 3044 3548 3116 (Psal.
3582 3045 3695 3114 xm)
3718 3041 3746 3097 ?

2093 3142 2257 3207 Quod
2288 3145 2487 3197 autem
2511 3158 2616 3214 ego
2658 3158 2895 3212 quoque
2920 3141 3190 3196 omnium
3224 3138 3497 3193 infirmus
3527 3150 3743 3205 corpo-

2098 3248 2263 3286 ream
2288 3236 2538 3287 mortem
2562 3230 2729 3287 nullo
2762 3230 2938 3287 modo
2964 3230 3369 3285 extimescam.
3402 3227 3543 3281 hinc
3573 3223 3746 3279 facile

2101 3320 2205 3375 tibi
2230 3321 2564 3395 intelligere
2587 3320 2912 3392 licet,quod
2933 3318 3119 3393 patris
3136 3319 3219 3373 tui
3244 3317 3425 3372 minis
3443 3321 3747 3385 contemp-

2100 3410 2175 3466 tis
2197 3427 2263 3466 ac
2280 3428 2386 3483 pro
2414 3410 2602 3465 nihilo
2626 3408 3170 3481 habitisintrepide
3194 3408 3267 3463 ad
3300 3412 3353 3462 te
3369 3405 3743 3469 accesserim,

2099 3506 2164 3555 ut
2193 3499 2560 3556 salutiferam
2590 3499 2923 3556 doctrinam
2958 3499 3062 3553 tibi
3091 3512 3485 3570 exponerem;
3512 3492 3748 3551 tametsi

2098 3590 2321 3662 alioqui
2348 3590 2888 3662 compertissimum
2921 3588 3203 3643 haberem
3236 3586 3359 3641 fore
3408 3590 3474 3639 ut
3522 3585 3569 3638 si
3621 3583 3747 3637 haec

2101 3680 2473 3751 rescisceret,
2498 3680 2793 3735 sexcentis
2824 3696 2941 3747 me,
2977 3678 3023 3733 si
3044 3677 3172 3733 fieri
3199 3680 3420 3747 posset,
3454 3671 3745 3729 mortibus

2098 3767 2383 3823 afficeret.
2406 3771 2619 3825 Verum
2642 3786 2746 3843 ego
2776 3769 2875 3824 Dei
2906 3783 3241 3824 sermonem
3269 3763 3546 3820 omnibus
3571 3760 3749 3816 rebus

2098 3860 2748 3931 anteponens,ipsoque
2770 3858 2885 3913 frui
2908 3858 3174 3931 cupiens,
3192 3873 3301 3911 nec
3324 3850 3747 3926 temporariam

2098 3947 2253 4003 hanc
2280 3954 2532 4003 mortem
2564 3949 3089 4021 perborresco,nec
3114 3964 3241 4002 eam
3271 3942 3616 4015 hujusmodi
3641 3957 3746 3995 no-

2098 4036 2259 4091 mine
2290 4037 2710 4110 appellandam
2741 4038 2912 4107 duco,
2947 4037 3181 4094 Domini
3215 4034 3440 4091 scilicet
3466 4030 3746 4088 mandato

2098 4126 2518 4199 obtemperans
2543 4128 2799 4184 dicentis
2826 4146 2839 4184 :
2874 4128 3064 4183 Nolite
3092 4128 3300 4182 timere
3334 4141 3435 4180 eos
3466 4121 3567 4194 qui
3589 4118 3746 4175 occi-

2098 4216 2250 4271 dunt
2278 4234 2515 4289 corpus,
2548 4218 2819 4274 animum
2868 4224 3070 4275 autem
3118 4234 3240 4272 non
3286 4217 3538 4288 possunt
3588 4208 3748 4266 occi—

2098 4305 2274 4374 dere;
2315 4307 2421 4363 sed
2450 4308 2647 4379 potius
2678 4309 2882 4364 timete
2914 4323 3050 4363 eum
3082 4306 3184 4379 qui
3242 4310 3437 4377 potest
3483 4300 3746 4358 animam

2099 4402 2158 4451 et
2183 4413 2396 4469 corpus
2423 4397 2672 4469 perdere
2706 4398 2765 4453 in
2796 4399 3132 4471 gehennam
3165 4396 3380 4469 (Matth.
3407 4392 3484 4465 x).

2170 4488 2323 4554 Haec,
2360 4488 2554 4560 inquit
2580 4490 2887 4561 Josaphat,
2919 4507 3068 4545 verre
3101 4494 3309 4543 vestra:
3354 4482 3747 4558 philosophiae

2098 4579 2383 4648 praeclara
2405 4578 3073 4647 facinora,terrenorum
3094 4579 3407 4634 hominum
3431 4575 3531 4648 qui
3554 4592 3588 4631 a
3604 4591 3751 4646 pra:-

326 4670 432 4733 τῆς
482 4662 769 4735 παρούσης
825 4660 1066 4736 ἐχόντων
1130 4666 1299 4730 ζωῆςο
1357 4659 1446 4715 καὶ
1508 4660 1766 4734 μακάριοι
1827 4661 1981 4734 ὑμεῖς

2097 4669 2249 4723 senti
2266 4669 2375 4724 hac
2391 4669 2505 4725 vita
2522 4671 2615 4724 vix
2635 4670 2808 4726 avelli
2834 4675 3383 4742 possunt,naturam
3408 4667 3581 4739 longe
3596 4662 3750 4719 mul-

336 4755 495 4812 164
519 4752 778 4823 τοιαύτης
834 4748 1096 4826 ἐχόμενοι
1157 4745 1545 4825 ἀνδρειοτάτης
1595 4749 1846 4826 γνώμης.
1879 4751 1979 4814 Τίς

328 4839 388 4897 δὲ
428 4863 523 4897 σου
580 4840 673 4896 καὶ
729 4843 837 4895 τῶν
893 4838 986 4895 σὺν
1046 4837 1132 4894 σοὶ
1192 4838 1243 4894 ἐν
1300 4841 1369 4913 τῇ
1425 4838 1651 4914 τοιαύτῃ
1712 4840 1907 4916 ἐρήμῳ
1944 4844 1979 4911 ἡ

328 4930 623 5010 διατροφὴ,
656 4929 817 4995 πόθεν
846 4926 903 4985 δὲ
948 4930 1015 4984 τά
1066 4925 1341 5002 ἐνδύματα
1398 4929 1485 4984 καὶ
1544 4930 1784 5004 ποταπά,
1840 4931 1984 5009 γνώ..

327 5022 479 5097 ρισόν
517 5042 612 5095 μοι
643 5017 988 5095 φιλαλήθως.

400 5205 509 5275 (66)
541 5202 696 5276 Psal.
731 5218 922 5276 cxvm,
956 5203 1061 5256 32:
1094 5197 1262 5276 :08?»
1296 5198 1536 5257 ἐντολῶν
1569 5220 1666 5255 σου
1695 5197 1954 5276 ἔδραμον.

400 5278 512 5345 (67)
542 5274 625 5329 Cf.
660 5275 827 5347 Greg.
862 5275 992 5347 Nae.
1022 5278 1068 5347 _t.
1096 5274 1139 5335 Ι,
1172 5292 1230 5346 p.
1264 5277 1388 5329 315.

2096 4763 2340 4830 tumque
2359 4766 2644 4832 superant
2672 4763 2752 4816 Ac
2774 4778 2874 4816 vos
2894 4760 3181 4831 beati,qui
3201 4760 3311 4815 hac
3335 4754 3750 4813 strenuissima

2093 4853 2292 4903 mente
2309 4850 2542 4920 praediti
2560 4852 2721 4906 estis.
2739 4850 2991 4916 Quinam
3007 4866 3182 4923 porro
3200 4849 3305 4904 tibi
3334 4864 3400 4903 ac
3424 4846 3601 4901 sociis
3625 4844 3743 4897 tuis

2094 4937 2155 4992 in
2170 4938 2269 5010 huj
2280 4939 2512 4995 usmodi
2529 4940 2853 4996 solitudine
2865 4942 3054 4996 victus
3068 4940 3348 5010 sit,atque
3363 4938 3505 4993 item
3518 4932 3675 4989 unde
3688 4937 3749 4987 et

2094 5028 2429 5099 cujusmodi
2452 5030 2615 5087 vobis
2638 5037 2829 5087 vestes
2843 5035 3320 5104 suppetant,vere
3336 5026 3480 5082 mihi
3496 5040 3745 5097 expone.

544 5344 808 5430 Epistola
837 5344 911 5430 ad
937 5344 1287 5430 901088._lll,.
1307 5349 1337 5401 3
1370 5363 1382 5401 :
1417 5345 1739 5409 Ἀπεθάνετε
1766 5345 1893 5422 γὰρ,
1925 5368 1981 5402 κο

2116 5351 2228 5419 ζωὴ
2265 5350 2416 5425 ὑμῶν
2475 5352 2771 5430 κέκρυπται
2829 5354 2919 5409 σὺν
2975 5357 3056 5426 τῷ
3116 5353 3340 5427 Χριστῷ
3385 5350 3436 5407 ἐν
3467 5351 3547 5426 τῷ
3601 5356 3735 5426 Θεῷ.

426 5420 515 5486 69)
545 5417 599 5472 Π
624 5417 915 5489 Βρίξααᾱ
947 5417 1078 5475 Cor.
1112 5434 1163 5483 v,
1200 5419 1317 5474 1-4.

423 5492 509 5552 70)
542 5488 725 5560 Epist.
759 5488 835 5545 ad
865 5492 1033 5545 Rom.
1067 5505 1160 5553 vn.
1192 5491 1282 5545 24.

542 5556 726 5639 Epist.
759 5560 835 5617 ad
865 5560 1122 5639 P_hilipp.
1148 5578 1184 5633 I,
1218 5564 1285 5632 2g
1312 5579 1325 5618 :
1356 5561 1467 5632 Τὴν
1500 5559 1790 5637 ἐπιθυμίαν
1824 5556 1969 5639 ἔχων

2111 5565 2174 5621 τὸ
2203 5566 2535 5629 ἀναλῦσαι...

423 5705 514 5777 73)
546 5705 714 5762 Conf.
745 5720 915 5832 pagg.
949 5706 1039 5774 20,
1072 5707 1163 5774 21,
1196 5707 1287 5766 28.

423 5776 511 5833 74)
542 5777 746 5833 Matth.
779 5794 839 5833 ι.
905 5776 956 5833 8.

423 5564 481 5616 71
542 5562 726 5634 Epist.
759 5562 835 5617 ad
865 5562 940 5616 Ph

423 5562 511 5705 72)
539 5632 698 5689 Psal.
730 5649 844 5699 xm,
887 5635 940 5687 2.

423 5637 511 5705 72)
539 5637 698 5689 Psal.
730 5649 839 5699 ιιι,

423 5705 514 5777 73)
546 5705 714 5762 Conf.
745 5721 839 5778 pag

400 5637 511 5859 (γε)
542 5777 746 5836 Matth.
779 5794 839 5851 ι,
