4100 6408
220 412 362 471 1021

1415 413 1588 467 νΙτΑ
1614 409 1975 466 ΒΑΒΒΔΔΠ
2010 409 2105 462 ET
2138 407 2483 463 JOABAPH.

3509 411 3535 470 Ι
3544 412 3652 468 022

219 537 452 609 αλήθως
483 536 584 605 τήν
612 538 723 590 τῶν
752 532 1038 611 παρόντων
1075 534 1414 607 ματαιότητα
1460 535 1549 589 καὶ
1604 532 1733 589 ο⁹ίων
1780 552 1879 587 κα-

1995 533 2314 588 vanitatem
2337 532 2758 599 demonstravi,
2778 533 3138 604 quantisque
3160 536 3333 591 malis
3355 538 3451 594 hic
3473 557 3648 597 mun-

215 631 335 683 κῶν
368 626 397 681 ὁ
446 625 655 698 κόσμος
708 621 886 699 γέμει,
944 621 1210 699 χαλεπῶς
1270 625 1490 679 ἀπατῶν
1548 622 1675 687 τοὺς
1739 622 1887 695 αὖτῷ

217 714 590 789 πειθομένους
620 713 710 769 καὶ
741 711 1114 788 πολυτρόπως
1159 713 1357 775 αὐτοὺς
1391 709 1722 789 παγιδεὺων.
1759 719 1886 766 Λοι-

215 807 323 862 πὸν
356 799 689 880 πορευθῆναί
717 823 784 876 με
816 799 900 857 δεῖ
946 803 1066 866 ὅθεν
1108 799 1373 873 ἐλήλυθα.
1407 802 1511 859 Καὶ
1566 805 1884 873 τηνικαῦτα,

212 896 284 951 τὸ
328 894 628 970 ἂλλότριον
662 890 999 966 ἀποθέμενος
1058 895 1274 967 σχῆμα,
1304 893 1369 947 τὸ
1392 890 1537 946 ’ίδιον
1570 889 1763 965 ἔσομαι
1796 890 1884 945 ἐν-

220 978 546 1055 δεδυμένος.

295 1075 548 1127 Δυσωπεῖ
600 1068 782 1125 τοίνυν
840 1068 934 1123 τὸν
988 1068 1215 1146 γέροντα
1274 1070 1303 1124 ὑ
1364 1070 1593 1146 Ἰωᾶσαφ
1652 1068 1881 1144 ὀφθῆναι

217 1163 377 1235 αὐτῷ
422 1166 506 1234 τῷ
554 1162 773 1231 συνήθει
831 1159 1002 1214 αὐτοῦ
1059 1156 1339 1233 ἐνδόματι.
1392 1160 1583 1216 Τότεὸ
1615 1157 1885 1233 Βαρλαάμ

214 1247 661 1323 ἀπεκδυσάμενος
713 1249 773 1312 ὃς
821 1249 891 1317 ἦν
923 1244 1402 1323 περιϐεϐλημένος
1434 1248 1676 1321 ἱμάτιον,
1710 1248 1885 1321 θέαμα

217 1339 379 1412 ὤφθη
414 1335 645 1419 φοϐερὸν
703 1344 786 1413 τῷ
845 1340 1103 1419 Ἰωάσαφ.
1137 1342 1236 1397 Ἢν
1281 1342 1387 1416 γὰρ
1418 1342 1452 1410 ἡ
1486 1344 1629 1395 πᾶσα
1661 1339 1758 1413 μὲν
1787 1342 1885 1409 τῆς

219 1432 419 1506 σαρκὸς
456 1429 692 1501 ποιότης
740 1426 1186 1503 δεδαπανημένη,
1247 1429 1700 1504 μεμελανωμὲνον
1736 1426 1793 1484 δὲ
1823 1430 1884 1485 τὸ

218 1517 397 1598 δέρμα
426 1520 485 1576 ἐκ
512 1527 615 1591 τῆς
646 1519 891 1590 ἡλιακῆς
936 1519 1289 1598 φιλογώσεως
1318 1520 1409 1575 καὶ
1467 1519 1879 1595 περιτεταμὲνον

217 1615 340 1673 τοῖς
376 1609 607 1681 δστέοις,
639 1608 712 1671 ὡς
744 1607 798 1664 εἷ’
820 1630 903 1672 τις
928 1607 1090 1684 δοράν
1122 1631 1241 1665 τινα
1272 1608 1556 1684 περιτείνει
1576 1609 1629 1664 ἐν
1658 1608 1883 1672 λεπτοῖς

220 1698 522 1774 καλάμοις·
578 1695 826 1774 τρίχινον
883 1696 941 1753 δὲ
993 1719 1044 1753 τι
1107 1697 1273 1775 ῥάκος
1339 1698 1732 1776 ἐρῥικνωμένον
1790 1698 1880 1753 καὶ

226 1788 351 1845 λίαν
378 1789 556 1866 τραχὺ
612 1788 1008 1865 περιεζώννυτο
1040 1787 1090 1859 ἐξ
1125 1788 1325 1867 ὀσφύος
1387 1790 1552 1864 μέχρι
1611 1788 1874 1865 γονάτων·

226 1879 423 1969 ὅμοιον
456 1875 515 1933 δὲ
567 1878 766 1933 τούτου
822 1875 1058 1933 παλλίον
1118 1881 1232 1952 (83)
1288 1874 1688 1955 περιεϐέϐλητο
1744 1879 1882 1934 κατὰ
1912 1904 1959 1969 Β

223 1970 339 2023 τῶν
366 1961 560 2040 ὤμων.

296 2055 742 2133 Ὑπερθαυμάσας
801 2052 860 2111 δὲ
917 2058 945 2111 ὁ
1004 2057 1237 2132 Ἰωάσαφ
1296 2062 1396 2127 τῆς
1452 2056 1695 2133 σκληρᾶς
1748 2058 1883 2113 ταύ-

218 2167 326 2218 της
378 2143 657 2222 διαγωγῆς
710 2146 776 2201 τὸ
833 2145 1115 2216 ἐπίπονον,
1174 2148 1266 2201 καὶ
1322 2148 1385 2202 τὸ
1438 2154 1539 2217 τῆς
1597 2147 1881 2223 καρτερίας

219 2228 577 2310 ὑπερϐάζολον
632 2232 962 2311 ἐκπλαγεὶς,
1021 2231 1273 2313 σφοδρῶς
1329 2233 1572 2309 ἐδάκρυε,
1604 2236 1694 2291 καὶ
1748 2257 1881 2314 φησι

211 2322 356 2398 πρὸς
402 2323 498 2380 τὸν
554 2326 812 2400 γέροντα·
862 2324 1012 2382 Ἐπεί
1075 2346 1141 2399 με
1169 2325 1272 2392 τῆς
1298 2330 1496 2401 πικρᾶς
1540 2329 1637 2381 τοῦ
1695 2321 1880 2381 διαϐό-

216 2412 325 2471 λου
385 2411 643 2478 δουλείας
718 2414 1082 2488 ἐλευθερῶσαι
1173 2415 1375 2488 ἥκεις,
1433 2416 1594 2481 τέλος
1661 2436 1756 2471 σου
1810 2418 1879 2489 τῇ

217 2504 503 2581 εὐεργεσίᾳ
557 2505 762 2563 ἐπιθεὶς
842 2506 1065 2583 ἐξάγαγε
1136 2510 1251 2580 (84)
1306 2506 1366 2562 ἐκ
1448 2505 1696 2585 φυλακῆς
1778 2508 1878 2576 τήν

215 2597 410 2671 ψυγήν
468 2616 596 2670 μου,
660 2599 805 2655 157
863 2595 986 2666 καὶ,
1043 2592 1381 2672 παραλαϐών
1444 2617 1510 2670 με
1568 2596 1703 2669 μετὰ
1756 2601 1879 2668 σοῦ,

219 2685 443 2761 ἄγωμεν
498 2685 758 2759 ἐντεῦθεν,
812 2685 903 2740 ἳνα
945 2684 1133 2741 τέλεον
1173 2684 1595 2762 λελυτρωμένος
1622 2693 1724 2756 τῆς
1781 2691 1879 2742 τοῦ

216 2773 436 2848 κόσμου
493 2776 703 2847 ἀπάτης
772 2776 874 2845 τήν
932 2772 1202 2854 σφραγῖδα
1258 2780 1554 2846 τηνικαῦτα
1640 2774 1877 2850 δέξωμαι

221 2868 324 2919 τοῦ
382 2864 654 2937 σωτηρίου
718 2864 1122 2940 βαπτίσματος,
1171 2864 1261 2919 καί
1315 2864 1581 2929 κοινωνός
1638 2887 1725 2920 σοι
1778 2869 1876 2934 τῆς

223 2961 542 3027 θαυμαστῆς
561 2953 765 3025 ταύτης
794 2953 1121 3034 φιλοσοφίας
1152 2954 1240 3010 καὶ
1266 2955 1571 3033 ὑπερφυοῦς
1599 2955 1880 3027 ἀσκήσεως

221 3044 492 3121 γένωμαι.

285 3224 421 3281 Eius
466 3222 523 3280 δί
572 3222 838 3298 Βαρλαᾶιμ
889 3225 1025 3299 πρὸς
1091 3224 1275 3280 αὐτόν’
1337 3221 1549 3299 Νεϐρὸν
1606 3222 1871 3301 δορκάδος

207 3313 400 3392 ἐτρεφὲ
471 3335 556 3377 τις
641 3319 747 3369 τῶν
806 3313 1093 3370 πλουσίων
1130 3357 1145 3373 .
1227 3313 1529 3388 Αὑξηθεῖσα
1602 3312 1660 3370 δὶ
1736 3314 1868 3386 αὕτη

204 3406 303 3467 τὰς
372 3402 618 3479 ἐρήμους
686 3403 870 3460 ἐπόθει
909 3451 922 3473 ,
991 3408 1061 3479 τῇ
1121 3409 1323 3481 φυσικῇ
1385 3404 1661 3479 ἐλκομένη
1718 3402 1870 3477 ἕξει.

209 3492 538 3565 Ἐξελθοῦσα
564 3493 746 3549 τοίνυν
786 3492 837 3548 ἐν
869 3500 991 3568 μιᾷ,
1045 3495 1279 3570 εὑρίσκει
1330 3494 1530 3571 ἀγέλην
1590 3493 1872 3571 δορκαδων

214 3582 570 3660 βοσκομένων
622 3584 712 3638 καὶ
763 3582 1005 3658 ἐχόμενα
1061 3583 1273 3639 τούτων
1329 3590 1585 3660 περιῆγεν
1644 3582 1696 3639 ἐν
1756 3589 1874 3647 τοῖς

213 3669 428 3735 πεδίοις
471 3676 567 3727 τοῦ
623 3670 856 3746 δρυμοῦ,
919 3672 1327 3751 ὑποστρὲφουσα
1362 3674 1455 3745 μὲν
1512 3674 1576 3727 τὸ
1613 3674 1752 3749 πρὸς
1783 3671 1873 3727 ἐσ-

210 3762 398 3836 πέραν,
430 3761 543 3834 ἅμα
582 3759 639 3817 δὲ
691 3759 859 3836 πρωΐ,
893 3765 962 3835 τῇ
1010 3767 1120 3817 τῶν
1171 3761 1590 3838 ὑπουργούντων
1618 3760 1870 3834 ἀμελείᾳ,

208 3850 546 3927 ἐξερχομένη
602 3852 695 3907 καὶ
753 3857 870 3915 τοῖς
927 3852 1136 3928 ἃργίοις
1194 3852 1871 3928 συναγελάζουσα.Ἐκεί-

207 3963 316 3997 νων
377 3939 435 3996 δὲ
475 3941 810 4019 πορῥωτέρω
864 3944 1240 4016 μεταθεμένων
1297 3944 1577 4015 νέμεσθαι,
1635 3962 1870 4011 συνηκο-

208 4029 450 4102 λοῦθησε
503 4031 596 4086 καὶ
654 4032 816 4102 αὐτή,
878 4024 945 4088 Οἱ
1000 4030 1058 4087 δὲ
1103 4036 1199 4086 τοῦ
1256 4028 1525 4086 πλουσίου
1584 4030 1871 4107 ὑπηρέται,

200 4125 367 4176 τοῦτο
409 4119 755 4194 οἷσθόμενοι,
788 4118 869 4200 ἐφ’
922 4120 1109 4177 ἳππων
1168 4118 1483 4189 ἀναϐάντες,
1543 4120 1869 4192 κατεδίωξαν

208 4202 387 4258 ὀπίσω
418 4203 619 4275 αὐτῶν,
651 4203 744 4259 καὶ
797 4207 895 4276 τήν
965 4207 1059 4278 μὲν
1094 4205 1235 4261 ιδίαν
1271 4203 1509 4281 δορκάδα
1543 4208 1869 4282 ζωγρήσαν-

204 4313 316 4364 τες,
358 4294 449 4348 καὶ
507 4292 1007 4370 ἐπαναστρεψαντες
1060 4294 1272 4365 οἷ’καδε,
1323 4296 1583 4363 ἀπρόϊτον
1610 4301 1708 4351 τοῦ
1751 4297 1873 4352 λοι-

207 4386 316 4437 ποῦ
346 4376 546 4447 ἕθεντσ
582 4386 684 4450 τῆς
722 4380 779 4438 δὲ
835 4381 1046 4455 λοιπῆς
1096 4384 1299 4462 ἀγέλης
1330 4386 1428 4448 τὰς
1482 4385 1578 4459 μὶν
1611 4384 1869 4441 ἀπέκτει-

208 4492 326 4541 ναν,
356 4472 451 4535 τὰς
490 4470 546 4529 δὶ
598 4473 779 4536 κακῶς
839 4471 1127 4539 διὲθεντον.
1182 4476 1285 4531 Τὸν
1345 4474 1507 4530 αὐτὸν
1540 4475 1607 4544 δὴ
1665 4477 1869 4545 τρόπον

206 4557 427 4617 δέδοικα
466 4560 711 4637 γενέσθαι
760 4562 851 4618 καὶ
908 4561 988 4640 ἐφ’
1047 4566 1219 4635 ἡμᾶς,
1280 4565 1329 4619 εἴ
1380 4563 1873 4636 συνακολουθήσεις

1996 621 2106 677 dus
2140 629 2382 687 scateat,
2417 640 2519 678 eos
2569 624 2670 694 qui
2701 624 2814 695 ipsi
2840 623 3255 696 obtemperant
3294 626 3355 681 in
3374 627 3645 684 fraudem

1996 711 2309 778 inducens,
2343 713 2639 783 variisque
2672 713 2865 768 modis
2894 714 3194 769 irretiens.
3221 716 3511 787 Deinceps
3542 719 3649 789 lgi-

1995 808 2110 868 tur,
2146 818 2213 856 eo
2245 801 2402 857 unde
2437 802 2552 857 huc
2588 803 2742 866 veni,
2796 805 3212 859 revertendum
3258 812 3372 873 est,
3406 822 3473 861 ac
3523 812 3650 862 tum

1994 891 2192 947 alieno
2224 891 2429 946 habitu
2463 892 2753 963 deposito,
2789 909 2986 949 meum
3040 894 3306 951 induam.

2068 1071 2411 1127 Obsecravit
2433 1077 2633 1126 autem
2659 1088 2861 1127 senem
2886 1075 3341 1145 Josaphat,utse
3372 1075 3484 1147 ipsi
3509 1090 3645 1131 cum

1993 1167 2280 1217 consueta
2310 1166 2468 1217 veste
2488 1161 2847 1216 ostenderet.
2873 1164 3014 1217 Cum
3039 1164 3238 1235 itaque
3263 1166 3531 1221 Barlaam
3553 1181 3650 1219 ve-

1994 1256 2143 1306 stem
2175 1268 2305 1306 eam
2329 1268 2505 1323 quam
2528 1250 2772 1323 gerebat
2792 1252 3071 1322 exuisset,
3096 1254 3460 1309 horrendum
3480 1257 3644 1311 Josa-

1992 1341 2137 1412 phat
2167 1341 2573 1413 spectaculum
2598 1357 2729 1395 sese
2753 1340 2989 1396 obtulit.
3022 1342 3256 1397 Etenim
3282 1348 3403 1398 tota
3446 1345 3644 1400 carnis

1992 1430 2181 1501 ipsius
2207 1431 2464 1502 qualitas
2499 1430 2719 1503 [πιότης
2745 1434 2982 1499 fortasse
3006 1431 3313 1501 legendum,
3343 1433 3405 1487 id
3423 1441 3501 1488 est
3522 1435 3651 1505 pin-

1990 1519 2200 1592 guedo]
2222 1520 2537 1591 absumpta
2563 1526 2708 1579 erat.
2734 1536 2801 1575 ac
2828 1520 3003 1591 pellis
3028 1537 3097 1575 ex
3128 1521 3274 1575 solis
3298 1527 3445 1575 aestu
3469 1528 3647 1593 atque

1991 1609 2203 1664 ardore
2225 1609 2449 1665 circum
2473 1626 2608 1664 ossa
2631 1616 2801 1664 tensa
2826 1616 2974 1677 erat,
3000 1627 3119 1664 non
3146 1626 3315 1664 secus
3339 1626 3406 1665 ac
3430 1610 3478 1664 si
3514 1610 3648 1680 quis

1990 1700 2208 1771 pellem
2228 1700 2546 1756 subtilibus
2558 1701 2806 1757 calamis
2831 1702 3203 1757 tetendisset.
3222 1703 3455 1756 Paunos
3469 1717 3647 1772 porro

1991 1806 2057 1845 ac
2074 1806 2361 1862 perquam
2388 1807 2598 1862 aspero
2631 1791 2825 1845 cilicio
2850 1808 2880 1845 e
2906 1791 3126 1846 lumbis
3148 1791 3434 1861 usquead
3452 1807 3647 1864 genua

1991 1879 2357 1952 cingebatur,
2390 1879 2669 1952 idemque
2701 1880 2949 1953 pallium
2975 1881 3241 1937 humeris
3273 1880 3532 1953 gerebat.

2062 2058 2402 2115 Admiratus
2434 2060 2632 2130 itaque
2653 2060 2937 2132 Josaphat
2960 2060 3304 2132 hujusmodi
3324 2062 3455 2114 vitae
3477 2059 3644 2115 duri-

1990 2149 2131 2203 tiam
2161 2150 2632 2220 etasperitatem.
2651 2156 2827 2221 atque
2851 2150 3161 2222 exingenti
3185 2164 3254 2205 ea
3276 2157 3335 2204 et
3354 2149 3641 2222 singulari

1988 2238 2305 2293 tolerantia
2347 2245 2588 2310 stupore
2618 2241 2864 2294 affectus
2908 2239 3220 2311 ingemuit,
3262 2239 3639 2310 profusisque

1988 2323 2268 2396 lacrymis
2298 2324 2372 2379 ad
2422 2342 2626 2380 senem
2658 2325 2742 2380 ait
2769 2342 2781 2380 :
2832 2326 3122 2391 Quoniam
3159 2342 3227 2380 ea
3258 2326 3363 2379 tibi
3393 2325 3509 2379 huc
3540 2342 3639 2379 ve-

1986 2414 2191 2469 niendi
2217 2430 2395 2470 causa
2415 2414 2545 2481 fuit,
2570 2421 2635 2469 ut
2657 2432 2750 2469 me
2782 2432 2853 2470 ex
2883 2416 3097 2470 acerba
3114 2414 3337 2469 diaboli
3355 2414 3639 2469 servitute

1986 2505 2348 2570 extraheres,
2379 2504 2670 2560 beneﬂcio
2699 2511 2797 2560 tuo
2821 2511 3149 2560 extremam
3174 2520 3415 2559 manum
3448 2504 3642 2575 impo-

1985 2611 2079 2657 ne,
2115 2600 2293 2665 atque
2323 2595 2584 2650 animam
2617 2611 2813 2650 meam
2838 2594 2910 2649 de
2951 2594 3220 2650 custﬁdia
3268 2594 3417 2649 educ
3465 2594 3641 2658 (Psal.

1986 2691 2133 2753 cxu)
2154 2700 2222 2739 ac
2253 2701 2348 2739 me
2380 2685 2612 2739 itineris
2656 2685 2741 2739 tui
2791 2683 3018 2738 socium
3058 2682 3300 2744 adhibe.
3327 2688 3394 2737 ut
3431 2680 3641 2737 mundi

1985 2774 2319 2846 impostura
2349 2791 2592 2846 prorsus
2620 2775 2927 2842 liberatus,
2964 2780 3086 2827 tum
3119 2773 3376 2844 denique
3410 2773 3643 2828 saluta-

1983 2863 2065 2918 ris
2097 2864 2375 2935 baptismi
2404 2864 2665 2937 sigillum
2699 2864 3009 2935 accipiam,
3034 2864 3380 2933 sociumque
3407 2877 3502 2916 me
3536 2861 3644 2915 tibi

1984 2952 2343 3008 admitandm
2375 2954 2553 3025 hujus
2584 2952 2976 3025 philosophia;
3006 2958 3184 3024 atque
3207 2952 3439 3008 eximiae
3470 2967 3630 3007 exer-

1988 3042 2288 3098 citationis
2314 3042 2633 3115 praabeam.

2059 3221 2214 3277 Dixit
2243 3228 2442 3279 autem
2464 3222 2537 3277 ad
2561 3239 2695 3277 eum
2719 3223 2992 3279 Barlaam
3017 3239 3029 3277 :
3064 3223 3301 3294 Capreaa
3320 3222 3642 3277 hinnulum

2060 3273 2212 3277 ____-
2245 3273 2442 3279 ﬂ---"
2467 3273 2537 3277 π
2567 3273 2695 3277 ,ηπ
2723 3273 2992 3279 πηηῇ
3017 3273 3029 3277 -
3074 3273 3204 3294 πῖ-
3224 3273 3296 3278 -ﬁ
3322 3273 3641 3277 __________

1903 3273 1947 3338 ϐ
1987 3312 2148 3369 dives
2170 3313 2466 3386 quispiam
2494 3312 2637 3368 olim
2659 3312 2885 3369 alebat:
2909 3330 3042 3369 cum
3066 3315 3408 3385 autemipse
3432 3313 3641 3369 crevis-

1984 3404 2578 3467 set,naturaliaﬂ‘ectu
2598 3409 2928 3475 pertractus
2942 3403 3296 3459 solitudines
3310 3404 3643 3476 expetebat.

1985 3495 2267 3566 Egressus
2290 3496 2472 3568 igitur
2491 3496 2749 3567 quodam
2773 3496 2891 3563 die,
2917 3512 3267 3567 caprearum
3285 3513 3522 3568 gregem
3549 3514 3648 3570 pa-

1985 3585 2100 3639 stui
2133 3601 2374 3657 Operam
2408 3585 2652 3640 dantem
2682 3585 2926 3651 invenit,
2955 3591 3131 3656 atque
3164 3585 3238 3639 ad
3270 3600 3369 3639 eas
3392 3602 3522 3641 sese
3539 3587 3647 3641 ad-

1975 3674 2261 3747 jungens,
2294 3692 2399 3746 per
2450 3692 2620 3747 agros
2652 3680 2712 3730 et
2754 3691 2996 3746 campos
3026 3673 3360 3739 oberrabat,
3393 3690 3462 3730 ac
3510 3692 3642 3731 sero

1985 3762 2227 3832 quidem
2260 3764 2504 3819 domum
2525 3780 2587 3820 se
2609 3764 2907 3819 referebat
2930 3780 2944 3829 ;
2978 3780 3152 3819 mane
3174 3769 3373 3818 autem
3396 3763 3645 3819 famulo-

1982 3869 2116 3907 rum
2138 3853 2498 3926 negligentia
2521 3854 2679 3909 foras
2698 3854 3130 3924 egrediebatur,
3164 3860 3340 3925 atque
3371 3871 3507 3911 cum
3540 3856 3648 3911 sil-

1983 3942 2277 3998 vestribus
2290 3942 2484 4014 capris
2504 3960 2567 3998 se
2581 3943 2933 4016 aggregabat
2978 3946 3161 3999 Porro
3181 3960 3315 3999 cum
3333 3944 3451 4000 illa;
3466 3945 3650 4016 pabu-

1981 4031 2166 4086 latum
2188 4031 2423 4103 longius
2446 4032 2901 4103 processissent,
2926 4031 3054 4103 ipse
3085 4048 3323 4103 quoque
3346 4047 3445 4087 eas
3467 4031 3649 4087 comi-

1983 4126 2140 4176 tatus
2165 4126 2272 4176 est.
2298 4122 2373 4175 At
2396 4137 2528 4176 vero
2552 4120 2925 4177 divitisillius
2944 4121 3047 4175 viri
3064 4121 3363 4190 famuli,re
3386 4121 3645 4193 cognita,

1985 4212 2334 4267 conscensis
2357 4210 2529 4281 equis
2555 4226 2656 4266 eas
2676 4226 2712 4266 a
2733 4217 2894 4283 tergo
2918 4211 3170 4267 insecuti
3193 4218 3354 4279 sunt,
3379 4227 3447 4265 ac
3471 4226 3641 4266 suam

1985 4300 2227 4373 quidem
2244 4316 2519 4373 capream
2535 4299 2722 4356 vivam
2736 4306 2992 4373 captam.
3027 4301 3392 4371 domumque
3423 4300 3643 4356 reduc-

1983 4398 2104 4447 tam
2126 4392 2372 4463 posthac
2386 4392 2467 4446 ita
2485 4396 2902 4451 tenuerunt.ut
2917 4390 3067 4446 nulli
3082 4390 3153 4446 ad
3167 4407 3297 4446 eam
3310 4390 3507 4446 aditus
3528 4407 3640 4462 pa-

1984 4481 2459 4552 teret;reliquum
2493 4486 2691 4536 autem
2720 4497 2957 4553 gregem
2989 4481 3204 4553 partim
3241 4480 3636 4549 trucidarunt,

1982 4572 2198 4644 partim
2227 4570 2382 4625 male
2405 4570 2757 4626 multarunt.
2772 4569 2993 4625 Eodem
3007 4570 3185 4626 modo
3199 4587 3273 4626 ne
3296 4570 3469 4626 nobis
3493 4572 3645 4626 acci-

206 4670 328 4724 μοι’
367 4653 582 4725 μήποτε
610 4651 703 4707 καὶ
743 4658 845 4722 τῆς
905 4659 1007 4722 σῆς
1064 4652 1425 4728 ἀποστερηθῶ
1482 4655 1876 4726 συνοικήσεως,

1990 4661 2092 4716 dat
2111 4660 2392 4723 metuo,si
2415 4658 2560 4713 mihi
2583 4664 2640 4714 te
2660 4660 2943 4715 comitem
2970 4660 3279 4732 adjungas.
3308 4662 3425 4715 Hoc
3444 4660 3554 4727 est,
3570 4673 3645 4727 ne

193 4743 285 4798 καὶ
322 4747 506 4798 κακῶν
535 4741 767 4800 πολλῶν
800 4749 920 4806 τοῖς
974 4744 1211 4820 ἑταίροις
1274 4766 1385 4819 μου
1436 4744 1682 4823 γένωμαι
1738 4746 1878 4822 πρό-

194 4832 349 4903 ξενος
380 4832 648 4908 κρίματός
678 4854 737 4889 τε
793 4833 1023 4890 αἲωνίου
1050 4840 1129 4907 τῷ
1187 4840 1268 4908 σῷ
1324 4838 1635 4914 γεννήτορι.
1696 4836 1873 4893 Ἀλλᾶ

191 4921 364 4978 τοῦτό
396 4943 454 4978 σε
488 4922 743 4999 βούλεται
774 4924 802 4979 ὁ
837 4923 1062 4999 Κύριος,
1103 4923 1194 4978 νῦν
1241 4925 1338 4998 μὲν
1391 4928 1771 4997 σημειωϐῆναι
1800 4931 1871 5001 τῇ

197 5010 465 5093 σφραγῖδι
493 5017 594 5069 τοῦ
626 5013 774 5079 θείου
834 5015 1215 5089 βαπτίσματος
1274 5018 1411 5089 (85),
1442 5015 1533 5070 καὶ
1572 5017 1748 5089 μένειν
1781 5014 1868 5070 ἐπὶ

192 5104 411 5179 χώρας,
466 5104 646 5174 πάσης
700 5102 1066 5179 ἀντεχόμενον
1126 5098 1400 5166 εὐσεϐείας
1455 5104 1546 5159 κάὶ
1602 5111 1703 5175 τῆς
1755 5108 1865 5159 τῶν

190 5193 438 5249 ἐντολῶν
470 5197 572 5248 τοῦ
604 5194 842 5269 Χριστοῦ
869 5192 1140 5271 ἐργασίας.
1202 5193 1368 5251 Ἐπᾶν
1429 5196 1583 5252 I58
1639 5192 1697 5249 δὲ
1745 5192 1862 5267 δῴη

192 5282 391 5358 καιρὸν
426 5283 702 5338 ὑπάντων
760 5280 930 5359 δοτὴρ
989 5287 1097 5339 τῶν
1148 5284 1358 5354 καλῶν,
1417 5288 1718 5355 τηνικαῦτα
1774 5289 1867 5339 καί

193 5370 399 5448 ἐλεύσῃ
430 5375 568 5450 πρὸς
623 5378 794 5447 ῆμᾶς,
847 5375 938 5429 καὶ
978 5374 1041 5429 τὸ
1075 5370 1383 5430 ὑπόλοιπον
1417 5378 1520 5440 τῆς
1576 5374 1865 5451 παρούσης

1989 4755 2045 4803 et
2067 4755 2190 4815 tuo,
2216 4746 2606 4803 contubernio
2648 4748 2863 4819 priver,
2889 4753 2948 4802 et
2990 4748 3261 4821 ingentes
3294 4750 3472 4804 sociis
3494 4749 3645 4803 meis

1981 4838 2370 4896 calamitates.
2388 4854 2455 4893 ac
2473 4837 2899 4909 sempiternam
2915 4839 3065 4909 patri
3083 4845 3180 4892 tuo
3195 4838 3643 4893 condemnatio-

1980 4944 2121 4982 nem
2138 4943 2460 4983 accersam.
2482 4926 2617 4981 Vult
2631 4925 2831 4997 itaque
2850 4932 2906 4981 te
2922 4927 3208 4983 Dominus
3222 4944 3382 4982 nunc
3396 4926 3640 4997 quidem

1979 5017 2161 5072 divini
2184 5015 2465 5087 baptismi
2486 5016 2680 5088 sigillo
2704 5016 3039 5089 consignari
3054 5063 3063 5077 ,
3087 5022 3265 5087 atque
3281 5016 3375 5071 hic
3390 5030 3644 5070 manen-

1978 5111 2097 5163 tem
2118 5105 2283 5161 omni
2302 5105 2543 5177 pietatis
2555 5105 2759 5178 generi
2774 5106 3038 5167 studere,
3061 5107 3494 5179 praeceptisque
3518 5104 3642 5162 suis

1977 5213 2221 5269 operam
2244 5196 2405 5251 dare.
2459 5197 2853 5268 Posteaquam
2900 5203 3099 5252 autem
3145 5196 3310 5253 illius
3350 5197 3647 5252 bonorum

1976 5287 2244 5342 omnium
2268 5287 2494 5343 datoris
2518 5305 2765 5344 munere
2792 5290 3028 5345 occasio
3052 5305 3181 5345 sese
3199 5288 3503 5353 obtulerit,
3522 5293 3648 5342 tum

1976 5377 2219 5434 demum
2242 5385 2301 5433 et
2321 5378 2395 5434 ad
2410 5396 2521 5434 nos
2545 5380 2773 5445 venies,
2798 5386 2856 5435 et
2876 5397 2983 5451 per
3004 5380 3303 5452 reliquum
3327 5395 3506 5435 omne
3533 5380 3648 5433 hu-

190 5492 191 5495 η
245 5501 383 5581 ,(83)
417 5500 760 5581 Latinorum
784 5501 1045 5573 pallium.
1082 5502 1353 5558 Moschus
1384 5503 1559 5559 Prato
1589 5518 1642 5560 c.
1678 5505 1744 5558 76
1775 5520 1787 5558 :
1823 5499 1880 5557 εὖ

2033 5522 2155 5558 τινα
2190 5502 2504 5579 μοναχὸν...
2570 5501 2739 5577 μηδὲν
2773 5501 2969 5579 ἔχοντα
3008 5503 3157 5575 πλὴν
3191 5502 3480 5581 στιχαρίου
3509 5523 3637 5579 τρι-

189 5571 481 5650 χίνουλκαὶ
504 5572 769 5650 παλλίου.

267 5646 385 5716 (84)
419 5646 575 5703 Psal.
618 5662 766 5713 σιω,
800 5650 859 5701 7ο

273 5715 385 5789 (85)
418 5717 479 5786 C,
515 5735 708 5795 σφραγ.
739 5722 838 5771 τοῦ
867 5715 1022 5791 ἀγίου
1054 5716 1390 5791 Πνεόματος.
1450 5720 1532 5775 Ba
1576 5719 1813 5778 tismus‘
1843 5720 1880 5775 fl

273 5788 407 5847 ndr.
450 5811 479 5840 «
513 5790 655 5850 Quis
682 5790 843 5849 dives
876 5791 1136 5849 salvetur
1166 5812 1197 5844 ››
1227 5808 1379 5850 nan.
1403 5791 1509 5848 380
1528 5736 1759 5849 Eabric.
1793 5791 1867 5849 ad

2001 5720 2143 5776 olim
2176 5740 2208 5773 σ
2252 5719 2407 5795 ραγὲς
2468 5720 2661 5777 dictus
2687 5734 2700 5776 :
2736 5720 2877 5777 Vide
2909 5724 3142 5797 Segaar.
3174 5723 3249 5780 ad
3280 5723 3465 5781 Clem.
3497 5722 3637 5780 Ale-

1990 5792 2134 5849 eudo
2166 5740 2441 5850 Aidiam.
2473 5810 2533 5850 ι).
2564 5796 2692 5850 537.
2724 5793 2849 5850 700.

188 5788 407 5854 xandr.
450 5811 479 5840 ‹‹

513 5790 655 5859 Quis
673 5790 843 5849 dives
876 5790 1136 5849 salvetur
1166 5790 1379 5868 apag.
1403 5791 1509 5848 380
1528 5790 1759 5849 Fabric.
1793 5791 1867 5849 ad
1903 5792 2134 5849 Pseudo

2258 5793 2441 5860 diam,
2473 5810 2533 5867 p.
2564 5796 2692 5862 537,
2724 5793 2849 5854 700.
