4100 6380
177 375 323 436 1025

1349 375 1519 428 VlTA
1559 376 1910 432 BARLAAII
1948 379 2042 432 ET
2077 377 2420 436 JOASAPH.

3463 369 3604 438 1026

168 507 371 562 τοῦτον
423 497 753 568 ἆπεκάλεσα,
801 499 962 575 ὅνπερ
1023 497 1075 553 οἳ
1134 496 1348 574 ἐρασταὶ
1410 501 1519 552 τῶν
1566 496 1832 574 οὐρανίων
1867 543 1877 576 γ

1990 505 2262 562 ommodo
2284 507 2508 564 amicos
2527 525 2664 565 suos
2687 507 2970 565 affecerit.
3006 509 3196 575 Quare
3233 525 3353 564 non
3400 510 3506 566 abs
3537 527 3602 568 re

173 595 394 672 ἀγαθῶν
422 589 596 662 πάντη
655 588 1101 665 ἀπαρνησάμενοι
1157 583 1356 664 ἔφυγον
1406 589 1498 644 ἀπ’
1544 589 1738 659 αὐτοῦ,
1769 591 1845 653 ὡς

176 688 340 745 160
373 681 561 763 φεύγει
591 701 676 740 τις
724 679 830 734 ἀπὸ
889 673 1088 758 ὄφεως.
1147 677 1211 734 Εἰ
1272 675 1349 748 δὲ,
1411 679 1470 733 ὅν
1527 677 1843 735 ἀπέκτειναν

176 776 383 854 ἐχθρὸν
413 773 652 834 καὶτοῖς
675 769 803 826 ποσὶ
843 771 1211 840 συνεπάτησαν
1273 771 1324 824 οἱ
1380 769 1708 841 συνασκηταί
1741 791 1846 844 μου

174 864 943 942 καίσυστρατιῶται,τοῦτον
978 859 1130 924 αὖθις
1175 865 1352 930 ζῶντα
1398 862 1543 935 παρᾶ
1599 865 1696 915 σοῦ
1748 859 1846 916 λα-

178 952 297 1012 ϐὼν
351 954 538 1016 αὐτοῖς
595 951 900 1026 ἀπενέγκω,
959 949 1048 1005 καὶ
1109 950 1369 1025 πρόξενος
1443 950 1706 1024 πολὲμων
1757 951 1847 1006 καὶ

173 1051 376 1113 παθῶν
409 1048 680 1122 γένωμαι,
712 1036 905 1114 ἔσομαι
948 1039 1134 1104 αὐτοῖς
1167 1040 1382 1103 πάντως
1416 1037 1648 1116 ἄγγελος
1675 1063 1849 1114 πονη-

180 1139 304 1215 ρός·
338 1137 473 1213 ὅπερ
509 1135 588 1210 μή
617 1130 832 1209 γένοιτό
867 1152 960 1206 μοι
993 1152 1242 1202 ποιησαι.

259 1410 342 1468 Τά
370 1404 506 1462 αὐτὰ
559 1402 617 1460 δέ
685 1425 782 1478 μοι
838 1403 950 1460 νόει
1009 1403 1098 1459 καὶ
1155 1403 1279 1480 περὶ
1338 1401 1669 1478 ἐνδυμάτων,
1723 1405 1856 1465 Τοῖς

183 1498 295 1576 γὰρ
339 1491 808 1568 ἄπεκδυσαμένοις
853 1493 953 1562 τήν
1002 1497 1102 1559 τῆς
1159 1490 1530 1564 παλαιότητος
1585 1503 1855 1571 καταφθο-

191 1588 296 1662 ρὰν
327 1584 420 1641 καὶ
451 1585 513 1639 τὸ
541 1589 641 1653 τῆς
669 1589 956 1658 παρακοῆς
984 1576 1210 1655 ἔνδυμα,
1243 1581 1369 1636 ὅσον
1422 1582 1486 1637 τὸ
1537 1579 1620 1635 ἐπ’
1651 1581 1856 1650 αὐτοῖς,

191 1675 586 1748 ἀποθεμένοις,
646 1672 736 1728 τὸν
795 1672 1029 1747 Χριστὸν
1097 1669 1154 1727 δὲ
1213 1672 1287 1735 ὡς
1333 1671 1552 1744 ἱμάτιον
1586 1670 1859 1745 σωτηρίου

190 1767 290 1821 καὶ
360 1768 574 1840 χιτῶνα
623 1760 962 1838 εὐφροσύνης
1021 1759 1419 1834 ἐνδεδυμένοις,
1478 1765 1596 1823 πῶς
1668 1759 1862 1822 αὐτοὺς

193 1853 371 1911 πάλιν
397 1853 528 1916 τοὺς
562 1850 922 1927 δερματίνους
957 1852 1296 1930 ἀμφιᾶσαιμι
1357 1855 1596 1926 χιτῶνας
1651 1851 1741 1905 καὶ
1797 1851 1860 1904 τὸ

190 1951 304 2014 τῆς
336 1942 605 2019 αῖσχύνης
639 1943 1012 2018 περιθήσομαι
1069 1936 1425 2014 περιϐόλαιον
1457 1960 1470 2011 ;
1525 1939 1706 1998 ,Αλλᾶ
1737 1939 1861 2003 τοὺς

195 2034 305 2107 μὲν
337 2031 504 2106 ἐμοὺς
549 2031 804 2107 ἐταίρους
865 2027 1100 2104 μηδενὸς
1155 2035 1264 2085 τῶν
1320 2029 1587 2086 τοιούτων
1647 2027 1862 2085 ἐπιδεο-

197 2125 404 2198 μένους
458 2121 764 2199 γινώσκων,
818 2124 888 2195 τῇ
971 2127 1072 2190 τῆς
1120 2119 1331 2196 ἐρήμου
1373 2118 1430 2175 δὲ
1491 2119 1862 2194 ἀρκουμένους

193 2213 433 2284 ἀσκήσει
465 2221 556 2268 καί
604 2213 814 2288 τρυφὴν
870 2210 1069 2281 ταύτην
1125 2209 1521 2286 λογιζομένους
1563 2209 1866 2282 ἀληθεστάο

186 2325 330 2373 την,
359 2302 427 2357 τὰ
458 2303 724 2378 χρήματα
772 2300 863 2356 καὶ
922 2300 1138 2373 ἱμάτια,
1200 2302 1334 2373 ἅπερ
1391 2299 1608 2361 τούτοις
1682 2298 1867 2374 ἔλεγες

191 2397 540 2469 παρασχεῖν,
587 2395 707 2453 τοῖς
756 2390 952 2460 πὲνησι
1011 2387 1316 2462 διανείμας,
1377 2390 1647 2465 θησαυρὸν
1699 2390 1872 2461 ἑαυτῷ

197 2483 288 2546 εἷς
317 2482 380 2538 τὸ
430 2478 639 2555 μέλλον
700 2477 900 2535 ἃσυλον
959 2478 1316 2555 θησαύρισον,
1363 2479 1456 2534 τὸν
1513 2478 1642 2534 Θεὸν
1701 2480 1873 2552 ἑαυτῴ

200 2579 337 2637 ταῖς
395 2569 614 2627 ἐκείνων
673 2569 863 2632 εὐχαῖς
919 2569 1205 2644 ἐπίκουρον
1262 2570 1508 2643 Θὲμενοςο
1569 2565 1712 2623 οὕτω
1768 2569 1872 2646 γὰρ

217 2663 437 2738 μᾶλλον
472 2665 716 2736 συνεργῷ
744 2664 824 2732 τῷ
854 2658 1084 2732 πλούτῳ
1115 2660 1252 2734 πρὸς
1289 2660 1355 2714 τά
1411 2657 1554 2714 καλὰ
1611 2660 1870 2733 χρήσαιο.

216 2754 356 2811 Εἶτα
387 2749 475 2806 καὶ
497 2752 594 2821 τήν
630 2746 944 2804 πανοπλίαν
1001 2753 1102 2803 τοῦ
1159 2747 1475 2821 πνεύματος
1534 2743 1877 2822 περιϐαλλό-

226 2863 415 2917 μενος,
446 2839 534 2895 καὶ
563 2840 664 2910 τὴν
703 2839 798 2913 μὶν
832 2839 998 2915 ὀσφὺν
1029 2837 1080 2893 ἐν
1121 2837 1354 2910 ἀληθείᾳ
1412 2836 1874 2914 περιζωσάμενος,

222 2929 586 3004 ἐνδυσάμενος
621 2927 679 2985 δὶ
708 2929 800 2984 καὶ
828 2929 922 2984 τὸν
968 2935 1068 2999 τῆς
1101 2925 1454 2998 δικαιοσύνης
1503 2928 1744 3002 θώρακα,
1773 2947 1878 2983 πε-

227 3019 514 3095 ριθέμενός
548 3041 606 3074 τε
637 3019 725 3074 καὶ
780 3020 880 3088 τήν
939 3016 1366 3097 περικεφαλαίαν
1425 3021 1521 3072 τοῦ
1582 3017 1878 3091 σωτηρίου,

217 3109 469 3172 καὶτοὺς
499 3107 670 3172 πόδας
696 3106 748 3164 ἐν
783 3109 1069 3182 ἑτοιμασίᾳ
1097 3113 1194 3163 τοῦ
1251 3105 1592 3183 Εὗαγγελίου
1649 3109 1748 3175 τῆς
1808 3106 1881 3161 εἳ-

227 3203 405 3276 ρηνης
447 3196 889 3272 ὑποδησάμενος,
948 3198 1083 3273 μετὰ
1138 3197 1329 3273 χεῖράς
1387 3218 1446 3252 τε
1491 3197 1582 3251 τὸν
1635 3203 1737 3266 τῆς
1790 3195 1882 3250 πί-

1957 610 2056 650 eas
2089 602 2411 653 extremam
2440 605 2848 670 paupertatem
2879 597 3192 671 appellavi,
3229 613 3375 669 quas
3407 599 3607 656 caeles-

1958 685 2105 740 tium
2129 685 2421 743 bonorum
2471 695 2786 748 amatores.
2818 689 2996 744 rebus
3043 687 3323 744 omnibus
3355 689 3608 744 remisso

1958 776 2190 844 nuntio,
2216 775 2297 832 ita
2319 777 2643 850 fugiunt,ut
2672 778 2969 850 quispiam
3002 783 3343 850 serpentem
3373 777 3608 852 fugit.Si

1958 882 2096 920 vero
2119 883 2254 922 eum
2287 867 2722 939 hostem,quem
2755 869 2871 924 mei
2905 870 3016 941 pia
3047 869 3488 926 exercitationis
3512 885 3610 923 so-

1961 956 2034 1011 cii
2069 960 2126 1010 et
2157 957 2595 1012 commilitones
2619 958 2746 1029 jam
2780 959 3231 1028 obtruncarunt,
3265 976 3332 1015 ac
3356 957 3610 1032 pedibus

1959 1046 2400 1118 proculcarunt,
2434 1047 2624 1101 vivum
2648 1064 2854 1102 rursus
2876 1048 2980 1103 abs
3012 1053 3068 1103 te
3089 1055 3398 1121 acceptum
3422 1047 3494 1104 ad
3518 1049 3612 1122 ip-

1963 1152 2059 1190 sos
2078 1135 2791 1208 detulero,bellorumque
2811 1153 2877 1192 ac
2900 1138 3413 1208 perturbationum
3435 1155 3617 1196 causa

1962 1226 2107 1298 ipsis
2125 1226 2563 1298 fuero,prorsus
2585 1226 2730 1298 ipsis
2753 1226 3038 1282 exitiosus
3059 1229 3304 1283 nuntius
3319 1227 3612 1294 ero.Quod

1963 1317 2205 1388 quidem
2235 1317 2390 1371 absit
2418 1323 2484 1372 ut
2510 1317 2744 1373 faciam.

2037 1407 2198 1462 Idem
2227 1413 2425 1462 autem
2449 1407 2522 1462 de
2553 1407 2925 1463 indumentis
2978 1405 3154 1462 etiam
3201 1406 3498 1479 intelligas
3518 1424 3618 1461 ve-

1967 1497 2093 1552 lim.
2128 1500 2270 1552 Nam
2295 1513 2396 1552 eos
2427 1499 2526 1569 qui
2559 1498 2870 1554 vetustatis
2902 1497 3096 1552 labem
3139 1495 3616 1568 etcorruptelam

1969 1594 2280 1656 exuerunt,
2302 1594 2478 1658 atque
2513 1587 2932 1643 inobedientiaa
2963 1591 3208 1653 vestem,
3237 1592 3526 1658 quantum
3558 1583 3622 1641 in

1970 1678 2116 1750 ipsis
2138 1678 2269 1742 fuit,
2315 1678 2744 1750 deposuerunt,
2778 1678 3075 1734 Christum
3105 1682 3304 1732 autem
3337 1683 3622 1748 tanquam

1969 1767 2388 1824 vestimentum
2403 1768 3028 1840 salutaris,etpallium
3044 1767 3264 1822 lmtitiaa
3277 1766 3623 1834 induerunt;

1973 1874 2232 1929 quonam
2258 1859 2495 1914 tandem
2519 1857 2695 1913 modo
2737 1875 2951 1913 rursus
2982 1856 3252 1928 pelliceis
3285 1857 3502 1912 tunicis
3534 1855 3630 1910 in-

1972 1947 2512 2020 duerem,ipsisque
2536 1949 2877 2021 ignominia:
2897 1948 3184 2003 amictum
3209 1947 3581 2019 imponerem

1971 2037 2122 2103 Quin
2137 2038 2496 2109 potius,cum
2513 2038 2745 2094 sodales
2764 2041 3025 2105 meos,ut
3041 2037 3141 2108 qui
3157 2037 3254 2108 pia
3275 2042 3334 2092 et
3352 2036 3632 2109 religiosa.

1977 2125 2320 2181 solitudinis
2348 2128 2768 2182 exercitatione
2801 2127 3066 2182 contenti
3101 2127 3499 2197 sint,eamque
3523 2142 3629 2198 pro

1975 2215 2304 2269 verissimis
2336 2215 2567 2270 deliciis
2600 2215 3034 2283 ducant,nullis
3059 2215 3303 2270 omnino
3337 2213 3634 2286 ejusmodi

1977 2305 2152 2360 rebus
2187 2304 2450 2378 indigere
2483 2311 2851 2377 compertum
2881 2303 3432 2376 habeam,pecuniis
3459 2308 3516 2359 et
3539 2319 3638 2358 ve-

1980 2395 2347 2466 stibusquas
2382 2400 2437 2450 te
2469 2395 2617 2466 ipsis
2645 2395 2925 2450 daturum
2957 2395 3221 2452 dicebas.
3252 2393 3314 2448 in
3345 2408 3638 2465 pauperes

1980 2484 2433 2551 distributis,fac
2461 2485 2564 2539 tibi
2598 2484 2892 2557 ejusmodi
2926 2483 3350 2540 thesaurumin
3370 2481 3639 2538 futurum

1980 2575 2397 2646 recondas,qui
2431 2576 2596 2631 nullo
2634 2577 2808 2632 modo
2851 2576 3069 2648 surripi
3103 2575 3499 2648 possit,Deum
3526 2573 3642 2629 sci-

1987 2666 2126 2719 licet
2159 2665 2217 2718 in
2250 2665 2378 2735 ipso
2410 2681 2517 2736 per
2547 2665 2785 2720 illorum
2836 2681 3044 2736 preces
3089 2663 3509 2736 opitulatorem
3537 2660 3642 2717 tibi

1985 2754 2437 2825 adjungensSic
2469 2755 2627 2809 enim
2648 2755 2758 2809 hoc
2779 2753 3256 2825 consequeris,ut
3279 2768 3420 2824 opes
3441 2751 3516 2807 ad
3533 2769 3641 2823 op-

1989 2845 2133 2898 tima
2164 2860 2413 2914 quaeque
2447 2844 2549 2898 tibi
2584 2843 2929 2915 adjumento
2957 2844 3096 2898 sint.
3126 2845 3204 2898 Ac
3230 2841 3468 2908 deinde,
3503 2859 3637 2897 cum

1989 2935 2241 3006 Spiritus
2264 2939 2622 2989 armaturam
2648 2935 3034 3006 acceperiset
3055 2933 3291 2988 lumbos
3315 2933 3375 2988 in
3399 2933 3642 2988 veritate

1989 3022 2449 3088 succinxeris,ac
2471 3023 2718 3094 justitiae
2746 3023 2992 3078 loricam
3026 3022 3316 3085 indueris,
3347 3026 3407 3076 et
3435 3021 3644 3076 salutis

1991 3113 2218 3187 galeam
2240 3114 2416 3185 capiti
2448 3118 2548 3168 tuo
2571 3114 2951 3184 imposueris,
2986 3119 3043 3168 et
3064 3112 3323 3184 pedesin
3342 3108 3643 3183 Evangelii

1994 3205 2156 3276 pacis
2180 3204 2674 3275 praeparationem
2707 3202 3010 3264 calcearis.
3035 3201 3291 3273 ﬁdeique
3316 3206 3549 3256 scutum
3581 3213 3650 3254 ac

229 3311 401 3353 στεως
433 3284 721 3346 ἀναλαϐὼν
752 3289 967 3365 θυρεὸν,
1012 3288 1101 3343 καὶ
1127 3290 1227 3358 τήν
1281 3291 1378 3343 τοῦ
1436 3287 1746 3361 πνεύματος
1781 3285 1877 3360 μά-

1995 3275 2247 3364 Spiritus
2279 3293 2562 3365 gladium,
2597 3292 2756 3363 quod
2789 3298 2879 3347 est
2917 3291 3163 3346 verbum
3209 3290 3336 3358 Dei,
3368 3289 3648 3344 manibus

227 3402 450 3458 χαιραν,
485 3380 520 3450 ἢ
556 3380 667 3435 ἐστι
703 3379 857 3456 ῥῆμα
877 3382 1014 3434 Θεοῦ
1070 3381 1207 3452 (88),
1266 3376 1358 3432 καὶ
1417 3378 1678 3433 πάντοθεν
1735 3380 1875 3434 181

228 3469 428 3547 ἄριστα
511 3467 904 3534 καθοπλισθεὶς
987 3467 1077 3522 καὶ
1162 3467 1658 3546 περιφραξάμενος,
1746 3466 1889 3522 οὕτω

231 3561 516 3624 πεποιθὼς
547 3559 684 3634 πρὸς
712 3558 802 3612 τὸν
861 3558 997 3613 κατὰ
1026 3565 1126 3627 τῆς
1187 3552 1433 3618 ἀσεϐείας
1488 3555 1669 3627 ἔξελθε
1722 3555 1892 3612 πόλε-

239 3671 367 3724 μον,
401 3649 473 3711 ὡς
503 3647 585 3718 ἂν,
616 3645 817 3718 ταύτην
849 3646 1274 3722 τροπωσάμενος
1306 3645 1394 3700 καὶ
1442 3645 1533 3700 τὸν
1566 3646 1737 3715 αὐτῆς
1796 3645 1890 3720 ἀρ-

237 3738 418 3816 χηγὸν
453 3731 714 3793 διάϐολον
747 3735 825 3798 εἷς
856 3742 960 3810 γῆν
1007 3729 1381 3812 κπαρῥάϐας,
1435 3739 1554 3796 τοῖς
1607 3740 1708 3803 τῆς
1739 3733 1891 3803 νίκης

234 3829 875 3906 στεφάνοιςκοσμηθήσῃ
921 3825 982 3882 ἐκ
1031 3833 1135 3896 τῆς
1193 3831 1509 3900 ζωαρχικῆς
1567 3821 1741 3894 δεξιᾶς
1799 3829 1895 3879 τοῦ

234 3920 538 3975 Δεσπότου.

308 4011 474 4065 ΚΕΦ.
507 4009 605 4066 ΙΘ’.
637 4011 764 4070 Τοῖς
791 4005 1068 4070 τοιούτοις
1119 4005 1208 4060 οὗν
1268 4002 1500 4078 δόγμασι
1553 4008 1641 4058 καί
1705 4001 1898 4078 λόγοις

231 4098 536 4172 σωτηρίοις
562 4097 884 4172 κατηχήσας
918 4095 945 4150 ὁ
1002 4093 1273 4169 Βαρλαὰμ
1327 4094 1418 4148 τὸν
1473 4097 1570 4146 τοῦ
1628 4089 1897 4167 βασιλέως

231 4188 356 4244 υἱὸν
413 4185 504 4242 καί
558 4187 696 4261 πρὸς
746 4185 808 4240 τὸ
867 4189 1010 4250 θεῖον
1066 4183 1349 4260 βάπτισμα
1397 4182 1734 4258 εὐτρεπίσας,
1802 4203 1897 4252 νη-

233 4275 442 4334 στεύειν
473 4297 532 4333 τε
563 4277 653 4331 καὶ
687 4276 942 4351 εὔχεσθαι
992 4271 1396 4346 ἐντειλάμενος,
1453 4272 1591 4327 κατὰ
1642 4273 1706 4328 τὸ
1759 4271 1902 4339 ἔθος,

240 4368 328 4444 ἐφ’
351 4365 539 4428 ἱκανὰς
596 4365 831 4442 ¹ἡμέρας,
883 4363 944 4419 οὐ
1005 4360 1217 4418 διέλιπε
1274 4362 1557 4436 συχνάζων
1615 4362 1750 4435 πρὸς
1810 4361 1903 4416 αύ-

239 4457 368 4526 τὸν,
419 4456 509 4510 καὶ
562 4459 734 4510 πᾶσαν
790 4451 1126 4530 δογματικὴν
1184 4451 1371 4526 φωνὴν
1424 4458 1525 4520 τῆς
1608 4449 1903 4525 ὁρθοδόξου

240 4544 482 4607 πίστεως
512 4541 846 4600 ἐκδιδάσκων
875 4541 965 4598 καὶ
995 4542 1056 4596 τὸ
1113 4546 1258 4606 θεῖον
1316 4537 1654 4615 Εὗαγγὲλιον
1701 4541 1902 4616 ὑπαγο-

1997 3384 2326 3454 sumpseris
2354 3383 2568 3454 (Ephes.
2595 3384 2877 3454 v1),atque
2908 3381 3174 3452 undique
3196 3386 3251 3435 te
3284 3378 3658 3451 praestantis-

1996 3473 2167 3528 simis
2189 3473 2372 3528 armis
2393 3473 2747 3527 instruxeris
2768 3489 2833 3527 ac
2853 3469 3292 3531 muniveris,ita
3315 3468 3556 3524 demum
3581 3467 3655 3522 ﬂ-

1997 3563 2161 3618 denti
2194 3563 2395 3617 animo
2423 3563 2496 3617 ad
2517 3562 2742 3617 bellum
2792 3579 2925 3616 cum
2949 3560 3252 3632 impietate
3275 3557 3657 3613 committen-

1999 3651 2140 3706 dum
2173 3651 2474 3724 egredere,
2508 3657 2574 3705 ut
2603 3667 2672 3705 ea
2703 3651 2762 3705 in
2797 3650 2996 3722 fugam
3029 3664 3212 3714 versa,
3267 3651 3444 3716 atque
3468 3644 3655 3716 ipsius

2001 3740 2150 3794 duce
2183 3739 2420 3794 diabolo
2467 3741 2528 3794 in
2561 3746 2780 3794 terram
2830 3738 3024 3805 alliso,
3086 3753 3120 3792 a
3168 3735 3375 3791 dextra
3419 3732 3654 3788 Domini

2001 3845 2184 3884 manu
2217 3845 2348 3900 quae
2370 3829 2500 3882 vitae
2531 3828 2894 3899 principium
2922 3827 3114 3891 atl‘ert,
3149 3824 3452 3879 victricem
3483 3837 3656 3876 coro-

2003 3933 2141 3972 nam
2173 3917 2578 3987 consequaris.

2073 4008 2204 4060 CAP.
2222 4007 2365 4060 XIX.
2390 4036 2458 4046 —
2477 4006 2621 4060 Cum
2644 4005 2910 4060 Barlaam
2930 4001 3274 4076 hujusmodi
3291 3999 3577 4055 doctrinis
3591 4013 3660 4066 ac

2005 4094 2330 4150 salutiferis
2353 4095 2729 4150 sermonibus
2751 4094 2909 4167 regis
2929 4093 3118 4148 filium
3139 4090 3662 4160 imbuisset,atque

2007 4185 2079 4240 ad
2103 4184 2366 4239 divinum
2384 4183 2748 4256 baptismum
2767 4186 3180 4256 prmparasset,
3222 4180 3417 4250 eique.
3441 4184 3507 4234 ut
3526 4193 3666 4234 con-

2010 4277 2262 4333 suetudo
2286 4277 2418 4344 fert,
2451 4276 2525 4332 ad
2549 4277 2783 4348 aliquot
2821 4277 2948 4332 dies
2974 4275 3253 4347 jejunare
3279 4288 3349 4328 ac
3387 4271 3665 4344 precibus

2011 4367 2358 4422 incumbere
2390 4367 2792 4438 przecepisset,
2832 4365 2906 4421 ad
2940 4381 3073 4420 eum
3117 4362 3324 4419 crebro
3379 4359 3668 4416 ventitare

2010 4473 2133 4512 non
2156 4456 2488 4520 desinebat,
2516 4462 2692 4527 atque
2735 4456 2936 4510 omnia
2968 4453 3310 4509 orthodoxaa
3365 4449 3504 4506 fidei
3562 4448 3672 4503 do-

2011 4549 2210 4618 gmata
2254 4545 2368 4616 ipsi
2403 4544 2693 4614 tradebat,
2727 4544 3115 4614 divinumque
3153 4539 3537 4613 Evangelium
3569 4553 3673 4593 ex-

239 4635 420 4712 ρεύων
454 4635 626 4708 αὐτῷ,
679 4633 816 4709 πρὸς
877 4628 935 4688 δὲ
984 4631 1075 4686 καὶ
1131 4631 1227 4692 τὰς
1287 4627 1657 4692 ἀποπολικᾶς
1709 4649 1873 4705 παραι

2013 4635 2294 4708 ponebat,
2325 4651 2393 4689 ac
2423 4640 2711 4706 praaterea
2749 4633 3106 4706 apostolicas
3139 4630 3583 4688 cohortationes
3616 4631 3676 4683 et

231 4725 413 4788 νέσεις
442 4725 530 4779 καὶ
587 4725 683 4786 τὰς
741 4721 1088 4800 προφητικὰς
1145 4719 1333 4796 ῥήσεις
1390 4717 1728 4795 ἑρμηνεύων·
1781 4731 1903 4784 θεο-

236 4810 493 4875 δίδακτος
524 4812 624 4888 γὰρ
673 4809 746 4866 ὣν
804 4812 832 4866 ὁ
891 4811 1028 4884 ἀνὴρ
1084 4814 1256 4862 πᾶσαν
1315 4806 1404 4862 ἐπὶ
1462 4805 1733 4880 στόματος
1794 4815 1900 4864 Πα-

236 4903 406 4960 λαιάν
437 4923 496 4957 τε
547 4902 638 4957 καὶ
697 4901 904 4970 Καινὴν
961 4899 1182 4977 Γραφήν
1237 4894 1416 4972 ἔφερε,
1471 4896 1582 4967 καὶ,
1641 4901 1720 4970 τῷ
1773 4897 1901 4971 θείῳ

236 4991 574 5066 κινούμενος
661 4989 954 5064 Πνεύματι,
1033 4987 1296 5066 ἐφώτισεν
1381 4985 1540 5041 αὐτὸν
1613 4987 1752 5060 πρὸς
1804 4988 1903 5057 τήν

238 5082 431 5152 ἀληθῆ
466 5080 812 5158 θεογνωσίαν,
848 5081 937 5137 Ἑν
996 5078 1134 5151 αὐτῇ
1186 5074 1244 5132 δὲ
1297 5079 1366 5150 τῇ
1420 5075 1606 5150 ἡμέρᾳ
1664 5077 1754 5132 ’ὀτε
1805 5079 1904 5152 βα-

239 5179 542 5242 πτισθῆναι
599 5169 825 5245 ἔμελλε,
882 5165 1152 5225 διδάσκων
1224 5167 1412 5234 αὐτὸν,
1498 5163 1697 5240 ἔλεγεν·
1761 5163 1901 5224 Ἰδοὺ

239 5264 348 5333 τήν
374 5266 472 5318 τοῦ
530 5265 772 5338 Χριστοῦ
830 5259 1020 5336 ἐπείγῃ
1076 5252 1266 5314 λαϐεῖν
1327 5253 1618 5335 σφραγῖδα,
1677 5256 1766 5311 καὶ
1824 5264 1904 5332 τῷ

2013 4725 2439 4798 prophetarum
2460 4724 2591 4780 loca
2607 4725 2736 4796 ipsa
2752 4721 3283 4796 explanabat.Nam
3307 4735 3440 4776 cum
3466 4718 3551 4772 vir
3573 4717 3673 4773 ille

2014 4815 2295 4870 divinitus
2311 4813 2526 4869 tradita
2542 4813 2815 4870 doctrina
2832 4813 3353 4886 polleret,omnem
3378 4815 3496 4864 tam
3513 4811 3674 4861 vete-

2012 4904 2094 4959 ris
2118 4920 2296 4976 quam
2321 4904 2452 4958 novi
2474 4903 2834 4960 Testamenti
2850 4902 3205 4976 scripturam
3223 4898 3673 4956 memoriterre-

2027 4993 2266 5049 citabat.
2310 4995 2574 5065 Cumque
2594 4993 2790 5049 divino
2811 4993 3031 5065 Spiritu
3070 4990 3352 5046 incitatus
3394 4985 3671 5051 ferretur,

2022 5082 2462 5139 adolescentem
2493 5099 2644 5139 verm
2671 5083 2772 5140 Dei
2793 5083 3018 5138 notitias
3040 5079 3172 5136 luce
3195 5073 3671 5133 collustravit.Eo

2012 5179 2211 5228 autem
2239 5173 2333 5228 die
2363 5190 2481 5246 quo
2512 5174 2897 5247 baptizandus
2929 5177 3074 5238 erat,
3107 5165 3358 5224 docendi
3381 5178 3560 5221 causa
3581 5161 3676 5217 his

2017 5263 2093 5319 ad
2127 5281 2264 5321 eum
2295 5265 2488 5320 verbis
2509 5265 2788 5322 utebatur
2813 5281 2825 5318 :
2848 5265 2936 5318 En
2965 5259 3180 5318 Christi
3221 5255 3484 5331 sigillum
3518 5250 3679 5310 acci-

326 5453 442 5526 (88)
470 5455 660 5526 Epist.
689 5453 773 5526 ad‘
796 5452 1011 5526 Epghes.
1045 5451 1241 5526 v1,_t?3,
1265 5464 1364 5526 sq.
1384 5463 1414 5526 ,ε
1440 5440 1770 5526 Ἀναλᾴϐετε
1793 5451 1877 5526 ,τὴ

1990 5450 2252 5526 ανοπλίαν
2306 5455 2403 5526 τού
2455 5457 2676 5526 Θεοῦ...-
2719 5456 2881 5526 στῆτε
2939 5446 3030 5526 οὖν
3079 5444 3519 5526 περιζωσάμενοι
3573 5441 3675 5526 την

247 5512 438 5601 pcipi”,
461 5512 620 5601 ὑμῶν
644 5512 1004 5601 ἐν-ᾀληθειία,
1061 5512 1169 5601 καὶῌ
1202 5512 1677 5601 ἐνδρσᾷμενοιὶτρν
1735 5512 1954 5601 θώρακα
2010 5529 2118 5601 τῆς
2138 5520 2532 5601 δικαιοσύνης,
2563 5521 2682 5601 -καῖ
2741 5512 3160 5601 ὑποδησάμενοι’
3199 5512 3330 5601 τοὺς
3364 5512 3561 5601 ’πόδας
3621 5513 3676 5601 ἐν

245 5587 546 5669 ἑτοιμασίᾳ
574 5601 672 5669 τοῦ
703 5587 1046 5669 Εὐάγγελίου
1104 5598 1206 5660 τῆς
1262 5587 1514 5669 είρήνης,
1561 5587 1856 5669 ἐπὶ-,πᾶσίν
1905 5587 2274 5669 ἀναλαϐόντες
2304 5595 2395 5649 τὸν
2429 5587 2615 5669 Θυρεὸν
2649 5601 2746 5664 τῆς
2779 5587 3036 5669 πίστέωλς,
3066 5593 3141 5669 in
3182 5595 3227 5669 ᾼ
3257 5592 3551 5669 glossator
3566 5587 3669 5669 ,ξᾷ

243 5662 588 5724 πανοπλίανο
622 5668 684 5741 τὸ
708 5662 926 5741 ξμάτιον
956 5669 1064 5720 τῶν
1101 5662 1390 5741 μοναχῶνζ
1416 5662 1490 5741 ad
1519 5663 1980 5741 περιζωσάμενος·
2013 5666 2117 5741 τρνΔ
2137 5664 2447 5741 λᾼῶρονομειά
2473 5662 2712 5741 θῴρακαέ
2743 5662 3099 5741 τὸνᾲμοινδύαν
3124 5665 3220 5738 (cf.
3251 5662 3293 5720 ι’.
3316 5663 3415 5732 ΙΙΙ,
3435 5680 3495 5739 p.
3530 5663 3678 5732 13ης

243 5741 331 5799 ad
361 5730 806 5818 περικεφαλαίαν·
842 5738 905 5793 τὸ
936 5730 1286 5792 κουκόύλιονἶ
1321 5733 1396 5791 ad
1422 5730 1867 5808 ὑποδησάμενος·
1898 5738 1965 5792 τὰ
1995 5730 2256 5794 σάνδαλά”
2288 5738 2363 5796 ad
2393 5730 2601 5816 θυρεόν·
2624 5739 2715 5795 τὸν
2739 5730 3035 5794 ἀνάλαϐον.
