4100 6408
448 396 590 453 1027

1973 391 2341 447 ADDENDA.

3729 383 3881 448 1028

442 523 794 593 pere.atque
809 517 1098 576 Dominici
1121 515 1556 572 vultuslumine
1580 512 2095 587 consignari(Psal.

2219 511 2355 590 φωτὶ
2391 517 2772 583 σημειωθῆναι
2824 511 2924 567 τοῦ
2981 510 3285 587 προσώπου
3344 509 3548 587 Κυρίου
3577 512 3717 586 (89).
3772 510 3880 569 Καὶ

444 623 540 676 ιν),
565 610 789 680 Deique
812 609 1012 666 Filius.
1036 624 1105 663 ac
1126 605 1336 661 viviﬁci
1362 605 1615 676 Spiritus
1631 603 1924 675 templum
1947 602 2108 659 efﬁci

445 698 1046 772 properas.Quocirca
1077 696 1136 750 in
1161 698 1396 751 Patrem
1419 700 1478 748 et
1507 693 1721 749 Filium
1743 699 1801 748 et
1822 692 2108 765 Spiritum

452 795 723 845 sanctum
749 787 1216 852 crede,sanctam
1245 785 1594 856 inquam,ex
1609 799 1726 854 qua
1739 783 2107 838 vitainitium

453 877 1154 945 duxit,Trinitatem,qua:
1173 875 1234 930 in
1261 875 1451 930 tribus
1470 875 1743 946 personis
1759 873 2108 929 etunadivi-

453 969 638 1023 nitate
652 966 1400 1034 celebratur,ac.quantum
1416 964 1648 1035 quidem
1660 963 1733 1018 ad
1749 980 2034 1035 personas
2049 968 2108 1018 et

444 1056 790 1128 personales
805 1055 1195 1126 pr0prietates
1209 1055 1440 1112 attinet.
1473 1054 1755 1109 distincta
1770 1060 1878 1119 est,
1902 1069 2102 1124 quan-

444 1152 567 1202 tum
581 1153 778 1200 autem
793 1144 867 1199 ad
880 1145 1201 1200 essentiam
1212 1143 2101 1216 .conjunctaetcopulatazunum

443 1237 630 1291 Deum
645 1235 975 1308 ingenitum
990 1240 1524 1307 agnoscens,atque
1538 1251 1722 1289 unum
1736 1235 1947 1289 Filium
1967 1235 2103 1288 uni-

437 1325 1051 1398 genitum,l)ominum
1068 1329 1334 1378 nostrum
1347 1325 1374 1378 Ι
1382 1340 1547 1379 esum
1565 1323 2100 1380 Cbristum.lumen

437 1414 510 1470 de
529 1412 778 1478 lumine,
805 1413 991 1466 Deum
1016 1427 1218 1466 verum
1250 1411 1321 1466 de
1345 1412 1462 1466 Deo
1484 1428 1642 1476 vero,
1671 1411 1937 1483 genitum
1960 1416 2098 1466 ante

436 1502 644 1559 omnia
665 1501 902 1559 smcula.
936 1501 1190 1571 (Etenim
1213 1517 1282 1556 ex
1315 1500 1472 1556 bono
1500 1502 1670 1556 Patre
1689 1500 1883 1556 bonus
1914 1500 2097 1556 Filius

435 1591 670 1668 genitus
695 1595 869 1659 est,et
892 1607 961 1646 ex
975 1590 1280 1662 unigenito
1303 1591 1530 1646 lumine
1545 1590 1976 1662 sempiternum
1999 1589 2095 1645 lu-

441 1696 580 1738 men
604 1679 846 1744 effulsit,
879 1684 938 1734 et
969 1696 1037 1734 ex
1068 1695 1204 1735 vera
1234 1680 1352 1734 vita
1390 1680 1652 1734 viviﬁcus
1683 1679 1816 1734 fons
1849 1680 2091 1751 prodiit,

439 1775 498 1828 et
530 1787 601 1825 ex
618 1769 1306 1841 ipsametpotentia,Filii
1325 1769 1595 1841 potentia
1615 1768 1988 1841 emicuit,qui
2003 1775 2094 1825 est

439 1859 724 1928 splendor
751 1857 1280 1931 gloriw[Hebr.ij.et
1305 1858 1557 1914 Verbum
1581 1875 1713 1914 vere
1734 1858 2087 1924 subsistens,

439 1950 542 2022 qui
579 1949 640 2004 in
673 1949 964 2021 principio
996 1955 1139 2005 erat.
1177 1955 1236 2004 et
1264 1949 1421 2021 apud
1454 1951 1636 2005 Deum
1669 1957 1816 2018 erat,
1851 1955 1910 2005 et
1938 1951 2091 2005 Deus

435 2044 566 2096 erat
596 2040 778 2104 [Joan.
808 2037 866 2108 1].
893 2037 1175 2109 principii
1196 2054 1406 2108 expers
1439 2043 1498 2092 et
1529 2037 1930 2110 sempiternus
1955 2056 1970 2105 ;
1997 2055 2102 2110 per

440 2144 621 2200 quem
651 2127 858 2183 omnia
873 2127 1028 2183 facta
1058 2132 1216 2190 sunt,
1233 2135 1353 2184 tam
1387 2144 1520 2198 qua;
1551 2127 1743 2183 oculis
1773 2133 2102 2184 cernuntur

437 2234 620 2290 quam
653 2234 783 2289 quae
816 2217 981 2273 cerni
1011 2217 1639 2289 nequeunt.)Etunum
1675 2217 1956 2290 Spiritum
1973 2234 2104 2274 san-

437 2313 700 2368 ctum.ex
716 2309 888 2362 Patre
920 2306 1370 2378 procedentem,
1404 2308 1948 2378 agnoscens,Deum
1965 2324 2102 2378 per-

437 2397 749 2463 fectum,et
766 2397 944 2452 vitam
968 2397 1414 2465 aﬂ‘erentem,ac
1439 2397 1815 2452 sanctitatem
1829 2397 2098 2469 praeben-

439 2490 582 2553 tem,
647 2485 854 2542 eadem
885 2487 1188 2542 voluntate
1221 2485 1559 2558 praeditum,
1602 2486 2097 2560 omnipotentem,

441 2575 714 2632 eamdem
734 2576 1127 2631 aeternitatem
1150 2574 1634 2643 habentem,vere
1649 2576 2097 2634 subsistentem.

430 2666 521 2723 Ad
535 2666 692 2722 hunc
708 2665 891 2740 igitur
913 2665 1156 2722 modum
1179 2668 1415 2721 Patrem
1438 2671 1495 2720 et
1512 2666 1725 2721 Filium
1744 2671 1803 2721 et
1815 2667 2099 2739 Spiritum

432 2764 701 2812 sanctum
713 2757 982 2819 adora.in
999 2757 1186 2811 tribus
1203 2756 1478 2828 personis
1494 2773 1598 2811 seu
1611 2757 2098 2829 proprietatibus,

430 2852 609 2918 atque
638 2847 700 2902 in
723 2862 842 2902 una
873 2845 1200 2902 divinitate.
1228 2846 1574 2901 Communis
1602 2847 1760 2902 enim
1784 2847 1879 2902 his
1910 2847 2100 2902 tribus

433 2941 525 2992 est
545 2936 1032 3006 divinitasatque
1050 2953 1171 2992 una
1185 2936 1451 3006 ipsorum
1477 2941 1689 2991 natura
1713 2942 1946 3004 est,una
1961 2936 2096 2992 sub-

438 3025 681 3093 stantia,
714 3042 835 3080 una
864 3025 1072 3096 gloria,
1125 3041 1311 3080 unum
1341 3041 1609 3096 regnum.
1660 3042 1783 3081 una
1811 3027 2097 3096 potentia,

2215 601 2333 663 υἱὸς
2365 601 2462 674 μὶν
2495 599 2622 677 γίνῃ
2655 605 2812 670 Θεοῦ,
2839 602 2967 665 ναὸς
3003 597 3060 658 δὶ
3097 605 3196 657 τοῦ
3237 599 3398 676 ἁγίου
3445 601 3535 657 καὶ
3593 603 3882 671 ζωοποιοῦ

2217 688 2545 763 Πνεύματος.
2575 691 2802 746 Πίστευε
2832 695 2947 764 (90)
2971 689 3152 748 τοίνυν
3186 690 3263 753 είς
3319 691 3552 766 Πατέρα,
3582 691 3672 746 καὶ
3727 689 3877 759 Υἱὸν,

2211 779 2303 834 καὶ
2335 778 2490 855 ἃγιον
2523 782 2766 853 Ηνεῦμα,
2792 780 2891 849 τήν
2925 779 3081 854 ἁγίαν
3130 779 3223 836 καὶ
3279 780 3602 854 ζωαρχικήν
3659 776 3879 852 Τριὰδα

2213 867 2264 925 ἐν
2284 870 2462 945 τρισὶν
2486 870 2811 925 ὑποστάσεσι
2865 873 3020 929 162
3061 869 3152 926 καὶ
3215 874 3315 943 μιᾷ
3367 870 3586 940 θεότητι
3645 867 3880 939 δοξαζο-

2214 960 2404 1032 μένην,
2439 956 2713 1034 δίαιρετὴν
2751 960 2846 1032 μὶν
2892 964 3010 1022 ταῖς
3063 959 3388 1015 ὑποστάσεσι
3441 958 3533 1015 καὶ
3579 965 3701 1021 ταῖς
3735 959 3876 1014 ὑπο-

2210 1053 2488 1112 στατικαῖς
2547 1046 2843 1121 ἰδιότησιν,
2903 1051 3198 1122 ἡνωμένην
3259 1046 3317 1105 δὶ
3399 1051 3470 1123 τῇ
3543 1047 3722 1120 οὐσίᾳ·
3773 1045 3874 1104 ’ἕνα

2213 1138 2308 1211 μὲν
2332 1139 2618 1214 γινώσκων
2667 1140 2795 1194 Θεὸν
2851 1139 3172 1215 ἀγέννητον,
3230 1139 3322 1193 τὸν
3377 1138 3606 1213 Πατέρα,
3660 1135 3760 1193 ἕνα
3815 1135 3873 1192 δὲ

2208 1229 2464 1302 γεννητὸν
2528 1228 2755 1302 Κύριον,
2811 1230 2904 1284 τὸν
2964 1228 3114 1297 Υίὸν,
3174 1232 3291 1306 φῶς
3348 1225 3406 1284 ἐκ
3481 1229 3684 1306 φωτὸς,
3738 1229 3872 1283 Θεὸν

2207 1317 2469 1387 ἀληθινὸν
2503 1316 2564 1373 ἐκ
2588 1323 2724 1374 Θεοῦ
2755 1318 3049 1388 ἀληθινοῦ,
3109 1319 3436 1394 γεννηθέντα
3492 1317 3602 1390 πρὸ
3648 1319 3873 1372 πάντων

2203 1412 2312 1463 τῶν
2348 1407 2562 1462 αἰώνων
2596 1413 2733 1480 (91)·
2767 1407 2973 1482 ἀγαθοῦ
3032 1409 3135 1485 γὰρ
3190 1407 3404 1483 Πατρὸς
3464 1406 3670 1482 ἀγαθὸς
3723 1406 3875 1484 ἐγεν-

2203 1498 2345 1568 νήθη
2378 1498 2526 1562 Υἱὸς,
2555 1497 2737 1572 φωτὸς
2771 1493 2828 1552 δὲ
2857 1501 2954 1552 τοῦ
2997 1496 3292 1574 ἀγεννήτου
3323 1501 3441 1574 φῶς
3487 1494 3763 1570 ἐξέλαμψε
3811 1497 3874 1551 τὸ

2204 1583 2404 1656 ἀίδιον,
2427 1587 2520 1642 καὶ
2554 1586 2614 1643 ἐκ
2640 1593 2740 1656 τῆς
2771 1583 2939 1650 ὅντως
3000 1591 3147 1656 ζωῆς
3191 1589 3228 1657 ἡ
3290 1586 3563 1656 ζωοποιὸς
3618 1584 3874 1659 προῆλθε

2201 1677 2377 1750 πηγὴ,
2399 1675 2488 1731 καὶ
2521 1674 2582 1731 ἐκ
2603 1683 2704 1745 τῆς
2761 1673 3183 1750 αύτοδυνὰμεως
3239 1677 3276 1747 ἠ
3333 1679 3432 1731 τοῦ
3473 1675 3603 1730 Υἳοῦ
3633 1672 3870 1747 δύναμις

2199 1762 2446 1843 ἐξεφάνη,
2509 1766 2568 1830 ὅς
2621 1763 2763 1822 ἐστιν
2815 1765 3144 1842 ἀπαύγασμα
3201 1771 3304 1835 τῆς
3361 1761 3525 1836 δόξης
3587 1767 3698 1838 (92)
3775 1763 3870 1843 καί

2201 1839 2374 1931 Λόγος
2394 1852 2780 1923 ἐνυπόστατος,
2814 1853 2867 1910 ἐν
2901 1839 3052 1931 ἀρχῇ
3113 1852 3188 1909 ὢν
3245 1854 3383 1924 πρὸς
3439 1854 3533 1909 τὸν
3585 1853 3718 1908 Θεὸν
3750 1839 3868 1922 (93)

2204 1943 2293 2000 καὶ
2352 1945 2484 2006 Θεὸς
2539 1944 2780 2020 ἄναρχός
2839 1965 2896 2000 τε
2954 1945 3047 2000 καὶ
3101 1942 3298 2007 ἀίδιος·
3359 1941 3430 1999 δι’
3486 1944 3549 1998 οὗ
3595 1943 3664 1998 τὰ
3692 1943 3871 1997 πάντα

2211 2035 2417 2110 ἐγένετο
2439 2035 2506 2090 τὰ
2534 2035 2703 2112 ὁρατὰ
2731 2034 2821 2090 καὶ
2875 2035 2945 2090 τὰ
2997 2033 3204 2109 ἀόρατα
3259 2035 3393 2107 (94)
3448 2032 3540 2088 καὶ
3593 2029 3648 2088 ἓν
3705 2028 3869 2092 εῗδὼς

2211 2129 2431 2198 Πνεῦμα
2463 2125 2710 2200 ἅγιον,τὸ
2742 2123 2802 2181 ἐκ
2851 2127 2949 2180 τοῦ
3009 2124 3219 2200 Πατρὸς
3270 2121 3703 2200 ἐκπορευόμενον
3735 2124 3871 2196 (95),

2211 2218 2340 2270 Θεὸν
2372 2211 2606 2284 τὲλειον,
2667 2215 2757 2270 καὶ
2811 2213 3104 2284 ζωοποιὸν,
3137 2214 3227 2269 καὶ
3277 2213 3549 2291 ἁγιασμοῦ
3608 2232 3870 2288 παρεκτι-

2209 2304 2324 2376 κὸν,
2369 2303 2715 2372 ταυτοθελὶς,
2799 2302 3240 2378 ταυτοδύναμον,
3296 2301 3569 2359 συναίδιον
3606 2345 3622 2375 ,
3672 2301 3874 2358 ἐνυπό-

2211 2415 2421 2450 στατον.
2480 2393 2669 2458 Οὕτως
2719 2395 2809 2448 οὖν
2869 2395 3160 2470 προσκύνει
3206 2393 3299 2450 τὸν
3360 2392 3573 2465 Πατέρα
3628 2393 3721 2448 καὶ
3777 2391 3870 2447 τὸν

2210 2485 2334 2540 Υἱὸν
2391 2484 2589 2540 καὶτὸ
2649 2483 2803 2560 ἃγιον
2866 2488 3086 2558 Πνεῦμα
3142 2482 3192 2538 ἐν
3246 2483 3424 2558 τρισὶν
3484 2480 3869 2550 ὑποστὰσεσιν,

2211 2574 2386 2630 εἷ’τουν
2446 2571 2708 2642 ἰδιὸτησι,
2765 2574 2856 2630 καὶ
2917 2573 3135 2642 θεότητι
3198 2577 3317 2646 μιᾷ*
3373 2573 3550 2628 κοινὸν
3611 2571 3712 2644 μὶν
3763 2572 3869 2646 γὰρ

2208 2668 2317 2721 τῶν
2349 2667 2585 2740 τριῶνὴ
2619 2663 2836 2736 θεότης,
2891 2666 2980 2720 καὶ
3037 2663 3136 2735 μία
3191 2661 3367 2719 αὐτῶν
3426 2665 3462 2732 ἡ
3523 2663 3710 2737 φύσις,
3772 2660 3870 2734 μία

2211 2755 2388 2827 οὐσία,
2427 2756 2524 2830 μία
2573 2755 2721 2830 δόξα,
2785 2755 2882 2829 μία
2939 2753 3216 2832 βασιλεία,
3278 2756 3380 2828 μία
3431 2753 3686 2829 δύναμις,
3773 2754 3870 2829 μία

2209 2845 2443 2916 ἐξουσία·
2476 2846 2658 2901 κοινὸν
2693 2843 2752 2900 δὲ
2781 2846 2894 2918 Υίῷ
2921 2844 3010 2900 καὶ
3071 2845 3207 2922 ἁγίῳ
3265 2844 3538 2918 Πνεύματι
3560 2845 3626 2901 τὸ
3657 2843 3724 2900 ἐκ
3773 2849 3868 2900 τοῦ

2211 2937 2364 2994 ’168
2396 2936 2636 3012 Ηατρὸς,
2663 2932 2805 2991 ’ίδιον
2841 2931 2898 2990 δὲ
2928 2939 3025 2990 τοῦ
3056 2936 3267 3010 Πατρὸς
3324 2935 3421 3008 μὶν
3453 2937 3489 3005 ἡ
3547 2933 3867 3010 ἀγεννησία,

2209 3027 2340 3081 Υἱοῦ
2367 3023 2425 3081 δὶ
2455 3028 2490 3096 ἡ
2521 3028 2792 3102 γὲννησις,
2826 3026 3144 3100 Πνεύματος
3199 3023 3257 3081 δὶ
3287 3027 3322 3096 ἠ
3383 3023 3711 3101 ἐκπόρευσις
3738 3027 3868 3099 (96).

436 3131 558 3171 una
580 3116 920 3172 auctoritas.
955 3116 1284 3170 Commune
1317 3120 1516 3170 autem
1549 3115 1796 3169 estFilio
1828 3122 1886 3169 et
1916 3116 2158 3187 Spiritui
2179 3117 2576 3189 sancto,quod
2607 3135 2678 3173 ex
2707 3121 2881 3175 Patre
2910 3123 3048 3174 sunt
3073 3123 3182 3174 ναι
3211 3134 3346 3174 vero
3367 3118 3527 3174 Patri
3557 3119 3868 3191 proprium

437 3209 530 3260 est
559 3203 889 3277 ingenitum
922 3219 1071 3270 esse,
1107 3203 1252 3258 Filio
1284 3203 1551 3276 genitum
1583 3221 1735 3270 esse,
1769 3205 2016 3276 Spiritui
2048 3206 2308 3280 denique
2329 3209 2713 3279 processisse.

507 3294 600 3349 Sic
632 3294 810 3365 igitur
839 3293 965 3348 hinc
997 3293 1203 3348 crede:
1229 3299 1290 3348 at
1318 3293 1724 3366 generationis
1742 3300 2090 3366 autproces-

2275 3294 2437 3352 Οὕτω
2473 3295 2569 3368 μὶν
2600 3296 2690 3350 οῦν
2750 3299 2917 3352 ταῦτα
2968 3295 3204 3352 πίστευε’
3269 3292 3598 3354 καταλαϐεῖν
3660 3294 3719 3353 δὲ
3777 3299 3868 3354 τὸν

439 3382 625 3439 sionis
657 3382 901 3438 modum
924 3382 1433 3454 comprehendere
1456 3381 1704 3439 minime
1728 3383 2098 3456 studeas(ne—

433 3489 548 3546 que
571 3471 732 3528 enim
754 3470 1180 3543 comprehendi
1203 3474 1654 3544 potest),verum
1669 3472 1898 3546 integro
1917 3473 2094 3531 corde

433 3580 502 3621 ac
524 3563 652 3619 sine
672 3561 796 3618 ulla
816 3577 1255 3633 supervacanea
1277 3562 1733 3636 investigatione
1757 3563 1908 3618 illud
1933 3569 2091 3636 tene,

430 3654 717 3712 nimirum
741 3653 976 3707 Patrem
996 3657 1053 3708 et
1069 3652 1284 3708 Filium
1309 3653 1663 3724 etSpiritum
1686 3659 1956 3710 sanctum
1971 3672 2092 3711 om-

430 3743 610 3801 nibus
623 3741 816 3798 modis
829 3757 1015 3798 unum
1030 3758 1160 3798 esse
1177 3748 1425 3814 excepta
1442 3742 1690 3816 ingeniti
1703 3745 2088 3815 proprietate.

430 3833 910 3907 etgeneratione,
937 3839 996 3887 et
1025 3832 1405 3905 processione
1432 3850 1447 3898 ;
1475 3832 1744 3904 illudque
1764 3834 1929 3900 item,
1955 3834 2087 3890 uni-

427 3924 695 3998 genitum
728 3922 940 3977 Filium
987 3939 1054 3977 ac
1088 3923 1189 3976 Dei
1224 3921 1498 3983 Verbum.
1533 3929 1592 3977 et
1636 3924 1842 3986 Deum.
1877 3924 2087 3980 salutis

421 4019 645 4070 nostra)
678 4028 856 4068 causa
886 4012 1078 4067 Patris
1108 4011 1367 4077 decreto,
1392 4028 1461 4066 ac
1496 4012 1751 4083 Spiritus
1768 4013 1957 4068 sancti
1981 4012 2086 4068 ad-

415 4103 633 4177 juncta
663 4118 862 4174 opera.
889 4101 948 4156 in
979 4106 1196 4158 terram
1229 4100 1618 4157 descendisse
1653 4119 1667 4168 ;
1703 4105 1833 4158 sine
1857 4102 2086 4158 semine

421 4194 485 4252 in
513 4198 734 4248 sanctae
761 4191 1014 4262 Virginis
1030 4208 1098 4246 ac
1134 4191 1232 4246 Dei
1249 4191 1556 4264 genitricis
1578 4193 1772 4247 Mariae
1797 4198 1965 4248 utero
1981 4210 2087 4266 per

423 4281 707 4354 Spiritum
731 4288 1001 4336 sanctum
1026 4285 1402 4352 conceptum,
1437 4297 1505 4336 ac
1528 4280 1654 4336 sine
1687 4281 1810 4336 ulla
1830 4282 1963 4337 labe
1982 4299 2084 4355 ge.

423 4371 637 4439 nitum,
661 4370 1113 4444 perfectumque
1136 4370 1442 4425 hominem
1467 4371 1746 4426 ellectum
1772 4388 1786 4437 ;
1812 4371 2082 4443 illudque

423 4467 734 4534 prmterea,
767 4460 963 4534 ipsum
994 4459 1325 4533 perfectum
1370 4461 1577 4528 Deum,
1627 4477 1694 4515 ac
1752 4460 2082 4533 perfectum

423 4549 729 4607 hominem
762 4566 990 4622 esse,ex
1010 4549 1241 4606 duabus
1264 4549 1514 4618 naturis,
1534 4549 1645 4605 hoc
1668 4555 1758 4605 est
1774 4551 2080 4608 divinitate

498 4745 607 4815 (89)
638 4743 795 4799 Psal.
832 4759 904 4807 ιν,
929 4746 960 4798 6
995 4759 1008 4798 :
1045 4740 1396 4816 Ἐσημειώθη
1431 4739 1514 4816 ἐφ’
1543 4742 1693 4816 ᾑμᾶς
1720 4741 1782 4796 τὸ
1813 4746 1928 4816 φῶς
1957 4747 2056 4798 τοῦ
2085 4763 2126 4798 π

501 4810 608 4891 (90)
641 4815 884 4891 Lemma
907 4810 1223 4891 metricum
1247 4813 1308 4891 in
1445 4810 1740 4891 Θεολογίαν
1770 4810 1870 4891 τῇν
1893 4818 1993 4870 τοῦ
2023 4821 2128 4891 Βαρ

2204 3383 2411 3462 τρόπον
2444 3391 2544 3455 τῆς
2579 3387 2884 3461 γεννήσεως
2941 3383 2977 3456 ἤ
3013 3393 3114 3457 τῆς
3178 3385 3556 3462 ἕκπορεύσεως
3607 3389 3680 3460 μή
3739 3387 3860 3442 ἐπι-

2208 3476 2360 3546 ζήτει
2391 3473 2804 3547 (ἀκατάληπτος
2847 3476 2998 3552 γάρ)’
3054 3474 3107 3531 ἕν
3169 3474 3421 3546 εὖθύτητι
3475 3473 3689 3552 καρδίας
3744 3478 3849 3548 (97)

2204 3564 2545 3641 ἀπεριέργως
2569 3561 2882 3640 προσδέχου
2915 3567 3000 3620 ὅτι
3059 3567 3088 3621 ὸ
3143 3566 3328 3641 Πατὴρ
3381 3566 3473 3621 καὶ
3504 3566 3534 3621 ὁ
3592 3566 3710 3628 Υἱὸς
3764 3565 3853 3620 καὶ

2201 3653 2264 3709 τὸ
2296 3653 2449 3730 ἃγιον
2482 3658 2704 3728 Ηνεῦμα
2732 3655 2870 3710 κατὰ
2899 3653 3070 3711 πάντα
3097 3651 3154 3711 ’ἐν
3185 3654 3310 3726 είσι,
3346 3654 3495 3725 πλὴν
3555 3661 3655 3726 τῆς
3702 3654 3855 3731 ἀγεν-

2199 3743 2389 3814 νησίας
2446 3743 2537 3800 καὶ
2595 3751 2701 3815 τῆς
2754 3746 3058 3822 γεννήσεως
3141 3743 3234 3800 καί
3287 3751 3388 3816 τῆς
3461 3743 3851 3822 ἐκπορεύσεως,

2197 3833 2288 3889 καὶ
2349 3832 2432 3888 ὅτι
2486 3835 2514 3889 ὁ
2575 3835 2880 3911 μονογενὴς
2938 3835 3062 3897 Υἱὸς
3110 3834 3201 3890 καὶ
3232 3835 3411 3910 Λόγος
3441 3839 3540 3891 τοῦ
3583 3839 3718 3892 Θεοῦ
3768 3835 3857 3891 καὶ

2199 3923 2330 3986 Θεὸς
2381 3921 2472 3979 διὰ
2526 3926 2627 3994 τήν
2669 3923 2940 3999 ἡμετέραν
3003 3925 3279 3999 σωτηρίαν
3311 3925 3585 3992 κατῆλθεν
3635 3925 3726 3982 ἐπὶ
3760 3933 3858 3995 τῆς

2195 4020 2297 4087 γῆς
2330 4011 2555 4086 εύδοκίᾳ
2584 4017 2681 4070 τοῦ
2711 4016 2922 4091 ιιατρὸς
2951 4018 3067 4084 (98)
3095 4015 3188 4070 καὶ
3247 4016 3507 4092 συνεργίᾳ
3548 4019 3647 4072 τοῦ
3705 4017 3863 4091 ἁγίου

2199 4102 2537 4176 Πνεύματος,
2587 4103 2845 4179 ἀσπόρως
2906 4102 3247 4181 συλληφθεὶς
3295 4103 3353 4161 ἐν
3409 4108 3480 4179 τῇ
3537 4107 3730 4182 μήτρᾳ
3764 4109 3866 4171 τῆς

2197 4190 2354 4266 ἁγίας
2385 4193 2658 4265 Παρθένου
2691 4194 2780 4248 καὶ
2818 4194 3089 4250 Θεοτόκου
3138 4193 3346 4270 Μαρίας
3406 4191 3497 4250 διὰ
3549 4196 3866 4268 Πνεύματος

2195 4281 2382 4356 ἁγίου,
2414 4281 2504 4336 καὶ
2539 4281 2795 4360 ἁφθόρως
2827 4282 2878 4354 ἐξ
2931 4281 3099 4353 αὐτῆς
3158 4283 3466 4359 γεννηθεὶς,
3515 4283 3608 4340 καὶ
3657 4281 3867 4360 ἅνθρω-

2194 4390 2298 4435 πος
2326 4371 2538 4435 τέλειος
2582 4372 2903 4448 γενόμενος.
2963 4373 3054 4428 καὶ
3109 4371 3191 4429 ὅτι
3258 4372 3420 4438 αὐτὸς
3479 4374 3615 4436 Θεὸς
3655 4371 3871 4436 τέλειός

2193 4461 2307 4518 ἐστι
2337 4464 2425 4519 καὶ
2461 4461 2751 4539 ἅνθρωπος
2780 4464 3013 4534 τέλειος,
3037 4464 3331 4540 γενόμενος
3389 4464 3450 4521 lx
3498 4462 3596 4522 δύο
3629 4464 3869 4545 φύσεων,

2193 4549 2451 4621 θεότητός
2481 4574 2540 4608 τε
2591 4553 2680 4608 διαἶ
2737 4553 3186 4627 ἀνθρωπότητος,
3241 4553 3333 4610 καὶ
3400 4552 3454 4610 ἐν
3537 4551 3636 4610 δυο
3675 4553 3867 4632 φύσεσι

2163 4742 2384 4823 οσώπου
2415 4746 2750 4823 σουῌίύριε.

2173 4815 2289 4894 α-ἁμ
2314 4818 2434 4894 ᾅρα.

652 4886 840 4972 Xerba
864 4885 1312 4972 supt'Symboli.
1336 4889 1594 4972 Eonnus
1619 4885 1986 4972 Paraphnrg‘i.
2020 4891 2050 4944 3
2077 4906 2091 4944 ;

2205 4888 2218 4942 i
2248 4885 2431 4966 λόγος
2463 4888 2792 4970 αὖτοφύτοιο
2814 4895 2973 4966 Θεοῦ,
3004 4895 3142 4971 φῶς,
3177 4889 3240 4949 ἐκ
3267 4890 3432 4971 φάεος
3463 4897 3603 4972 φῶς.

506 4959 624 5029 (92)
652 4959 820 5032 Epist
871 4957 946 5032 ad
978 4957 1152 5015 Hebr.
1186 4975 1225 5026 ι,
1257 4959 1309 5014 3.
1332 4957 1417 5013 Cf.
1444 4963 1586 5016 tom.
1619 4958 1716 5026 IIl,
1748 4957 1806 5032 p7.
1842 4961 1967 5027 339,

507 5033 616 5100 (93)
646 5031 812 5086 Joan.
846 5044 886 5097 ι,
915 5031 972 5085 2.

491 5097 623 5190 ’(94)
653 5105 902 5190 JoapJ2
932 5104 999 5157 3:
1031 5097 1310 5190 Hdvtq‘s't'
1337 5098 1502 5190 113:9?)
1538 5097 1775 5190 ,Eyévezco‘;
1842 5103 1948 5158 Ubi
1992 5104 2097 5190 ‘Thl

2209 5106 2429 5190 bylact.
2483 5124 2541 5180 p.
2587 5109 2758 5190 383_:
2807 5109 2884 5190 :0
2932 5104 2980 5163 δ’
3017 5105 3446 5190 μῦαῌγγελωτῂς,
3504 5108 3584 5164 ἐνὶ
3660 5107 3870 5184 ῥήματι

421 5168 615 5256 ,πάντα
632 5169 981 5256 περιλαϐὼν(
1007 5171 1161 5256 φησί’
1190 5171 1371 5226 Πάντα
1392 5169 1463 5226 δι’
1490 5168 1660 5256 αὐτοῦ
1692 5168 1927 5256 ἐγένετο,
1948 5174 2024 5256 τὲι⁸
2045 5168 2215 5256 ὁρατὰ
2235 5168 2324 5231 καὶ
2350 5177 2418 5232 τὰ
2447 5168 2641 5248 νὸητὰ.
2677 5182 2892 5238 Confer
2914 5181 3092 5237 verba

3153 5182 3400 5254 ymboli.

416 5247 446 5336 ζ
501 5244 849 5336 “Sitiﬁm
870 5244 1174 5336 susse???)
1207 5244 2215 5336 PF°PRRP.‘P°.‘FE‘9?9:,SszO'lsm
2248 5244 2592 5336 Latinoer
2627 5244 3242 5336 δςευιυβέρτοοεέάάητ
3272 5255 3348 5310 du
3367 5256 3502 5336 Ρένῖς
3533 5254 3689 5336 ead"
3720 5253 3872 5336 Fies:

430 5318 922 5396 approbationem
947 5317 1177 5373 scilicet
1205 5319 1529 5373 meriturus
1561 5317 1871 5373 doctorum
1898 5317 2383 5392 Sorbonicorum,
2419 5324 2520 5396 qui
2554 5325 2848 5383 Barlaami
2877 5317 3190 5383 historiam
3224 5342 3354 5383 esse
3386 5326 3744 5383 catholicam
3775 5317 3873 5380 de;

430 5395 832 5446 claraverunt.

422 5523 424 5526 ,
505 5463 618 5543 L99)
637 5463 705 5516 Et
729 5477 970 5543 rursum
993 5460 1214 5543 ‘Billius
1246 5459 1693 5543 Schismaticum
1725 5461 2095 5543 scriptorem
2113 5465 2542 5524 emendaturus
2568 5485 2582 5522 :
2617 5476 2668 5526 et
2697 5471 2774 5526 du
2805 5472 2865 5528 S.
2895 5473 2986 5532 Ε..
3012 5471 3285 5543 ρνοοέάετ
3329 5471 3423 5528 des
3453 5471 3621 5527 deux.
3678 5469 3870 5543 Supra

516 5531 608 5615 33,
636 5532 849 5616 eodem
874 5531 1070 5616 modo.
1105 5532 1434 5616 catholicus
1463 5531 1650 5616 magis
1677 5531 1866 5604 quani
1893 5534 2048 5592 fidus
2079 5537 2399 5610 interpres,
2423 5546 2683 5598 verterat
2711 5559 2724 5597 :
2756 5559 2834 5598 un
2865 5544 2921 5600 S.
2958 5531 3033 5600 Εἴ
3047 5544 3148 5614 qui
3169 5544 3407 5616 procede
3435 5543 3529 5599 des
3554 5543 3724 5598 deut.
3757 5531 3866 5594 Ἀο

435 5547 494 5657 ρ.
516 5547 608 5599 53,
636 5547 849 5589 eoaem
874 5547 1070 5592 moao.
1105 5547 1434 5588 catnoucus
1463 5549 1512 5588 ω

464 5604 629 5660 atina
652 5604 879 5660 pariter
907 5620 942 5659 a
966 5603 1184 5660 Graecis
1205 5603 1512 5660 recedunt.

652 5671 812 5756 1:881.
836 5691 1026 5756 9x111},
1059 5679 1090 5731 7
1123 5691 1136 5730 :
1172 5671 1890 5756 ’E_§op_olo_yv$qopaf3m_lv
1921 5675 2097 5756 εὐρύτι

2205 5677 2450 5756 καρδίας,

515 5740 634 5814 (98)
665 5745 770 5815 Ep.
806 5745 879 5801 ad
897 5745 1113 5817 Ephes.
1146 5762 1189 5818 ι,
1219 5740 1258 5803 5
1280 5740 1475 5814 {Remi
1499 5740 1604 5813 τὴν
1632 5740 1886 5803 εὸδοκίαν
1915 5740 2013 5805 τοῦ
2042 5759 2097 5816 θα

2205 5740 2360 5816 uio;
2387 5740 2575 5813 αὐτοῦ.
