4100 6418
202 429 329 488 1033
1367 423 1542 478 VITA
1577 423 1828 478 BARLA.

1966 428 2059 482 ET
2082 428 2430 486 JOABAPH.
3473 436 3614 495 1034

194 553 242 611 ἐν
267 551 546 629 διαφόροις
577 545 829 610 σονόδοις
865 540 1251 619 βεϐαιωθεῖσα,
1297 543 1388 600 καὶ
1444 548 1514 619 τῇ
1570 543 1828 620 καθολικξ

1959 550 2125 618 fides,
2143 560 2357 625 prmter
2370 573 2499 614 eam
2518 575 2649 630 quae
2667 557 2738 614 ab
2753 558 3042 631 apostolis
3057 559 3402 632 praedicata,
3430 569 3608 636 atque

192 642 481 714 Ἐκκλησία
515 634 884 718 βιϐαιωθεῖσα
915 638 1050 710 (16).

1957 656 1991 695 a
2016 641 2229 698 divinis
2250 646 2525 702 Patribus
2547 649 2608 702 in
2637 649 2812 704 variis
2834 648 3106 704 conciliis
3128 650 3482 707 conﬁrmata
3502 634 3608 708 est.

270 737 444 789 Ταῦτα
502 727 674 786 εἲπὼν
725 728 752 782 ὁ
813 725 1104 802 Βαρλαὰμ,
1161 724 1252 779 καὶ
1308 723 1371 778 τὸ
1445 730 1545 793 τῆς
1613 723 1828 779 πίστεωι

2028 732 2159 787 Haec
2210 751 2344 789 cum
2393 737 2638 793 dixisset
2694 739 2990 808 Barlaam,
3039 745 3219 811 atque
3273 740 3423 796 illud
3472 743 3610 798 ﬁdei

202 818 472 897 σύμϐολον
504 820 568 875 τὸ
600 816 808 881 ἐκτεθὶν
844 815 896 870 ἐν
928 818 996 889 τῇ
1029 815 1166 869 κατά
1222 813 1454 871 Νίκαιαν
1506 810 1715 886 συνόδῳ
1765 810 1828 868 δι·

1955 821 2315 892 symbolum,
2348 827 2589 896 quodin
2621 829 2858 883 Nicaeno
2911 810 3167 885 concilio
3214 830 3443 887 editum
3497 836 3608 900 est,

201 911 354 981 δαξας
382 912 476 968 τὸν
508 913 605 965 τοῦ
644 904 918 983 βασιλέως
978 903 1122 973 υἱὸν,
1181 898 1462 958 ἐϐάπτισεν
1519 902 1678 957 αύτὸν
1740 906 1825 975 (17

1953 912 2108 984 regis
2140 913 2263 968 ﬁlio
2293 918 2682 987 exposuisset,
2718 919 2778 973 in
2811 920 3054 975 nomine
3088 921 3282 976 Patris
3305 926 3364 976 et
3392 921 3525 976 Filii
3553 927 3612 976 et

190 1001 276 1064 είς
302 1002 362 1058 τὸ
393 997 567 1074 ὄνομα
593 995 690 1053 τοῦ
724 994 958 1071 Πατρὸς,
989 993 1076 1048 καὶ
1109 997 1207 1047 τοῦ
1238 993 1388 1060 Υἱοῦ,
1421 994 1511 1046 καὶ
1540 995 1636 1047 τοῦ
1688 991 1845 1067 ἁγίου

191 1089 507 1165 Πνεύματος
538 1087 612 1150 είς
651 1086 751 1154 τὴν
787 1078 1186 1156 κολυμϐήθραν
1219 1085 1318 1137 τοῦ
1377 1079 1572 1144 ὕδατος
1623 1082 1720 1150 τήν
1754 1082 1843 1135 05-

195 1203 287 1238 σαν
318 1180 368 1236 ἐν
397 1183 476 1252 τῷ
507 1173 822 1252 παραδείσῳ
860 1169 1047 1229 αὐτοῦ.
1110 1171 1210 1226 Καὶ
1266 1170 1435 1241 ἦλθεν
1486 1171 1570 1226 ἐπ’
1617 1171 1775 1226 αὐτὸν
1807 1173 1842 1240 ἡ

194 1274 350 1346 χάρις
377 1272 475 1325 τοῦ
503 1265 666 1343 ἁγίου
728 1263 1060 1337 11νεύματος.
1125 1259 1471 1325 Ἐπανελθὼν
1525 1259 1581 1316 δὲ
1629 1261 1703 1323 εἰς
1749 1263 1841 1317 τὸν

191 1360 351 1416 αὖτοῦ
382 1361 640 1425 κοιτῶνα,
673 1356 763 1411 καὶ
815 1355 914 1424 τήν
970 1352 1118 1426 ἱερὰν
1177 1349 1492 1414 ἐπιτελέσας
1554 1373 1841 1429 μυσταγω-

190 1450 307 1525 γίαν
335 1455 435 1517 τῆς
492 1444 834 1518 ἀναιμάκτου
895 1440 1100 1507 θυσίας.
1167 1438 1467 1515 μετέδωκεν
1526 1441 1676 1512 αὐτῷ
1732 1446 1839 1496 τῶν

186 1539 464 1614 ἆχράντων
487 1539 588 1592 τοῦ
621 1536 862 1608 Χριστοῦ
912 1529 1252 1605 μυστηρίων,
1307 1531 1461 1587 ’108
1521 1530 1611 1585 καὶ
1666 1531 1839 1607 ἠγαλ-

185 1625 405 1684 λιάσατο
437 1628 552 1700 (18)
582 1627 664 1697 τῷ
693 1619 990 1694 Πνεύματι,
1025 1617 1180 1691 δόξαν
1215 1619 1553 1693 ἀναπέμπων
1616 1625 1840 1694 Χριστῷ

190 1723 269 1792 τῷ
295 1721 432 1790 Θεῷ.

258 1808 390 1864 Εἴπε
417 1803 475 1860 δὲ
505 1804 643 1879 πρὸς
675 1801 832 1858 αὐτὸν
869 1802 896 1856 ὁ
931 1799 1196 1877 Βαρλαάμ
1217 1802 1348 1874 (19)·
1377 1797 1700 1875 Εὐλογητὸς
1725 1804 1838 1876 (20)

1956 1000 2207 1072 Spiritus
2235 1005 2445 1069 sancti,
2483 1022 2619 1060 eum
2654 1008 2714 1061 in
2747 1008 2975 1079 piscina
3004 1027 3137 1080 quas
3164 1011 3226 1065 in
3258 1011 3447 1083 ipsius
3469 1011 3610 1066 hor-

1955 1094 2013 1144 to
2041 1097 2170 1146 erat
2198 1091 2532 1164 baptizavit,
2583 1112 2650 1150 ac
2702 1113 2880 1167 super
2926 1115 3061 1152 eum
3113 1099 3364 1169 Spiritus
3415 1100 3605 1157 sancti

1952 1181 2141 1252 gratia
2171 1182 2346 1236 venit.
2383 1184 2648 1256 Cumque
2680 1185 2753 1240 ad
2789 1186 2975 1256 ipsius
3006 1186 3347 1244 cubiculum
3391 1190 3604 1246 rediis-

1953 1273 2062 1336 set,
2095 1275 2272 1342 atque
2307 1272 2602 1328 incruenti
2637 1275 2913 1328 sacriﬁcii
2975 1292 3208 1331 sacrum
3258 1281 3602 1351 peregisset,

1951 1358 2333 1417 immaculata
2365 1362 2582 1417 Christi
2617 1365 2899 1436 mysteria
2930 1365 3042 1435 ipsi
3072 1366 3410 1436 impertivit.
3463 1372 3606 1423 Pos-

1952 1453 2163 1520 teaque
2204 1450 2304 1505 ille
2365 1451 2578 1524 spiritu
2639 1453 2992 1520 exsultabat,
3055 1455 3355 1511 Christum
3417 1459 3601 1513 Deum

1949 1539 2123 1596 laude
2155 1547 2331 1612 atque
2363 1542 2551 1612 gloria
2581 1543 2872 1599 afﬁciens.

2018 1720 2174 1774 Dixit
2201 1722 2401 1777 autem
2432 1723 2506 1778 ad
2540 1740 2676 1778 eum
2709 1723 2977 1780 Barlaam
3003 1740 3016 1778 :
3044 1724 3399 1781 Benedictus
3423 1727 3598 1794 Deus,

1945 1813 2005 1862 et
2033 1810 2207 1865 Pater
2235 1811 2467 1866 Domini
2501 1813 2689 1868 nostri
2736 1814 2872 1870 Jesu
2921 1813 3160 1881 Christi,
3209 1815 3309 1885 qui
3359 1832 3462 1886 pro
3514 1816 3602 1870 in-

190 1897 217 1951 ὁ
265 1896 388 1957 Θεὸς
444 1894 533 1948 καὶ
594 1894 778 1964 Πατὴρ
835 1894 934 1945 τοῦ
986 1889 1190 1966 Κυρίου
1246 1891 1406 1962 ἡμῶν
1465 1892 1647 1960 Ἰησοῦ
1706 1895 1828 1964 Χρι-

1945 1897 2104 1966 genti
2134 1915 2240 1954 sua
2268 1900 2678 1956 misericordia
2706 1902 3075 1973 regeneravit
3107 1903 3168 1957 in
3203 1908 3257 1958 te
3311 1919 3477 1974 spem
3508 1905 3595 1959 vi-

186 1989 331 2056 στοῦ,
367 1984 565 2039 ὁκατᾶ
601 1981 664 2037 τὸ
722 1980 867 2036 πολὺ
923 1978 1076 2042 ἔλεος
1131 1978 1296 2034 αὐτοῦ
1355 1979 1720 2054 ἀναγεννήσας
1777 2001 1834 2035 σε

177 2072 258 2136 εἰς
315 2070 509 2128 ἐλπίδα
573 2075 771 2142 ζῶσαν,
831 2068 906 2132 εἰς
964 2065 1344 2144 κληρονομίαν
1415 2065 1684 2144 ἄφθαρτον
1743 2067 1831 2123 καὶ

182 2160 948 2237 ἆμίαντον,καὶᾶπάραντον,
1004 2159 1383 2234 τετηρημένην
1443 2155 1494 2212 ἐν
1555 2158 1830 2234 οὐρανοῖς,

175 2250 235 2308 ἐν
264 2255 487 2328 Χριστῷ
530 2253 711 2321 Ἰησοῦ
768 2253 847 2322 τῷ
906 2245 1094 2323 Κυρίῳ
1149 2249 1310 2320 ἡμῶν
1373 2243 1462 2301 διὰ
1518 2247 1833 2320 Πνεύματος

179 2342 362 2418 ἁγίου.
425 2343 680 2417 Σήμερον
733 2340 835 2416 γὰρ
894 2336 1280 2412 ἐλευθερωθεὶς
1338 2335 1446 2391 ἀπὸ
1499 2339 1600 2405 τῆς
1655 2338 1826 2410 ὁιμαρ⁹

172 2429 662 2502 τίας,ἐδουλώθης
691 2433 772 2503 τῷ
813 2432 928 2501 Θεῷ
987 2429 1125 2500 (21),
1184 2426 1275 2481 τὸν
1329 2420 1621 2502 ἀρραϐῶνα
1677 2423 1829 2499 δεξά-

175 2543 339 2598 μενος
367 2528 465 2591 τῆς
490 2518 715 2575 αἰωνίου
749 2523 919 2588 ζωῆς,
976 2516 1090 2587 καὶ,
1145 2515 1210 2571 τὸ
1257 2514 1450 2578 σκότος
1505 2513 1822 2570 ἀπολιπὼν

171 2617 291 2691 φῶς
344 2608 576 2667 ἐνεδύσω
651 2612 787 2682 (22),
872 2607 1190 2682 καταταγείς
1272 2605 1348 2670 εἰς
1429 2607 1528 2674 τὴν
1611 2604 1824 2670 ἐλευθε-

170 2705 292 2782 ρίαν
326 2709 434 2774 (23)
463 2706 562 2773 τῆς
597 2701 760 2773 δόξης
791 2705 903 2756 τῶν
934 2703 1138 2756 τέκνων
1170 2703 1266 2755 τοῦ
1297 2704 1450 2755 Θεοῦ·
1482 2704 1638 2755 Ὅσοι
1694 2699 1820 2775 γὰρ.

166 2794 338 2867 φησὶν
398 2795 530 2868 (24),
584 2787 782 2848 ἔλαϐον
838 2789 1022 2860 αὐτὸν,
1082 2784 1279 2844 ἔδωκεν
1339 2788 1523 2851 αὐτοῖς
1585 2788 1824 2860 ἐξουσίαν

165 2883 334 2940 τέκνα
355 2887 490 2938 Θεοῦ
519 2883 930 2960 γενέσθαι,τοῖς
989 2879 1330 2937 πιστεύουσιν
1391 2878 1469 2941 εἲς
1525 2877 1588 2933 τι)
1649 2874 1823 2951 ὄνομα

169 2975 363 3030 αὐτοῦ·
413 2973 547 3028 ὥστε
774 2969 958 3026 ούκέτι
1009 2968 1057 3024 εἴ
1109 2965 1332 3037 δοῦλος,
1384 2967 1513 3024 ἀλλ’
1564 2969 1681 3032 υἱὸς
1731 2968 1820 3023 καί

164 3061 522 3138 κληρονόμος
560 3065 696 3116 Θεοῦ
755 3057 844 3115 διὰ
900 3060 1081 3130 Ἰησοῦ
1139 3062 1375 3132 Χριστοῦ
1433 3055 1484 3112 ἐν
1546 3057 1819 3130 Πνεύματι

157 3151 328 3229 ἁγίῳ.
363 3151 480 3219 Διὸ,
531 3150 797 3228 ἀγαπητέ,
859 3145 1164 3203 σπούδασον
1225 3143 1455 3208 ἀσπιλος
1512 3146 1600 3201 καὶ
1659 3146 1820 3200 ἀπώ-

165 3261 345 3314 μητος
373 3238 520 3312 αύτῷ
540 3239 848 3314 ἲεύρεθῆναι
905 3240 1034 3310 (26),
1098 3235 1458 3312 ἐργαζόμενος
1513 3235 1576 3290 τὸ
1623 3234 1821 3310 ἀγαθὸν

159 3329 252 3386 ἐπὶ
284 3333 363 3402 τῷ
394 3329 634 3403 θεμελίῳ
663 3336 763 3398 τῆς
795 3328 1057 3392 πίστεως·
1122 3325 1304 3387 πίστις
1337 3327 1450 3398 (27)
1480 3325 1584 3401 γὰρ
1645 3327 1820 3400 χωρὲς

161 3417 345 3497 ἔργων
376 3418 539 3494 νεκρά
586 3418 754 3487 ἐστιν,
803 3416 984 3493 ὥσπερ
1041 3417 1132 3470 καὶ
1191 3409 1320 3491 ἔργα
1371 3411 1502 3488 δίχα
1556 3414 1814 3484 πίστεως,

153 3510 347 3572 καθώς
404 3509 495 3563 καὶ
552 3509 822 3584 πρότερον
887 3507 1172 3580 μέμνημαι
1229 3502 1479 3576 λαλήσας
1541 3525 1624 3559 σοι
1683 3507 1818 3576 (28).

153 3600 546 3672 Ἀποθέμενος
603 3597 696 3654 οῦν
750 3599 904 3655 189
968 3595 1164 3652 λοιπὸν
1220 3599 1392 3649 πᾶσαν
1461 3593 1673 3664 κακίαν,
1731 3596 1820 3650 καὶ

151 3687 438 3744 πάντατὰ
485 3687 616 3764 ἔργα
670 3692 768 3743 τοῦ
822 3687 1062 3743 παλαιοῦ
1118 3684 1406 3759 ἀνθρώπου
1468 3685 1703 3757 μισήσας
1757 3684 1825 3739 τὰ

153 3779 502 3859 φθειρόμενα
556 3779 691 3835 κατά
746 3778 846 3842 τὰς
903 3776 1194 3850 ἐπιθυμίας
1253 3781 1353 3844 τῆς
1402 3775 1615 3846 ἀπάτης
1683 3779 1739 3848 (2
1783 3778 1822 3848 ),

147 3871 237 3934 ὡς
266 3868 656 3946 ἀρτιγέννητον
692 3866 893 3946 βρέφος
923 3866 988 3922 τὸ
1020 3865 1248 3942 λογικὸν
1299 3864 1387 3918 καὶ
1440 3860 1638 3920 ἄδολον
1683 3863 1825 3940 γάλα

139 3964 266 4015 τῶν
300 3958 513 4034 ἀρετῶν
563 3955 905 4027 ἐπιπόθησον
965 3961 1134 4024 πιεῖν,
1196 3951 1281 4008 ἴνα
1341 3951 1393 4008 ἐν
1452 3951 1599 4024 αύτῷ
1657 3953 1824 4024 αύξη-

145 4050 259 4121 θῇς
285 4053 420 4120 (30),
461 4047 553 4102 καὶ
583 4046 789 4125 φθάσῃς
819 4047 898 4108 εἷς
929 4046 1028 4114 τήν
1071 4042 1358 4120 ἐπίγνωσιν
1416 4046 1524 4096 τῶν
1585 4041 1822 4097 ἐντολῶν

137 4141 252 4194 τοῦ
284 4137 417 4192 Υἱοῦ
445 4141 546 4191 τοῦ
577 4139 735 4208 Θεοῦ,
768 4134 846 4200 είς
875 4131 1044 4207 ἄνδρα
1072 4132 1302 4203 τέλειον,
1335 4131 1411 4195 εἷς
1445 4134 1640 4208 μέτρον
1697 4131 1826 4201 ἡλι-

137 4227 278 4289 κίας
311 4230 412 4281 τοῦ
444 4223 829 4302 πληρώματος
887 4227 986 4279 τοῦ
1045 4225 1306 4298 Χριστοῦ,
1373 4220 1567 4294 μηκέτι
1625 4221 1824 4290 νήπιος

147 4311 236 4371 ὥν
297 4320 420 4380 ταῖς
477 4315 655 4392 φρεσὶ,
715 4311 1191 4386 κλυδωνιζόμενος
1250 4310 1340 4364 καὶ
1400 4310 1827 4388 περιφερόμενος

1943 2003 2094 2056 vam,
2115 1980 2192 2043 ‘in
2227 1989 2636 2046 haereditatem
2669 1991 3209 2063 incorruptibilem,
3243 1998 3300 2047 et
3331 1993 3597 2049 inconta-

1941 2078 2253 2146 minatam,
2311 2087 2368 2134 et
2425 2081 3004 2149 immarcescibilem,
3063 2088 3471 2138 conservatam
3531 2084 3592 2138 in

1941 2167 2104 2221 coelis
2138 2169 2198 2222 in
2229 2169 2460 2223 Christo
2490 2170 2625 2224 Jesu
2655 2171 2904 2224 Domino
2937 2176 3140 2226 nostro
3171 2187 3276 2242 per
3307 2172 3591 2243 Spiritum

1941 2261 2211 2312 sanctum
2245 2258 2293 2328 (Ι
2319 2259 2435 2313 Pet.
2471 2258 2530 2328 ι).
2566 2257 2858 2314 Hodierno
2893 2260 3051 2314 enim
3076 2260 3171 2314 die
3201 2277 3236 2314 a
3265 2267 3507 2331 peccato
3529 2261 3596 2315 li-

1939 2345 2201 2415 beratus,
2249 2352 2490 2418 accepto
2553 2348 2932 2419 sempiternae
2971 2348 3104 2402 vitea
3153 2349 3419 2421 pignore,
3471 2351 3589 2404 Deo

1936 2436 2311 2508 mancipatus
2339 2453 2422 2499 es,
2457 2453 2523 2492 ac
2555 2437 2780 2492 relictis
2813 2437 3074 2492 tenebris
3105 2436 3310 2492 lumen
3342 2437 3590 2492 induisti

1935 2525 2249 2596 adoptatus
2280 2525 2340 2580 in
2372 2525 2714 2581 libertatem
2739 2527 2942 2598 gloriae
2977 2526 3231 2581 ﬁliorum
3257 2527 3391 2581 Dei:
3417 2529 3591 2592 Quot,-

1935 2621 2081 2686 quot
2101 2615 2284 2680 enim,
2318 2615 2514 2686 inquit
2544 2615 2666 2680 ille,
2700 2621 3058 2686 receperunt
3087 2632 3247 2680 eum,
3283 2615 3446 2670 dedit
3502 2617 3586 2672 eis

1932 2709 2286 2775 potestatem
2321 2704 2475 2759 ﬁlios
2507 2705 2609 2759 Dei
2641 2705 2790 2771 ﬁeri,
2827 2704 2921 2760 his
2953 2705 3052 2776 qui
3085 2704 3337 2760 credunt
3383 2706 3444 2760 iu
3477 2723 3584 2761 no-

1932 2794 2092 2849 mine
2125 2793 2254 2865 ejus
2285 2793 2464 2863 (Joan.
2499 2794 2558 2864 1).
2590 2795 2794 2864 Itaque
2826 2810 2944 2848 non
2971 2794 3102 2865 jam
3135 2811 3336 2849 servus
3369 2810 3452 2861 es,
3478 2795 3582 2850 sed

1931 2883 2092 2938 ﬁlius
2125 2887 2182 2937 et
2210 2883 2398 2938 haeres
2430 2883 2554 2950 Dei,
2591 2899 2697 2954 per
2716 2882 3016 2937 Christum
3041 2883 3103 2938 in
3131 2883 3350 2954 Spiritu
3375 2889 3578 2939 sancto

1931 2974 2074 3039 (Gal.
2108 2973 2206 3042 iv).
2228 2973 2532 3037 Quocirca,
2558 2971 2930 3039 charissime,
2956 2971 3014 3026 id
3040 2972 3211 3028 stude
3234 2977 3300 3027 ut
3321 2973 3582 3028 mundus

1933 3067 1991 3116 et
2021 3061 2440 3116 immaculatus
2471 3061 2582 3132 ipsi
2617 3061 2964 3128 inveniaris,
3000 3079 3181 3132 supra
3213 3062 3348 3116 ﬁdei
3372 3061 3587 3116 funda-

1933 3156 2204 3206 mentum
2236 3151 2421 3222 proba
2452 3167 2631 3221 opera
2662 3155 2993 3205 exstruens.
3027 3149 3200 3205 Fides
3245 3150 3406 3205 enim
3458 3151 3587 3206 sine

1935 3239 2216 3312 operibus
2244 3245 2481 3294 mortua
2512 3244 2619 3307 est,
2653 3239 3159 3311 quemadmodum
3182 3245 3241 3294 et
3261 3256 3440 3311 opera
3461 3240 3591 3296 sine

1937 3330 2053 3385 ﬁde
2091 3330 2161 3401 (II
2195 3335 2342 3386 Petr.
2376 3346 2436 3384 ιιι
2471 3347 2483 3395 ;
2517 3331 2634 3385 Jac.
2669 3329 2752 3397 ιι).
2789 3331 3001 3400 Atque,
3036 3335 3103 3383 ut
3124 3329 3250 3400 jam
3297 3328 3462 3400 prius
3494 3345 3588 3384 me

1937 3417 2010 3474 ad
2041 3423 2094 3474 te
2126 3418 2324 3473 dicere
2358 3417 2626 3483 memini,
2660 3417 2934 3489 deposita
2955 3418 3084 3489 jam
3115 3417 3277 3471 omni
3338 3418 3589 3486 malitia,

1936 3509 2266 3579 veterisque
2300 3507 2580 3573 hominis,
2615 3507 2716 3578 qui
2749 3505 3076 3562 secundum
3110 3506 3331 3560 erroris
3354 3506 3592 3562 deside—

1933 3599 2023 3653 ria
2052 3597 2455 3669 corrumpitur
2476 3597 2693 3668 (Ephes.
2725 3597 2821 3668 1v),
2847 3595 3126 3668 operibus
3153 3595 3433 3650 omnibus
3456 3595 3592 3651 odio

1933 3687 2173 3755 habitis,
2212 3693 2497 3758 tanquam
2530 3687 2713 3742 modo
2737 3687 2973 3759 genitus
2997 3686 3212 3753 infans,
3239 3685 3592 3741 rationabile

1935 3783 1993 3832 et
2022 3777 2150 3831 sine
2173 3775 2309 3831 dolo
2331 3777 2615 3832 virtutum
2635 3776 2724 3832 lac
2753 3793 2962 3850 sugere
2993 3775 3346 3847 concupisce
3375 3776 3424 3847 (Ι
3439 3778 3590 3831 Patr.

1934 3867 2016 3938 ιι),
2049 3872 2116 3921 ut
2145 3867 2207 3922 in
2241 3883 2308 3921 eo
2341 3884 2598 3930 crescas,
2658 3871 2837 3938 atque
2888 3867 2962 3922 ad
3016 3867 3438 3924 mandatorum
3488 3866 3590 3921 Dei

1934 3957 2334 4029 cognitionem
2361 3957 2672 4028 pervenias
2705 3957 2766 4011 in
2791 3957 2979 4012 virum
3001 3956 3327 4028 perfectum
3351 3956 3411 4010 in
3430 3973 3594 4010 men-

1935 4061 2136 4100 suram
2170 4045 2360 4099 mtatis
2414 4044 2810 4116 plenitudinis
2857 4045 3073 4100 Christi
3123 4045 3334 4116 (Ephes.
3387 4046 3496 4115 1v);
3529 4047 3596 4098 ut

1936 4152 2054 4189 non
2081 4135 2208 4206 jam
2243 4135 2324 4190 sis
2355 4134 2632 4206 parvulus
2694 4134 2992 4200 sensibus,
3048 4135 3393 4190 vitiosarum
3425 4135 3596 4189 aﬁ'ec-

1938 4225 2170 4280 tionum
2204 4225 2484 4279 ﬂuctibus
2517 4241 2583 4279 ac
2611 4229 2964 4296 tempestate
2987 4225 3250 4297 jactatus
3303 4228 3363 4280 et
3408 4223 3595 4279 circu-

1938 4319 2189 4380 mactus,
2224 4331 2424 4369 verum
2469 4313 2700 4369 malitia
2746 4314 2990 4384 quidem
3046 4313 3326 4387 parvulus
3367 4313 3471 4381 sis,
3517 4312 3591 4367 ad

236 4441 354 4512 (16)
389 4441 672 4512 Displicet
699 4439 978 4512 repetitio
1005 4437 1166 4492 verbi
1202 4428 1459 4512 βεϐαιωθ.
1491 4437 1805 4512 Usu_s__s_um

1947 4455 2013 4512 co
2047 4437 2248 4493 codice
2276 4439 2352 4512 C7;
2387 4453 2532 4512 num
2563 4437 2933 4512 haecultima
2957 4437 3152 4512 verba,
3179 4434 3270 4512 καὶ
3292 4438 3434 4512 τῇγκ.
3466 4435 3588 4491 Ἐκ-

150 4506 380 4586 κλῂσίᾳ
411 4506 790 4586 βεόαιωθεῖσαξ
822 4527 942 4566 non
975 4506 1212 4565 exstant
1238 4507 1300 4562 in
1332 4506 1461 4563 cod.
1498 4509 1562 4562 A.
1599 4507 1822 4578 Billyus

1941 4515 1947 4559 ξ
1973 4509 2181 4565 donnée
2210 4512 2245 4564 (ἱ
2270 4509 2490 4578 l’Eglise
2519 4509 2853 4578 catholique.
2886 4510 3192 4565 Invenitne
3217 4506 3455 4578 δοθεῖσα,
3479 4527 3586 4561 πα-

135 4581 465 4663 ραδοθεῖσα
489 4584 516 4639 ?

226 4646 352 4730 (l7)
385 4657 629 4730 Lemma
659 4655 975 4730 metricum
1009 4654 1071 4709 in
1110 4655 1155 4708 A
1183 4669 1196 4708 :
1233 4646 1469 4724 Ἰωᾶσαφ
1502 4647 1724 4704 ἐνταῦθα
1759 4647 1826 4723 βά

1941 4671 2039 4723 ιμα
2074 4647 2263 4725 βλέπε.

253 4729 352 4800 18)
380 4729 520 4784 Luc.
556 4745 614 4793 x,
648 4728 736 4784 21.

253 4790 353 4878 19)
386 4790 631 4856 Lemma
659 4800 724 4855 in
757 4800 824 4854 A.
858 4795 1017 4924 Εύέἠ
1055 4795 1190 4867 μετὰ
1215 4792 1279 4848 τὸ
1315 4790 1616 4868 βάπτισμα.

255 4876 358 4924 2οὶ
390 4873 550 4924 Petr.
584 4873 609 4924 Ι
640 4871 825 4924 Enist.
860 4886 898 4924 ι.
973 4911 986 4924 .
1020 4871 1072 4924 4.

226 4871 358 4946 (20)
390 4873 550 4946 ξειν.
584 4873 609 4926 I
640 4871 825 4946 Epist.
860 4886 898 4937 ι,
933 4871 986 4937 3,
1017 4871 1072 4946 ﬁ.

223 4933 354 5015 (21)
387 4944 574 5015 Epist.
609 4933 894 4999 ad'Rom.’
917 4933 988 5007 γι,
1011 4943 1119 5015 22;
1156 4937 1286 5015 Νυνὶ
1317 4933 1376 4992 δὲ
1404 4934 1828 5015 ἐλευθερωθέν-τε

1941 4937 1996 4992 τὸ
2026 4943 2127 5015 τῆς
2161 4936 2464 5015 όιμαρτίας,Δ
2483 4933 2853 5015 δουλωθέντες
2885 4933 2943 5015 δέ
2972 4939 3267 5015 τῷιθεῷἶ.

232 5005 351 5086 *22)
384 5005 570 5087 Epist.
605 5015 679 5070 ad
713 5017 880 5070 Rom.
912 5005 1033 5076 xm,
1068 5011 1134 5065 12
1160 5027 1173 5065 :
1209 5009 1568 5082 Ἀποθώμεθα
1597 5005 1689 5062 οῦν
1721 5010 1788 5063 τὰ
1815 5005 1948 5085 ἔργα
1971 5005 2347 5077 τοῦσκότούς,
2377 5008 2468 5063 καὶ
2500 5005 2855 5082 ἐνδυσώμεθα
2883 5008 2950 5064 τὰ
2975 5005 3123 5063 ὅπλα
3151 5005 3248 5064 τοῦ
3279 5005 3480 5085 φῶτός.

223 5018 352 5157 (23)
385 5086 654 5157 Epistola
683 5084 760 5141 ad
789 5087 1112 5149 Romanos,
1149 5099 1270 5151 VIII,
1303 5084 1388 5138 2t.

250 5084 352 5157 23)
385 5084 654 5160 Epistola
683 5084 760 5160 a_d
789 5087 1112 5149 Romanos,
1149 5099 1270 5151 VIII,
1303 5084 1388 5138 2t.

229 5160 362 5227 (24)
392 5158 565 5214 Joan.
599 5175 639 5222 ι,
674 5158 760 5212 12.

224 5230 355 5300 (25)
389 5229 576 5301 Epist.
610 5227 686 5284 ad
717 5228 842 5285 Gal.
879 5245 952 5294 ιν,
985 5231 1036 5301 7.

213 5291 354 5372 (26)
381 5291 538 5356 Pétr.
571 5302 619 5358 II
645 5301 830 5373 Epist.
864 5291 947 5367 ιιι,
981 5300 1084 5354 14ε
1119 5295 1238 5364 Διὸ,
1263 5295 1562 5370 ἀγαπητοὶ,
1595 5299 1761 5351 ταῦτα
1793 5293 2227 5372 προσδοκῶντες,
2287 5291 2627 5350 σπουδάσατε
2674 5293 2900 5352 ἂσπιλοι
2948 5295 3040 5351 καὶ
3090 5294 3390 5368 ἀμώμητοι
3449 5291 3597 5363 αὐτῷ

111 5372 484 5460 εὑεξὲᾕνθιι-

217 5443 358 5515 (2⁸7)
388 5443 588 5500 Iacob.
621 5459 682 5510 ιι,
716 5445 806 5497 20.

215 5518 330 5588 (28
391 5515 562 5572 Gonf.
598 5532 656 5586 p.
689 5516 780 5582 87,
813 5530 874 5568 ιι.
909 5515 999 5568 66.

215 5517 358 5656 (29)
384 5587 571 5656 Epist.
606 5585 682 5641 ad
714 5586 926 5656 Ephes.
961 5601 1032 5652 ιν,
1061 5583 1152 5656 22.
1187 5582 1360 5656 Cf._p.
1396 5583 1519 5649 151,
1552 5599 1612 5656 ιι.
1646 5587 1678 5637 2

209 5591 353 5673 (29)
384 5591 571 5658 Epist.
606 5591 682 5641 ad
714 5591 926 5668 Ephes.
961 5601 1032 5652 ιν,
1061 5591 1152 5639 22.
1187 5591 1270 5638 Cf.
1396 5591 1519 5649 151,
1552 5599 1612 5670 ρ.
1646 5591 1699 5665 2.

207 5661 354 5728 (30)
386 5659 592 5729 Petr.l
626 5659 906 5729 Epist._n,
943 5659 990 5729 l_,
1023 5658 1094 5729 2;
1129 5654 1491 5729 ’Ajtotlsyiavov.
1526 5672 1620 5729 ουν
1653 5674 1699 5729 im

1379 5671 1491 5706 ενοι
1526 5652 1620 5706 οῦν
1653 5657 1824 5708 πᾶσαν
1877 5653 2095 5724 κακίαν,
2153 5654 2245 5724 καὶ
2302 5654 2478 5708 πάντα
2533 5650 2720 5724 δόλον,
2777 5652 2867 5707 καὶ
2931 5651 3266 5724 ὑποκρίσεις,
3318 5649 3409 5724 καὶ
3466 5649 3599 5724 φθό-

91 5721 644 5801 νουςζκαὶ-πάσας
672 5721 1031 5801 ἶιᾳταλαλιὰς,
1065 5725 1140 5788 ὡς
1170 5721 1532 5801 ἀρτιγέννητα
1572 5725 1752 5801 βρέφη
1784 5725 1848 5781 τὸ
1880 5723 2108 5800 λογικὸν
2166 5723 2370 5781 ἄδολον
2429 5724 2576 5800 γάλα
2627 5721 3018 5796 ἐπίποθῆσατεν
3049 5721 3143 5778 Ἵνα
3190 5721 3258 5778 ἐνί
3299 5722 3446 5794 αὐτῷ
3479 5721 3601 5776 ταδ’

106 5796 377 5880 gnos,“
407 5799 488 5865 εἷς
515 5796 818 5874 σωτηρίαν.

454 5920 722 5985 Parnm.
774 5917 883 5978 Gn.
928 5913 1138 5978 XCVI.

3239 5911 3317 5973 33
