4100 6394
275 405 427 464 1037

1465 405 1638 459 VITA
1675 401 2030 458 BARLAAH
2063 403 2158 457 ΒΤ
2190 401 2538 458 JOASAPH.

3576 416 3714 473 1038

269 531 620 611 στεφάνωνῆ
669 532 956 604 τιμωριῶν
1017 527 1269 604 πρόξενοι
1337 529 1600 604 γίνονται·
1656 531 1777 589 ταῖς
1833 547 1935 581 κα-

2058 527 2419 600 ignoramus,
2455 531 2613 602 quod
2636 533 3142 604 quemadmodum
3175 537 3372 595 fumus
3418 559 3706 614 apes,eo—

275 623 476 698 θαραῖς
509 617 568 675 δὶ
597 616 846 690 καρδίαις
891 616 1116 672 ἐνοικεῖν
1175 617 1268 673 τὸν
1327 618 1568 693 Χριστὸν
1633 612 1744 689 ἅμα
1776 615 1944 690 Ηατρὶ

277 712 372 767 καὶ
437 710 572 786 άγίῳ
633 706 904 780 Πνεῦματι
959 705 1295 780 ἐπιστάμεθα
1328 750 1341 765 .
1397 709 1487 769 Ὡς
1561 705 1608 761 δ’
1666 707 1730 760 αὖ
1783 703 1947 761 πάλιν

281 803 495 862 καπνὸς
556 800 859 875 μελίσσας,
923 797 1066 854 οὕτω
1121 799 1252 863 τοὺς
1311 797 1589 873 πονηροὺς
1644 797 1948 874 λογισμοὺς

283 890 570 948 ἐκδιώκειν
616 892 778 962 ἡμῶν
855 890 956 958 τήν
1027 893 1124 944 τοῦ
1181 888 1326 953 θείου
1412 888 1724 961 Πνεύματος
1780 888 1943 962 χάριν

288 982 709 1055 μεμαθήκαμεν.
748 977 841 1033 Διὸ
873 975 1152 1050 ἐπιμελῶς
1197 979 1334 1052 πρὸς
1363 981 1521 1033 τοῦτο
1553 973 1722 1052 ἔχων,
1773 977 1946 1031 πάντα

288 1071 659 1148 διαλογισμὸν
719 1067 1014 1142 ἐμπαθείας
1076 1067 1385 1144 ἀπαλείψας
1440 1075 1539 1139 τῆς
1597 1069 1806 1143 ψυχῆς,
1848 1068 1944 1129 τάς

286 1161 542 1238 ἀρίστους
601 1158 938 1233 ἐμφῦτευσον
996 1157 1207 1220 ἐνναίας
1244 1204 1256 1226 ,
1305 1159 1429 1214 ναὸν
1494 1159 1713 1213 σεαυτὸν
1772 1161 1947 1212 ποιῶν

278 1256 380 1308 τοῦ
413 1250 568 1325 άγίου
611 1247 947 1322 Πνεΰματος.
984 1250 1078 1305 Ἐκ
1105 1252 1213 1304 τῶν
1271 1245 1644 1325 διαλογισμῶν
1701 1247 1802 1324 γὰρ
1853 1246 1942 1301 καὶ

281 1340 425 1416 πρὸς
455 1338 554 1401 τὰς
584 1339 704 1394 κατ’
755 1336 1026 1414 ἐνέργειαν
1086 1337 1305 1414 πράξεις
1364 1336 1663 1412 ἐρχόμεθαο
1723 1335 1814 1390 καὶ
1843 1338 1946 1389 πᾶν

280 1428 444 1506 ἴργεν
479 1474 494 1499 ,
553 1427 662 1482 ἀπὸ
719 1425 928 1491 ἐννοίας
1009 1427 1098 1482 καὶ
1157 1425 1506 1500 ἐνθυμήσεως
1579 1425 1892 1502 προκόπτον
1928 1468 1941 1493 ,

2057 617 2191 673 dem
2206 618 2381 673 modo
2397 636 2590 690 pravae
2605 623 2992 695 cogitationes
3011 626 3448 699 diviniSpiritus
3463 636 3712 703 gratiam

2056 725 2091 763 a
2113 707 2287 762 nobis
2315 710 2675 780 prOpellunt.
2710 714 3104 776 Quamobrem
3151 734 3384 774 summo
3428 722 3621 776 studio
3651 724 3710 779 in

2055 797 2167 851 hoc
2183 797 2408 851 enitere
2431 805 2515 860 ut,
2548 800 2708 854 omni
2734 802 2940 857 vitiosa
2990 805 3346 877 cogitatione
3391 824 3480 872 ex,
3512 811 3710 865 animo

2056 890 2155 940 tuo
2183 887 2475 941 exstincta
2506 894 2562 942 et
2593 888 2805 950 deleta.
2840 894 3096 963 Optimas
3113 913 3379 967 quasque
3405 900 3711 971 cogitatio-

2056 992 2163 1030 nes
2187 975 2247 1029 in
2275 992 2343 1030 ea
2374 976 2622 1043 inseras,
2661 981 3068 1053 templumque
3102 985 3352 1056 Spiritus
3377 990 3564 1043 sancti
3599 991 3704 1044 tei-

2055 1082 2229 1138 psum
2263 1065 2506 1120 efﬁcias.
2569 1067 2869 1137 Siquidem
2931 1089 3035 1142 per
3075 1075 3462 1146 cogitationes
3495 1079 3569 1133 ad
3609 1097 3706 1136 ac-

2055 1156 2248 1210 tiones
2282 1155 2442 1226 ipsas
2473 1157 2780 1224 venimus;
2817 1165 2994 1230 atque
3027 1179 3203 1218 omne
3239 1182 3386 1236 Opus
3425 1184 3457 1222 a
3489 1170 3709 1241 cogita—

2057 1246 2215 1300 tione
2234 1246 2539 1317 animique
2554 1247 2872 1318 agitatione
2891 1253 3298 1322 progrediens,
3325 1274 3566 1326 parvum
3590 1261 3707 1330 pri-

2054 1349 2151 1389 mo
2183 1334 2422 1390 inittum
2463 1335 2690 1407 arripii,
2723 1353 2790 1392 ac
2837 1337 3052 1394 deinde
3085 1342 3275 1397 tacitis
3319 1345 3706 1403 incrementis

2055 1440 2400 1496 augescens,
2434 1425 2645 1497 ingens
2677 1426 2749 1481 ad
2783 1433 3113 1484 extremum
3139 1431 3414 1489 efﬁcitur.

286 1523 487 1597 μικρᾶς
520 1512 952 1591 ἐπιλαμϐάνεται
983 1516 1184 1592 ἀρχῆς,
1219 1518 1336 1571 εἶτα
1363 1522 1482 1579 ταῖς
1513 1516 1650 1572 κατὰ
1684 1514 1878 1588 μικρὸν
1901 1512 2184 1586 αὖξήσεσιν
2218 1511 2294 1574 εἷς
2332 1513 2548 1586 μεγάλα
2576 1512 2898 1589 καταλήγει.

356 1609 457 1665 Διὸ.
503 1609 666 1665 τοῦτο
735 1603 875 1678 μηδὲ
929 1604 1074 1668 ὅλως
1149 1627 1246 1661 σου
1310 1607 1584 1681 κυριεῦσαι
1661 1606 1935 1674 συνήθειαν

2123 1603 2204 1659 0b
2239 1620 2367 1659 eam
2401 1607 2844 1667 causam.nullo
2859 1609 3034 1663 modo
3059 1613 3333 1680 permitte
3349 1615 3706 1688 utimproba

285 1698 446 1774 ἐάσῃς
493 1691 854 1767 κακῆν,άλλά
905 1700 1097 1772 νεαρᾶς
1130 1693 1207 1751 ἔτι
1247 1691 1434 1766 οῦσης,
1494 1690 1640 1769 ἕξελέ
1689 1715 1785 1749 σου
1836 1701 1938 1763 τῆς

282 1787 511 1866 καρδίας
541 1789 642 1857 τήν
672 1786 914 1862 πονηράν
961 1785 1131 1862 ῥίζαν,
1177 1786 1270 1841 ἳνα
1333 1786 1434 1860 μή,
1465 1785 1728 1864 έμφυεῖσα
1759 1784 1848 1840 καὶ
1883 1783 1934 1840 ἐν

283 1885 367 1952 τῷ
427 1878 578 1954 βάθει
632 1878 728 1940 τάς
787 1876 938 1952 ῥίζας
994 1875 1299 1948 ἐμπήξασα,
1353 1874 1558 1950 χρόνου
1615 1875 1706 1930 καὶ
1762 1873 1938 1929 κόπου

283 1968 460 2044 δεηθῇ
512 1971 610 2024 τοῦ
668 1965 1050 2043 ἐκριζωθῆναι.
1108 1966 1204 2020 Διά
1258 1969 1420 2020 τοῦτο
1476 1966 1581 2039 γάρ
1609 1965 1784 2020 ἀεῖτά
1817 1963 1938 2038 μεί-

280 2065 414 2129 ζονα
442 2061 550 2115 τῶν
581 2056 990 2133 ἁμαρτημάτων
1031 2053 1402 2131 ἐπεισέρχεται
1464 2056 1592 2128 ἡμῖν
1649 2054 1739 2109 καὶ
1771 2075 1938 2110 κατα-

274 2146 588 2206 δυναστε·5ει
643 2151 750 2202 τῶν
810 2143 1092 2220 ἡμετέρων
1151 2148 1366 2220 ψυχῶν,
1421 2143 1503 2199 ὅτι
1559 2145 1626 2199 τά
1675 2141 1936 2198 ἐλάττονα

268 2245 316 2298 Ι
339 2241 435 2300 72
470 2237 731 2296 δοκοῦντα
764 2241 897 2293 εἶναι
927 2282 940 2308 ,
971 2238 1082 2293 οἷον
1125 2236 1450 2310 ἐνθυμήσεις
1478 2235 1742 2309 πονηραὶ,
1776 2233 1934 2311 λόγοι

264 2333 564 2406 ἀπρεπεῖς,
619 2326 838 2402 ὁμιλίαι
889 2328 1070 2399 κακαὶ,
1104 2333 1206 2396 τῆς
1265 2325 1654 2402 προσηκούσης
1712 2323 1775 2380 οὐ
1803 2347 1933 2399 τυγ-

269 2423 438 2499 χάνει
500 2417 862 2493 διορθώσεως.
921 2419 1126 2491 Ὠσπερ
1175 2417 1280 2491 γάρ
1321 2415 1372 2471 ἐν
1421 2420 1540 2477 τοῖς
1600 2415 1845 2486 σώμασιν
1882 2415 1934 2469 οἱ

273 2513 494 2584 μικρῶν
533 2507 1044 2584 καταφρανήσαντες
1074 2506 1397 2580 τραυμάτων
1459 2501 1757 2574 σηπεδόνας
1789 2501 1934 2558 πολ-

270 2599 439 2661 λάκις
497 2597 586 2653 καὶ
643 2595 870 2661 θάνατον
927 2595 1141 2659 ἑαυτοῖς
1197 2595 1584 2668 προεξένησαν,
1643 2591 1786 2648 οὕτω
1837 2593 1927 2648 καὶ

265 2692 384 2744 τῶν
418 2689 634 2762 ψυχῶν,
667 2686 719 2740 οἱ
761 2689 870 2739 τῶν
903 2687 1114 2757 μικρῶν
1171 2683 1544 2758 ὑπερορῶντες
1597 2687 1781 2746 παθῶν
1841 2682 1932 2737 καὶ

277 2776 695 2850 ἁμαρτημάτων
731 2820 746 2843 ,
805 2775 870 2828 τά
935 2772 1158 2845 μείζονα
1215 2772 1578 2847 ἐπεισάγουσι’
1637 2772 1756 2835 καθ’
1808 2770 1933 2826 ὅσον

281 2863 344 2920 δὲ
372 2866 441 2920 τά
482 2865 698 2936 μείζονα
757 2861 1129 2938 ἐπεισέρχεται
1189 2863 1391 2929 αὐτοῖς,
1426 2860 1476 2915 ἐν
1528 2855 1631 2931 ἕξει
1663 2859 1928 2935 γινομένη

276 2955 317 3024 ἦ
345 2955 500 3029 ψυχή
535 2958 875 3027 καταφρονεῖ.
920 2945 1149 3018 ’Λσεϐἡς
1180 2949 1303 3026 γὰρ,
1356 2947 1517 3025 φησ⁷ν
1569 2953 1701 3022 (46).
1757 2948 1928 3004 ἐλθὼν
1964 2978 2006 3043 C

272 3043 356 3106 εἷς
391 3045 555 3118 βάθος
608 3046 790 3097 κακῶν
850 3045 1192 3116 καταφρονεῖ,
1246 3039 1337 3094 καὶ
1398 3039 1592 3095 λοιπὸν
1648 3039 1828 3111 ὥσπερ
1870 3039 1930 3101 ὗς

266 3128 768 3206 ἐγκυλινδούμενος
829 3124 1086 3206 βορϐόρῳ
1142 3127 1325 3199 ἣδεται
1384 3131 1516 3202 (47).
1572 3127 1715 3184 οὕτω
1771 3128 1860 3184 καὶ
1893 3131 1927 3199 ἡ

267 3223 429 3296 ψυχή
465 3219 672 3292 ἐκείνη,
713 3226 836 3282 ταῖς
887 3224 1080 3282 κακαῖς
1135 3218 1439 3289 συνηθείαις
1489 3223 1928 3294 καταχωσθεῖσα,

273 3311 406 3367 οὐδὲ
436 3310 689 3382 αἶ’σθησιν
745 3305 1013 3384 λαμϐάνει
1068 3316 1170 3379 τῆς
1213 3316 1325 3364 τῶν
1359 3310 1768 3384 ἁμαρτημάτων
1802 3305 1930 3363 δυσ-

271 3399 470 3470 ωδίας,
503 3400 652 3456 ἀλλὰ
679 3399 928 3477 τέρπεται
990 3398 1206 3472 μᾶλλον
1241 3399 1430 3461 αὐταῖς
1460 3398 1549 3453 καὶ
1595 3396 1930 3470 ἐνηόύνεται,

270 3492 354 3554 ὡς
416 3491 618 3566 ἆγαθοῦ
672 3509 822 3552 τινος
877 3495 979 3558 τῆς
1036 3488 1225 3551 κακίας
1283 3484 1776 3564 ἆντεχομένη’κᾶν
1833 3488 1933 3561 ὀψὲ

269 3578 344 3650 δή
378 3601 516 3636 ποτε
543 3578 872 3636 ἆνανεῦουσα
904 3578 981 3643 εἷς
1009 3577 1258 3649 α”σθησιν
1310 3576 1464 3651 ἔλθῃ,
1523 3576 1681 3650 κόπῳ
1731 3575 1933 3648 πολλῷ

275 3669 370 3724 καὶ
408 3666 597 3741 ἱδρῶτι
654 3666 1058 3743 ἐλευθεροῦται,
1120 3668 1203 3729 οῖς
1233 3669 1346 3739 (48)
1377 3664 1618 3722 ἐθελοντῖ
1675 3662 1931 3720 κατεδού-

275 3758 467 3814 λευσεν
503 3758 696 3828 ἑαυτὴν
727 3757 798 3826 τῆ
829 3761 1044 3831 πονηρᾷ
1075 3757 1350 3828 συνηθείᾳ.

343 4025 447 4082 Διὰ
543 4029 706 4081 τοῦτο
782 4025 926 4100 πάσῃ
973 4021 1198 4096 δυνάμει
1262 4021 1533 4098 μάκρυνον
1585 4022 1774 4077 ἑαυτὸν
1825 4023 1932 4077 ἀπὸ

265 4116 451 4186 πάσης
483 4114 686 4177 ἐννοίας
743 4114 834 4171 καὶ
894 4114 1247 4186 ἐνθυμήσεως
1303 4118 1546 4184 πονηρᾶς
1604 4112 1693 4166 καὶ
1751 4111 1931 4181 πάσης

264 4205 557 4278 ἐμπαθοῦς
616 4202 921 4275 συνηθείας⁶
987 4200 1201 4276 μᾶλλον
1262 4199 1319 4256 δὲ
1372 4206 1493 4263 ταῖς
1543 4200 1761 4277 ἀρεταῖς
1793 4195 1935 4269 ἔθιζε

265 4296 462 4350 ἑαυτὸν
491 4294 584 4350 καὶ
639 4292 690 4348 ἐν
729 4287 831 4366 ἔξει
885 4299 989 4362 τῆς
1043 4291 1254 4346 τούτων
1314 4295 1476 4366 γενοῦ
1529 4289 1806 4365 ἐργασίας.
1866 4289 1929 4345 Εἰ

273 4385 378 4458 γάρ
412 4383 603 4459 μικρὸν
665 4382 946 4444 κοπιάσεις
977 4381 1031 4436 ἐν
1082 4379 1263 4443 αὐτοῖς
1296 4381 1388 4435 καὶ
1417 4380 1474 4435 έν
1533 4378 1637 4450 ἔξει
1683 4379 1929 4454 γενέσθαι
1963 4351 2008 4415 D

276 4471 528 4549 ἰσχύσεις
561 4519 574 4546 ,
635 4472 856 4529 ἁκόπως
916 4468 1112 4526 λοιπὸν
1183 4472 1253 4544 τῇ
1308 4474 1408 4525 τοῦ
1466 4473 1599 4525 Θεοῦ
1657 4468 1934 4544 συνεργείᾳ

271 4562 596 4638 προκόψεις.
628 4564 693 4620 Ἦ
724 4562 826 4637 γὰρ
854 4558 962 4632 ἕξις
1010 4567 1110 4630 τῆς
1167 4559 1362 4634 ἀρετῆς
1417 4561 1487 4633 τῇ
1546 4557 1701 4632 ψυχῇ
1755 4577 1932 4612 ποιω-

267 4657 449 4721 θεῖσα,
483 4653 560 4715 ὡς
593 4652 686 4708 ἅτε
718 4651 950 4727 φυσικὴν
985 4648 1294 4725 συγγένειαν
1324 4647 1462 4724 πρὸς
1507 4647 1677 4716 αὐτὴν
1731 4645 1934 4722 ἔχουσα

263 4741 364 4798 καὶ
425 4742 518 4797 τὸν
569 4743 699 4798 Θεὸν
758 4740 1015 4816 συνεργὸν
1071 4739 1424 4811 κεκτημένη,
1483 4732 1935 4809 δυσμετάϐλητος

259 4828 480 4908 γίνεται
536 4833 689 4888 17³
746 4830 837 4886 καὶ
906 4829 1026 4886 λίαν
1081 4827 1460 4905 ἀσφαλεστάτη
1493 4872 1508 4896 ,
1567 4826 1748 4890 καθὼς
1807 4828 1935 4900 ὁρᾷς

267 4919 362 4976 ὅτι
394 4922 430 4990 ἡ
465 4917 686 4993 ἀνδρεία
742 4919 832 4976 καὶ
890 4919 1174 4998 φρόνησις,
1235 4915 1558 4994 σωφροσύνη
1617 4937 1677 4972 τε
1725 4915 1817 4971 καὶ
1852 4913 1937 4971 δι-

263 5009 538 5078 καιοσύνη
571 5012 684 5083 (49)
723 5003 1168 5082 δυσμετάϐλητάί
1227 5006 1381 5076 εἰσιν,
1442 5000 1575 5076 ἕξεις
1631 5006 1785 5060 οὖσαι
1833 5013 1935 5074 τῆς

267 5101 471 5175 ψυχῆς
497 5099 590 5155 καὶ
647 5099 938 5170 ποιότητες
993 5097 1082 5153 καῖ
1125 5096 1397 5172 ἐνέργεται
1447 5092 1537 5149 διὰ
1589 5096 1788 5171 βάθους
1843 5115 1936 5150 κε-

271 5193 622 5264 χωρηκυῖαι.
659 5188 722 5246 Εί
755 5190 859 5264 γάρ
891 5189 959 5243 τά
998 5186 1140 5258 πάθη
1198 5193 1300 5256 τῆς
1355 5183 1564 5251 κακίας,
1625 5185 1686 5239 οὗ
1740 5183 1939 5262 φυσικᾶ

267 5281 416 5350 ἡμῖν
449 5275 600 5349 ὄντα,
661 5275 788 5334 ἀλλ’
819 5277 1012 5350 ἐξωθεν
1074 5274 1476 5340 ἐπεισελθόντα,
1528 5273 1689 5343 ἡνίκα
1748 5273 1800 5328 ἐν
1833 5269 1938 5346 ἕξει

265 5367 562 5444 γένωνται,
595 5361 1029 5440 δυσμιτάὸλητά·
1055 5365 1186 5436 εἶσι,
1214 5365 1371 5438 πόσῳ
1405 5361 1644 5438 ,μᾶλλον
1678 5365 1713 5432 ἡ
1745 5362 1935 5437 ἀρετή,

353 5495 467 5564 (46)
498 5493 775 5549 Proverb.
809 5509 964 5555 xvm,
997 5494 1050 5548 3.

355 5567 470 5634 (47)
497 5565 667 5622 Conf.
699 5583 758 5634 p.
785 5566 872 5632 88,
904 5581 964 5619 n.
999 5567 1088 5621 69.

357 5583 470 5634 iu)
497 5583 667 5622 nom.
747 5607 758 5619 .

357 5638 466 5704 (48)
497 5637 559 5700 C,
591 5636 665 5690 ὧν
699 5583 776 5692 ge

281 5715 558 5765 tumance.

2051 1696 2417 1750 consuetudo
2434 1695 2535 1750 tibi
2557 1697 2901 1753 dominetur
2925 1718 2937 1765 ;
2956 1718 3155 1756 verum
3181 1703 3369 1759 donec
3393 1724 3599 1764 recens
3614 1718 3704 1767 est

2049 1801 2286 1856 parvam
2301 1785 2561 1840 radicem
2578 1802 2607 1840 e
2630 1793 2868 1857 pectore
2885 1795 2981 1844 tuo
3001 1792 3214 1859 evelle;
3237 1810 3310 1850 ne
3328 1796 3546 1868 alioqui
3564 1817 3698 1856 cum

2048 1875 2376 1946 pullularit,
2403 1891 2470 1931 ac
2499 1876 2729 1932 radices
2752 1895 2889 1934 suas
2910 1879 3026 1934 alte
3047 1881 3328 1947 inﬁxerit,
3352 1894 3557 1957 postea
3580 1909 3702 1947 non

2047 1965 2161 2020 nisi
2191 1965 2364 2037 longo
2385 1971 2672 2037 tempore,
2691 1983 2757 2022 ac
2781 1985 2993 2041 magno
3017 1988 3150 2026 cum
3168 1973 3368 2030 labore
3387 1981 3698 2051 exstirpari

2046 2056 2252 2126 possit.
2287 2055 2370 2111 Ob
2403 2056 2462 2110 id
2490 2057 2650 2111 enim
2675 2059 2903 2129 majora
2930 2068 3170 2132 peccata
3202 2066 3468 2135 quotidie
3487 2070 3558 2124 ad
3586 2089 3695 2128 nos

2046 2144 2272 2198 aditum
2304 2145 2543 2202 habent.
2571 2151 2746 2217 atque
2770 2149 2830 2202 in
2865 2150 3094 2206 animas
3114 2160 3348 2208 nostras
3372 2157 3691 2228 imperium

2045 2233 2339 2299 obtinent,
2375 2236 2657 2305 quoniam
2689 2237 2762 2290 iis
2796 2255 2927 2308 quae
2965 2241 3199 2296 minoro
3234 2261 3361 2299 esse
3393 2246 3690 2319 videntur,

2043 2325 2155 2379 hoc
2187 2329 2276 2379 est
2306 2325 2591 2395 improbis
2614 2328 3090 2399 cogitationibus,
3111 2331 3445 2390 inhonestis
3468 2355 3694 2397 sermo-

2045 2415 2221 2470 nibus
2243 2457 2255 2481 ,
2291 2415 2585 2486 malisque
2617 2417 2932 2489 colloquiis
2972 2429 3371 2480 consentanea
3405 2433 3692 2488 correctio

2044 2505 2294 2560 minime
2317 2505 2904 2563 adhibetur.Utenim
2925 2510 2984 2564 in
3022 2514 3366 2582 corporibus
3392 2521 3492 2589 qui
3517 2539 3695 2592 parva

2041 2593 2286 2648 vulnera
2301 2594 2845 2666 negliguntsaniem
2866 2598 3215 2671 plerumque
3231 2620 3296 2657 ac
3314 2612 3560 2662 mortem
3583 2611 3693 2665 sibi

2044 2683 2187 2753 ipsis
2206 2688 2532 2740 accersunt.
2552 2684 2626 2738 ad
2640 2685 2914 2739 eumdem
2932 2689 3171 2744 modum
3195 2693 3370 2747 etiam
3398 2696 3456 2748 in
3477 2699 3693 2755 animis

2043 2773 2154 2827 hoc
2173 2789 2282 2826 usu
2302 2772 2481 2839 venit,
2513 2778 2579 2827 ut
2609 2773 2709 2844 qui
2736 2775 2984 2831 minima
3005 2779 3144 2834 vitia
3165 2795 3231 2835 ac
3255 2791 3495 2851 peccata
3519 2788 3690 2842 nihili

2041 2861 3004 2933 pendunt.graviorasibiinvehant
3018 2914 3020 2916 ,
3035 2869 3334 2932 Quatenus
3348 2879 3546 2929 autem
3561 2894 3691 2947 gra-

2043 2951 2203 3005 viora
2233 2956 2475 3020 peccata
2507 2950 2650 3021 ipsis
2691 2951 3064 3020 oboriuntur,
3115 2965 3415 3016 contracto
3449 2965 3690 3020 tandem

2042 3039 2250 3094 habitu
2264 3039 2464 3094 anima
2483 3040 2546 3093 in
2563 3046 2971 3112 contemptum
2993 3046 3166 3101 cadit.
3192 3049 3414 3121 Impius
3434 3054 3589 3108 enim
3607 3055 3692 3110 in-

2039 3132 2169 3202 quit
2215 3131 2342 3197 ille,
2393 3148 2530 3185 cum
2563 3132 2624 3186 in
2656 3133 3021 3203 profundum
3078 3141 3328 3207 venerit,
3363 3147 3695 3201 contemnit

2038 3222 2224 3291 (Prov.
2249 3222 2368 3286 vn).
2403 3223 2484 3274 Ac
2527 3221 2830 3293 deinceps,
2865 3230 2930 3278 ut
2981 3243 3082 3282 sus
3114 3229 3173 3283 in
3221 3247 3388 3286 οωηο
3441 3236 3692 3291 volutari

2038 3310 2352 3382 gaudetﬂl
2378 3312 2554 3366 Peter.
2590 3311 2676 3380 ιι),
2711 3313 2795 3367 sic
2813 3314 2991 3370 etiam
3008 3317 3696 3393 auimaillapravmcon-

2041 3398 2344 3454 suetudini
2375 3398 2762 3456 immersane
2785 3409 3160 3472 peccatorum
3185 3410 3424 3478 quidem
3446 3413 3695 3472 fetorem

2040 3489 2242 3553 sentit,
2273 3503 2476 3542 verum
2508 3489 2869 3562 potiusipsis
2885 3493 3102 3564 gaudet
3137 3501 3196 3550 et
3216 3498 3567 3562 oblectatur.
3600 3506 3694 3559 vi-

2041 3579 2308 3648 tiumque
2339 3577 2530 3633 instar
2550 3577 2689 3633 boni
2714 3579 3046 3652 cujuspiam
3079 3586 3411 3644 arctissime
3452 3593 3693 3649 retinet.

2038 3669 2228 3737 Atque
2249 3671 2316 3721 ut
2343 3667 2522 3721 etiam
2563 3667 2906 3738 aliquando.
2929 3679 3166 3743 recepta
3204 3677 3438 3732 meliori
3470 3687 3690 3750 mente,

2040 3753 2332 3808 scelerum
2368 3770 2609 3809 suorum
2642 3772 2822 3810 sensu
2849 3758 3163 3826 afﬁciatur,
3197 3778 3318 3818 non
3343 3770 3542 3824 tamen
3563 3770 3692 3826 sine

2039 3856 2253 3911 magno
2284 3839 2487 3896 labore
2509 3859 2578 3897 ac
2611 3841 2827 3899 sudore
2847 3861 2882 3899 a
2913 3863 3088 3917 prava
3119 3856 3571 3924 consuetudine,
3596 3860 3690 3914 cui

2039 3929 2196 3984 ultro
2219 3946 2286 3984 ac
2309 3936 2519 4002 sponte
2552 3948 2614 3986 se
2647 3932 2705 3986 in
2733 3935 3075 3992 servitutem
3097 3939 3345 4008 addixit,
3379 3944 3686 4004 liberatur.

2039 4019 2328 4084 Quocirca
2342 4020 2621 4075 omnibus
2641 4021 2866 4078 viribus
2881 4025 2954 4079 ab
2979 4029 3140 4083 omni
3159 4031 3318 4086 mala
3333 4034 3690 4105 cogitatione

2041 4115 2218 4180 atque
2236 4110 2396 4164 omni
2413 4110 2622 4166 vitiosa
2634 4115 3066 4171 consuetudine
3083 4124 3137 4173 te
3152 4137 3476 4179 remove.ac
3495 4127 3690 4196 potius

2041 4199 2354 4254 virtutibus
2368 4216 2664 4268 assuesce,
2691 4217 2909 4274 easque
2928 4205 3010 4261 ita
3030 4208 3159 4263 cole
3190 4216 3366 4282 atque
3382 4230 3609 4281 exerce,
3629 4221 3696 4270 ut

2043 4305 2246 4345 earum
2269 4289 2510 4345 habitus
2526 4290 2630 4345 tibi
2649 4301 3041 4364 comparetur.
3053 4298 3196 4353 Nam
3212 4301 3258 4355 si
3275 4302 3520 4371 paulum
3535 4304 3694 4360 labo-

2042 4378 2126 4433 ris
2157 4379 2219 4433 in
2247 4379 2392 4450 ipsis
2413 4380 2768 4452 susceperis,
2803 4387 2983 4454 atque
3015 4402 3218 4442 earum
3252 4389 3520 4446 habitum
3547 4410 3694 4448 con-

2044 4469 2313 4530 traxeris.
2348 4473 2571 4540 postea,
2609 4471 2726 4525 Deo
2750 4471 3016 4541 juvante,
3038 4476 3187 4532 citra
3217 4478 3482 4536 laborem
3505 4483 3695 4538 ullum

2045 4558 2340 4631 proﬁcies.
2375 4557 2681 4629 Siquidem
2713 4561 2946 4617 virtutis
2978 4564 3218 4622 habitus
3243 4569 3459 4625 anima;
3483 4573 3698 4629 insitus

2045 4653 2249 4718 utpote
2266 4647 2600 4702 naturalem
2617 4665 2747 4704 cum
2768 4667 2837 4706 ea
2850 4656 3261 4724 cognationem
3285 4659 3531 4727 habens,
3554 4663 3698 4718 Dei-

2046 4753 2160 4808 que
2187 4736 2572 4808 Opeadjutus.
2607 4738 2698 4793 vix
2718 4741 2965 4796 omnino
2991 4747 3381 4804 mutationem
3395 4751 3578 4806 ullam
3604 4769 3700 4806 re-

2045 4827 2210 4898 cipit,
2244 4832 2421 4896 atque
2453 4827 2512 4882 in
2545 4827 2755 4898 primis
2796 4830 3002 4886 ﬁrmus
3051 4841 3160 4901 est,
3196 4839 3698 4908 quemadmodum

2045 4915 2208 4971 vides
2236 4915 2651 4972 fortitudinem
2679 4923 2739 4972 et
2770 4921 3166 4990 prudentiam.
3211 4929 3700 4998 temperantiam-

2047 5021 2162 5077 que
2193 5005 2334 5061 item
2366 5006 2767 5076 acjustitiam,
2800 5009 2891 5065 vix
2917 5013 3160 5069 omnino
3185 5017 3576 5074 mutationem
3606 5019 3699 5073 ul-

2045 5095 2166 5150 lam
2211 5094 2549 5161 admittere,
2588 5102 2904 5167 propterea
2934 5101 3090 5170 quod
3125 5102 3335 5159 animm
3375 5105 3612 5161 habitus
3643 5111 3703 5161 et

2049 5183 2369 5256 qualitates
2401 5189 2460 5239 et
2485 5187 2858 5256 operationes
2901 5190 3037 5258 sint,
3073 5207 3201 5246 eam
3235 5195 3475 5263 penitus
3517 5212 3698 5266 pene-

2049 5275 2447 5329 trantesNam
2464 5290 2598 5330 eum
2615 5275 2735 5331 vitii
2752 5279 3256 5352 affectiones,quai
3274 5283 3447 5338 nobis
3461 5302 3579 5340 non
3597 5302 3702 5339 na-

2051 5363 2294 5428 turales,
2311 5362 2414 5418 sed
2427 5362 2766 5421 adventitiaa
2782 5373 3334 5443 sunt,posteaquam
3347 5372 3420 5427 ad
3434 5372 3705 5428 habitum

782 5627 869 5692 ne'
887 5635 1225 5710 oi<.Billyus
1251 5635 1402 5691 bene
1427 5650 1440 5690 :
1468 5649 1616 5706 pour
1652 5633 1837 5689 s’estre
1865 5627 2329 5688 volontaii'ement
2357 5633 2626 5690 soubmise
2652 5638 2685 5689 ἁ
2717 5635 2771 5690 la
2799 5639 3075 5693 servitude
3104 5639 3169 5694 de
3199 5642 3480 5697 mauvaz’se
3511 5658 3712 5698 accou-

356 5779 476 5855 (49)
514 5781 758 5842 Lemma
785 5779 847 5837 in
890 5781 936 5837 Α
965 5796 977 5833 :
1008 5777 1324 5852 Σημείωσαι
1354 5774 1494 5838 τίνες
1521 5775 1577 5831 αἱ
1612 5773 1846 5855 μεγάλαι
1875 5772 2128 5855 τέσσαρες
2157 5773 2362 5853 ἀρεταί.
