4100 6380
360 334 502 392 1039

1895 333 2264 388 ADDENDA.

3650 346 3798 403 1040

351 461 756 538 pervenerint,
805 461 901 517 vix
951 459 1196 518 omnino
1245 459 1529 516 dimoveri
1571 457 1825 530 possint,
1866 456 2010 528 quid

2126 458 2214 512 καὶ
2247 463 2488 536 φυσικῶς
2545 462 2684 534 ἡμῖν
2737 462 3133 541 ἑμφυτευθεῖσα
3193 465 3298 524 ὑπὸ
3351 473 3455 526 τοῦ
3506 478 3796 547 Δημιουρο

354 553 553 610 aﬂ'erri
585 556 805 624 potest,
839 552 986 624 quin
1015 551 1220 618 virtus,
1263 566 1394 621 qua:
1426 554 1485 603 et
1525 547 1877 603 naturaliter
1905 563 2013 601 no-

353 641 449 698 bis
484 659 519 698 a
541 658 776 698 summo
811 640 915 696 illo
973 645 1219 712 parente
1271 643 1330 692 et
1360 639 1636 693 effectore
1691 636 1872 692 insita
1901 642 2010 701 est,

357 732 667 804 ipsiusque
699 748 808 804 ope
840 735 898 785 et
927 729 1272 801 adjumento
1305 727 1538 792 nititur,
1573 727 1622 782 si
1655 725 1828 782 nobis
1860 742 2012 781 non-

358 822 514 878 nihil
544 819 952 877 laborantibus
983 834 1090 889 per
1117 817 1389 872 habitum
1421 817 1484 872 in
1533 816 1737 872 anima
1785 815 2014 871 radices

359 914 564 988 egerit,
599 912 784 968 multo
815 910 1016 966 minus
1045 910 1349 965 immutari
1381 909 1608 982 queat?

432 1023 562 1078 CAP.
595 1021 797 1076 XX.—
811 1017 976 1074 Unde
998 1017 1179 1074 etiam
1197 1017 1342 1072 mihi
1357 1017 1601 1089 quidam
1622 1017 1809 1088 ipsius
1823 1016 2017 1073 cultor

358 1127 486 1168 rem
506 1108 851 1181 hujusmodi
867 1107 1156 1163 narravit:
1179 1108 1348 1174 Cum,
1375 1107 2014 1179 inquit,ﬁrmissimum

359 1201 572 1257 divina:
583 1198 1110 1271 contemplationis
1123 1197 1393 1253 habitum
1409 1197 1555 1252 mihi
1575 1213 2015 1268 comparassem

357 1291 665 1364 ipsiusque
680 1289 1068 1345 meditatione
1081 1289 1285 1344 anima
1297 1303 1432 1344 mea
1445 1289 1628 1343 tincta
1654 1287 2015 1358 esset,hujus

356 1381 444 1438 rei
483 1379 819 1454 periculum
851 1378 1173 1451 aliquando
1223 1378 1416 1434 facere
1445 1377 1714 1449 cupiens,
1750 1382 2015 1432 mentem

355 1487 555 1529 meam
572 1470 655 1526 ita
667 1469 1028 1536 continui,ut
1047 1485 1176 1524 eam
1195 1485 1298 1540 pro
1314 1485 1420 1523 suo
1453 1483 1617 1522 more
1641 1466 2014 1522 meditationi

360 1577 492 1618 sese
516 1559 840 1632 adjungere
863 1559 1112 1614 minime
1165 1559 1452 1615 sinerem.
1485 1557 1650 1624 Quod
1679 1557 1922 1628 quidem
1954 1556 2014 1610 id

360 1669 492 1708 eam
515 1665 776 1723 permgre
789 1665 856 1705 ac
873 1648 1231 1722 permoleste
1253 1647 1408 1702 ferre
1431 1646 1722 1714 intellexi,
1742 1652 1920 1717 atque
1939 1645 2015 1701 ad

359 1759 493 1800 eam
506 1742 794 1797 effrenata
813 1739 1068 1812 quadam
1089 1739 1410 1811 cupiditate
1430 1754 1770 1810 properare,
1797 1754 1908 1792 nec
1938 1736 2012 1792 ad

2121 551 2224 621 γοῦ
2255 548 2347 602 καὶ
2379 547 2539 605 αὐτὸν
2586 550 2873 629 ἐπίκουρον
2922 553 3147 630 ἔχουσα,
3199 558 3273 630 εἴ,
3331 563 3523 638 μικρὸν
3583 563 3790 637 ἀγωνι-

2123 637 2588 728 σαμένωνᾼὴμῶν,
2645 641 2698 697 ἐν
2752 640 2857 714 ἕξει
2915 643 3125 722 ῥιζωθῇ
3172 652 3242 723 τῇ
3299 637 3478 728 ψύχῇ,
3511 649 3786 727 δυσμετά-

2129 719 2306 797 ϐλητο
2318 749 2340 790 ς
2370 722 2518 784 ἔσται
2554 749 2566 800 ;

2195 1016 2362 1103 ΚΕΦ.
2423 1017 2502 1073 Κ’.
2564 1020 2724 1083 ’Όθεν
2778 1042 2874 1093 μοι
2929 1022 3133 1095 ταύτης
3188 1023 3420 1101 ἐργάτης
3471 1024 3786 1103 διηγήσατό

2122 1121 2225 1172 τις,
2259 1101 2342 1158 ὅτι
2374 1106 2524 1162 Μετᾶ
2571 1107 2634 1162 τὸ
2690 1105 3093 1183 προσλαϐέσθαι
3156 1133 3224 1185 με
3279 1115 3378 1184 τὴν
3439 1101 3593 1171 θείαν
3644 1128 3788 1181 θεω-

2125 1191 2241 1267 ρίαν
2301 1191 2354 1248 ἐν
2413 1193 2515 1265 ἔξει
2600 1192 2925 1274 βεϐαιοτάτη
3009 1201 3099 1257 καὶ
3157 1207 3226 1278 τῇ
3284 1203 3488 1275 ταύτης
3577 1205 3788 1281 μελέτῃ

2123 1281 2438 1352 ποιιυὸῆναι
2467 1285 2570 1354 τήν
2600 1288 2808 1362 ψυχὴν,
2846 1287 3136 1364 βουληθείς
3168 1313 3300 1348 ποτε
3350 1293 3654 1371 ἀπόπειραν
3688 1296 3790 1350 αύ-

2122 1377 2221 1440 τῆς
2250 1375 2601 1444 ποιήσασθαι,
2634 1379 2901 1454 κατέσχον
2947 1380 3038 1434 τὸν
3099 1385 3224 1436 νοῦν
3284 1404 3412 1457 μου,
3449 1387 3525 1456 μή
3561 1405 3787 1463 συγχω-

2125 1462 2295 1551 ρήσας
2352 1467 2421 1538 τῇ
2478 1467 2595 1520 κατ’
2650 1461 2772 1531 ἔθος
2831 1465 3112 1525 ἐπιϐαλεῖν
3180 1471 3401 1545 μελέτη.
3460 1476 3550 1530 καὶ
3615 1461 3785 1551 ἔῇων

2124 1549 2284 1607 αὐτὸν
2331 1553 2632 1628 ἀνιώμενον
2690 1557 2780 1613 καὶ
2840 1555 3214 1638 δυσφοροῦντα
3271 1563 3360 1618 καὶ
3418 1564 3556 1638 πρὸς
3612 1549 3788 1635 αύτὴν

2123 1639 2344 1716 ἀσχέτῳ
2393 1643 2747 1720 ἐπειγόμενον
2804 1648 2977 1722 πόθῳ,
3041 1647 3306 1722 μηδόλως
3336 1651 3394 1708 δέ
3438 1655 3577 1728 πρὸς
3628 1653 3792 1711 ἐναν-

2124 1729 2240 1784 τίαν
2299 1737 2422 1788 τινα
2478 1732 2774 1810 ἐνθύμησιν
2829 1737 3123 1795 ἀποκλίναι
3178 1741 3462 1818 ίσχύοντα’
3522 1744 3690 1814 ἡνίκα
3732 1744 3795 1802 δὲ

360 1829 722 1888 contrariam
751 1829 937 1885 ullam
978 1828 1395 1901 cogitationem
1435 1827 1559 1883 ullo
1588 1826 1764 1882 modo
1788 1826 2011 1882 inﬂecti

2127 1822 2321 1896 μικρὸν
2378 1821 2612 1880 ἐνέδωκα
2666 1825 2759 1888 τὰς
2816 1829 3030 1901 ήμίας,
3093 1828 3412 1906 ὁξυδρόμως
3471 1833 3630 1898 εὐθὺς
3689 1836 3791 1891 ἀν-

357 1936 555 1994 posse.
575 1922 649 1975 At
667 1936 801 1974 cum
826 1919 1089 1974 habenas
1111 1918 1222 1990 ipsi
1248 1917 1524 1973 nonnihil
1547 1916 2010 1989 permississem,

361 2009 559 2064 statim
587 2006 660 2064 ad
682 2005 944 2062 studium
967 2023 1142 2062 suum
1164 2012 1225 2062 et
1240 2022 1481 2078 Operam
1499 2005 1812 2061 celerrimo
1835 2022 2012 2060 cursu

355 2097 696 2165 ferebatur;
731 2095 1118 2168 exstabatque
1141 2095 1200 2152 id
1223 2095 1381 2168 quod
1399 2096 1483 2151 ait
1503 2095 1797 2167 Propheta
1821 2116 1835 2160 ;
1858 2097 2012 2161 Que-

356 2186 744 2245 madmodum
757 2185 1057 2241 desiderat
1072 2202 1276 2241 cervus
1289 2185 1363 2240 ad
1384 2185 1579 2240 fontes
1598 2201 1910 2255 aquarum,
1931 2184 2016 2238 ita

355 2276 660 2334 desiderat
678 2276 880 2332 anima
906 2291 1039 2331 mea
1069 2275 1140 2330 ad
1163 2277 1420 2336 te,Deus.
1446 2274 1636 2330 Sitivit
1657 2274 1857 2329 anima
1879 2289 2015 2329 mea

355 2368 431 2425 ad
454 2369 640 2424 Deum
661 2366 887 2422 fontem
908 2365 1106 2422 vivum
1124 2365 1289 2436 (Psal.
1315 2365 1450 2437 xu).
1472 2366 1554 2419 Ex
1576 2364 1668 2419 his
1690 2364 1868 2437 igitur
1884 2381 2015 2420 om-

352 2459 533 2516 nibus
554 2456 1027 2512 demonstratum
1052 2459 1141 2510 est
1162 2455 1223 2509 in
1249 2453 1420 2510 nobis
1442 2455 1554 2510 hoc
1573 2454 1751 2509 situm
1775 2470 1926 2522 esse,
1949 2459 2016 2509 ut

352 2550 632 2604 virtutem
680 2546 1112 2619 adipiscamur:
1147 2545 1326 2617 idque
1352 2545 1538 2600 nostri
1565 2544 1792 2600 arbitrii
1817 2561 1884 2599 ac
1907 2562 2010 2616 po-

353 2639 588 2696 testatis
620 2653 772 2706 esse,
796 2652 1005 2692 eamne
1031 2635 1335 2707 ampleeti,
1367 2652 1442 2690 an
1475 2640 1682 2690 contra
1705 2639 2012 2706 peccatum

357 2727 782 2803 ipsianteferre
805 2726 1074 2783 velimus.
1094 2728 1164 2781 Et
1193 2724 1434 2798 quidem
1458 2725 1498 2779 ii
1523 2725 1622 2796 qui
1639 2724 1776 2779 vitio
1801 2725 1861 2779 in
1884 2741 2009 2779 sero

353 2820 602 2874 vitutem
625 2834 687 2874 se
708 2816 1086 2882 addixerunt,
1110 2831 1263 2888 aegre
1285 2815 1357 2870 ab
1381 2831 1450 2869 eo
1473 2813 1737 2869 abstrahi
1762 2818 2013 2885 possunt

357 2907 863 2983 quemadmodum
897 2923 931 2962 a
959 2923 1054 2961 me
1087 2904 1362 2977 superius
1393 2905 1618 2959 dictum
1650 2909 1758 2959 est.

427 3018 511 3072 Tu
536 3031 694 3082 vero,
729 3013 828 3085 qui
861 3030 968 3085 per
986 3013 1218 3068 viscera
1237 3009 1665 3066 misericordia:
1690 3010 1790 3065 Dei
1822 3009 2009 3064 nostri

355 3122 427 3163 eo
457 3103 748 3159 liberatus
771 3118 856 3166 es,
880 3117 947 3156 ac
969 3117 1075 3172 per
1099 3100 1345 3172 spiritus
1369 3099 1550 3154 divini
1574 3099 1822 3172 gratiam
1842 3098 1979 3153 Chri
1996 3129 2009 3139 -

2130 1907 2334 1986 έδραμε
2391 1913 2529 1988 πρὸς
2582 1915 2682 1984 τήν
2755 1916 2947 1973 ἑαυτοῦ
3000 1917 3278 1994 ἐργασίαν,
3333 1924 3473 1987 καθά
3531 1946 3696 2000 φησιν
3761 1927 3791 1982 ὁ

2128 2003 2444 2079 Προφήτης
2505 2006 2598 2058 "0v
2655 2001 2856 2080 τρόπον
2919 2006 3170 2074 ἐπιποθεῖ
3217 2013 3252 2081 ἡ
3287 2007 3488 2091 ἔλαφος
3547 2012 3635 2069 ἐπὶ
3693 2015 3793 2078 τάς

2128 2093 2310 2166 πηγὰς
2364 2097 2470 2148 τῶν
2533 2091 2769 2164 ὑδάτων,
2827 2093 3003 2160 οὕτως
3062 2098 3315 2156 ἐπιποθεῖ
3370 2104 3406 2172 ἡ
3459 2106 3613 2180 ψυχή
3679 2127 3792 2178 μου

2127 2182 2263 2255 πρὸς
2294 2183 2386 2236 τὸν
2419 2183 2572 2254 Θεὸν,
2611 2185 2703 2239 τὸν
2765 2184 3020 2262 ἰσχυρὸν,
3075 2189 3167 2243 τὸν
3226 2194 3396 2260 ζῶντα
3429 2197 3567 2265 (50).
3617 2195 3792 2250 Ἀπο-

2128 2265 2394 2326 δέδεικται
2427 2272 2518 2326 οὖν
2551 2271 2610 2328 ἐκ
2662 2275 2877 2330 πάντων
2937 2277 3169 2350 τούτων,
3201 2279 3278 2344 ὡς
3333 2279 3414 2359 ἐφ’
3444 2283 3581 2351 ἡμῖν
3643 2281 3790 2339 ἐστιν

2126 2363 2160 2430 ἡ
2193 2367 2382 2430 κτῆσις
2413 2364 2512 2431 τῆς
2542 2362 2760 2439 ἀρετῆς,
2811 2367 2900 2421 καὶ
2960 2369 3128 2440 ἡμεῖς
3183 2370 3388 2442 ταύτης
3437 2370 3621 2449 κύριοι
3653 2386 3793 2440 καθ-

2127 2451 2449 2524 εστήκαμεν·
2508 2450 2615 2508 εἷ’τε
2672 2453 2978 2530 θελήσομεν
3037 2457 3202 2529 αὐτῆς
3261 2459 3567 2533 ἆνθέξεσθαι
3605 2509 3620 2532 ,
3677 2461 3786 2520 εἷ’τε

2124 2541 2224 2609 τήν
2277 2540 2545 2616 ἁμαρτίαν
2607 2549 2917 2622 προκρῖναι.
2979 2547 3046 2604 Οἱ
3107 2549 3202 2622 μὲν
3259 2549 3350 2604 οὖν
3413 2548 3790 2618 δουλωθέντες

2125 2633 2280 2687 174
2315 2635 2380 2705 τῇ
2433 2632 2595 2704 κακίᾳ
2653 2629 3117 2700 δυσαποσπάστως
3175 2638 3344 2710 αὐτῆς
3400 2637 3614 2718 ἔχουσι,
3650 2645 3793 2709 καθὰ

2125 2715 2184 2772 δ·“
2276 2740 2293 2750 ”
2415 2715 2475 2744 θ’
2577 2723 2599 2739 ’

2166 2741 2192 2788 η
2227 2719 2524 2794 προλαοων
2548 2742 2720 2780 ειπον,

2195 3005 2271 3060 Σὺ
2307 3005 2362 3061 δὲ
2395 3009 2588 3063 Λοιπὸν
2649 3006 3036 3083 ἐλευθερωθεὶς
3093 3014 3296 3085 ταύτης
3344 3013 3434 3070 διὰ
3483 3016 3791 3097 σπλάγχνα

2125 3093 2312 3157 ἐλέους
2343 3101 2477 3151 Θεοῦ
2509 3099 2670 3170 ἡμῶν
2700 3102 2832 3171 (51),
2863 3099 2954 3155 καὶ
3002 3101 3093 3157 τὸν
3143 3104 3376 3179 Χριστὸν
3430 3093 3794 3183 ἐνδεδυμένος

354 3199 516 3251 stum
537 3190 909 3255 induisti,fac
937 3195 991 3244 te
1019 3195 1206 3244 totum
1227 3188 1302 3244 ad
1323 3188 1641 3244 Dominum
1666 3188 2011 3255 transferas,

2126 3188 2192 3258 τῇ
2222 3189 2319 3240 “co-3
2369 3185 2512 3240 θείου
2573 3187 2888 3261 Πνεύματος
2945 3191 3152 3266 χάριτι,
3215 3193 3347 3249 ὅλον
3406 3196 3627 3251 σεαυτὸν
3690 3220 3792 3271 με·

351 3300 466 3340 nec
491 3280 715 3336 vitiosis
739 3278 1416 3350 aﬂectionibusjanuam
1438 3277 1560 3333 ullo
1584 3277 1760 3333 modo
1783 3278 2014 3350 aperias

353 3369 836 3428 verumanimam
855 3373 1016 3423 tuam
1037 3368 1200 3424 suavi
1216 3368 1501 3423 virtutum
1516 3367 1697 3423 odore
1721 3383 1788 3422 ac
1815 3367 2018 3439 splen-

356 3461 502 3518 dore
521 3464 1120 3526 coornatam,sanctaa
1133 3458 1438 3514 Trinitatis
1465 3457 1753 3529 templum
1778 3457 2012 3526 reddas,

357 3556 535 3622 atque
567 3549 629 3604 in
662 3547 849 3620 ipsius
880 3546 1387 3618 contemplatione
1411 3562 1619 3601 omnes
1655 3545 1868 3601 mentis
1903 3551 2015 3602 tuae

356 3639 671 3696 facultates
685 3653 924 3708 ocupes.
955 3637 1098 3691 Nam
1123 3651 1260 3691 cum
1285 3635 1334 3690 is
1347 3636 1595 3706 quicum
1619 3641 1853 3690 terreno
1880 3653 2015 3708 rege

360 3728 523 3802 degit
540 3733 718 3798 atque
743 3725 1105 3797 colloquitur
1119 3725 1328 3780 beatus
1341 3725 1414 3780 ab
1437 3724 1715 3779 omnibus
1735 3724 2017 3795 praedice-

365 3823 596 3874 turnon
619 3821 710 3872 est
731 3814 978 3870 dubium
993 3814 1202 3886 quinis
1223 3814 1318 3868 cui
1339 3813 1537 3868 divino
1551 3813 1843 3869 beneflcio
1871 3831 2016 3870 con-

356 3907 490 3981 tigit
510 3911 574 3963 ut
593 3910 794 3961 mente
811 3905 1070 3960 cumDeo
1082 3903 2014 3976 colloquatur,consuetudinem-

353 4012 470 4068 que
484 4012 619 4052 cum
633 4011 702 4050 eo
716 3993 934 4050 habeat
946 3993 1109 4049 omni
1123 3993 1492 4049 beatitudine
1506 4010 1638 4048 cum
1648 3993 2010 4060 uletur.Qua3

349 4101 488 4142 cum
518 4085 600 4141 ita
630 4084 771 4150 sint,
796 4099 931 4138 eum
984 4099 1220 4155 semper
1250 4081 1324 4137 ob
1353 4083 1558 4139 oculos
1584 4083 1688 4138 tibi
1719 4100 2005 4155 propone,

347 4180 524 4246 atque
547 4189 683 4229 cum
707 4173 836 4245 ipso
861 4171 1226 4243 colloquere.
1261 4173 1529 4237 Quanam
1555 4178 1755 4228 autem
1777 4173 2007 4228 ratione

347 4280 485 4320 cum
496 4265 616 4319 Deo
635 4261 996 4332 colloqueris
1012 4260 1040 4315 ‘I
1057 4261 1346 4317 Nimirum
1363 4277 1469 4333 per
1489 4262 1815 4317 orationem
1841 4262 2008 4318 etob-

344 4353 741 4409 secrationem
753 4350 1016 4407 adDeum
1031 4351 1774 4423 appropinquansNamqui
1789 4351 2005 4407 arden-

341 4441 576 4496 tissimo
598 4439 894 4497 desiderio
913 4456 981 4495 ac
1003 4445 1250 4512 purgato
1274 4445 1512 4513 pectore
1535 4446 1685 4506 orat,
1721 4445 1896 4512 atque
1929 4442 2002 4497 ab

341 4529 623 4585 omnibus
653 4529 831 4584 rebus
851 4545 924 4583 ex
941 4528 1191 4584 materia
1217 4529 1513 4584 concretis
1545 4533 1603 4584 et
1624 4529 1997 4585 terrenisab-

340 4616 752 4685 ductamente,
768 4621 1050 4688 tanquam
1068 4633 1267 4673 coram
1281 4618 1400 4674 Deo
1413 4623 1584 4687 astat,
1593 4635 1661 4674 ac
1681 4635 1816 4674 cum
1831 4624 1994 4676 metu

408 4913 516 4984 (50)
547 4909 704 4968 Psal.
736 4925 859 4984 xm,
886 4913 937 4980 1,
978 4912 1030 4964 2.

402 4982 518 5054 (Si)
550 4984 685 5040 Luc.
729 4998 769 5050 ι,
802 4982 890 5037 78.

2126 3279 2280 3341 τάθες
2312 3276 2399 3332 ἐπὶ
2449 3278 2540 3332 τὸν
2596 3278 2821 3351 Κύριον,
2854 3282 2942 3336 καὶ
3007 3280 3270 3356 μηδόλως
3303 3280 3382 3341 ἔτι
3433 3292 3550 3350 τοῖς
3593 3291 3784 3354 πάθεσι

2127 3366 2287 3443 θύραν
2323 3367 2538 3438 ἀνοίξης
2735 3369 2882 3425 ἀλλά
2922 3375 2991 3444 τῇ
3025 3369 3226 3445 εὐωδίᾳ
3282 3377 3372 3430 καὶ
3432 3375 3770 3454 λαμπρότητι

2124 3460 2232 3510 τῶν
2266 3456 2468 3532 ἀρετῶν
2520 3460 2807 3531 κοσμήσας
2863 3481 2957 3516 σου
3015 3464 3118 3533 τήν
3175 3465 3386 3540 ψυχήν,
3438 3467 3568 3522 ναὸν
3614 3465 3763 3536 αὐτὴν

2127 3545 2355 3616 ποίησον
2388 3552 2487 3615 τῆς
2521 3545 2678 3622 ἁγίας
2731 3545 2966 3622 Τριάδος
3028 3554 3162 3622 (53),
3195 3555 3263 3625 τῇ
3318 3551 3526 3624 ταύτης
3586 3555 3778 3629 θεωρία

2125 3634 2297 3697 πάσας
2331 3656 2427 3690 σου
2456 3636 2553 3700 τὰς
2603 3640 2701 3691 τοῦ
2762 3638 2888 3702 νοὸς
2945 3635 3204 3713 δυνάμεις
3261 3640 3686 3718 ἀπασχολήσας.
3721 3643 3784 3702 El

2121 3724 2224 3800 γὰρ
2256 3723 2475 3800 βασιλεῖ
2501 3747 2586 3788 τις
2640 3725 2864 3804 ἐπιγείῳ
2912 3725 3215 3804 συνδιάγων
3245 3729 3334 3786 καὶ
3385 3729 3783 3807 διαλεγόμενος

2127 3816 2458 3889 μακαριστὸς
2515 3821 2643 3870 πᾶσι
2695 3813 2985 3888 δείκνυται,
3037 3819 3066 3872 6
3122 3823 3240 3892 Θεῷ
3297 3818 3644 3897 διαλέγεσθαι
3692 3824 3784 3878 καὶ

2123 3909 2350 3958 συνεῖναι
2409 3909 2488 3977 τῷ
2544 3906 2631 3960 νοῒ
2691 3907 3042 3978 καταξιωθεὶς
3075 3953 3088 3978 ,
3149 3909 3326 3981 πόσης
3401 3909 3774 3969 ἀπολαύσεται

2125 3995 2567 4068 μακαριότητος;
2626 3994 2799 4052 Αὐτὸν
2856 3995 2952 4050 οὖν
3017 3997 3335 4076 ἐνοπτρίζου
3393 4001 3646 4073 πάντοτε,
3681 4003 3776 4058 καὶ

2119 4082 2269 4154 ἀύτῷ
2312 4083 2666 4157 προσομίλει.
2727 4086 2852 4146 Πῶς
2912 4083 2969 4141 δὲ
3026 4086 3462 4162 προσομιλήσεις
3521 4095 3782 4167 Θεῷ;Τῇ

2119 4167 2210 4226 διὰ
2234 4176 2549 4248 προσευχῆς
2591 4173 2681 4229 καὶ
2717 4173 2957 4246 δεήσεως
3006 4176 3142 4250 πρὸς
3193 4177 3354 4234 αὐτὸν
3402 4178 3685 4256 ἐγγύτητι.
3719 4183 3782 4241 Ὁ

2114 4261 2216 4337 γὰρ
2246 4261 2402 4334 πόθῳ
2433 4263 2752 4338 θερμοτάτῳ
2794 4264 2882 4319 καὶ
2938 4263 3137 4342 καρδίᾳ
3181 4270 3560 4345 κεκαθαρμένη
3593 4291 3781 4344 προσ-

2116 4351 2417 4426 ευχόμενος
2454 4358 2583 4426 (54),
2615 4355 2830 4410 πάντων
2878 4355 2973 4428 μὲν
3022 4361 3132 4411 τῶν
3183 4356 3388 4412 ama»
3437 4359 3527 4414 καί
3561 4377 3785 4434 χαμαι-

2115 4439 2300 4510 ζήλων
2333 4441 2605 4518 μακρύνας
2653 4443 2744 4499 τὸν
2800 4449 2949 4517 νοῦν,
3009 4445 3085 4510 ὡς
3139 4446 3369 4512 ἐνώπιος
3425 4444 3483 4504 δὲ
3542 4447 3771 4524 ἐνωπίῳ

2113 4533 2511 4606 παριστάμενος
2542 4539 2622 4607 τῷ
2661 4541 2778 4608 Θεῳ
2808 4540 2941 4607 (55),
2996 4532 3150 4614 φόϐῳ
3178 4557 3235 4592 τε
3283 4539 3372 4592 καὶ
3432 4540 3627 4614 τρόμῳ
3677 4541 3782 4604 τὰς

2113 4616 2325 4690 δεήσεις
2384 4621 2532 4695 αὐτῷ
2590 4627 2740 4683 175
2802 4628 3118 4700 προσάγων,
3179 4627 3209 4681 6
3265 4633 3513 4690 τοιοῦτος
3582 4629 3785 4702 ὁμιλεῖ

547 5044 1066 5139 Αοιηᾼῂοὶῑηχιγ,
1101 5055 1167 5139 ἓἾ
1195 5067 1206 5106 :
1240 5051 1484 5139 ’ξΙ-Ινοιζεη
1515 5053 1635 5112 τοῖς
1665 5044 1835 5114 ἔθνεσι
1884 5052 2011 5139 ρύρε

2126 5054 2373 5139 πίστεως.
2408 5059 2646 5139 I_l:3pist.
2706 5060 2966 5139 ad_Cor.
3029 5080 3140 5139 rvi,
3175 5066 3246 5119 9:
3298 5062 3597 5139 Θύρᾳῄγάρ
3661 5086 3764 5138 μοι

329 5121 534 5207 ἀνέῳγε
568 5121 802 5207 μεγάλη.
830 5122 1305 5207 .Rotuit‘aliunde
1331 5121 1648 5207 proficere,
1683 5141 1818 5207 cum
1841 5124 1926 5207 .sit
1954 5121 2011 5207 ap

2170 5128 2391 5207 inultos
2453 5121 2558 5207 illa
2605 5133 2946 5207 metaphora
2995 5121 3184 5197 obvia,
3218 5142 3277 5190 et
3319 5121 3518 5193 verbis.
3565 5121 3762 5196 'etiam

327 5193 721 5283 siul'ilioribus
747 5193 922 5283 :I’vidIe
955 5195 1213 5251 Palairet
1241 5200 1299 5277 et
1331 5193 1609 5283 Vailclten.
1645 5195 1718 5250 ad
1750 5198 1876 5283 A'ct.
1906 5214 1918 5263 ;
1951 5193 2164 5283 Ιίῖἶιοεξιςἶ
2201 5201 2334 5283 ΙῖθικΔ
2362 5219 2425 5283 Ρ..
2459 5206 2558 5258 153
2586 5223 2599 5269 ;
2643 5193 3089 5283 δ-ΟῙΙΘῘῘΙΟῙἮἏῘῼ
3122 5193 3277 5283 Bibl._
3299 5209 3568 5282 Theolog.

325 5271 462 5364 856.‘
484 5270 682 5364 Pptuit
713 5273 772 5351 et
800 5266 1299 5364 vplgarem'seqlu‘i
1331 5265 1820 5364 usuni‘l‘oqu‘en'di
1847 5284 1860 5334 ;
1893 5252 2032 5324 nam
2065 5271 2207 5326 talia
2236 5252 2392 5364 putor
2408 5252 3568 5363 infantxiih"x{1'"6£é'hiiés€Bi'irﬁT“£6133

325 5341 804 5425 sunt._Georgius
834 5338 1083 5425 Lapitha
1113 5338 1630 5425 ineditus'v,‘680‘:
1657 5339 1960 5425 ςράιιματα
1979 5361 2011 5425 ‘1

2126 5338 2384 5425 ισκεύαζε.
2405 5343 2632 5407 τούτους

2694 5355 2980 5431 μανθάνειν
3035 5353 3275 5423 πρῶτον·
3332 5351 3604 5426 Μέγιστον
3637 5357 3760 5431 φῶς

321 5411 525 5492 γὰρ-,τῇ
551 5405 712 5492 ψυχῇ
731 5405 1340 5492 ᾐτούτωνῌέπιστημη,
1373 5405 1477 5462 Καὶ
1508 5407 1646 5482 πρὸς
1671 5405 1949 5481 λειμῶνας
1979 5405 2236 5488 λογικοὺς
2264 5405 2540 5489 ἀνόίγνυσι
2571 5405 2670 5487 τῆν
2694 5405 2889 5492 θύραν.

421 5483 512 5554 53)
543 5483 702 5542 Cm;
740 5484 838 5549 III,
872 5500 928 5554 p_.
963 5485 1090 5546 Im,
1123 5483 1262 5554 n.76.

419 5549 602 5636 54)]1,
633 5549 1105 5642 προσερχόμενος.
1138 5551 1360 5608 Electio
1393 5554 1484 5606 est
1513 5549 1711 5606 dubia.
1743 5552 2002 5610 Joannes

2126 5573 2238 5628 rys.
2274 5561 2432 5628 p.70
2485 5561 2770 5634 Raphel.:
2831 5563 3122 5640 Ηροσὲρχῃ
3151 5568 3230 5636 τῷ
3287 5570 3406 5638 Θεῷ
3467 5563 3755 5642 βασιλείαν

325 5621 571 5696 οὐρανῶν
601 5621 765 5677 αἰτῶν
777 5667 787 5679 .
799 5621 836 5679 ξ.

403 5688 516 5765 (55)
546 5693 682 5752 Luc.
716 5709 758 5761 I,
791 5698 855 5750 19
891 5712 903 5748 :
937 5688 1183 5770 Γαϐριὴλ
1216 5693 1244 5748 6
1276 5692 1632 5768 παρεστηκὼς
1657 5690 1888 5748 ἐνώπιον
1921 5699 2017 5750 τοῦ
2049 5699 2206 5756 Θεοῦ.
