4112 6372
321 383 464 440 1049

1501 397 1673 450 νιτΑ
1710 398 2067 453 ΒΔΒιΑΑὶί
2103 400 2199 454 ΕΤ
2233 401 2572 458 JOASAPH.

3609 405 3748 461 1050

321 507 612 585 ύπεραξίαν
647 508 896 585 εὑρηκὼς
953 509 1041 566 ἐπ’
1096 511 1374 588 εόεργεσίᾳ
1426 518 1494 590 τῇ
1543 520 1634 590 σῇ,
1664 515 1974 589 κατάδηλον

2093 524 2288 594 majus
2317 526 2536 596 reperi,
2571 528 2860 583 nimirum
2894 533 2961 583 ut
2996 527 3104 582 tibi
3131 527 3351 583 bonum
3395 530 3564 598 illud,
3590 531 3750 602 quod

318 597 557 668 ποιῆσαί
582 619 668 653 σοι
715 598 779 653 τὸ
838 601 971 676 ὑπὲρ
1026 600 1182 679 φύσιν
1241 603 1443 678 ἀγαθὸν
1504 601 1658 681 ἔργον
1690 607 1987 680 πεποίηκα,

318 695 419 747 τοῦ
448 688 711 766 γνωρίσαι
745 710 802 744 σε
862 690 937 752 εἰς
994 691 1024 745 6'
1071 691 1361 767 γεγένησαι
1390 695 1480 748 καὶ
1511 694 1604 749 τὸν
1640 702 1714 766 Δη
1729 698 1988 773 μιουργὸν

319 781 638 858 ἐπιγνῶναι,
687 779 1036 837 ἀπολιπόντα
1080 803 1138 839 τε
1185 787 1295 856 (T7)
1344 786 1406 840 τὸ
1459 786 1650 848 σκότος
1703 791 1784 859 τῷ
1843 781 1986 866 τρωτῖ

317 868 718 946 προσδραμεῖν·
771 869 862 926 καὶ
913 873 1066 930 183
1114 871 1374 947 ἤλπιζον,
1407 875 1521 948 ἅμα
1567 880 1648 948 τῷ
1685 879 1796 949 (78)
1823 877 1988 932 ἀκοῦ-

321 960 410 1016 σαί
469 982 527 1016 σε
585 962 740 1033 πόθῳ
818 960 1038 1037 ἀσχέτῳ
1116 963 1297 1037 τούτῳ
1357 963 1752 1036 ἀκολουθῆσαι.
1826 965 1982 1022 Ἀλλ’

323 1050 608 1126 ἐψεύσθην,
662 1049 842 1113 καθὼς
914 1052 1050 1126 ὁρῶ,
1126 1060 1225 1123 τῆς
1310 1052 1561 1126 ἐλπίδος,
1623 1053 1874 1131 χλίαρῶς
1929 1078 1987 1111 σε

328 1139 547 1218 βλέπων
601 1140 739 1217 πρὸς
769 1141 837 1195 τὰ
897 1139 1207 1212 λαληθέντα
1261 1143 1624 1218 διακείμενον.
1659 1149 1756 1218 Τῷ
1795 1143 1852 1201 δὲ
1887 1147 1983 1221 βα-

325 1227 472 1285 σιλεῖ
498 1231 588 1284 καὶ
619 1230 783 1306 πατρί
816 1252 926 1304 μου
973 1231 1018 1286 εἰ
1065 1237 1236 1288 ταῦτα
1289 1231 1584 1306 δηλώσεις,
1618 1233 1771 1291 οὐδὲν
1797 1235 1980 1310 ἓτερον

319 1321 575 1390 ποιήσεις
708 1319 998 1396 μερίμναις
1053 1321 1217 1378 αὐτοῦ
1269 1325 1357 1379 καὶ
1421 1323 1620 1390 λύπαις
1661 1327 1760 1395 τήν
1792 1327 1977 1401 ψυχὴν

321 1406 587 1480 ἀηδίσεις.
641 1408 826 1478 Ἀλλ’,
888 1409 1036 1486 εἷ’περ
1097 1412 1245 1486 αὖτῷ
1300 1413 1980 1490 εὐγνωμονεῖς,μηδόλως

322 1497 455 1574 ἄχρι
514 1503 711 1575 καιροῦ
764 1504 866 1554 τοῦ
924 1503 1302 1576 προσήκοντος
1367 1502 1689 1580 ἀναγγείλῃς
1745 1526 1797 1560 τι
1854 1505 1978 1580 περὶ

319 1590 555 1646 τούτων.
587 1591 770 1646 Ταῦτα
805 1590 900 1663 μὶν
951 1591 1089 1665 πρὸς
1139 1593 1301 1647 αὐτὸν
1353 1591 1622 1665 λαλήσας,
1655 1592 1737 1672 ἐφ’
1768 1591 1975 1649 ὑδάτων

324 1675 502 1734 ἐδόκει
565 1683 799 1756 σπείρειν
859 1683 995 1755 (79)·
1053 1679 1129 1744 εἷς
1187 1683 1374 1757 ψυχὴν
1431 1683 1534 1760 γὰρ
1595 1683 1846 1739 ἀσύνετον
1879 1682 1978 1739 οὐκ

326 1766 683 1823 εἰσελεύσεται
717 1767 900 1847 σοφία.

392 2060 472 2131 Τῇ
503 2055 761 2132 ἐπαύριον
823 2054 882 2111 δὲ
937 2057 965 2111 6
1027 2058 1296 2133 Βαρλαᾶμ
1344 2057 1517 2114 ἐλθὼν
1547 2060 1616 2116 τὰ
1641 2068 1739 2131 τῆς
1766 2059 1978 2132 ἀποδη-

329 2147 458 2220 μίας
491 2143 717 2219 ὡμίλει·
770 2147 798 2200 ὁ
849 2143 929 2214 δὲ,
975 2147 1068 2202 τὸν
1116 2147 1314 2202 τούτου
1349 2150 1424 2221 μή
1459 2152 1636 2226 φέρων
1666 2150 1978 2223 χωρισμὸν,

321 2236 424 2304 τήν
456 2236 642 2310 ψυχήν
676 2237 862 2306 ἠνιᾶτο
919 2236 1010 2291 καὶ
1071 2234 1317 2310 δακρύων
1375 2237 1509 2302 τοὺς
1538 2238 1854 2317 ὀφθαλμοὺς
1885 2239 1980 2294 έπ-

323 2323 866 2400 επλήρωτο.ΙΙολλά
893 2323 951 2380 δὲ
1001 2328 1108 2400 (80)
1159 2326 1187 2380 ὁ
1236 2325 1412 2402 γέρων
1462 2326 1608 2401 αὐτῷ
1643 2325 1978 2404 διαλεχθεὶς,

319 2416 411 2472 καὶ
443 2414 750 2488 ἀκλόνητον
785 2413 1061 2490 διαμένειν
1109 2416 1161 2472 ἐν
1209 2422 1290 2491 τῷ
1329 2419 1510 2495 ἀγαθῷ
1545 2420 1981 2497 μαρτυράμενος,

323 2505 519 2584 λόγοις
547 2527 606 2562 τε
637 2506 1076 2582 παρακλητικοῖς
1110 2508 1365 2584 στηρίξας
1398 2510 1572 2564 αὐτοῦ
1601 2510 1698 2578 τήν
1731 2508 1980 2586 καρδίαν,

324 2596 538 2673 ἱλαρῶς
597 2596 757 2652 αὑτὸν
819 2595 1198 2670 ἐξαποστεῖλαι
1248 2597 1424 2669 ἠξίοψ
1476 2597 1590 2672 ἅμα
1639 2596 1697 2654 δὲ
1724 2599 1814 2654 καὶ
1845 2620 1980 2671 προ-

327 2686 512 2762 ελεγεν
547 2685 646 2741 οὐκ
677 2685 752 2749 εἷς
804 2689 1009 2763 μακρὸν
1067 2686 1265 2752 αὐτοὺς
1312 2689 1560 2743 ὲνοῦσθαι
1589 2689 1774 2745 ἐνώσει
1805 2687 1984 2746 ἀδιαι-

330 2774 602 2852 ρέτῳ.Ὁ,
629 2773 687 2831 δὲ
740 2780 838 2832 τοῦ
899 2775 1170 2852 βασιλέως
1228 2777 1367 2846 υἱὸς,
1430 2779 1505 2851 μή
1568 2774 1862 2852 δυνάμενος
1893 2779 1978 2834 ἐπὶ

328 2862 526 2921 πλεῖον
583 2865 788 2929 κόπους
829 2870 909 2938 τῷ
949 2867 1164 2942 γέροντι
1214 2867 1476 2942 παρέχειν
1508 2869 1598 2922 καὶ
1651 2875 1748 2935 τῆς
1780 2871 1981 2925 ποθου-

333 2956 500 3028 μένης
535 2955 697 3011 αὐτὸν
729 2954 963 3012 κωλύειν
1024 2953 1176 3028 ὁδοῦ,
1236 2958 1368 3030 ἅμα,
1403 2955 1461 3013 δὲ
1506 2958 1596 3013 καὶ
1628 2958 1983 3036 ὑφορώμενος

329 3046 485 3103 184
548 3045 625 3119 μή
682 3043 828 3116 δῆλα
881 3045 950 3102 τά
1005 3045 1128 3122 περὶ
1187 3046 1405 3102 αὐτὸνὸ
1437 3045 1650 3122 Παρδάν
1677 3048 1875 3111 ἐκεῖνος
1905 3053 1984 3121 τῷ

328 3132 550 3209 βασιλεῖ
579 3137 879 3207 ποιήσηται
910 3135 1003 3190 καὶ
1044 3137 1343 3210 τιμωρίαις
1370 3135 1530 3192 αὐτὸν
1559 3133 1814 3214 ὑποϐάλῃ
1846 3141 1982 3213 (81),

325 3224 478 3299 Λέγει
525 3223 664 3300 πρὸς
714 3223 897 3280 αὐτόν’
951 3224 1203 3300 Ἐπείπερ
1253 3245 1337 3280 σοι
1385 3229 1546 3282 τοῦτο
1603 3223 1772 3297 ἔδοξε,
1810 3228 1982 3304 Πάτερ

323 3312 662 3387 πνευματικὶ
714 3313 804 3369 καὶ
855 3311 1197 3370 διδασκάλων
1243 3313 1427 3387 ἄριστε
1455 3317 1544 3370 καὶ
1575 3316 1749 3372 καλοῦ
1779 3318 1981 3380 παντὸς

325 3403 452 3478 ἐμοὶ
489 3403 735 3478 πρόξενε,
785 3408 884 3459 τοῦ
935 3405 1048 3478 (82)
1100 3402 1421 3461 καταλιπεῖν
1458 3427 1523 3479 με
1551 3410 1619 3480 τῇ
1650 3411 1747 3461 τοῦ
1775 3406 1990 3481 κόσμου

331 3493 665 3566 ματαιότητι
750 3494 1266 3571 συναναστρέφεσθαι
1353 3496 1445 3550 καὶ
1524 3497 1582 3550 σὲ
1655 3498 1987 3570 πορευθῆναι

330 3579 413 3642 εἷς
442 3581 532 3635 τὸν
564 3587 664 3651 τῆς
719 3587 1092 3655 πνευματικῆς
1150 3580 1499 3644 ἀναπαύσεως
1557 3581 1744 3651 τόπον,
1780 3582 1878 3638 οὐκ
1908 3578 1986 3638 ἔτι

330 3689 391 3724 σε
419 3669 666 3745 κατέχειν
711 3669 802 3725 καὶ
852 3668 1279 3745 παρεμποδίζειν
1319 3669 1538 3744 τολμῶ.
1571 3673 1763 3735 Ἀπιθι
1794 3670 1886 3726 οὖν
1915 3675 1984 3746 τῇ

326 3763 427 3815 τοῦ
459 3764 592 3815 Θεοῦ
650 3759 839 3836 εἰρήνῃ
901 3760 1330 3837 φρουρούμενος,
1362 3761 1453 3816 καὶ
1482 3767 1584 3830 τῆς
1616 3759 1757 3834 ἐμῆς
1789 3759 1986 3825 ἀθλιό-

319 3869 491 3920 τητος
551 3848 603 3904 ἐν
663 3855 780 3912 τοῖς
834 3849 1048 3923 τιμίαις
1105 3871 1203 3906 σου
1263 3849 1453 3926 εὐχαῖς
1514 3847 1604 3905 διὰ
1655 3849 1855 3912 παντὸς
1889 3850 1982 3924 μέ-

321 3960 503 4013 μνησο
535 3936 626 3994 διὰ
654 3938 744 3994 τὸν
778 3939 1001 4009 Κύριον,
1047 3937 1141 3994 ’ίνα
1189 3936 1410 4010 δυνηθῶ
1447 3934 1776 3994 καταλαϐεῖν
1807 3959 1864 3994 σε
1893 3939 1983 3995 καὶ

313 4031 379 4086 τὸ
410 4031 503 4086 σὸν
539 4029 761 4107 βλέπειν
801 4031 990 4105 τίμιον
1036 4031 1338 4107 πρόσωπον
1370 4032 1618 4088 πάντοτε.
1655 4031 1891 4102 Ποίησον
1926 4029 1983 4087 δὲ

315 4141 425 4193 μου
486 4119 615 4193 μίαν
676 4117 908 4192 α’ίτησιν·
971 4121 1088 4189 καὶ,
1157 4118 1378 4196 ἐπείπερ
1440 4120 1539 4176 οὐκ
1593 4119 1872 4192 ἠθέλησας
1929 4142 1980 4177 τι

314 4203 509 4265 λαϐεῖν
570 4210 701 4285 ὑπὲρ
754 4215 864 4265 τῶν
925 4214 1275 4281 συνασκητῶν
1330 4230 1442 4281 σου,
1503 4207 1644 4284 δέξαι
1700 4209 1797 4265 κᾶν
1849 4209 1980 4286 ὑπὲρ

314 4303 542 4353 σεαυτοῦ
578 4299 772 4374 μικρὸν
812 4321 865 4355 τι
924 4299 1121 4374 χρῆμα
1180 4299 1259 4360 εἷς
1310 4296 1610 4376 διατροφήν
1641 4301 1732 4355 καὶ
1761 4299 1979 4374 ἱμάτιον

323 4386 402 4452 εἷς
431 4388 713 4462 ἀμφίασιν.
743 4389 804 4446 Ὁ
855 4385 914 4444 δὲ
959 4389 1098 4465 πρὸς
1141 4389 1306 4444 αὐτὸν
1357 4388 1708 4464 ἀπεκρίνατοο
1745 4391 1810 4447 Et
1846 4391 1980 4464 ὑπὲρ

323 4480 434 4531 τῶν
468 4474 716 4555 ἀδελφῶν
769 4498 874 4551 μου
934 4478 1037 4533 οὐκ
1094 4474 1359 4551 ἐδεξάμην
1413 4499 1466 4533 τι
1526 4478 1671 4552 παρά
1701 4482 1797 4534 σοῦ
1828 4465 1980 4549 (οὐδὶ

319 4567 426 4642 γὰρ
486 4565 684 4622 ἐκεῖνοι
747 4566 1050 4642 χρῄζουσιν
1108 4562 1463 4632 ἐπιλαϐέσθαι
1517 4572 1626 4623 τῶν
1688 4568 1835 4624 ὑλῶν
1884 4573 1981 4624 τοῦ

2099 619 2375 670 naturam
2409 624 2670 688 superat,
2705 619 3085 690 perspicuum
3127 618 3376 674 reddere
3425 619 3746 688 studerem,

2097 703 2207 758 hoc
2239 709 2418 771 est,ut
2448 723 2623 776 quem
2656 707 2730 762 ad
2761 708 2941 764 ﬁnem
2973 714 3318 780 procreatus
3350 709 3430 763 sis
3461 707 3752 780 intellige-

2097 809 2285 861 res,ac
2318 801 2645 851 creatorem
2681 813 3055 870 agnosceres,
3081 799 3428 869 relictisque
3461 797 3748 866 tenebris,

2096 883 2170 938 ad
2202 883 2395 939 lucem
2424 892 2982 960 accurreres.Atque
3001 889 3060 943 in
3085 889 3194 944 hac
3218 906 3320 961 spe
3344 889 3661 953 eram,fore
3683 894 3749 944 ut

2097 973 2275 1028 simul
2307 981 2482 1045 atque
2515 975 2586 1030 de
2614 994 2682 1032 ea
2711 977 2939 1049 aliquid
2980 979 3292 1045 audiisses,
3325 978 3749 1035 ardentissima

2096 1062 2353 1132 quadam
2404 1064 2726 1136 cupiditate
2766 1067 2930 1122 illam
2983 1070 3335 1139 sequereris.
3387 1070 3600 1124 Verum
3643 1086 3746 1140 spe

2094 1168 2245 1219 mea,
2280 1159 2346 1207 ut
2368 1153 2557 1218 video,
2593 1154 2776 1210 falsus
2809 1173 2961 1219 sum,
2987 1163 3051 1210 ut
3077 1158 3175 1228 qui
3209 1158 3281 1212 ad
3313 1176 3380 1213 ea
3429 1176 3558 1230 qua:
3591 1158 3749 1215 dicta

2094 1247 2233 1297 sunt
2263 1242 2459 1315 tepide
2491 1245 2769 1299 allectum
2796 1249 2852 1300 te
2885 1247 3412 1320 conspiciam.Regi
3445 1255 3643 1303 autem
3676 1264 3744 1303 ac

2093 1332 2246 1404 patri
2276 1349 2409 1388 meo
2444 1335 2490 1388 si
2524 1335 2650 1389 haec
2679 1335 3211 1400 indicaveris,nihil
3244 1336 3403 1391 aliud
3435 1337 3574 1392 hinc
3604 1354 3746 1393 con-

2091 1423 2572 1494 sequeris,quam
2602 1430 2668 1478 ut
2697 1424 3174 1496 ipsius‘animum
3198 1426 3357 1480 curis
3380 1442 3446 1481 ac
3478 1428 3748 1482 maerori-

2087 1512 2196 1566 bus
2229 1513 2754 1570 conﬁcias.Verum
2788 1515 2834 1570 si
2868 1514 3124 1570 candido
3153 1531 3218 1570 ac
3252 1515 3484 1570 sincero
3517 1515 3577 1570 in
3609 1531 3747 1572 eum

2089 1602 2288 1657 animo
2322 1620 2548 1664 es,cave
2577 1621 2651 1659 ne
2681 1605 2805 1676 ipse
2837 1611 3156 1676 antequam
3183 1605 3496 1661 commoda
3518 1605 3748 1660 occasio

2088 1708 2150 1748 se
2184 1691 2485 1759 obtulerit,
2520 1695 2846 1766 quidquam
2883 1695 3226 1767 hujusmodi
3254 1711 3322 1749 ex
3354 1701 3411 1750 te
3442 1695 3746 1751 resciscat.

2087 1783 2204 1837 Hac
2237 1785 2505 1839 oratione
2537 1786 2610 1840 ad
2634 1803 2770 1841 eum
2797 1786 3310 1857 habita,tanquam
3339 1785 3396 1839 in
3421 1802 3638 1856 aquam
3659 1802 3747 1842 se-

2087 1871 2318 1926 minare
2349 1873 2680 1931 videbatur.
2725 1876 2924 1946 Neque
2958 1873 3116 1931 enim
3149 1875 3459 1946 sapientia:
3487 1873 3561 1929 ad
3584 1873 3747 1928 stoli-

2090 1961 2232 2017 dum
2262 1963 2525 2019 animum
2559 1965 2753 2020 aditus
2783 1981 3049 2036 unquam
3082 1964 3326 2036 patebit.

2163 2053 2452 2109 Postridie
2474 2061 2672 2110 autem
2700 2055 2966 2111 Barlaam
2989 2054 3062 2110 ad
3087 2072 3220 2110 eum
3241 2053 3632 2118 accedens,de
3655 2052 3748 2108 di-

2091 2156 2294 2196 scessu
2325 2159 2430 2197 suo
2464 2160 2801 2199 sermonem
2847 2143 3172 2216 ingerebat.
3205 2144 3311 2198 Ille
3342 2149 3541 2198 autem
3568 2143 3640 2197 ab
3675 2157 3744 2197 eo

2091 2232 2290 2288 divelli
2321 2235 2568 2289 minime
2601 2234 3143 2304 sustinens,animo
3177 2232 3748 2301 excruciabatur,la—

2091 2323 2428 2394 crymisque
2444 2329 2600 2378 totus
2617 2324 3304 2396 perfundebatur.Senex
3323 2339 3456 2378 vero
3471 2339 3604 2377 cum
3621 2321 3745 2377 lon-

2091 2429 2230 2484 gum
2259 2412 2333 2468 ad
2362 2430 2497 2468 eum
2530 2429 2865 2469 sermonem
2899 2413 3224 2479 habuisset,
3261 2428 3515 2483 eumque
3547 2415 3612 2466 ut
3641 2410 3742 2466 ﬁr-

2091 2503 2398 2558 missimus
2429 2505 2491 2559 in
2534 2503 2690 2559 bono
2731 2509 3020 2575 perstaret
3051 2502 3378 2558 obtestatus
3410 2507 3587 2566 esset,
3620 2517 3748 2556 ver-

2093 2592 2303 2663 bisque
2323 2593 2396 2648 ad
2431 2592 2864 2648 cohortandum
2898 2591 3360 2648 accommodatis
3393 2591 3579 2663 ipsius
3609 2607 3747 2662 pec-

2093 2687 2187 2737 tus
2208 2681 2925 2753 conﬁrmasset,precibus
2947 2681 3019 2736 ab
3045 2697 3112 2736 eo
3137 2679 3535 2736 contendebat
3556 2685 3622 2735 ut
3641 2679 3747 2734 la:-

2093 2775 2151 2826 to
2183 2777 2360 2842 atque
2391 2772 2569 2827 hilari
2600 2771 2800 2826 animo
2845 2769 3191 2825 discedendi
3244 2775 3599 2841 potestatem
3631 2767 3748 2823 sibi

2091 2860 2332 2916 faceret.
2357 2861 2509 2916 Illud
2541 2860 2721 2916 etiam
2753 2859 3270 2932 adjungebat,eam
3304 2859 3461 2914 brevi
3495 2859 3653 2913 inter
3685 2874 3747 2913 se

2092 2951 2581 3023 conjunctionem
2615 2957 2882 3005 mutuam
2923 2950 3069 3018 fore,
3104 2966 3235 3020 quae
3285 2948 3513 3005 dissidii
3550 2947 3747 3004 omnis

2093 3058 2302 3112 expers
2335 3044 2594 3097 esset.At
2620 3041 2775 3114 regis
2827 3039 3152 3101 ﬁlius.cum
3184 3056 3294 3094 nec
3346 3039 3570 3094 diutius
3621 3039 3749 3095 seni

2093 3133 2393 3204 negotium
2424 3132 2740 3198 facessere,
2773 3147 2882 3185 nec
2915 3146 3050 3184 eum
3083 3129 3339 3200 expetito
3373 3128 3587 3184 itinere
3618 3145 3751 3200 pro-

2095 3221 2301 3277 bibere
2335 3226 2551 3292 posset.
2586 3237 2654 3276 ac
2686 3225 2975 3291 prmterea
3005 3224 3280 3274 metuens
3309 3233 3384 3273 ne
3417 3235 3493 3272 ne
3523 3217 3749 3273 Zardan

2096 3311 2199 3367 ille
2213 3328 2411 3384 regem
2425 3311 2498 3366 de
2513 3327 2581 3366 eo
2600 3310 2914 3367 certiorem
2937 3308 3251 3376 faceret,ac
3277 3308 3586 3380 suppliciis
3614 3325 3752 3364 eum

2097 3402 2383 3466 afﬁceret,
2419 3401 2511 3456 his
2541 3400 2615 3455 ad
2647 3416 2786 3455 eum
2816 3398 3010 3454 verbis
3042 3415 3184 3453 usus
3217 3403 3324 3452 est:
3358 3396 3753 3468 Quandoqui-

2094 3492 2231 3548 dem
2266 3493 2348 3546 ita
2374 3490 2479 3545 tibi
2511 3490 2623 3545 hoc
2657 3490 2857 3545 animo
2885 3487 3109 3542 insidet
3131 3485 3461 3558 spiritualis
3483 3487 3658 3540 Pater
3685 3501 3752 3541 ac

2095 3586 2525 3654 prmceptorum
2559 3579 2803 3650 optime,
2826 3577 3095 3647 mihique
3126 3575 3321 3630 omnis
3350 3573 3491 3628 boni
3523 3579 3752 3644 auctor,

2091 3679 2160 3726 ut
2188 3687 2284 3726 me
2315 3671 2376 3725 in
2406 3669 2614 3725 mundi
2644 3667 2903 3723 vanitate
2923 3670 3256 3723 versantem
3281 3662 3542 3729 deseras,
3568 3667 3747 3734 atque

2091 3760 2165 3816 ad
2196 3759 2524 3832 spiritualis
2555 3758 2772 3829 quietis
2790 3757 2984 3812 locum
3009 3752 3567 3826 proﬂciscaris,non
3589 3751 3750 3807 ultra

2093 3855 2147 3905 te
2171 3849 2431 3904 retinere
2451 3854 2630 3919 atque
2652 3846 3081 3918 impedimento
3105 3843 3210 3898 tibi
3240 3858 3370 3898 esse
3397 3841 3609 3898 audeo.
3635 3840 3747 3896 Abi

2090 3939 2270 4012 igitur
2300 3939 2402 3993 Dei
2434 3954 2578 4010 pace
2609 3941 2907 4008 septus,ac
2939 3951 3087 3990 mete
3119 3933 3376 3988 miseriae
3409 3932 3468 3986 in
3502 3929 3749 4004 praecla-

2089 4031 2173 4083 ris
2205 4029 2322 4084 tuis
2355 4028 2429 4083 ad
2462 4026 2778 4082 Dominum
2813 4025 3091 4097 precibus
3121 4023 3475 4079 memoriam
3527 4037 3605 4076 ne
3653 4020 3746 4076 in-

2090 4119 2403 4187 termittas,
2434 4134 2550 4184 quo
2582 4115 2824 4172 tandem
2850 4115 2924 4171 ad
2955 4120 3012 4169 te
3063 4113 3372 4186 pervenire
3425 4128 3493 4166 ac
3532 4109 3747 4167 faciem

2093 4216 2251 4264 tuam
2283 4207 2620 4280 perspicere
2664 4222 2898 4278 queam.
2953 4205 3141 4260 Unam
3191 4208 3387 4259 autem
3435 4217 3560 4256 rem
3610 4216 3643 4256 ιι
3687 4205 3746 4254 te

2089 4299 2348 4372 postulo,
2379 4297 2687 4358 nimirum,
2721 4302 2807 4364 ut,
2838 4295 3122 4367 quoniam
3163 4309 3269 4365 pro
3302 4292 3420 4347 tuis
3449 4291 3743 4363 religiosae

2087 4391 2219 4444 vitae
2255 4387 2561 4444 sodalibus
2591 4386 2742 4441 nihil
2765 4387 3032 4457 accipere
3058 4381 3532 4450 voluisti,saltem
3554 4397 3660 4454 pro
3686 4384 3745 4435 te

2091 4479 2364 4551 exiguum
2400 4476 2627 4548 aliquid
2657 4475 2926 4548 pecuniae
2957 4475 3019 4529 in
3059 4474 3277 4527 victum
3310 4488 3377 4527 ac
3425 4476 3648 4526 vestem
3681 4471 3744 4524 in

2091 4570 2514 4625 indumentum
2537 4565 2930 4638 accipias.llle
2948 4569 3147 4620 autem
3167 4563 3240 4619 ad
3259 4579 3393 4617 eum
3412 4560 3746 4634 respondit:

312 4655 533 4731 κόσμου
593 4657 666 4710 ὧν
729 4655 943 4719 ἑκόντες
1021 4655 1376 4731 ἑμάκρυναν),
1443 4661 1561 4720 πῶς
1613 4655 1833 4731 ἐμαυτῷ
1884 4678 1979 4713 πε-

2093 4661 2232 4715 Cum
2262 4675 2368 4731 pro
2396 4657 2676 4714 fratribus
2708 4656 2858 4710 meis
2889 4654 3041 4710 nihil
3071 4670 3106 4710 a
3150 4659 3206 4708 te
3263 4651 3597 4725 acceperim
3627 4660 3751 4715 (ne-

387 4845 504 4918 (7‘7)
533 4848 602 4912 A,
635 4840 982 4918 ἀπολιπόντα
1013 4859 1090 4918 σε.
1125 4841 1326 4898 Obiter
1348 4840 1674 4918 piparticula
1731 4841 1979 4918 resti‘tua

2112 4843 2282 4918 “Eum
2292 4841 2452 4918 ath_io

2510 4856 2644 4912 pag.
2678 4840 2745 4893 78
2804 4855 2827 4912 εΔ
2855 4837 3016 4891 [Ιάνο’
3047 4833 3144 4912 ὅσα
3175 4833 3412 4912 ἔι-ζτίτουνΔ
3435 4835 3624 4912 παδεῖν
3654 4832 3745 4912 καί

315 4907 538 4990 δράσαί,
568 4907 719 4971 ταῦθ’
752 4915 828 4976 ὡς
860 4911 1249 5040 ἐξκατόπτροις
1280 4907 1399 4974 τοῖξ
1432 4909 1666 5040 ὀνείροις
1692 4911 1782 4966 καὶ
1816 4908 1956 4966 εἶδον

315 4987 370 5040 ἐν
399 4988 752 5040 κατόπτροις.
785 5018 855 5028 --
924 4987 941 5040 i
973 4985 1106 5040 auis
1138 4985 1233 5040 hic
1264 4985 1405 5040 velit
1433 4984 1538 5038 ἀπο
1586 5028 1598 5040 .
1632 4984 1688 5038 τέ
1717 5004 1794 5040 σε.
1824 5002 1979 5040 non]

2111 4907 2328 4967 ἔπαθον.
2363 4907 2696 4978 Cod—2897,
2732 4909 2918 4962 παθεῖν
2957 4928 3016 4964 τε
3044 4907 3156 4964 καὶ.
3190 4907 3659 4965 Rescribendum
3691 4911 3750 4962 et

2093 5001 2257 5040 uano.

314 4984 370 5045 ἐν
399 4988 752 5062 κατόπτροις.
785 5018 855 5062 --ς
884 4984 941 5042 Si
973 4985 1106 5057 quis
1137 4984 1233 5062 hic
1264 4985 1405 5040 velit
1433 4984 1538 5062 ἀπο

1586 5028 1598 5040 .
1632 4984 1688 5038 τέ
1717 5004 1794 5058 σε,
1824 5002 1946 5041 non
1971 5001 2257 5058 repugno.

391 5062 501 5134 (78)
533 5056 742 5132 Ο,’ὁίμα
768 5061 885 5113 τοῦ·
923 5056 1154 5134 syntaxi
1172 5057 1343 5134 bona
1372 5058 1591 5134 minus.
1627 5057 1770 5112 Vide
1802 5056 2415 5134 notamad'SvntipaeA
2432 5057 2657 5134 δεῖται.
2681 5070 2752 5134 Ρ.Δ
2783 5056 2902 5134 192.

387 5120 504 5202 (79)
535 5120 696 5188 Inter
726 5120 1037 5204 proverbia
1066 5129 1138 5185 de
1169 5128 1661 5204 impossibilibus,
1712 5145 1846 5204 quae
1898 5129 1979 5185 edi

2182 5120 2239 5193 Ἰ,
2391 5129 2512 5192 395,
2569 5120 2757 5204 exstat
2782 5141 2798 5181 :
2823 5123 2952 5204 __El<;
3000 5121 3145 5200 ὕδωρ
3180 5123 3438 5204 σπείρεις.
3473 5123 3601 5179 Vita
3630 5120 3745 5177 Nili

310 5194 576 5283 Junio'ris
609 5222 665 5276 p.
795 5221 808 5283 ξ
843 5201 1088 5283 Ἐἀζνῦν
1121 5221 1203 5254 σοι
1235 5194 1362 5283 περὶ
1394 5204 1529 5255 Θεοῦ
1557 5194 1900 5283 τμλαλήσω,
1931 5201 2054 5283 καθ’
2085 5196 2278 5283 {idaeos
2300 5194 2633 5283 ξγραφωοκαὶ.
2653 5194 3284 5283 ὲπὶβάλαησραν-σπερῶ,

388 5278 497 5347 (80)
530 5269 821 5347 Afrani
835 5293 919 5347 Ατε.
953 5269 1386 5347 Permutabiles
1433 5279 1572 5347 sunt
1603 5273 1721 5347 illa:
1779 5273 1979 5347 vocula

2093 5269 2400 5347 Choricj'us
2428 5269 2772 5347 'Villoisoni

2805 5287 2861 5342 p.
2897 5273 2966 5324 62
2992 5286 3004 5326 :
3039 5274 3148 5338 Τῆς
3177 5260 3346 5337 αὐτῆς
3376 5267 3518 5342 ἐστιν
3541 5260 3742 5342 εὐτολ-

317 5338 449 5420 μίας
478 5338 742 5422 τυράννου
801 5341 858 5400 δὲ
913 5341 1083 5399 παῖδα
1135 5342 1227 5398 καὶ
1280 5345 1374 5399 τὸν
1431 5340 1629 5419 ἔχοντα
1688 5343 1867 5419 ἀρχὴν
1926 5344 1979 5398 ἀι

317 5437 486 5468 man
514 5439 627 5468 xw-
664 5424 732 5468 2:
765 5415 1114 5468 ’Λκοοάματα
1144 5413 1397 5468 ἑκάστοτε
1427 5412 1662 5468 διάωοοα
1693 5416 1979 5468 ἐπεισάγει.

2093 5348 2227 5399 .ῖναι.
2291 5345 2448 5398 Bene
2501 5342 2684 5398 codex
2718 5338 2856 5396 2967
2880 5360 3000 5415 τυρ.
3031 5361 3090 5396 τε
3123 5361 3226 5397 π...
3258 5346 3358 5412 τήν
3392 5339 3522 5468 ἆρῖ.
3557 5338 3743 5420 Athe-

2093 5436 2140 5468 τι
2187 5435 2246 5468 τε
2288 5414 2378 5468 καὶ
2429 5411 2860 5468 γελωτοποιούς.
2896 5415 3083 5468 Velim
3115 5409 3191 5468 ἔτι
3221 5412 3278 5468 δὲ
3315 5414 3428 5468 καὶ.
3509 5411 3743 5467 ibamus

313 5409 486 5494 naeus
514 5409 628 5487 xiv,
663 5424 732 5474 2:
765 5415 1114 5494 ᾍκροάματα
1144 5413 1397 5494 ὲκείστοτε
1419 5409 1662 5494 δὶἀφορα
1693 5409 2140 5494 ἐπεἰσάγει...-·ἕτι
2187 5435 2246 5470 τε
2288 5414 2378 5494 καὶ
2429 5409 3083 5494 γελωτοποιούςλινὲξίὶῐη
3115 5409 3201 5494 ἔτι.
3315 5409 3428 5471 καὶ.

317 5492 493 5564 epist.
527 5481 633 5548 25}
665 5481 876 5564 Ἦσθην
900 5481 1066 5564 τείτῷ
1093 5507 1152 5541 τε
1190 5487 1302 5564 υἱεῖ
1347 5487 1436 5564 καὶ
1483 5481 1565 5564 τῷ
1597 5481 1903 5564 ’κηδεστῇ.’
1936 5491 1979 5564 DA

2093 5505 2154 5564 lS_
2201 5488 2386 5564 codex
2444 5481 2604 5564 30ξῦ3
2652 5485 2821 5564 ἥσθην
2853 5481 2911 5538 δὲ
2939 5489 3064 5564 τῶς

3509 5411 3744 5467 ibanius

3115 5489 3355 5544 exhibet
3384 5486 3563 5543 etiam
3593 5482 3743 5540 utile

317 5551 619 5621 séholium
645 5579 658 5635 _:
691 5551 880 5635 ὈΔμὲν
913 5551 1159 5635 υίὸς-’τοῦ
1189 5559 1444 5616 Ἀκακίου
1472 5551 1679 5635 τούτου
1700 5551 1915 5635 ἐλέγετο
1946 5560 2225 5635 Τιτιανὸς,
2253 5555 2370 5635 ὁ-ιδὲ
2397 5551 2642 5635 γαμϐρὸς
2676 5551 3111 5635 Κιιλίκιοςχίιηο
3145 5558 3425 5635 βαλίκιος.

390 5636 503 5707 (81)
529 5639 602 5703 Α,
635 5620 924 5689 ὑποϐαλεῖ.
959 5620 1238 5689 Libanius
1269 5650 1361 5705 ep.
1395 5633 1492 5687 361
1523 5649 1536 5688 :
1571 5631 1669 5686 Καὶ
1697 5651 1756 5715 σε
1782 5620 2064 5758 γράΞομαι
2111 5620 2228 5686 κατ’
2276 5620 2651 5758 ἀδιοριωδτοῦτο
2689 5628 2803 5700 μὲν,
2836 5628 2886 5682 εἷ’
2915 5630 3021 5702 φής
3053 5620 3438 5703 ἐπιλελῆσθαι,
3466 5630 3628 5683 τοῦτο
3661 5620 3740 5700 δὶ,

390 5753 391 5758 η
429 5707 806 5758 μεμνημένος.
838 5705 912 5758 ὤν
945 5702 1045 5758 οὐκ
1074 5703 1438 5758 ἀμνημονεῖς.
1473 5701 1710 5758 ἀμελῆςο
1741 5721 1863 5758 imo
1933 5703 2141 5758 μελεῖς.
2177 5720 2293 5758 auo
2410 5703 2547 5758 abet
2575 5700 2760 5758 codex
2791 5703 2950 5758 3035.

319 5701 806 5780 εί,’μέμνημένος,
838 5705 912 5760 ὤν
945 5702 1045 5759 οὐκ
1074 5701 1438 5779 ἀμνημονεῖς,
1473 5701 1710 5779 ἀμελῆςο
1741 5701 1863 5761 imo

391 5780 506 5861 (82)
534 5781 596 5854 C,
630 5781 758 5839 sine
785 5781 904 5837 τοῦ.

1933 5703 2141 5779 μἐλεῖς,
2177 5720 2293 5779 quo

2410 5703 2547 5760 abet
2575 5700 2760 5758 codex
2791 5700 2950 5761 3035'.
