4112 6418
354 416 503 475 1053

1552 414 1725 471 ΥΙΤΔ
1761 414 2116 472 ΒΔΒῐιΑΔΠ
2150 417 2245 471 ΒΤ
2277 414 2621 472 ΙΟΔΒΔΡΗ.

3640 404 3790 463 1051

360 545 478 597 τῶν
507 544 610 596 τοῦ
631 536 850 613 κόσμου
879 537 1069 596 καλῶν
1101 539 1434 609 τηλικοῦτον
1465 538 1741 616 εὐφράνοι,
1773 539 1847 601 ὡς
1904 539 2022 602 Θεὸς

2145 541 2325 597 ﬁnem
2339 541 2554 597 faciat?
2573 542 2651 597 Ac
2668 554 2931 600 rursum.
2952 537 3253 610 quodnam
3271 539 3365 590 est
3383 534 3563 606 hujus
3573 532 3783 589 mundi

366 630 534 691 αὐτὸς
593 627 803 691 ἐκεῖνος
860 632 977 693 τοῖς
1039 628 1349 703 ἀγαπήσασι
1411 629 1810 703 χαριζόμενος;
1866 629 2031 703 οὗπερ

362 723 432 776 τὸ
463 717 676 781 καλλος
710 719 806 793 μὶν
854 719 1079 797 ἂφατον,
1140 715 1423 774 δυναστεία
1482 716 1540 773 δὲ
1597 716 1817 793 ἄμαχος
1872 719 1960 773 καὶ
1995 720 2029 786 ἡ

373 807 505 883 δόξα
533 806 731 872 ἀίδιος·
769 809 938 884 οὗπερ
973 808 1039 864 τὰ
1093 809 1286 883 ἀγαθὰ,
1340 809 1405 863 τά
1450 814 1567 871 τοῖς
1627 807 1793 863 αὐτοῦ
1851 806 2034 882 φίλοις

361 900 730 973 ἀποκείμενα.
815 899 1031 955 πάντων
1118 903 1225 954 τῶν
1314 900 1611 975 ὁρωμένων
1697 896 2032 974 ἀσυγκρίτως

372 990 659 1066 ὑπερέχει,
695 986 729 1044 ἀ¹
757 986 1045 1066 ὀφθαλμὸς
1076 987 1176 1043 οὐκ
1205 986 1332 1059 εἶδε,
1386 989 1473 1043 καὶ
1526 988 1618 1050 οῦς
1666 988 1769 1043 οὐκ
1808 986 2032 1055 ἢκουσε,

363 1081 461 1136 καὶ
518 1079 607 1135 ἐπὶ
662 1076 885 1154 καρδίαν
943 1078 1235 1153 ἀνθρώπου
1320 1077 1419 1134 οὐκ
1502 1073 1660 1148 ἀνίϐη
1734 1080 1868 1150 (88)’
1955 1077 2030 1130 ὧν

369 1168 731 1245 κληρονόμος
758 1165 1166 1243 ἀναδειχθείης,
1197 1171 1266 1241 τῇ
1296 1172 1392 1222 τοῦ
1436 1171 1572 1222 Θεοῦ
1620 1165 2030 1243 φρουρούμενος

368 1260 741 1335 κραταιοτάτῃ
775 1258 946 1334 χειρί.

442 1530 587 1586 187
626 1528 687 1584 Ὀ
719 1525 774 1582 δὲ
805 1530 901 1582 τοῦ
955 1526 1227 1603 βασιλέως
1287 1528 1428 1595 υἱὸς,
1485 1523 1708 1599 δάκρυσι
1764 1544 2027 1600 συγκεχυ-

374 1617 541 1692 μένος
568 1619 700 1689 (89),
731 1618 924 1686 ἠνιᾶτο
954 1618 1045 1671 καὶ
1078 1616 1356 1692 ἤσχαλλε,
1392 1614 1759 1694 φιλοστόργου
1823 1615 2029 1677 ΙΙατοὸς

371 1709 464 1764 καὶ
492 1704 822 1769 διδασκάλου
880 1706 1103 1783 ἀρίστου
1164 1706 1567 1784 ἀπολειφθῆναι
1629 1706 1707 1779 μὴ
1759 1704 2033 1781 ἀνεχόμε-

373 1817 486 1859 νος.
521 1793 622 1851 Καὶ
654 1796 735 1858 τίς
768 1815 884 1868 μοι,
945 1795 1133 1868 φησὶν,
1166 1792 1211 1848 ὦ
1245 1796 1440 1869 Πάτερ,
1489 1795 1589 1863 τήν
1643 1795 1741 1864 σὴν
1797 1791 2032 1867 πληρώ-

2140 630 2387 697 bonum,
2421 631 2578 701 quod
2612 636 2773 687 tanta
2803 628 3069 685 animum
3100 626 3399 697 voluptate
3448 622 3787 694 perfundat,

2139 726 2204 775 ut
2236 722 2388 775 Deus
2420 738 2482 775 se
2508 721 2701 793 ipsum
2734 721 2805 774 iis
2837 736 2872 774 a
2925 718 3141 791 quibus
3194 715 3462 787 diligitur
3512 712 3781 767 donans:

2138 811 2310 881 cujus
2340 816 2399 865 et
2445 810 2824 880 pulchritudo
2877 825 3154 866 sermone
3204 806 3363 861 omni
3412 800 3791 875 praestantior

2140 904 2249 965 est,
2283 906 2342 953 et
2372 900 2637 969 potentia
2666 899 2901 959 invicta,
2952 904 3010 953 et
3055 897 3242 969 gloria
3292 893 3683 964 sempiterna,
3731 894 3788 942 et

2137 991 2310 1059 cujus
2340 988 2497 1043 bona
2528 1005 2596 1043 ea
2626 1006 2755 1060 quae
2786 989 2972 1060 ipsius
3003 988 3227 1042 amicos
3279 988 3543 1049 manent,
3589 978 3791 1035 omnia

2138 1094 2270 1149 quaa
2308 1078 2497 1134 oculis
2548 1084 2874 1134 cernuntur
2921 1074 3473 1148 incomparabiliter
3524 1068 3788 1127 antecel-

2138 1167 2307 1222 lunt:
2340 1185 2471 1239 quaz
2503 1168 2713 1222 oculus
2742 1184 2862 1223 non
2895 1166 3058 1233 vidit,
3084 1182 3194 1220 nec
3225 1164 3385 1220 auris
3408 1160 3653 1225 audivit,
3678 1175 3787 1213 nec

2137 1257 2199 1312 in
2232 1273 2335 1312 cor
2352 1256 2611 1313 hominis
2643 1256 3044 1312 ascenderunt
3073 1257 3119 1309 .I
3146 1252 3367 1323 Camn)?
3394 1253 3655 1317 Quorum
3675 1247 3785 1303 uti-

2138 1363 2277 1402 nam
2312 1347 2417 1402 tibi
2450 1345 2866 1402 robustissima
2899 1346 2998 1400 Dei
3030 1360 3211 1399 manu
3245 1347 3411 1412 septo
3442 1357 3508 1395 ac
3554 1337 3786 1395 munito

2138 1436 2435 1493 hazredem
2470 1453 2600 1492 esse
2630 1436 2936 1507 contingat
2962 1434 2975 1489 Ξ

2206 1527 2380 1599 Regis
2398 1532 2593 1581 autem
2630 1527 2789 1581 filius
2814 1524 3093 1597 lacrymis
3120 1522 3416 1594 perfusus,
3441 1517 3790 1589 angebatur.

2135 1632 2202 1671 ac
2235 1632 2469 1672 summa
2492 1616 2763 1671 molestia
2791 1614 3184 1677 afﬁciebatur,
3211 1618 3277 1667 ut
3293 1610 3395 1681 qui
3417 1609 3488 1663 ab
3512 1606 3793 1662 amantis-

2135 1706 2285 1761 simo
2300 1712 2466 1778 patre
2485 1723 2555 1761 ac
2586 1704 3079 1777 prazstantissimo
3101 1702 3384 1774 magistro
3404 1696 3661 1767 relinqui
3679 1693 3791 1750 mi-

2134 1796 2294 1850 nime
2327 1798 2666 1852 sustineret.
2702 1797 2769 1850 Et
2809 1795 3110 1866 quisnam,
3162 1790 3491 1862 inquiebat,
3525 1805 3558 1841 ο
3592 1789 3786 1851 Pater,

374 1902 455 1937 σει
512 1882 692 1954 tigna;
757 1885 861 1939 ὑπὸ
912 1882 1017 1939 τίνι
1081 1881 1139 1939 δὲ
1192 1882 1303 1959 ἐγὼ
1362 1882 1599 1955 τοιούτῳ
1655 1882 1876 1955 ποιμένι
1932 1881 2022 1936 καὶ

2137 1892 2266 1941 tuas
2288 1894 2487 1958 partes
2515 1886 2812 1958 explebit?
2834 1889 2937 1941 aut
2966 1900 3144 1955 quem
3171 1880 3409 1938 tandem
3446 1875 3787 1949 hujusmodi

373 1968 566 2046 ὁδηγῴ
624 1976 869 2049 ψυχικῆς
932 1972 1207 2045 σωτηρίας
1265 1975 1608 2048 γενήσομαι;
1668 1971 1721 2028 τί
1775 1976 1872 2026 τοῦ
1932 1976 2026 2025 σοῦ

375 2060 726 2135 παραμύθιον
758 2063 1063 2136 ποιήσομαι
1096 2062 1267 2127 πόθου
1293 2081 1307 2131 ;
1338 2060 1459 2116 ἷδοῦ
1490 2062 1595 2137 γὰρ
1645 2059 1741 2133 ἐμὲ
1786 2061 1878 2115 τὸν
1923 2080 2027 2114 πο-

381 2150 548 2222 νηρὸν
596 2147 797 2206 δοῦλον
853 2150 943 2206 καὶ
1002 2151 1313 2222 ἀποστάτην
1347 2155 1425 2223 τῷ
1485 2156 1603 2223 Θεῷ
1660 2152 2024 2225 προσήγαγες,

371 2240 469 2296 καὶ
502 2241 579 2306 εἷς
607 2243 728 2297 υἱοῦ
757 2242 849 2298 καὶ
906 2242 1263 2319 κληρονόμου
1316 2242 1649 2314 κατέστησας
1705 2242 1876 2314 τάξιν,
1936 2243 2026 2297 καὶ

366 2331 466 2387 ’τὸν
520 2330 868 2388 ἀπολωλότα
920 2333 1007 2387 καὶ
1072 2330 1428 2409 ὀρειάλωτον,
1488 2334 1579 2388 τὸν
1635 2334 1790 2388 παντὶ
1850 2331 2025 2408 θηρίῳ

369 2418 596 2493 ἕτοιμον
634 2421 711 2483 εἷς
752 2422 941 2497 βοριῑιν⁹
975 2422 1267 2494 ἐζήτησας,
1298 2423 1386 2477 καὶ
1416 2429 1534 2485 τοῖς
1587 2421 1846 2478 ἀπλανέσι
1895 2444 2027 2478 κατ-

369 2510 563 2583 ἑμιξας
596 2514 730 2566 Θεοῦ
762 2506 1081 2587 προϐάτοις·
1132 2513 1223 2567 καὶ
1274 2507 1477 2585 ἕδειξάς
1539 2533 1635 2585 μοι
1697 2512 1796 2581 τὴν
1845 2510 2023 2568 ἐπίτο-

372 2621 476 2673 μον
508 2607 610 2669 τῆς
662 2599 922 2671 ἀληθείας
983 2599 1132 2673 ὁδὸν,
1194 2602 1465 2677 ἐξαγαγὼν
1524 2622 1590 2675 με
1645 2605 1741 2656 τοῦ
1798 2601 2024 2665 σκότους

367 2688 463 2744 καὶ
511 2696 612 2759 τῆς
671 2694 825 2754 σκιᾶς
881 2694 978 2745 τοῦ
1038 2690 1289 2757 θανάτου,
1347 2690 1462 2760 καὶ,
1513 2690 1640 2753 τοὺς
1690 2688 1861 2753 πόδας
1920 2713 2025 2764 μου

379 2780 691 2855 μεταγαγὼν
723 2783 839 2853 (90)
876 2779 934 2836 ἐκ
979 2787 1080 2850 τῆς
1138 2780 1438 2855 ὀλισθηρᾶς
1496 2779 1588 2836 καί
1646 2781 2024 2860 θανατηφόρου

373 2869 464 2923 καὶ
499 2868 875 2941 σκολιωτάτης
903 2870 990 2926 καὶ
1023 2869 1325 2944 καμπύλης
1376 2872 1625 2947 ἀτραποῦ
1672 2874 1803 2944 (91),
1859 2873 2026 2947 μεγάη

376 2956 490 3014 λων
523 2960 610 3014 καὶ
658 2959 972 3033 θαυμασίων
1035 2982 1131 3034 μοι
1189 2960 1417 3035 γέγονας
1475 2960 1729 3035 πρόξενος
1787 2961 2022 3036 ἀγαθῶν,

371 3055 463 3105 καὶ
496 3051 568 3104 ὧν
603 3047 786 3115 οὐδεὶς
809 3050 1109 3125 ἐξαρκέσειε
1154 3050 1320 3127 λόγος
1372 3052 1436 3107 τὸ
1497 3052 1764 3127 ὑπερέχον
1823 3050 2022 3129 διηγή-

371 3150 585 3203 σασθαι.
624 3139 893 3215 Μεγάλων
923 3140 1013 3196 καὶ
1064 3139 1225 3205 αὐτὸς
1286 3141 1417 3216 ὑπὲρ
1479 3140 1615 3214 ἐμοῦ
1670 3146 1765 3197 τοῦ
1827 3147 2025 3217 μικροῦ

371 3228 674 3303 μετάσχοις
705 3233 803 3285 τοῦ
834 3230 967 3285 Θεοῦ
1008 3227 1251 3305 δωρεῶνο
1313 3230 1405 3285 καὶ
1453 3237 1555 3301 τῆς
1606 3230 1742 3304 ἐμῆς
1799 3231 2026 3307 εὐχαρι-

367 3315 520 3378 στίας
575 3318 852 3394 ὑστέρημα
909 3318 1201 3393 πληρώσαι
1259 3318 1479 3395 Κύριος,
1540 3320 1568 3374 6
1631 3320 1795 3393 μόνος
1854 3326 2020 3376 νικῶν

363 3411 484 3461 ταῖς
514 3410 623 3461 τῶν
656 3404 876 3481 δωρεῶν
909 3406 1212 3464 ἀντιδόσεσι
1245 3408 1373 3471 τοὺς
1404 3409 1564 3464 αὐτὸν
1600 3410 1939 3486 ἀγαπῶντας.

437 3499 494 3549 ¹Ο
526 3491 583 3550 δὲ
636 3494 928 3571 Βαρλαάμ,
983 3501 1084 3563 τῆς
1146 3495 1460 3572 θρηνῳδίας
1506 3498 1666 3554 αὐτὸν
1721 3497 2019 3569 ἐκκόπτων,

370 3584 595 3646 ἀναστάς
624 3583 703 3648 εἷς
736 3584 908 3661 εὐχὴν
932 3583 1146 3657 ἲστατο,
1178 3587 1291 3655 καὶ,
1323 3588 1401 3642 τὼ
1433 3593 1589 3664 χεῖρε
1636 3588 1712 3650 εἷς
1751 3588 2021 3664 οὐρανοὺς

374 3667 580 3745 διάρας⁹
607 3674 669 3731 Ὁ
700 3675 851 3746 Θεὸς,
884 3668 1055 3752 ἔκεγε,
1086 3676 1174 3730 καὶ
1229 3677 1415 3750 Πατὴρ
1458 3680 1557 3731 τοῦ
1606 3676 1807 3751 Κυρίου
1858 3679 2019 3751 ἡμῶν

371 3761 553 3831 Ἰησοῦ
610 3763 865 3839 Χριστοῦ,
927 3765 955 3818 6
1007 3765 1246 3842 φωτίσας
1303 3766 1369 3819 τά
1433 3764 1559 3841 πρὶν
1642 3765 2018 3840 ἑσκοτισμένα,

370 3852 524 3910 188
554 3853 641 3907 καῖ
676 3855 777 3921 τήν
808 3854 1007 3929 ὁρατὴν
1045 3853 1247 3925 ταύτην
1301 3854 1391 3909 καὶ
1446 3853 1674 3929 ἀόρατον
1733 3855 1901 3910 κτίσιν
1963 3856 2022 3911 ἐκ

367 3945 465 3996 τοῦ
527 3944 604 4016 μή
667 3938 824 4007 ὄντος
897 3944 1247 4021 παραγαγὼν,
1310 3945 1338 4000 6
1389 3946 1451 4001 τὸ
1519 3946 1610 4000 σὸν
1700 3945 2021 4021 ἐπιστρέψας

366 4033 598 4105 πλάσμα
630 4035 741 4107 (92)
772 4033 861 4088 καὶ
907 4035 981 4106 μή
1043 4033 1201 4096 ἐάσας
1257 4036 1405 4109 ἡμᾶς
1464 4034 1642 4091 ὀπίσω
1697 4042 1797 4105 τῆς
1847 4038 2019 4115 ἀφρο-

368 4119 535 4193 σύνης
566 4124 728 4194 ἡμῶν
766 4125 1112 4197 πορεύεσθαι,
1172 4123 1603 4200 εὐχαριστοῦμεν
1658 4147 1765 4195 σοι,
1814 4126 1904 4182 καὶ
1950 4130 2019 4201 τῇ

370 4215 438 4285 σῇ
466 4210 627 4290 σοφίᾳ
652 4213 738 4267 καὶ
769 4210 995 4286 δυνάμει
1052 4218 1131 4286 τῷ
1192 4214 1373 4289 Κυρίῳ
1428 4216 1588 4288 ἡμῶν
1646 4215 1831 4287 Ἰησοῦ
1888 4218 2023 4289 Χρι-

372 4305 503 4374 στῷ,
538 4302 608 4356 δι’
641 4302 703 4357 οῦ
732 4302 824 4357 καὶ
854 4303 982 4367 τοῦς
1038 4302 1239 4366 αἰῶνας
1300 4302 1582 4375 ἐποίησας,
1642 4304 1905 4368 πεσόντας
1961 4326 2022 4362 τι

373 4390 522 4463 ἡμᾶς
550 4391 862 4462 ἀνέστησας,
894 4394 984 4447 καὶ
1044 4391 1555 4467 πεπλημμεληκόσι
1607 4395 1702 4456 τάς
1755 4395 2022 4470 ἁμαρτίας

373 4478 1016 4555 ἀφῆκας,’πλανηθέντας
1078 4481 1437 4560 ἐπανήγαγες,
1481 4483 2024 4559 αἰχμαλωτισθέντας

369 4567 687 4647 ἕλυτρώσω,
754 4568 1080 4643 τεθνηκότας
1162 4571 1506 4645 ἐζωποίησας
1561 4579 1643 4646 τῷ
1696 4574 1868 4648 τιμίῳ
1923 4579 2020 4631 τοῦ

368 4659 498 4713 Υἱοῦ
526 4681 623 4715 σου
662 4661 750 4716 καὶ
809 4667 1125 4735 Δεσπετικῷ
1180 4662 1391 4736 αἶ’ματι.
1447 4664 1519 4718 Σὲ
1576 4660 1665 4717 οῦν
1721 4661 2022 4719 ἐπικαλοῦ-
2055 4651 2098 4715 Ι)

368 4770 489 4823 μαι,
518 4750 608 4805 καὶ
640 4750 732 4805 τὸν
768 4755 1039 4827 μονογενῆ
1073 4772 1169 4808 σου
1200 4753 1349 4825 Υἱὸν,
1378 4751 1468 4809 καὶ
1490 4754 1556 4809 τὸ
1609 4752 1872 4830 πανάγιόν
1922 4775 2019 4810 σου

366 4842 604 4912 Πνεῦμα·
640 4835 792 4895 ἔπιδε
818 4839 906 4897 ἐπὶ
946 4843 1009 4897 τὸ
1066 4839 1287 4919 λογικόν
1349 4864 1444 4898 σου
1500 4838 1774 4919 πρόϐατον
1830 4848 2017 4913 τοῦτο,

362 4928 426 4984 τὸ
457 4926 761 5005 προσελθὸν
796 4926 866 4985 δι’
908 4930 1045 5009 ἰμοῦ
1099 4936 1195 4988 τοῦ
1252 4930 1474 5004 ἀναξίου
1523 4932 1598 4996 εἷς
1657 4935 1843 4998 θυσίαν
1903 4955 2014 5005 σοι,

362 5017 456 5076 καὶ
498 5017 719 5095 ἁγίασον
778 5018 944 5075 αὐτοῦ
1001 5022 1100 5091 τήν
1154 5023 1339 5097 ψυχὴν
1393 5026 1461 5097 τῇ
1522 5027 1588 5098 σῇ
1644 5020 1868 5098 δυνάμει
1923 5024 2014 5080 καὶ

360 5108 573 5185 χάριτι*
608 5105 890 5184 ἐπίσκεψαι
938 5111 1038 5180 τήν
1092 5108 1339 5185 ἄμπελον
1400 5112 1603 5185 ταύτην
1660 5115 1758 5184 τήν
1821 5135 2013 5180 φυτευ-

454 5275 542 5345 88)
573 5274 739 5331 Conf.
768 5292 827 5346 p.
860 5277 1039 5346 60,4n.
1072 5278 1160 5332 47.

2133 1982 2431 2047 pastorem
2450 1994 2517 2031 ae
2530 1976 2741 2031 ducem
2755 1975 3040 2046 consequi
3066 1978 3268 2045 potero
3281 1971 3309 2025 ‘2
3322 1976 3381 2025 et
3401 1982 3661 2040 quonam
3686 1982 3782 2019 so-

2134 2064 2275 2120 latio
2289 2065 2652 2122 desiderium
2666 2065 2749 2120 tui
2765 2064 3147 2120 lenibo?Ecce
3158 2062 3314 2117 enim
3334 2076 3425 2115 me
3441 2055 3780 2128 improbum

2134 2172 2201 2210 ac
2215 2156 2501 2211 rebellem
2518 2173 2750 2212 servum
2764 2156 2837 2211 ad
2862 2158 3044 2211 Deum
3061 2150 3381 2215 adduxisti,
3397 2157 3572 2220 atque
3588 2148 3648 2201 in
3669 2145 3777 2200 filii

2135 2251 2195 2301 et
2224 2247 2478 2301 haaredis
2494 2247 2683 2302 classe
2714 2244 3041 2302 collocasti.
3073 2260 3141 2299 ac
3171 2259 3266 2296 me
3290 2239 3585 2313 perditum
3604 2243 3782 2306 atque

2135 2336 2413 2393 omnibus
2444 2336 2649 2391 bestiis
2681 2335 2943 2408 praedam
2975 2332 3309 2405 expositum
3337 2326 3691 2399 exquisiisti,
3726 2329 3785 2377 et

2133 2444 2273 2483 cum
2307 2427 2381 2482 iis
2412 2426 2513 2481 Dei
2547 2426 2754 2481 ovibus
2787 2442 2918 2496 qua;
2950 2424 3198 2479 minime
3229 2421 3647 2476 aberraverant
3680 2432 3779 2470 co-

2132 2517 2351 2590 pulasti
2366 2517 2821 2588 (Luc.xv),atque
2835 2532 2961 2571 com
2972 2511 3340 2586 pendiariam
3354 2507 3616 2565 veritatis
3632 2505 3782 2560 viam

2132 2607 2281 2664 mihi
2313 2607 2734 2663 demonstrasti
2758 2605 2905 2675 (Psal
2953 2607 3178 2670 Lxxxv),
3204 2616 3416 2671 meque
3430 2598 3503 2654 de
3523 2596 3783 2653 tenebris

2134 2704 2192 2755 et
2222 2697 2433 2753 umbra
2454 2697 2663 2753 mortis
2692 2695 2947 2751 eduxisti
2972 2696 3152 2766 (Lucae
3176 2696 3238 2759 ι),
3263 2708 3331 2747 ac
3353 2688 3537 2761 pedes
3564 2703 3728 2743 meos
3751 2702 3781 2741 e

2136 2787 2366 2844 lubrica
2377 2792 2437 2842 et
2454 2787 2703 2842 exitiosa
2715 2802 2781 2841 ac
2796 2800 3070 2857 perversa
3084 2788 3330 2838 etcurva
3346 2779 3436 2835 via
3452 2776 3777 2833 extraxisti.

2133 2881 2339 2951 Magna
2359 2885 2418 2934 et
2437 2876 2791 2934 admiranda
2815 2874 3003 2931 mibia
3032 2880 3085 2929 te
3109 2873 3265 2928 bona
3289 2877 3417 2926 orta
3438 2873 3780 2938 sunt,atque

2132 2969 2429 3041 ejusmodi
2441 2974 2523 3031 ,ut
2540 2967 2900 3039 singularem
2916 2980 3121 3019 eorum
3133 2960 3603 3034 magnitudinem
3617 2957 3787 3012 nulla

2134 3058 2320 3114 oratio
2341 3057 2622 3127 cousequi
2641 3055 3201 3127 possit.Magnorum
3216 3050 3531 3123 igituripse
3545 3062 3780 3118 quoque

2134 3166 2240 3220 pro
2259 3165 2353 3203 me
2370 3148 2577 3219 exiguo
2602 3144 2964 3201 homunculo
2992 3142 3180 3214 ipsius
3210 3138 3640 3196 beneﬁciorum
3663 3136 3779 3191 uti-

2136 3255 2275 3294 nam
2300 3238 2380 3293 sis
2398 3237 2695 3309 particeps
2711 3235 2723 3289 !
2740 3242 2918 3307 atque
2932 3233 2991 3289 id
3010 3233 3168 3305 quod
3191 3247 3339 3287 mea)
3351 3229 3673 3303 gratiarum
3690 3244 3781 3285 ac-

2136 3326 2283 3383 tioni
2297 3326 2709 3397 deestexpleat
2727 3324 3143 3394 Dominus,qui
3167 3321 3332 3378 solus
3350 3320 3780 3376 beneﬁciorum

2131 3417 2421 3472 relatione
2441 3433 2540 3472 eos
2555 3415 2657 3487 qui
2671 3416 2859 3487 ipsius
2880 3430 3082 3470 amore
3105 3412 3335 3485 prazditi
3361 3416 3500 3467 sunt
3520 3414 3780 3481 superat.

2206 3507 2472 3562 Barlaam
2504 3512 2724 3572 autem,
2750 3506 2938 3576 ipsius
2962 3502 3424 3559 lamentationes
3443 3506 3783 3571 amputans,

2133 3596 2411 3661 surrexit,
2439 3602 2617 3667 atque
2646 3594 2719 3651 ad
2751 3593 3041 3650 orandum
3075 3609 3137 3648 se
3168 3590 3550 3662 comparavit.
3578 3589 3783 3644 mani-

2128 3684 2432 3755 busquein
2460 3684 2673 3741 caelum
2698 3682 3069 3747 sublatis,his
3094 3681 3287 3738 verbis
3308 3695 3451 3734 usus
3483 3682 3604 3733 est:
3625 3678 3782 3732 Deus

2131 3778 2191 3829 et
2204 3776 2376 3829 Pater
2388 3773 2621 3829 Domini
2634 3773 2820 3828 nostri
2842 3773 2869 3828 Ι
2876 3788 2981 3827 esu
2992 3770 3231 3837 Christi,
3247 3785 3348 3840 qui
3371 3785 3440 3823 ea
3461 3783 3592 3838 quae
3617 3766 3782 3837 prius

2132 3864 2400 3920 tenebris
2416 3864 2672 3921 obducta
2702 3870 2891 3931 erant,
2926 3863 3056 3919 luce
3087 3860 3424 3935 perfudisti,
3476 3865 3654 3929 atque
3686 3874 3782 3913 res

2132 3970 2339 4009 omnes
2362 3954 2652 4020 conditas,
2684 3959 2803 4010 tam
2831 3970 2963 4025 qua;
2985 3957 3226 4023 aspectu
3243 3949 3586 4005 sentiuntur
3604 3963 3783 4019 quam

2132 4061 2263 4114 quae
2285 4044 2358 4099 ab
2386 4043 2695 4099 oculorum
2718 4060 2898 4099 sensu
2925 4048 3167 4098 remotae
3188 4044 3424 4107 sunt,ex
3447 4037 3634 4093 nihilo
3652 4054 3785 4108 pro-

2132 4132 2480 4204 duxisti,qui
2499 4134 2715 4206 figmen
2727 4140 2849 4190 tum
2867 4139 3031 4188 tuum
3049 4128 3391 4188 convertisti
3406 4145 3515 4184 nec
3527 4143 3635 4184 nos
3652 4130 3787 4198 post

2130 4222 2541 4294 insipientiam
2568 4229 2835 4279 nostram
2865 4223 3029 4278 abire
3055 4220 3403 4295 permisisti,
3431 4217 3650 4292 gratias
3676 4215 3781 4271 tibi

2130 4313 2382 4385 agimus,
2407 4330 2475 4369 ac
2505 4319 2619 4369 tua:
2644 4314 2924 4385 potentia;
2943 4313 3019 4385 fet
3048 4310 3381 4384 sapientia),
3405 4310 3517 4364 hoc
3548 4314 3639 4363 est
3669 4308 3750 4362 Do

2131 4403 2297 4459 mino
2311 4410 2514 4460 nostro
2527 4405 2664 4460 Jesu
2680 4404 3051 4476 Christo.per
3063 4418 3238 4475 quem
3255 4400 3434 4456 etiam
3450 4398 3667 4455 sascula
3688 4396 3781 4452 fe-

2132 4493 2430 4562 cisti(Heb.
2458 4494 2519 4565 1),
2541 4511 2770 4565 nosque
2793 4494 3103 4567 prolapsos
3127 4499 3182 4547 et
3198 4494 3471 4563 jacentes
3488 4488 3782 4554 excitasti,

2134 4588 2192 4637 et
2208 4582 2697 4655 delinquentibus
2718 4591 2960 4655 peccata
2980 4581 3491 4647 remisisti,errore
3504 4584 3781 4652 vagantes

2129 4671 2442 4741 reduxisti,
2465 4673 2726 4745 captivos
2751 4673 3081 4738 redemisti,
3106 4677 3295 4729 morte
3320 4671 3643 4727 exstinctos
3677 4685 3783 4740 per

2129 4762 2261 4816 Filii
2294 4763 2377 4817 tui
2409 4779 2477 4819 ac
2507 4765 2743 4819 Domini
2777 4765 2962 4821 nostri
2986 4764 3313 4836 pretiosum
3335 4761 3686 4834 sanguinem
3706 4756 3781 4815 ad

2128 4852 2305 4907 vitam
2351 4855 2659 4910 revocasti.
2708 4855 2784 4911 Te
2825 4854 3006 4927 igitur
3033 4854 3261 4921 invoco,
3294 4857 3471 4923 atque
3502 4848 3778 4921 unigeni-

2128 4948 2253 4997 tum
2272 4942 2486 4998 Filium
2511 4949 2699 5011 tuum,
2724 4949 2783 5000 et
2805 4944 3249 5000 sanctissimum
3275 4946 3442 4996 tuum
3470 4937 3774 5011 Spiritum.

2126 5032 2373 5103 Respice
2406 5033 2467 5089 in
2499 5033 2729 5089 ratione
2758 5032 3069 5107 praeditam
3099 5032 3253 5088 hanc
3286 5046 3475 5099 ovem,
3509 5045 3641 5100 quas
3672 5044 3778 5099 per

2125 5121 2543 5195 meindignum
2572 5123 2879 5181 hominem
2902 5123 2978 5179 ad
3007 5123 3192 5179 altare
3212 5127 3379 5176 tuum
3410 5119 3656 5189 accedit,
3689 5122 3776 5173 at-

455 5344 542 5416 89)
576 5349 713 5431 Pag.
749 5344 838 5415 24,
876 5351 926 5418 1,
959 5344 1184 5421 δάκρυσι
1217 5346 1646 5425 συγκεχυμένοις
1676 5349 1885 5422 scripsi
1924 5366 1995 5407 οι

2144 5356 2353 5423 ,"cum
2403 5362 2561 5415 esset
2618 5358 2679 5415 in
2738 5362 2805 5428 Α,
2868 5353 2918 5415 δ.
2982 5356 3368 5431 συνεχόμενος.
3427 5356 3779 5428 Ῑδίμξῐῐιᾶιίῐῐι

357 5436 596 5492 συγκεχυ
605 5421 785 5488 μένος.

578 5491 785 5589 [ιιιόῃι.
819 5490 1242 5589 ἒῖθξῖξζξτιφᾶναι
1272 5495 1391 5589 τοῖὲ
1418 5490 1671 5589 ἕνησκότει
1702 5491 1791 5547 καὶ
1826 5497 1952 5581 σκιᾷ
1981 5495 2607 5589 θαξάτουκκαθημένοις,
2663 5504 2762 5557 τοῦ
2820 5504 3137 5565 κατευθῦναι
3197 5499 3322 5563 τοὺς
3381 5497 3553 5563 πόδας
3609 5501 3771 5573 ἡμῶν

359 5559 449 5636 sici
464 5559 588 5616 ὁδὸν
620 5560 742 5636 εἷρή

431 5635 540 5705 (91)
573 5632 873 5689 Glossema
905 5635 967 5690 in
998 5638 1068 5703 Α,
1090 5632 1242 5691 ὁδοῦ.

749 5580 861 5631 νης.
898 5565 1053 5642 Psal.
1086 5564 1330 5642 ᾐξιξνιι,
1363 5567 1432 5621 6:
1467 5564 1553 5620 Ἐν
1584 5569 1888 5627 σκοτεινοῖς
1916 5568 2006 5621 καί
2038 5566 2089 5623 ἐν
2123 5574 2247 5642 σκιᾷ
2280 5564 2531 5637 θανάτου.

431 5708 547 5779 (92)
576 5706 924 5793 Dracontius
954 5708 1233 5791 Hexaem,
1246 5710 1368 5793 399
1393 5724 1406 5765 :
1442 5731 1482 5793 «_
1504 5709 1924 5793 HisuDominus
1953 5713 2191 5785 pietatis
2222 5733 2398 5791 opem
2426 5717 2753 5776 subducere
2784 5735 2908 5776 non
2928 5719 3071 5791 vult,
3096 5719 3395 5793 Projicere
3416 5735 3528 5777 nec
3544 5718 3776 5791 plasma

361 5777 539 5842 suum
570 5778 697 5835 vult
718 5777 993 5836 conditor
1021 5780 1148 5837 aevi.
1182 5802 1211 5831 ι)
1242 5780 1327 5839 Cf.
1360 5799 1419 5855 p.
1453 5782 1484 5836 3
1515 5787 1576 5837 et
1599 5784 1688 5837 5i.
