2056 3211
206 216 276 245 1055

970 216 1153 244 ADDENDA.

1825 210 1828 213 ί
1855 217 1935 246 1056

206 286 262 314 que
279 277 373 314 ipsius
389 278 521 306 animam
537 287 590 313 per
604 278 742 305 virtutem
756 286 790 305 ac
803 278 928 314 gratiam
944 280 1026 305 tuam

1089 279 1176 308 θεῖσαν
1193 275 1237 304 διὰ
1248 279 1297 304 τοῦ
1312 277 1392 315 ἁγίου
1417 288 1465 305 σου
1494 276 1664 314 Πνεύματος,
1690 278 1736 306 καὶ
1760 276 1806 309 δος
1834 279 1932 315 αὐτήν

204 323 371 351 sanctiﬁca.
388 323 482 351 Visita
497 323 613 350 vineam
629 323 706 349 hanc
722 322 805 357 (Psal.
822 328 947 355 Lxxxm,
964 331 1030 358 quae

206 376 260 404 per
270 368 412 404 Spiritum
426 371 559 395 sanctum
572 370 655 394 tuum
667 367 801 402 plantata
809 370 864 401 est,
876 370 965 402 atque
976 368 1032 394 hoc

209 414 236 441 ei
250 413 297 446 da,
308 413 474 448 utjustitias
486 412 613 439 fructum
624 412 709 445 ferat;
720 412 879 439 corrobora
890 420 969 446 eum,
980 421 1034 448 pa-

208 461 288 485 ctum
306 461 388 484 tuum
405 458 436 484 in
452 457 515 492 ipso
537 456 736 490 conﬁrmans;
766 465 800 484 ac
822 465 875 492 per
895 456 967 484 boni
992 456 1033 484 tui

208 502 335 538 Spiritus
352 501 528 537 sapientiam
555 509 622 529 eum
648 510 665 529 a
685 501 795 529 diaboli
818 501 921 529 fraude
944 504 1032 537 atque

209 548 374 582 impostura
387 546 477 581 eripe.
489 547 564 573 Doce
577 554 644 573 eum
653 546 750 574 facere
761 546 942 573 voluntatem
952 549 1034 574 tuam

207 590 293 627 (Psal.
310 591 405 626 com),
422 594 452 618 et
465 591 610 618 auxilium
627 594 711 619 tuum
736 591 772 618 ab
798 599 832 618 eo
858 599 894 618 ne
917 591 1035 619 auferas

207 635 292 671 (Psal.
305 636 340 671 L).
359 636 454 671 Atque
468 638 498 663 et
512 635 569 671 ipsi
585 639 614 663 et
627 636 700 663 mihi
717 644 800 663 servo
816 636 925 669 inutili,
942 635 1036 663 bono-

1086 325 1297 359 καρποφορῆσαι
1326 322 1430 360 καρπὸν
1465 321 1651 359 δικαιοσύνης·
1695 322 1845 361 ἐνίσχυσον
1877 324 1932 351 αὖ·

1086 366 1142 402 τὸν,
1160 363 1276 403 βεϐαιῶν
1295 366 1321 394 ἐν
1336 366 1469 403 αὐτῷτὴν
1502 366 1636 403 διαθήκην
1666 378 1725 402 σου,
1751 367 1796 395 καὶ
1826 368 1932 403 ἐξελοῦ

1087 411 1136 444 τῆς
1153 410 1260 446 ἀπάτης
1275 413 1324 439 τοῦ
1340 408 1482 440 διαϐόλου.
1498 413 1533 449 τῇ
1561 411 1643 449 σοφίᾳ
1667 414 1716 440 τοῦ
1741 412 1848 449 ἀγαθοῦ
1878 423 1931 440 σου

1088 454 1244 492 Πνεῦματος
1260 454 1366 493 δίδαξον
1381 455 1460 484 αὐτὸν
1475 459 1563 484 ποιεῖν
1588 457 1621 484 τὸ
1645 456 1756 493 θέλημά
1779 467 1829 484 σου
1855 458 1930 494 (93),

1088 499 1133 527 καὶ
1148 500 1197 534 τήν
1216 500 1344 538 βοήθειάν
1358 511 1408 528 σου
1439 502 1477 538 μὴ
1503 501 1607 538 ἀφέλῃς
1636 502 1683 529 ἀπ’
1711 502 1806 536 αὐτοῦ,
1838 502 1927 538 ἀξιῶν

1090 544 1136 572 σὺν
1152 544 1215 581 ἐμοὶ
1238 547 1278 581 τῷ
1308 544 1411 583 ἀχρείῳ
1441 556 1489 573 σου
1519 545 1611 581 οἶκέτη
1643 548 1697 573 τῶν
1728 545 1927 582 ἆτελευτήτων

1090 600 1138 617 σου
1155 590 1261 627 ἀγαθῶν
1289 589 1467 628 κληρονόμον
1494 590 1629 628 γενέσθαι,
1659 591 1700 618 δτι
1728 590 1889 628 εὐλογητὸς
1903 593 1930 620 εἴ

1089 634 1134 661 καὶ
1151 632 1345 671 δεδοξασμένος
1359 634 1397 665 εἷς
1413 636 1477 666 τοὺς
1492 634 1601 666 αἶῶνας.
1621 636 1718 672 Ἀμήν.

206 688 313 708 norum
329 683 449 708 tuorum
466 689 532 716 qua;
549 681 639 708 ﬁnem
655 681 802 714 nesciunt,
819 680 1024 708 hazreditatem
1040 680 1183 715 consequi
1200 680 1345 708 beneﬁcio
1362 683 1411 708 tuo
1427 681 1590 717 conlingat.
1612 681 1759 714 Quoniam
1775 681 1924 709 benedic-

207 728 256 753 tus
272 734 303 752 es
319 728 348 752 et
362 725 509 760 gloriosus
526 726 556 753 in
572 726 690 753 smcula.
709 727 802 753 Amen
817 726 897 754 (Dan.
916 726 967 761 ιιι).

244 770 388 798 Absoluta
403 773 501 798 autem
518 771 662 804 oratione,
680 779 849 805 conversus,
867 770 1033 807 ipsumjam

209 815 337 843 cmlestis
346 815 442 843 Patris
449 815 544 843 ﬁlium
552 816 739 844 exosculatus
748 818 970 851 est,pacemque
978 815 1033 851 ipsi

209 868 243 888 ac
255 860 467 896 sempiternam
479 860 605 888 salutem
618 864 804 896 precatus,ex
817 861 885 888 aula
896 860 1033 895 excessit,

208 904 354 940 laetusque
369 905 452 940 abiit,
468 905 576 941 gratias
588 906 647 933 Deo
658 913 758 941 agens,
771 905 857 941 cujus
868 905 967 932 favore
979 905 1035 932 iter

208 949 265 985 ipsi
281 958 316 977 ex
332 950 424 977 animi
441 950 590 979 sententia
605 954 799 979 successerat.

244 995 311 1022 CAP.
327 995 413 1022 XXII.
428 1011 459 1016 —
476 996 616 1031 Josaphat
631 999 741 1030 autem,
758 999 952 1031 posteaquam
964 995 1036 1023 exiit

210 1039 355 1073 Barlaam,
372 1040 509 1075 precibus
525 1049 590 1068 sese
602 1041 693 1074 dedit,
711 1041 983 1076 calentissimisque
995 1040 1035 1067 la-

209 1084 318 1119 crymis
330 1084 459 1120 profusis
475 1085 511 1113 ad
528 1086 607 1113 hunc
618 1085 739 1113 modum
753 1085 870 1113 locutus
886 1088 946 1113 est:
959 1086 1035 1112 Deus

211 1129 242 1156 in
249 1129 430 1164 adjutorium
439 1138 539 1157 meum
547 1130 807 1162 intende.Domine
814 1130 850 1158 ad
866 1130 1035 1166 adjuvandu

210 1182 257 1202 me
273 1173 383 1201 festina
398 1175 481 1209 (Psal.
498 1178 583 1205 LXIX).
601 1176 745 1208 Quoniam
758 1175 811 1202 tibi
822 1175 983 1203 derelictus
992 1177 1036 1202 est

210 1226 341 1255 pauper:
358 1219 493 1255 orphano
507 1222 539 1247 tu
555 1220 613 1247 eris
629 1220 748 1255 adjutor
762 1220 1035 1255 (Psal.1x).llespice

210 1263 241 1290 in
257 1272 315 1296 me,
333 1266 362 1291 et
377 1264 517 1292 miserere
533 1265 591 1292 mei
607 1265 693 1299 (Psal.
713 1266 825 1300 Lxxxv),
851 1265 902 1300 qui
931 1273 1035 1292 omnes

209 1317 253 1336 Vis
268 1308 364 1336 salvos
381 1309 457 1342 ﬁeri,
475 1313 504 1337 et
519 1310 556 1337 ad
571 1310 755 1347 agnitionem
780 1310 913 1338 veritatis
936 1309 1035 1337 venire

209 1353 250 1389 (II
264 1355 331 1381 Tim.
350 1356 377 1385 ι).
395 1354 483 1382 Serva
499 1363 555 1389 me,
572 1363 685 1391 quaiso,
710 1355 866 1391 indignum
891 1355 961 1382 licet
982 1355 1035 1382 110-

209 1399 397 1430 munculum.
426 1402 515 1435 atque
546 1400 715 1435 corrobora,
746 1403 779 1427 ut
803 1401 834 1428 in
863 1403 1035 1428 sanctorum

208 1444 417 1472 mandatorum
433 1448 551 1473 tuorum
567 1446 615 1473 via
629 1446 791 1474 ambulem.
822 1445 967 1478 Quoniam
984 1453 1035 1481 ego

207 1489 368 1517 imbecillis
384 1498 417 1517 ac
434 1490 525 1518 miser
539 1499 617 1524 sum,
630 1499 686 1518 nec
702 1490 738 1518 iis
762 1490 884 1524 viribus,
908 1493 942 1517 ut
964 1490 1035 1518 boni

210 1534 374 1570 quidquam
389 1535 486 1563 facere
499 1536 621 1571 possim.
652 1537 693 1563 Tu
718 1544 785 1564 vero
810 1535 936 1563 salutem
962 1534 1035 1562 mihi

210 1580 316 1607 aﬂ‘erre
332 1582 426 1615 potes,
438 1580 488 1615 qui
500 1581 611 1612 omnia,
623 1583 681 1608 tam
689 1589 755 1615 quas
767 1580 861 1608 oculis
872 1582 1037 1607 cernuntur

1123 767 1241 799 Τελέσας
1256 768 1285 797 δὲ
1300 770 1349 805 τήν
1372 770 1459 807 εὐχήν
1489 770 1535 797 καὶ
1563 770 1749 810 ἐπιστραφεὶς,
1775 771 1925 805 κατησπά-

1088 823 1152 840 σατο
1166 814 1241 842 189
1264 814 1296 841 τὸ
1324 815 1418 843 τέκνον
1447 813 1502 850 ἤδη
1531 817 1579 842 τοῦ
1607 813 1771 852 ἐπουρανίου
1799 815 1923 850 Πατρός.

1090 857 1210 895 Εἲρήνην
1223 868 1252 886 τε
1267 858 1340 895 αὐτῷ
1351 859 1531 896 ἐπευξάμενος
1558 860 1601 887 καὶ
1633 859 1769 897 σωτηρίαν
1793 858 1921 894 αἰώνιον,

1089 901 1186 937 ἐξῆλθε
1202 905 1250 930 τοῦ
1264 903 1410 938 παλατίου,
1427 904 1471 932 καὶ
1489 904 1572 941 ἀπῄει
1602 904 1707 942 χαίρων
1732 904 1777 932 καὶ
1804 903 1921 942 εὐχαρι-

1089 949 1158 974 στῶν
1173 950 1211 984 τῷ
1221 950 1338 984 Θεῷ,τῷ
1353 947 1516 976 εὕοδώσαντι
1528 950 1578 983 τήν
1591 947 1653 977 ὁδὸν
1667 948 1749 976 αὐτοῦ
1756 948 1794 979 εἷς
1805 948 1919 987 ἀγαθόν.

1123 994 1205 1021 ΚΕΦ.
1222 994 1281 1022 ΚΒ“.
1298 994 1326 1021 Ὁ
1355 995 1472 1033 Ὶωάσαφ
1501 992 1541 1029 δὲ,
1569 995 1638 1031 μετά
1666 995 1698 1022 τὸ
1725 993 1841 1030 ἐξελθεῖν
1870 994 1918 1021 τὸν

1088 1036 1233 1075 Βαρλαᾶιμ,
1250 1037 1322 1075 εὐχῇ
1339 1038 1432 1066 ἑαυτὸν
1458 1037 1551 1066 ἐδίδου
1575 1040 1620 1066 καὶ
1647 1038 1760 1077 δάκρυσι
1782 1039 1918 1076 cappari.

1086 1092 1156 1115 τοις,
1171 1083 1217 1109 καὶ
1233 1081 1335 1120 ἔλεγεν·
1352 1083 1383 1112 Ὁ
1399 1083 1475 1118 Θεὸς,
1492 1083 1530 1114 εἷς
1544 1084 1594 1118 τήν
1613 1084 1740 1121 βοήθειαν
1770 1094 1823 1120 μου
1847 1083 1919 1121 πρό-

1088 1137 1153 1164 σχες
1170 1128 1237 1163 (94).
1255 1127 1345 1165 Κύριε,
1363 1127 1401 1159 είς
1414 1128 1446 1155 τὸ
1477 1128 1613 1166 βοηθῆσαί
1643 1139 1690 1165 μοι
1720 1128 1846 1163 σπεῦσον,
1874 1128 1917 1156 ὅτι

1087 1183 1130 1200 σοι
1160 1171 1401 1209 ἐγκαταλέλειπται
1432 1174 1446 1200 ὁ
1479 1174 1606 1211 πτωχὸς,
1635 1174 1747 1213 ὀρφανῷ
1791 1173 1822 1201 σὺ
1845 1175 1915 1209 ἦσθα

1090 1217 1193 1255 βοηθός
1209 1219 1277 1253 (95)·
1295 1215 1444 1255 ἐπίϐλεψον
1461 1217 1503 1246 ἐπ’
1516 1219 1564 1255 ἐμὲ
1579 1218 1624 1246 καὶ
1652 1218 1766 1254 ἐλέησόν
1790 1229 1824 1255 με
1847 1221 1912 1256 (96),

1088 1262 1102 1289 ὁ
1118 1261 1219 1293 πάντας
1235 1262 1321 1290 θέλων
1338 1266 1459 1298 σωθῆναι
1482 1263 1528 1290 καὶ
1553 1263 1593 1294 εἷς
1615 1263 1760 1301 ἐπίγνωσιν
1784 1263 1913 1299 ἀληθείας

1088 1306 1177 1338 ἐλθεῖν
1192 1309 1259 1344 (97),
1276 1307 1362 1335 σῶσόν
1390 1318 1423 1344 με
1449 1308 1494 1335 καὶ
1521 1307 1702 1346 ἐνίσχυσόνμε
1729 1309 1776 1336 τὸν
1806 1308 1910 1343 ἀνάξιον

1087 1353 1136 1379 τοῦ
1151 1353 1316 1389 πορευθῆναι
1331 1352 1380 1387 τὴν
1398 1351 1461 1380 ὁδὸν
1474 1353 1528 1380 τῶν
1545 1353 1627 1390 ἁγίων
1647 1364 1695 1380 σου
1719 1351 1850 1386 ἐντολῶν,
1872 1352 1910 1380 ὅτι

1088 1396 1141 1434 ἐγὼ
1169 1397 1217 1433 μὲν
1244 1397 1360 1432 ἀσθενὴς
1384 1397 1429 1425 καὶ
1456 1396 1636 1435 ταλαίπωρος
1664 1398 1708 1425 καὶ
1738 1401 1853 1434 ποιῆσαι
1882 1397 1910 1426 τι)

1088 1441 1187 1480 ἀγαθὸν
1198 1442 1252 1479 οὐχ
1266 1442 1370 1473 ἱκανός·
1388 1442 1419 1469 σὺ
1436 1441 1464 1471 δὲ
1477 1443 1574 1478 σώζειν
1592 1453 1625 1480 με
1653 1442 1776 1479 δυνατὸς,
1792 1443 1806 1471 ὁ
1830 1444 1911 1470 πάντα

1086 1487 1120 1515 τὰ
1135 1487 1219 1524 ὁρατὰ
1234 1487 1277 1514 καὶ
1293 1487 1327 1514 τὰ
1343 1486 1444 1524 ἀόρατα
1458 1490 1615 1526 συγκρατῶν
1637 1487 1683 1515 καὶ
1709 1488 1845 1526 συνέχων.
1869 1488 1909 1523 Mi.

1089 1531 1168 1568 ἐάσῃς
1186 1542 1218 1568 με
1234 1531 1322 1559 ὀπίσω
1336 1534 1390 1559 τῶν
1413 1531 1576 1569 Θελημάτων
1591 1536 1641 1568 τῆς
1665 1533 1765 1571 σαρκὸς
1785 1535 1840 1560 τῶν
1864 1543 1910 1560 πο-

1088 1578 1179 1614 νηρῶν
1196 1575 1372 1614 πορεύεσθαι·
1391 1575 1465 1604 ἀλλὰ
1479 1576 1511 1605 τὸ
1527 1578 1574 1605 σὸν
1591 1576 1697 1614 δίδαξον
1722 1580 1811 1605 ποιεῖν
1837 1577 1909 1612 θέλη-

210 1631 300 1659 quam
316 1632 382 1659 quas
397 1625 478 1651 cerni
493 1628 657 1660 nequeunt,
671 1625 807 1652 contines
818 1628 906 1660 atque
918 1633 1033 1652 conser-

1093 1631 1130 1658 μα
1145 1622 1211 1657 (98)1
1226 1620 1271 1648 καί
1286 1622 1456 1658 συντήρησόν
1472 1632 1506 1658 με
1527 1622 1566 1654 είς
1588 1633 1638 1657 την
1663 1623 1775 1650 αἰώνιόν
1800 1633 1847 1650 σου
1871 1622 1911 1649 καὶ

208 1676 269 1697 vas.
286 1669 325 1696 Nc
341 1676 388 1696 me
404 1672 471 1704 post
486 1669 637 1705 improbas
653 1670 751 1697 carnis
772 1678 845 1697 mea:
867 1669 1034 1697 voluntates

209 1712 289 1740 abire
306 1713 370 1741 sine
383 1723 390 1747 ;
401 1721 502 1741 verum
513 1714 585 1742 doce
597 1723 643 1742 me
651 1714 747 1742 facere
759 1715 941 1742 voluntatem
954 1718 1034 1742 tuam

209 1757 293 1793 (Psal.
305 1758 400 1793 cxun),
410 1759 536 1794 atquein
549 1759 762 1794 sempiternam
775 1768 807 1787 ac
818 1759 935 1787 beatam
945 1759 1033 1787 vitam

210 1810 258 1830 me
274 1811 425 1831 conserva.
444 1804 466 1832 Ο
483 1805 578 1837 Pater,
595 1807 625 1831 et
639 1804 704 1838 Fili,
726 1807 755 1832 et
774 1804 872 1832 divine
895 1805 1033 1841 Spiritus,

209 1848 484 1880 consubstantialis,
500 1857 533 1877 ac
549 1849 703 1876 divisionis
718 1857 823 1885 expers
835 1849 988 1880 Divinitas,
1006 1851 1033 1876 te

207 1893 322 1927 invoco,
341 1895 370 1920 te
384 1893 478 1930 gloria
493 1893 602 1921 afﬁcio.
619 1895 656 1921 Te
672 1894 752 1922 enim
773 1894 876 1922 laudat
889 1894 1034 1930 quidquid

208 1940 341 1966 creatum
358 1941 411 1971 est,
428 1947 462 1967 ac
476 1941 503 1966 te
518 1939 613 1976 gloria
627 1939 989 1967 afﬁciuntintellectuales
1000 1947 1034 1967 ac

207 1991 330 2019 corpore
346 1986 483 2012 vacantes
499 1983 622 2012 virtutes
637 1984 668 2012 in
684 1985 803 2012 saecula.
819 1985 925 2012 Amen.

243 2028 388 2064 Deinceps
394 2028 485 2064 igitur
492 2037 581 2064 quam
589 2028 816 2064 diligentissime
829 2030 960 2065 seipsum
967 2037 1035 2057 cons

208 2074 353 2106 servabat.
367 2077 455 2110 atque
465 2075 506 2102 ita
516 2075 716 2110 comparabat,
729 2078 763 2103 ut
774 2078 804 2103 et
813 2075 921 2103 animae
934 2078 1033 2102 etcor-

207 2119 287 2155 poris
302 2119 462 2155 puritatem
473 2120 652 2155 acquireret,
665 2123 754 2155 atque
766 2119 796 2147 in
807 2120 1035 2153 continentia,et

208 2163 404 2198 orationibus,
421 2164 748 2200 obsecrationibusque.
766 2173 819 2200 per
834 2167 928 2192 totum
938 2165 1033 2192 noctis

208 2209 388 2236 curriculum
399 2217 464 2236 sese
474 2209 713 2246 prorogantibus,
725 2210 815 2237 vitam
825 2209 1033 2237 duceret.Nam

208 2261 276 2280 cum
290 2254 466 2289 plerumque
479 2254 586 2282 diurno
599 2257 742 2291 tempore,
750 2257 812 2282 tum
822 2254 859 2282 ob
869 2262 971 2282 eorum
982 2255 1032 2290 qui

1089 1666 1223 1705 μακαρίαν
1251 1667 1335 1702 ζωήν.
1366 1669 1398 1693 Ὠ
1434 1667 1532 1705 Πάτερ,
1573 1668 1618 1695 καὶ
1659 1668 1716 1701 Υἱὲ,
1760 1668 1805 1695 καὶ
1844 1668 1908 1694 θεῖον

1087 1714 1205 1748 Πνεῦμα,
1220 1713 1238 1747 ἡ
1255 1711 1403 1749 ὁμοούσιος
1419 1712 1465 1740 καὶ
1487 1711 1641 1751 ἀδιαίρετος
1666 1714 1778 1748 Θεότης,
1803 1713 1830 1740 σὲ
1851 1712 1905 1739 ἐπι⁸

1086 1756 1226 1793 καλοῦμαι
1241 1756 1286 1784 καὶ
1303 1757 1331 1785 σὲ
1347 1756 1463 1792 δοξάζω·
1480 1758 1509 1785 σὲ
1536 1757 1585 1795 γὰρ
1615 1759 1695 1795 ὑμνεῖ
1719 1761 1791 1786 πᾶσα
1815 1757 1905 1791 κτίσις,

1085 1801 1130 1829 καὶ
1147 1802 1176 1829 at
1198 1800 1391 1839 δοξολογοῦσιν
1419 1803 1447 1830 αἱ
1472 1803 1564 1841 νοεραῖ
1595 1805 1649 1830 τῶν
1678 1803 1830 1840 ἀσωμάτων
1856 1803 1908 1839 (99)

1087 1845 1214 1883 δυνάμεις
1228 1846 1267 1878 εἰς
1282 1846 1346 1879 τοὺς
1361 1847 1471 1879 αίῶνας.
1490 1848 1589 1885 Ἀμήν.

1087 2048 1089 2050 -
1123 2029 1232 2057 Έκτοτε
1262 2028 1308 2056 οὖν
1337 2029 1410 2066 πάσῃ
1441 2029 1552 2068 φυλακῇ
1578 2028 1670 2066 ἐτήρει
1698 2029 1804 2064 ἑαυτὸν,
1834 2030 1911 2057 καθα-

1086 2073 1284 2111 ρότηταψυχῆς
1300 2083 1329 2101 τε
1343 2073 1389 2101 καὶ
1405 2074 1539 2111 σώματος
1564 2073 1652 2111 ἑαυτῷ
1674 2073 1910 2112 περιποιούμενος,

1086 2117 1228 2156 ἐγκρατείᾳ
1242 2128 1271 2145 τε
1287 2120 1378 2153 συζῶν
1395 2119 1440 2146 καὶ
1466 2121 1635 2157 προσευχαῖς
1661 2117 1823 2150 ὁλονύκτοις
1839 2120 1912 2149 190

1085 2163 1130 2190 καὶ
1160 2161 1294 2198 δεήσεσιν.
1325 2164 1446 2201 Ἡμέρας
1479 2164 1526 2199 μὶν
1560 2163 1611 2201 γὰρ
1640 2163 1777 2195 πολΛάκις
1804 2173 1912 2201 περικο-

1085 2207 1232 2244 πτόμενος,
1247 2209 1281 2244 τῇ
1297 2218 1327 2235 τε
1353 2209 1407 2235 τῶν
1432 2208 1566 2235 συνόντων
1593 2207 1666 2244 αὖτῷ
1691 2207 1833 2244 συναυλίαΙ
1863 2206 1913 2235 ἔσθ’

1085 2251 1130 2279 ὅτε
1144 2252 1190 2280 καὶ
1205 2254 1240 2289 τῇ
1255 2254 1304 2280 τοῦ
1322 2252 1459 2290 βασιλέως
1479 2253 1548 2291 πρὸς
1574 2252 1654 2280 αὐτὸν
1682 2251 1817 2289 ἐπιδημίᾳ
1841 2253 1858 2288 ἢ
1881 2262 1911 2290 τῃ

207 2298 326 2325 terdum
338 2298 375 2326 ob
387 2299 464 2334 regis
475 2299 512 2326 ad
523 2307 590 2327 eum
599 2308 764 2330 accessum.
776 2302 827 2327 aut
837 2299 985 2335 quodipse
997 2299 1032 2327 ab

1089 2297 1170 2324 αὐτοῦ
1187 2297 1224 2328 εἷς
1247 2296 1349 2325 ἐκεῖνον
1380 2297 1557 2334 μετακλήσει,
1588 2298 1606 2332 ἡ
1632 2297 1678 2333 νὺξ
1707 2297 1782 2334 αὖτῷ
1805 2297 1839 2325 τὰ
1865 2300 1911 2332 τῆς

209 2351 243 2371 eo
254 2343 411 2376 acciretur,
420 2351 485 2371 sese
497 2344 673 2380 interrumpi
685 2344 869 2378 videret,nox
881 2344 1032 2380 ipsi,quod

208 2387 383 2422 dieideerat,
401 2389 566 2425 supplebat,
581 2392 614 2417 ut
640 2389 691 2424 qui
704 2389 734 2416 in
747 2389 884 2425 precibus
896 2392 925 2417 et
940 2389 1032 2425 lacry-

208 2433 266 2461 mis
277 2432 314 2461 ad
327 2432 492 2461 diluculum
504 2442 598 2470 usque
610 2436 712 2467 staret,
724 2442 758 2461 ac
768 2434 818 2461 Dei
831 2442 917 2470 opem
930 2434 1033 2470 implo-

207 2480 296 2506 raret.
316 2478 398 2506 Unde
414 2478 502 2506 etiam
519 2478 693 2514 prophetica
707 2478 759 2506 illa
774 2487 826 2506 vox
843 2479 873 2505 in
890 2478 954 2514 ipso
975 2479 1032 2506 im-

208 2522 347 2558 plebatur
360 2531 367 2551 :
381 2523 414 2550 In
430 2523 567 2551 noctibus
583 2523 716 2551 extollite
732 2531 839 2551 manus
865 2527 977 2551 vestras
1002 2524 1031 2550 in

207 2571 320 2602 sancta,
338 2570 367 2595 et
381 2567 548 2595 benedicite
564 2567 723 2596 Dominum
739 2568 931 2604 (Psal.cxx.m).

1087 2342 1192 2380 ἡμέρας
1222 2341 1379 2379 ἀνεπλήρου
1408 2342 1593 2379 ὑστερήματα,
1621 2341 1647 2369 ἐν
1673 2342 1769 2380 εὐχαῖς
1797 2342 1843 2370 καὶ
1869 2341 1910 2369 δά-

1087 2397 1166 2425 κρυσι
1185 2387 1267 2424 μέχρι
1302 2385 1489 2425 διαφαὺματος
1514 2386 1662 2425 ἱσταμένου
1686 2386 1768 2415 αὗτοῦ
1795 2386 1841 2415 καί
1868 2387 1910 2415 τὸν

1088 2432 1152 2460 Θεὸν
1196 2431 1429 2469 ἐπικαλουμένου·
1468 2432 1526 2460 ὅθεν
1555 2432 1587 2460 τὸ
1616 2433 1787 2472 προφητικὸν
1829 2432 1909 2460 ἐκεῖνο

1089 2476 1163 2515 ῥῆμα
1183 2478 1220 2514 (1)
1240 2477 1281 2505 ἐπ’
1310 2477 1391 2505 αὐτὸν
1420 2477 1587 2515 ἐπληροῦτο.
1618 2478 1662 2507 Ἐν
1691 2481 1751 2509 ταῖς
1780 2478 1834 2513 νυξὶ
1865 2477 1909 2505 έπ-

1088 2522 1169 2559 ἇρατε
1183 2522 1230 2553 τὰς
1247 2525 1341 2560 χεῖρας
1365 2522 1441 2559 ὑμῶν
1470 2522 1509 2554 εἰς
1540 2522 1570 2551 τὰ
1599 2522 1673 2561 ἅγια,
1702 2522 1747 2550 καὶ
1777 2522 1909 2561 εὐλογεῖτε

1087 2568 1133 2595 τὸν
1149 2567 1261 2606 Κύριον.

245 2632 298 2665 (93)
316 2631 391 2658 Psal.
411 2640 494 2662 chn,
511 2629 681 2666 101Δίδαξόν
698 2641 731 2667 με
744 2633 793 2659 τοῦ
808 2633 896 2659 ποιεῖν
911 2632 943 2659 τὸ
956 2631 1065 2667 θέλημά
1080 2642 1162 2660 σου...
1186 2631 1218 2658 τὸ
1243 2632 1350 2667 πνεῦμά
1374 2641 1421 2659 σου
1443 2631 1475 2659 τὸ
1499 2632 1596 2695 ili-£406»;
1620 2630 1753 2668 ὁδηγήσει
1779 2641 1812 2667 με
1834 2630 1860 2658 ἐν
1881 2631 1910 2667 τῇ

245 2666 303 2694 ista.
322 2668 375 2695 Oui
393 2668 471 2694 hunc
490 2668 586 2695 locum
607 2671 728 2695 noverat
743 2668 859 2695 Billius.
875 2677 935 2695 non
952 2668 1066 2695 debuit.
1082 2677 1149 2695 cum
1162 2668 1366 2695 Tranezuntio.
1384 2668 1507 2695 iungere
1537 2666 1615 2695 ξελοῦ
1630 2669 1664 2695 τῆ
1681 2667 1796 2695 σοφία...

208 2665 303 2705 εὐθείᾳ.
322 2668 380 2705 Qui?
393 2668 471 2694 hunc
490 2668 586 2695 locum
607 2665 728 2696 noverat
743 2668 859 2704 Billius,
875 2677 935 2696 non
952 2665 1031 2696 debu

1089 2677 1149 2697 :um
1162 2665 1366 2704 Trapezuntio,
1380 2668 1507 2705 jungere
1522 2665 1615 2703 ἐξελοῦ
1630 2665 1669 2704 τῇ
1681 2665 1796 2705 σοφίᾳ...

244 2703 300 2737 (94)
316 2704 480 2735 Psal.Lx1x,
501 2706 524 2732 1.

244 2739 297 2773 (95)
315 2739 391 2766 Psal.
410 2748 448 2772 ix,
466 2741 507 2767 14.

244 2775 298 2809 (96)
316 2775 393 2802 Psal.
411 2784 512 2806 Lxxxv.
531 2778 573 2803 16.

255 2811 300 2848 97)
313 2811 333 2848 1‘
341 2811 431 2848 Epist.
449 2812 485 2838 ad
501 2812 576 2839 Tim.
592 2820 620 2846 ιι,
637 2813 662 2839 li.
681 2812 764 2839 Unde
781 2814 863 2840 tanta
875 2812 1017 2848 Joasapho
1033 2812 1288 2840 Testamentorum
1303 2811 1410 2840 notitia
1425 2811 1509 2840 valde
1524 2812 1627 2840 miror.

255 2847 298 2880 98)
314 2846 356 2873 Cf.
373 2855 463 2882 supra
476 2851 537 2875 not.
551 2848 597 2876 93.

243 2882 297 2917 (99)
313 2881 393 2909 Conf.
410 2881 441 2917 ’p.
457 2884 483 2916 δ,
500 2891 529 2912 n.
547 2884 592 2911 24.

245 2918 282 2952 (1)
298 2917 376 2945 Psal.
393 2926 506 2953 cxxvm,
520 2920 548 2946 2.
