4112 6368
231 345 377 401 1057

1416 345 1583 398 νιΤΑ
1621 342 1973 397 BARLAAM
2010 343 2103 394 ΕΤ
2138 340 2476 396 ᾸΟΑΞΑΡΙλΙ.

3522 359 3657 417 1058

290 471 350 528 Ὁ
383 467 441 525 δὲ
470 466 686 545 Ζαρδάν
745 466 951 531 ἐκεῖνος
1006 468 1107 537 τήν
1165 466 1425 536 τοιαύτην
1486 464 1652 519 αὖτοῦ
1702 462 1873 519 αἰσθό-

2071 463 2297 519 Zardan
2321 472 2518 523 autem
2542 468 2807 540 ille,cum
2835 473 3177 546 hujusmodi
3203 480 3390 552 ipsius
3407 488 3648 546 vitaara-

221 579 377 635 μενος
436 555 712 635 διαγωγὴν
771 558 860 612 καὶ
922 556 1101 627 λόπης
1160 554 1539 628 πληουμενος,
1594 551 1883 627 μερίμναις

215 672 277 706 τε
308 648 507 711 δειναῖς
552 648 654 717 τὴν
685 649 874 723 ψυχὴν
912 644 1284 722 βαλλόμενος,
1319 644 1419 700 οὐκ
1469 645 1612 719 εἶχεν
1650 642 1678 697 6'
1707 665 1759 697 τι
1792 641 1883 696 καὶ

220 740 454 816 δράσεις
487 738 670 801 τέλος.
727 742 798 812 τῇ
858 737 982 809 ἀνίᾳ
1030 736 1447 807 καταπονηθεὶς,
1482 735 1557 799 εἷς
1615 735 1704 789 τὸν
1760 734 1885 788 ἑαυ-

214 834 316 886 τοῦ
374 826 733 901 ἀπεδήμησεν
800 827 980 894 οἶκον,
1032 826 1329 903 ἀρρωστεῖν
1386 823 1881 902 προσποιούμενος,

213 920 307 981 Ὠς
356 918 434 980 εἷς
491 922 694 993 γνῶσιν
752 920 831 988 τῷ
893 912 1112 991 βασιλεῖ
1169 919 1331 971 τοῦτο
1392 913 1677 985 ἐληλύθει,
1711 910 1881 967 ἄλλον

218 1008 316 1083 μὲν
389 1009 503 1063 ἀντ’
556 1006 721 1062 αὐτοῦ
776 1009 885 1061 τῶν
947 1006 1286 1060 πιστοτάτων
1354 1009 1748 1079 καθυπηρετεῖν
1805 1008 1885 1076 τῷ

215 1098 326 1171 υἱῷ
386 1092 775 1168 ἐξαπέστειλεν·
838 1095 1002 1159 αὐτὸς
1059 1093 1138 1163 δὲ,
1198 1102 1299 1165 τῆς
1356 1098 1453 1149 τοῦ
1502 1091 1707 1169 Ζαρδάν
1764 1093 1885 1147 ἐπι-

223 1189 569 1263 ιιελοῦμενος
606 1189 814 1263 ὑγείας,
852 1187 1034 1263 ἰατρὸν
1067 1186 1211 1259 αὐτῷ
1268 1186 1470 1261 πέμπει
1504 1184 1881 1260 δοκιμώτατον

214 1278 308 1335 καί
343 1277 632 1357 φροντίδος
677 1279 760 1333 ὃτι
793 1276 1015 1342 πολλῆς
1050 1279 1193 1351 ἀξιοῖ
1224 1284 1642 1352 θεραπευθῆναι.

288 1369 350 1424 Ὁ
383 1365 440 1423 δὲ
470 1368 676 1441 ἱατρὸς,
712 1366 826 1422 ἐπεὶ
867 1364 946 1439 τῷ
1006 1364 1221 1443 βασιλεῖ
1279 1367 1436 1430 οὗτος
1486 1367 1882 1443 κεχαρισμένος

217 1459 310 1529 ἧν,
345 1456 628 1531 ἐπιμελῶς
685 1457 1039 1531 ἐπεσκέψατο,
1083 1459 1197 1528 καὶ,
1259 1456 1451 1528 ἄριστα
1510 1455 1763 1533 διαγνοὺς
1818 1458 1886 1512 τὰ

213 1549 333 1603 κατ’
365 1546 552 1617 αὑτὸν,
578 1552 656 1620 τῷ
694 1545 914 1622 βασιλεῖ
945 1549 1135 1603 θᾶττον
1198 1546 1552 1623 ἀναγγέλλει,
1584 1548 1658 1609 ὡς
1717 1546 1882 1623 Ἐγὼ,

220 1639 379 1717 φησὶ,
414 1636 633 1700 οὐδενὸς
691 1641 1000 1711 νοσήματος
1043 1638 1213 1695 αἶίτιον
1271 1639 1322 1694 ἐν
1380 1644 1459 1711 τῷ
1492 1639 1763 1715 ἀνθρώπῳ
1794 1640 1882 1693 εὖ·

223 1733 335 1801 ρεῖν
366 1726 686 1802 δεδύνημαι·
732 1723 871 1783 ἔνθεν
932 1750 1019 1784 τοι
1074 1730 1165 1784 καὶ
1226 1725 1625 1804 ὑπολαμϐάνω,
1679 1729 1885 1803 ἀθυμίᾳ

224 1820 329 1876 τινὶ
357 1822 454 1889 τὴν
501 1823 686 1897 ψυχὴν
753 1820 1047 1896 βληθέντα,
1107 1827 1300 1877 τοῦτον
1366 1822 1789 1895 μαλακισθῆναι.
1820 1823 1881 1879 Ὀ
1922 1858 1962 1922 Β

224 1909 283 1966 δὲ
320 1910 595 1986 βασιλεὺς,
628 1910 834 1967 τούτων
879 1912 1109 1975 ἀκούσας
1156 1918 1265 1968 τῶν
1315 1914 1597 1990 ῥημάτων,
1647 1908 1885 1969 ὑπέλαϐε

222 2003 436 2077 βαρέως
490 2004 639 2075 αὐτῷ
694 2004 786 2057 τὸν
820 2004 935 2058 υἱὸν
972 2001 1308 2075 διατεθῆναι,
1339 2006 1428 2060 καὶ
1474 2006 1670 2061 τούτου
1718 2006 1880 2081 χάριν

216 2089 538 2161 λυπηθέντα
573 2093 732 2147 αὑτὸν
768 2093 1150 2169 ὐπεχωρῆσαι.
1216 2096 1416 2152 Μαθεῖν
1479 2092 1535 2150 δέ
1564 2096 1626 2150 τὸ
1657 2101 1883 2171 πρᾶγμα

211 2179 542 2244 ἀκολούθως
599 2182 958 2258 βουλόμενος,
995 2181 1283 2254 δεδήλωκε
1333 2190 1419 2258 τῷ
1467 2182 1693 2261 Ζαρδάν,
1728 2188 1873 2242 191

211 2270 291 2333 ὡς
340 2268 547 2346 Αὔριον
606 2271 924 2342 ἐλεύσομαι,
985 2275 1142 2352 φησὶ,
1203 2276 1473 2350 θεωρῆσαί
1537 2297 1614 2346 σε,
1672 2277 1761 2330 καὶ
1814 2276 1883 2330 τά

207 2370 318 2432 τῆς
350 2360 733 2438 ἐπισυμϐἀσης
763 2386 848 2421 σοι
882 2363 1174 2441 διαγνῶναι
1206 2367 1534 2444 ἀρρωστίας.

288 2542 353 2599 Ὁ
382 2540 590 2616 Ζαρδάν
636 2541 713 2613 δὲ,
748 2543 952 2616 ταύτης
1008 2545 1241 2609 ἀκούσας
1299 2555 1399 2617 τῆς
1454 2549 1732 2624 ἀγγελίας,
1766 2551 1879 2621 ἅμα

211 2630 368 2706 πρωί
422 2627 901 2708 περιϐαλλόμενος
959 2634 1124 2690 αὐτοῦ
1174 2637 1237 2691 τὸ
1293 2637 1539 2709 ἱμάτιον,
1592 2638 1877 2715 πορεύεται

209 2722 355 2795 πρὸς
387 2742 479 2776 τον
517 2722 761 2798 βασιλέα.
798 2724 899 2779 Καὶ
960 2723 1217 2780 εἷσελθὼν
1276 2728 1673 2801 προσεκύνησεν
1731 2730 1877 2800 αὐτῴ

212 2808 307 2864 ἐπὶ
365 2818 464 2880 τῆς
509 2818 631 2885 γῆς.
659 2814 720 2869 Ὀ
762 2810 820 2868 δὲ
881 2812 1161 2889 βασιλεὺς,
1218 2816 1299 2885 Τί,
1349 2818 1507 2895 φησὶ,
1561 2814 1875 2891 παρεϐιάσω

214 2900 408 2954 ἑαυτὸν
468 2902 907 2975 παραγενέσθαις
968 2902 1129 2966 αὐτὸς
1165 2904 1265 2981 γὰρ
1316 2902 1521 2974 ἤθελον
1582 2905 1873 2982 ἐπισκέψα-

213 2988 343 3044 σθαί
373 3010 451 3060 σε,
482 2991 570 3045 καί
598 2996 726 3045 πᾶσι
783 2992 1045 3066 γνωρίσαι
1101 2994 1203 3061 τὴν
1235 2994 1371 3069 πρὸς
1429 2992 1487 3050 σέ
1520 3018 1623 3067 μου
1659 2998 1869 3075 φιλίαν.

206 3082 274 3135 Ὀ
336 3078 394 3135 δὲ
445 3078 763 3157 ἀντέφησεψ
819 3082 881 3138 Ἠ
944 3080 1075 3155 έμή,
1135 3082 1360 3159 βασιλεῦ
1394 3128 1409 3154 ,
1469 3090 1713 3149 ἀσθένεια
1768 3087 1875 3141 οὐκ

208 3166 325 3223 ἔστι
374 3173 482 3224 τῶν
538 3171 784 3241 συνήθων
846 3170 1159 3245 ἀνθρώποις
1214 3172 1579 3249 ἀρῥωστειῶνο
1633 3173 1758 3230 ἀλλ’
1814 3176 1872 3231 ἐκ

1998 553 2220 608 tionem
2244 555 2657 630 intellexisset,
2684 580 3035 637 summaque
3060 568 3198 624 inde
3218 575 3498 631 mmstitia
3518 578 3649 634 afti-

1995 648 2653 721 ceretur.gravibusque
2679 654 2861 709 animi
2886 657 3045 712 curis
3074 669 3486 730 vexaretur,ne
3510 667 3650 737 quid

1993 733 2217 789 faceret
2258 735 2524 805 haberet,
2559 740 2630 795 ad
2666 749 2996 801 extremum
3028 766 3282 807 mmrore
3310 733 3654 826 oppressus,

1997 823 2276 879 simulato
2303 826 2601 895 morbo,in
2627 848 2761 887 suas
2777 835 2934 892 aedes
2949 823 3440 908 concessit.Quo‘d
3465 851 3529 900 ut
3555 862 3658 901 rex

1995 915 2309 985 comperit,
2337 915 2519 971 alium
2551 922 2869 989 quemdam
2903 943 2973 981 ex
3004 928 3120 996 his,
3154 949 3303 1002 quos
3328 932 3652 991 fidissimos

1995 1003 2271 1069 habebat,
2299 1006 2480 1060 misit-
2509 1009 2954 1081 quiipsiusloco
2974 1018 3094 1073 lilio
3118 1022 3488 1080 ministraret
3520 1026 3649 1098 Ipse

1995 1099 2195 1149 autem
2218 1094 3074 1163 valetudinisZardaniscuram
3090 1094 3647 1181 gerens,celeberri-

1994 1200 2157 1238 mum
2178 1183 2247 1239 ad
2274 1203 2409 1239 eum
2444 1187 2740 1244 medicum
2770 1193 2969 1254 mittit,
2995 1213 3247 1270 eumque
3272 1208 3647 1260 utsummam

1995 1274 2067 1328 ad
2094 1274 2281 1345 ipsius
2298 1276 2665 1332 curationem
2690 1280 3156 1341 sollicitudinem
3171 1290 3448 1347 adhibeat
3461 1300 3645 1367 rogat.

2066 1363 2327 1418 Medicus
2345 1366 2543 1437 igitur,
2570 1369 2852 1438 quoniam
2870 1375 3134 1447 cumregi
3150 1384 3379 1447 gratum
3396 1387 3453 1435 et
3478 1363 3646 1437 ac'ce-

1995 1458 2163 1524 ptum
2188 1470 2317 1509 esse
2342 1456 2972 1527 perspiciebat,sedulo
2998 1480 3134 1518 eum
3159 1465 3649 1527 invisebat.Cum-

1998 1559 2111 1613 que
2137 1541 2323 1614 ipsius
2340 1548 2555 1599 statum
2570 1555 2843 1604 accurate
2856 1552 3443 1631 considerasset,regi
3459 1560 3654 1616 confe-

1997 1631 2133 1685 stim
2168 1632 2469 1698 indicavit,
2505 1652 2566 1690 se
2600 1637 2750 1691 nihil
2783 1640 2939 1710 quod
2991 1646 3267 1700 morbum
3302 1647 3412 1719 ipsi
3442 1665 3644 1704 accer-

1996 1729 2152 1777 seret
2174 1723 2233 1777 in
2259 1740 2324 1777 eo
2355 1727 2616 1796 reperire
2648 1730 2943 1799 potuisse;
2968 1750 3036 1788 ac
3058 1736 3309 1805 proinde
3333 1738 3413 1794 ita
3441 1741 3644 1795 existi-

1995 1828 2156 1867 mare
2185 1829 2319 1867 eum
2353 1814 2550 1885 aliquo
2584 1818 2765 1872 animi
2793 1838 3042 1877 mwrore
3075 1826 3353 1881 aﬂ'ectum
3389 1828 3448 1883 in
3486 1846 3645 1884 mor-

1994 1900 2135 1955 bum
2160 1902 2459 1958 incidisse.
2489 1907 2608 1960 Rex
2630 1915 2828 1963 autem
2855 1910 2947 1965 his
2971 1913 3162 1968 verbis
3185 1915 3648 1980 auditis,bocar-

1992 1988 2241 2044 bitratus
2275 1996 2364 2045 est
2399 2008 2532 2047 eum
2566 2011 2599 2049 a
2631 1996 2752 2050 filio
2784 2000 3052 2069 asperius
3083 2010 3391 2075 acceptum
3437 2007 3644 2077 fuisse,

1992 2085 2169 2150 atque
2203 2081 2310 2134 hac
2342 2081 2414 2136 de
2460 2100 2637 2139 causa
2684 2094 2969 2159 concepto
3004 2108 3252 2147 maerore
3300 2098 3639 2153 recessisse.

1991 2169 2283 2233 Quidnam
2316 2177 2513 2226 autem
2546 2173 2605 2226 id
2654 2183 2811 2230 esset
2841 2177 3123 2251 deinceps
3170 2183 3318 2238 scire
3367 2187 3643 2257 cupiens,

1989 2257 2236 2313 Zardani
2264 2276 2324 2313 se
2347 2276 2501 2327 eum,
2527 2268 2591 2316 ut
2612 2263 2803 2319 oborti
2838 2269 3025 2322 morbi
3061 2287 3301 2327 causam
3333 2273 3630 2347 intellige—

1989 2350 2101 2415 ret,
2148 2348 2409 2403 crastino
2443 2350 2536 2405 die
2566 2351 2893 2409 invisurum
2929 2357 3303 2429 signiﬁcavit.

2058 2538 2282 2594 Zardan
2306 2545 2505 2596 autem
2538 2542 2715 2614 hujus
2736 2546 3013 2616 promissi
3038 2551 3256 2604 certior
3275 2550 3485 2617 factus,
3521 2559 3636 2609 sta-

1988 2627 2092 2680 tim
2117 2634 2181 2682 ut
2202 2628 2432 2696 diluxit,
2454 2631 2819 2688 indumentis
2845 2638 3203 2708 acceptis,ad
3229 2657 3427 2708 regem
3450 2643 3635 2714 profi-

1986 2716 2512 2790 ciscitur.eumque
2538 2720 2713 2775 simul
2742 2730 2919 2794 atque
2943 2725 3267 2797 ingressus,
3285 2729 3449 2784 humi
3475 2748 3639 2802 pros-

1986 2811 2173 2861 tratus
2204 2807 2486 2863 adoravit.
2523 2812 2641 2866 Rex
2670 2818 2904 2866 autem:
2932 2814 3105 2882 Quid,
3140 2816 3353 2887 inquit,
3391 2819 3493 2873 tibi
3520 2819 3635 2875 vim

1984 2896 2254 2963 attulisti,
2282 2903 2347 2951 ut
2376 2898 2448 2953 ad
2484 2916 2575 2953 me
2607 2900 2922 2957 accederes
2944 2903 2970 2957 ?
2990 2906 3133 2959 Nam
3168 2905 3292 2976 ipse
3325 2907 3398 2962 ad
3427 2914 3481 2963 te
3506 2927 3639 2980 pro-

1984 2983 2191 3052 ﬁcisci,
2216 3003 2534 3057 meumque
2554 3005 2690 3061 erga
2714 2994 2767 3043 te
2790 3007 3054 3046 amorem
3078 2994 3354 3050 omnibus
3377 2996 3638 3052 declara-

1982 3090 2044 3125 re
2072 3073 2130 3127 in
2145 3074 2342 3129 animo
2366 3076 2790 3132 habebam.llle
2815 3084 3010 3134 autem
3036 3083 3345 3152 respondit
3371 3085 3634 3141 :Morbus

1982 3179 2170 3228 meus,
2198 3181 2229 3218 0
2254 3181 2378 3232 rex,
2402 3182 2522 3220 non
2556 3184 2625 3221 ex
2648 3184 2852 3222 eorum
2885 3186 3133 3225 numero
3169 3177 3257 3226 est
3288 3173 3503 3243 quibus
3528 3176 3631 3230 ho-

210 3256 468 3332 λυπηρᾶς
520 3258 609 3314 καὶ
658 3234 1012 3335 ’ἐμμερίμνου
1069 3234 1407 3338 ψυῐχῆςητῆς
1464 3262 1687 3338 καρδίας
1744 3263 1868 3320 ὀδυ-

1988 3253 2178 3307 mines
2209 3254 2478 3309 laborare
2514 3256 2723 3321 solent,
2751 3274 2951 3313 verum
2977 3277 3045 3314 ex
3072 3262 3254 3316 animi
3279 3264 3559 3320 maestitia
3580 3272 3639 3320 et

207 3348 486 3421 νωμένης,
551 3346 905 3421 συνωδυνηθη
965 3352 1026 3406 τὸ
1085 3356 1265 3425 σῶμα.
1312 3353 1623 3431 Ἀφροσυνη
1688 3352 1743 3410 δέ
1779 3377 1874 3428 μοι

200 3441 269 3510 ἧν
307 3438 483 3503 οὕτως
517 3437 734 3516 ἔχωντά
768 3462 833 3513 με
868 3443 944 3513 μή
990 3439 1263 3506 δουλικῶς
1294 3444 1430 3518 πρὸς
1458 3446 1521 3499 τὸ
1554 3446 1643 3499 σὸν
1698 3467 1874 3523 παρα-

203 3530 458 3604 γενέσθαι
517 3532 738 3604 κράτος,
799 3529 945 3585 ἀλλά
993 3533 1093 3601 τήν
1129 3533 1225 3600 σὴν
1291 3531 1571 3606 βασιλείαν
1631 3541 1875 3609 προσμέ-

207 3638 325 3673 νειν
357 3615 463 3679 ἓως
497 3617 630 3691 ἐμοῦ
659 3624 755 3674 τοῦ
808 3618 1021 3675 οἰκέτου
1084 3622 1369 3691 σκυλῆναι.
1428 3625 1539 3679 Τοῦ
1603 3624 1871 3699 βασιλέως

212 3707 311 3762 οὗν
372 3710 776 3781 πυνθανομένου
834 3708 914 3773 τίς
962 3712 996 3780 ἡ
1038 3718 1135 3779 τῆς
1190 3711 1425 3784 ἀθυμίας
1480 3712 1644 3768 αὐτοῦ
1702 3713 1871 3785 αἰτία,

211 3790 514 3850 ὑπολαϐὼν
545 3797 573 3850 6
606 3794 833 3870 Ζαρδάν,
886 3798 1061 3873 Μέγας
1114 3798 1237 3873 ἐμοὶ
1296 3798 1561 3871 κίνδυνος,
1617 3797 1740 3880 ἔφη·
1782 3804 1871 3857 καὶ

210 3882 471 3960 μεγσῖλων
518 3884 625 3961 ἐγὼ
680 3893 964 3960 τιμωριῶν
999 3887 1171 3962 ἄξιος,
1229 3887 1456 3945 πολλῶν
1522 3889 1577 3946 δὲ
1630 3891 1868 3955 θανάτων

204 3969 409 4051 ἔνοχος
464 3976 793 4045 καθέστηκα,
826 3976 908 4032 ὅτι
970 3982 1065 4033 σοῦ
1120 3984 1237 4041 τοῖς
1269 3981 1672 4054 προστάγμαςιν
1734 3984 1869 4055 ἀμε-

205 4062 326 4127 λῶς
360 4061 628 4127 διατεθεὶς
688 4064 839 4129 ἀνίας
872 4088 956 4122 σοι
1015 4064 1236 4137 πολλῆς
1269 4067 1393 4123 ὅσον
1427 4067 1642 4124 οὐδέπω
1674 4072 1869 4147 πρόξε-

200 4175 304 4218 νος
332 4154 549 4229 γέγονα.

278 4418 445 4484 Αὗθις
479 4419 535 4477 δὲ
566 4425 593 4478 6
628 4422 904 4499 βασιλεὺς,
941 4426 1038 4480 Καὶ
1098 4426 1215 4482 τίνα
1279 4427 1341 4482 σὺ
1404 4428 1661 4502 ἀμέλειαν
1719 4429 1863 4504 ἡμέ-

205 4506 429 4580 ληκαςς
476 4509 660 4587 ἤρετο’
723 4514 775 4569 τί
810 4512 868 4569 δὲ
897 4516 959 4569 τὸ
991 4517 1248 4592 περιέχον
1314 4539 1371 4573 σε
1429 4516 1599 4589 δέος;
1652 4523 1739 4577 Ἐν
1796 4524 1864 4595 τῇ

1982 3344 2277 3399 anxietate
2301 3345 2477 3401 corde
2496 3346 2555 3400 in
2580 3346 2845 3403 dolorem
2870 3349 3145 3422 prolapso
3169 3369 3381 3424 corpus
3402 3372 3637 3427 quoque

1982 3433 2299 3489 condoluit.
2335 3436 2625 3491 Amentize
2649 3454 2824 3508 porro
2850 3438 2995 3492 mihi
3021 3438 3357 3495 ducendum
3382 3449 3558 3509 esset,
3588 3445 3637 3498 si

1981 3540 2114 3577 cum
2136 3524 2217 3579 ita
2242 3541 2334 3579 me
2359 3524 2662 3589 haberem,
2693 3544 2810 3580 non
2834 3531 2898 3581 ut
2919 3544 3150 3583 servum
3171 3529 3440 3597 decet,ad
3462 3538 3515 3586 te
3538 3550 3633 3588 ac-

1980 3612 2253 3666 cederem
2280 3631 2293 3679 ;
2319 3631 2519 3669 verum
2539 3620 2603 3669 ut
2627 3615 2782 3686 regia
2803 3620 2901 3670 tua
2923 3617 3205 3687 majestas
3226 3618 3297 3673 ad
3324 3636 3418 3673 me
3439 3620 3631 3675 famu-

1978 3700 2097 3755 lum
2116 3703 2358 3756 veniens
2373 3719 2501 3757 sese
2516 3703 3236 3775 latigaret,exspectarem.
3266 3708 3599 3765 Percontan
3616 3741 3631 3751 -

1980 3795 2034 3844 te
2050 3797 2244 3845 autem
2262 3808 2394 3847 reee
2411 3792 2698 3863 quidnam
2714 3810 2849 3847 eum
2877 3794 2936 3848 in
2964 3795 3122 3849 hunc
3148 3813 3461 3854 mmrorem
3488 3816 3633 3856 con-

1969 3881 3158 3957 jecisset,respondensZardan:Magnum.
3173 3886 3630 3959 inquit.pericu-

1977 3969 2101 4023 lum
2125 3970 2269 4024 mihi
2296 3970 2620 4041 impendet,
2641 3973 2989 4044 magnisque
3018 3975 3325 4046 suppliciis
3344 3994 3411 4032 ac
3428 3977 3629 4032 multis

1976 4059 2184 4114 mortis
2196 4060 2516 4131 generibus
2531 4060 2882 4132 dignumme
2896 4065 3461 4135 agnosco,quoniam
3476 4084 3631 4139 pra:-

1975 4149 2161 4220 ceptis
2206 4149 2320 4203 tuis
2370 4149 2740 4222 negligenter
2769 4150 3152 4223 obsequendo
3184 4154 3483 4227 ingentem
3518 4156 3624 4211 tibi

1965 4239 2093 4309 jam
2115 4239 2363 4309 jamque
2397 4256 2713 4294 maerorem
2745 4242 3047 4297 accersivi.

2044 4422 2299 4474 Rursum
2322 4422 2521 4473 autem
2542 4434 2611 4473 ex
2635 4435 2703 4473 eo
2728 4425 3030 4490 quaerente
3056 4437 3191 4491 rege
3214 4438 3489 4493 quaenam
3514 4425 3625 4480 hu-

1963 4507 2231 4580 jusmodi
2255 4507 2613 4579 negligentia
2636 4509 2883 4576 esset,in
2906 4527 3084 4580 quam
3100 4510 3626 4586 incidisset,quod-

197 4600 329 4675 περῖ
360 4600 453 4655 τὸν
485 4601 672 4675 κύριόν
706 4625 812 4675 μου
842 4604 932 4660 τὸν
977 4606 1093 4660 υἱὸν
1155 4627 1251 4662 σου
1308 4603 1555 4683 ἀκριϐείᾳ
1580 4610 1861 4681 ἡμέληκα,

1988 4613 2088 4668 lue
2102 4595 2431 4668 periculum
2450 4595 2599 4650 illud
2622 4597 2682 4651 in
2707 4615 2822 4668 quo
2847 4601 3213 4655 versatur:In
3237 4603 3506 4659 custodia
3529 4604 3630 4659 do-

198 4686 333 4769 ἔφη.
393 4694 643 4767 Πονηρὸς
703 4695 805 4770 γὰρ
865 4694 1151 4771 ἄνθρωπος
1206 4698 1293 4752 καὶ
1325 4698 1459 4772 γόης
1491 4699 1663 4754 ἐλθὼν
1725 4700 1866 4773 ὡμί-

200 4790 375 4851 Λησεν
408 4779 556 4853 αὐτῷ
586 4782 652 4836 τά
679 4789 780 4853 τῆς
837 4784 1123 4859 θρησκείας
1179 4790 1286 4841 τῶν
1342 4792 1701 4861 Χριστιανῶν.
1738 4790 1864 4846 Εἶτα

195 4865 484 4944 διηγεῖται
514 4873 652 4926 κατά
686 4873 852 4947 μέρος
910 4878 987 4946 τῷ
1038 4872 1257 4949 βασιλεῖ
1284 4877 1350 4931 τά
1381 4874 1690 4947 λαληθέντα
1721 4879 1866 4953 ποιρά

189 4963 301 5014 τοῦ
358 4960 616 5034 γέροντος
655 4962 792 5037 πρὸς
849 4964 941 5019 τὸν
1002 4964 1119 5019 υἱὸν
1178 4966 1369 5031 αὐτοῦ,
1409 4967 1499 5021 καὶ
1552 4969 1671 5039 μεθ’
1730 4968 1863 5038 ὅσης

186 5046 405 5119 ἡδονῆς
436 5048 643 5113 ἐκεῖνος
675 5053 765 5107 τὸν
796 5052 964 5128 λόγον
1015 5051 1250 5125 ἐδέξατο,
1285 5058 1438 5113 192
1496 5055 1585 5109 καὶ
1617 5059 1693 5119 ὡς
1726 5056 1861 5121 ὅλος

185 5142 295 5193 τοῦ
347 5140 583 5213 Χριστοῦ
642 5141 849 5217 γεγόνει
1079 5146 1222 5218 Πρὸς
1254 5142 1312 5201 δὲ
1364 5147 1450 5200 καὶ
1512 5147 1612 5216 τὴν
1662 5144 1860 5217 κλῆσιν

184 5223 408 5295 ἐδήλου
463 5230 561 5282 τοῦ
620 5230 926 5305 γέροντος,
989 5230 1259 5309 Βαρλααμ
1325 5238 1517 5290 τοῦτον
1577 5234 1860 5301 καλεῖσθαι

184 5313 395 5371 εἰπών.
441 5317 705 5387 Ἀκηκόει
761 5320 863 5394 γὰρ
922 5320 1011 5374 καὶ
1070 5323 1334 5396 πρότερον
1395 5323 1423 5377 6
1487 5320 1739 5395 βασιλεὺς
1796 5326 1863 5379 τά

178 5403 321 5479 περὲ
369 5407 467 5457 τοῦ
553 5404 820 5482 Βαρλαάμ
902 5408 991 5462 καὶ
1051 5416 1154 5479 τῆς
1215 5411 1521 5487 ἀκροτάτης
1580 5412 1859 5482 ἀσκήσεως

178 5491 389 5549 αὐτοῦ.
420 5496 507 5555 Ὡς
536 5490 582 5547 δ’
614 5494 691 5556 εἷς
723 5494 888 5558 ἀκοάς
920 5501 1087 5551 ταῦτα
1126 5496 1265 5567 ἦλθε
1291 5502 1375 5571 τῷ
1409 5496 1645 5573 βασιλεῖ,
1677 5498 1860 5573 κλόνῳ

176 5576 354 5643 εὐθὺς
394 5578 454 5634 ἐκ
510 5588 609 5651 τῆς
670 5585 1074 5659 περιπεσούσης
1123 5585 1270 5660 αὐτῷ
1300 5586 1535 5661 ἀθυμίας
1572 5587 1857 5662 βάλλεται,

1976 4687 2123 4742 mini
2150 4686 2265 4741 mei
2292 4684 2396 4740 ﬁlii
2422 4685 2527 4751 tui,
2554 4685 2767 4757 inquit,
2806 4688 3206 4761 negligentem
3256 4706 3349 4747 me
3374 4694 3623 4764 praebui.

1974 4776 2287 4849 Improbus
2301 4775 2459 4830 enim
2478 4776 2719 4847 quidam
2735 4793 2801 4831 ac
2817 4779 3625 4854 praestigiatoringressusde

1974 4866 2322 4921 Christianae
2353 4864 2657 4937 religionis
2689 4866 2960 4923 doctrina
2986 4869 3060 4923 ad
3090 4886 3227 4924 eum
3258 4871 3435 4927 verba
3463 4872 3623 4928 fecit.

1973 4960 2301 5028 Posteaque
2314 4956 2613 5029 regi.quos
2630 4956 2701 5011 ad
2718 4957 2903 5029 ipsius
2921 4959 3108 5014 tilium
3124 4976 3304 5017 senex
3318 4978 3624 5019 sermones

1972 5047 2282 5104 habuisset
2303 5046 2605 5118 sigillatim
2623 5048 3327 5123 exposuitquantamque
3342 5052 3442 5107 ille
3459 5070 3527 5109 ex
3542 5055 3628 5127 ip-

1976 5139 2055 5193 sis
2069 5137 2428 5208 voluptatem
2452 5136 2727 5207 cepisset,
2752 5138 3029 5209 quodque
3053 5156 3295 5211 prorsus
3313 5142 3545 5198 Christo
3562 5160 3623 5198 se

1972 5227 2315 5284 addixisset.
2350 5224 2501 5290 Quin
2527 5226 2705 5280 etiam
2738 5227 2899 5282 senis
2924 5244 3142 5283 nomen
3173 5230 3285 5301 ipsi
3317 5231 3621 5300 indicavit,

1972 5316 2239 5373 Barlaam
2265 5316 2459 5386 ipsum
2483 5316 2813 5387 nuncupari
2836 5316 3214 5373 dicensNam
3239 5321 3417 5376 etiam
3449 5328 3626 5377 antea

1970 5426 2072 5463 rex
2096 5406 2167 5461 de
2188 5404 2477 5470 Barlaam,
2500 5421 2566 5458 ac
2594 5421 2826 5460 summa
2843 5406 3135 5478 religiosa)
3159 5408 3347 5479 ipsius
3369 5411 3500 5465 vita;
3525 5429 3589 5467 as
3607 5442 3621 5450 -

1969 5497 2242 5569 peritate,
2270 5492 2460 5547 multa
2479 5493 2784 5549 auditione
2817 5501 3145 5567 acceperat.
3175 5499 3245 5552 Ut
3276 5505 3475 5555 autem
3498 5501 3623 5556 hac

1971 5588 2043 5644 ad
2061 5584 2215 5657 regis
2236 5598 2412 5638 aures
2434 5589 3059 5654 pervenerunt,tantus
3082 5585 3366 5643 eimmror
3378 5588 3620 5647 obortus

264 5707 341 5779 (2)
372 5707 435 5777 Ο,
462 5704 717 5783 ἐγιγόνει.
755 5713 834 5769 De
866 5714 1168 5788 augmenti
1201 5714 1526 5773 amissione
1557 5715 1713 5774 intra
1744 5716 2069 5776 notabitur.
