4112 6366
259 354 395 412 1061

1434 355 1604 409 νιΤΔ
1646 351 1994 408 BARLAAH
2031 352 2127 405 ΕΤ
2159 352 2498 406 JOASAPH.

3536 354 3677 411 106³

255 480 630 543 194Ἕνθεν
658 499 749 533 τοι
812 479 903 534 καὶ
960 477 1053 534 τὸν
1114 477 1384 553 Βαρλαᾶμ
1436 475 1669 553 ἔναγχος
1722 474 1906 549 μαθὼν

2047 478 2219 533 iixus.
2253 477 2539 542 Quocirca
2569 496 2703 535 cum
2734 479 3112 537 Barlaamum
3144 497 3336 554 nuper
3356 484 3675 542 recessisse

259 575 650 647 ὑποχωρῆσαι.
685 569 1055 644 χειρώσασθαι
1106 565 1351 623 ἔσπευδε.
1411 569 1617 641 Λόχοις
1675 566 1766 621 οὖν
1820 566 1914 620 καῖ

258 662 526 738 λοχαγοῖς
557 664 666 714 τῶν
703 655 959 728 διεξόδων
994 657 1087 719 τὰς
1142 657 1368 720 πλείους
1418 655 1737 731 διειλθφὼς,
1788 657 1915 729 μίαν

259 750 316 807 δὲ
353 756 460 807 τῶν
521 746 688 813 ὁδῶν,
744 748 810 816 ἢν
867 751 1052 802 πασῶν
1116 748 1330 820 μᾶλλον
1394 748 1668 825 ὑφωρᾶτο,
1727 747 1914 818 αὐτὸς,

261 840 453 904 ἵπποις
508 833 727 906 ἐπιϐάς,
785 838 885 891 ἀνά
939 836 1137 912 κράτος
1199 834 1413 909 ἐδίωκε,
1474 832 1912 912 προκαταλαϐεῖν

259 930 512 987 αὐτὸνὲκ
541 928 743 988 παντὸς
792 928 1001 1002 τρόπου
1051 924 1461 1000 διανοούμενος,
1514 928 1599 981 Ἐν
1652 926 1809 988 ὅλαις
1860 923 1917 980 δὲ

345 1018 577 1093 ἡμέραις
628 1019 926 1083 κοπιάσας,
981 1016 1157 1089 μάτην
1205 1016 1705 1091 τεταλαιπωρήκει.
1758 1018 1913 1084 Εἶτα,

260 1110 424 1172 αὐτὸς
460 1109 557 1182 μὲν
589 1107 642 1162 ἔν
676 1127 783 1162 τινι
834 1111 944 1160 τῶν
1002 1106 1303 1181 βασιλικῶν
1350 1105 1633 1163 παλατίων
1693 1104 1744 1160 ἐν
1800 1110 1919 1169 τοῖς

263 1201 451 1275 ἀγροῖς
517 1197 850 1269 διακειμενῳ
908 1197 1268 1269 προσμείνας,
1324 1199 1415 1252 τὸν
1479 1197 1724 1271 Ἀραχήν
1786 1195 1920 1268 μετᾶ

259 1288 475 1342 ἱππέων
537 1285 637 1341 οὐκ
693 1285 897 1360 ὀλίγων
957 1282 1059 1349 ἕως
1116 1286 1288 1355 αὐτῆς
1337 1293 1438 1355 τῆς
1530 1282 1918 1359 Σενααρίτιδος

264 1378 476 1451 ἐρήμου
503 1375 590 1431 ἐπὶ
628 1378 855 1447 ζήτησιν
900 1375 1187 1432 ἀπέστειλε
1243 1381 1338 1431 τοῦ
1398 1375 1685 1452 Βαρλαάμ.
1748 1383 1917 1430 Καταο

266 1463 456 1524 λαϐὼν
489 1464 548 1522 δὲ
579 1466 782 1529 ἐκεῖνος
812 1468 904 1521 τὸν
935 1467 1130 1533 τόπον,
1162 1468 1367 1529 πάντας
1425 1467 1555 1530 τοὺς
1605 1468 1920 1542 περιοίκους

268 1555 690 1633 διετάραξεήκαὶ
725 1554 899 1611 τῶνδε
954 1558 1031 1629 μὴ
1089 1557 1385 1631 ἑωρακέναι
1432 1557 1567 1611 ποτε
1603 1558 1697 1611 τὸν
1755 1552 1924 1629 ἄνδρα

275 1643 763 1724 βεϐαιωσαμένων,
813 1644 901 1700 ἐπὶ
944 1646 1040 1709 τὰς
1091 1645 1334 1721 ἐρήμους
1367 1647 1395 1701 6
1424 1643 1611 1723 ἅρχων
1659 1645 1786 1708 τοὺς
1838 1645 1924 1700 εῦο

277 1732 453 1794 σεϐεἴς
488 1736 764 1810 θηρεύσων
796 1734 961 1808 ἐξήει.
997 1734 1147 1790 Πολύ
1185 1756 1245 1791 τε
1286 1743 1387 1805 τῆς
1438 1734 1649 1810 ἐρήμου
1701 1733 1922 1791 διοδεύ-

2022 568 2576 639 comperisset,eum
2592 571 3100 644 comprehendere
3126 570 3678 645 festinabat.ltaque

2025 657 2317 713 militibus
2348 675 2414 713 ac
2446 662 2895 717 centurionibus
2937 662 3371 729 missis,varios
3403 662 3686 719 itinerum

2025 748 2216 802 exitus
2237 751 2561 821 occupavit,
2587 767 2654 805 ea
2672 758 2870 806 autem
2894 752 2985 807 via
3000 769 3176 823 quam
3198 769 3265 807 ex
3286 752 3565 807 omnibus
3589 770 3685 808 su-

2026 838 2379 908 spectiorem
2395 838 2801 912 habebat,ipse
2816 842 3160 896 conscensis
3176 841 3507 912 equis,cum
3522 842 3686 896 omni

2026 928 2329 982 celeritate
2353 930 2840 1000 persequebatur,
2866 938 3042 1003 atque
3064 933 3225 987 omni
3262 933 3489 987 ratione
3522 949 3679 988 asse-

2028 1019 2126 1089 qui
2152 1018 2784 1090 cogitabat.Ca?terum,
2811 1039 2944 1076 cum
2973 1038 3071 1076 sex
3095 1028 3245 1077 totos
3270 1022 3396 1077 dies
3422 1023 3683 1078 inanila-

2026 1107 2167 1163 bore
2201 1124 2333 1162 sese
2362 1108 2685 1180 fatigasset.
2723 1110 2847 1180 ipse
2882 1111 3120 1180 quidem
3152 1111 3212 1165 in
3246 1112 3405 1184 regio
3426 1112 3685 1182 quodam

2028 1198 2435 1270 palatio.quod
2454 1199 2575 1253 ruri
2602 1199 2781 1254 situm
2808 1206 3259 1266 erat,remanet.
3286 1203 3556 1257 Arachen
3578 1219 3685 1258 au-

2030 1294 2147 1343 tem
2173 1305 2309 1344 cum
2333 1288 2634 1360 equitibus
2657 1288 2814 1344 haud
2836 1290 3039 1360 paucis
3056 1289 3329 1361 adipsam
3350 1308 3536 1361 usque
3552 1291 3691 1347 Sen-

2029 1378 2383 1434 naaritidem
2398 1377 2783 1434 solitudinem
2800 1379 3191 1449 conquirendi
3206 1379 3497 1434 Barlaami
3512 1396 3692 1437 causa

2031 1469 2212 1524 misit.
2237 1469 2343 1534 Qui
2368 1486 2502 1524 cum
2526 1469 2600 1524 ad
2619 1486 2754 1525 eum
2778 1470 2975 1525 locum
3007 1470 3397 1541 pervenisset,
3421 1472 3689 1525 omnium

2031 1559 2363 1614 incolarum
2390 1560 2623 1615 animos
2644 1559 3032 1631 perturbavit;
3054 1564 3231 1629 atque
3246 1575 3379 1614 cum
3396 1559 3690 1614 illivirum

2033 1667 2169 1704 eum
2202 1666 2236 1705 a
2265 1666 2327 1705 se
2358 1650 2546 1704 visum
2582 1666 2710 1705 esse
2744 1654 3082 1720 negassent,
3106 1650 3169 1703 in
3194 1648 3602 1715 solitudinem,
3626 1652 3694 1705 ut

2034 1740 2163 1811 pios
2180 1739 2334 1795 viros
2351 1743 2824 1807 venaretur,sese
2841 1739 3111 1795 contulit.
3137 1740 3401 1810 Cumque
3418 1737 3694 1793 solitudi-

278 1846 373 1888 σας
401 1831 477 1898 (6)
520 1823 817 1899 διάστημα,
877 1822 978 1896 ὄρη
1037 1847 1095 1880 τε
1151 1824 1568 1899 περικυκλώσας
1621 1826 1711 1881 καὶ
1770 1827 1923 1899 ἀτρι-

284 1912 369 1927 ημ
506 1917 515 1927 .
864 1922 889 1927 -,
934 1915 945 1927 ,
1174 1915 1186 1927 .
1253 1913 1277 1927 κ
1354 1910 1411 1927 ο,
1749 1916 1760 1927 .
1865 1921 1887 1927 η

2047 1846 2173 1884 nem
2200 1830 2366 1885 illam
2398 1846 2613 1902 magna
2644 1847 2713 1884 ex
2745 1835 2911 1901 parte
2941 1836 3334 1901 peragrasset,
3362 1845 3429 1883 ac
3459 1833 3695 1885 montes

278 1912 395 1978 ϐεῖς
448 1917 728 1991 φάραγγας
789 1915 1048 1983 πεζεῦσας
1101 1915 1191 1970 καὶ
1250 1910 1566 1983 δυσϐάτους,
1630 1916 1773 1988 ματα
1822 1921 1928 1971 τῶν

276 2006 373 2062 σὺν
426 2006 576 2078 αὐτῷ
628 2002 818 2081 ὄχλων
876 2005 1187 2080 ἀκρώμειάν
1245 2026 1367 2060 τινα
1422 2001 1767 2073 καταλαϐὼν,
1841 2006 1932 2060 καὶ

279 2099 435 2155 I95
472 2096 597 2156 στὰς
626 2094 710 2150 ἐπ’
744 2094 930 2164 αὐτῆς,
988 2096 1088 2169 ὁρᾷ
1145 2096 1280 2150 κατὰ
1336 2097 1435 2162 τὴν
1500 2097 1772 2170 ὑπώρειαν
1832 2095 1935 2173 φά-

280 2186 461 2262 λαγγα
509 2185 785 2257 ἐρημιτῶν
846 2188 1251 2259 περςπατοῦσαν
1331 2185 1433 2241 Καὶ
1492 2185 1647 2246 εὐθὺς
1701 2190 1782 2257 τῷ
1838 2189 1935 2239 τοῦ

280 2275 562 2351 ἄρχοντος
644 2277 1022 2349 προστάγματι
1101 2296 1293 2337 παντες
1335 2274 1419 2329 ἐπ’
1476 2274 1673 2336 αὐτοὺς
1724 2276 1934 2330 θέουσιν

277 2364 565 2434 άπνευστὶ,
598 2363 768 2427 ἄλλος
802 2361 861 2419 δι’)
877 2377 974 2419 λον
1005 2368 1123 2426 τοῖς
1158 2361 1388 2439 δρόμοις
1448 2363 1643 2439 φθάσαι
1694 2363 1937 2442 φιλονει-

273 2456 521 2517 κοῦντες·
554 2453 645 2509 καὶ
702 2455 1015 2527 φθάσαντες,
1074 2453 1477 2530 περιεχύθησαν
1539 2452 1724 2516 αὐτοῖς
1782 2452 1939 2519 κύνες

272 2544 410 2600 ὡσεὶ
440 2541 649 2600 πολλοὶ
680 2542 715 2613 ἤ
749 2542 913 2619 θηρία
968 2542 1181 2618 πονηρά
1232 2564 1355 2599 τινα
1405 2543 1495 2598 καὶ
1556 2544 1935 2619 μισάνθρωπα.

272 2637 378 2689 Καὶ
410 2638 667 2709 κρατοῦσι
696 2632 827 2695 τοὺς
856 2630 1053 2708 ἄνδρας
1081 2631 1162 2705 τῷ
1209 2654 1269 2687 τε
1311 2630 1443 2688 εἶ’δει
1498 2633 1588 2687 καὶ
1647 2638 1716 2707 τῇ
1772 2654 1934 2688 κατα-

275 2726 459 2778 στάσει
494 2723 879 2796 σεμνοτάτους,
910 2723 999 2777 καὶ
1034 2722 1101 2776 τά
1126 2724 1415 2796 σήμαντρα
1472 2725 1547 2795 (7)
1598 2725 1697 2787 τῆς
1741 2722 1943 2797 ἐρημι-

278 2819 387 2882 κῆς
416 2813 790 2874 καταστάσεως
846 2811 933 2866 ἐπὶ
981 2816 1088 2866 τῶν
1144 2812 1455 2881 προσώπων
1516 2812 1801 2888 φέροντας
1852 2810 1941 2866 καὶ

280 2902 514 2963 τούτους
549 2907 796 2976 συροντες
844 2905 923 2973 τῷ
971 2901 1200 2975 ἃρχοντι
1251 2901 1620 2971 παρέστησαν,
1672 2900 1737 2954 οὐ
1779 2901 1944 2975 Θορυ-

281 2988 552 3061 ϐηθέντας
584 2990 755 3058 ὅλως,
802 2990 900 3045 οὐκ
960 2989 1167 3065 ἀγεννὲς
1223 3011 1275 3045 τι
1335 2990 1423 3045 καὶ
1485 2990 1803 3064 σκυθρωπὸν
1863 2991 1946 3044 ἐν-

274 3080 693 3153 δειξαμένους-ἢ
744 3081 1167 3158 φθεγξαμένους.
1222 3081 1283 3137 Ὀ
1343 3076 1401 3134 δὲ
1450 3079 1704 3155 προάγων
1763 3079 1941 3134 αὐτῶν

270 3169 565 3227 καὶοἱονεὶ
626 3169 1044 3244 καθηγούμενος
1102 3171 1280 3244 πήραν
1341 3163 1601 3237 ἐϐάσταζε
1659 3168 1936 3244 τριχίνην,

281 3262 489 3335 μεστήν
560 3258 834 3334 λειψάνων
914 3256 1459 3335 προεκδημησάντων
1535 3263 1694 3313 τινῶν
1773 3257 1937 3333 ἁγίων

278 3350 539 3425 Πατέρων
552 3395 564 3407 .

358 3621 719 3690 Κατανοήσας
752 3616 811 3674 δὶ
841 3618 1039 3681 αὐτοὺς
1070 3620 1098 3674 6
1125 3620 1397 3694 Ἀραχής,
1432 3618 1507 3680 ὡς
1538 3617 1638 3673 οὐκ
1696 3616 1806 3673 εἶδε
1849 3618 1942 3672 τὸν

283 3708 557 3787 Βαρλαᾶμ
585 3708 868 3784 (ἐγίνωσκε
914 3708 1015 3785 γάρ
1068 3707 1274 3781 αὐτὸν),
1328 3707 1603 3782 συνεχύθη
1654 3710 1723 3779 τῇ
1775 3704 1941 3781 λύπῃ.

284 3800 437 3876 λέγει
469 3798 527 3855 δὲ
558 3800 695 3874 πρὸς
754 3797 971 3860 αὐτο-ὅς’
1017 3802 1129 3853 Ποῦ
1176 3796 1322 3853 ἐστιν
1355 3798 1384 3852 6
1416 3796 1660 3852 ἀπατεὼν
1717 3797 1944 3863 ἐκεῖνος,

284 3893 318 3946 ὁ
348 3891 443 3953 τὸν
476 3889 593 3944 υἱὸν
622 3886 909 3958 πλανήσας
937 3891 1035 3943 τοῦ
1078 3886 1388 3963 βασιλέωςς
1419 3891 1477 3945 'O
1510 3884 1567 3941 δὲ
1616 3888 1718 3956 τήν
1769 3888 1949 3957 πήραν

292 3980 576 4057 βαστάζων
626 3977 981 4053 ἀπεκρίνατο·
1052 3976 1166 4034 Οὐκ
1216 3975 1357 4033 ἔστιν
1415 3976 1621 4033 ἐκεῖνος
1679 3976 1731 4031 ἐν
1785 3979 1943 4048 ἡμῖν’

296 4069 440 4144 μηδὲ
487 4069 742 4145 γένοιτοῐ
802 4066 985 4141 φεύγει
1042 4066 1144 4142 γὰρ
1203 4069 1350 4139 ἡμᾶς
1406 4070 1475 4141 τῇ
1530 4070 1628 4121 τοῦ
1714 4068 1950 4141 Χριστοῦ

293 4157 638 4231 διωκόμενος
667 4158 875 4233 χάριτι.
908 4158 996 4213 Ἐν
1052 4159 1179 4229 ὑμῖν
1239 4154 1299 4210 δὲ
1353 4156 1447 4218 τὰς
1505 4156 1745 4225 οἰκήσεις
1809 4150 1947 4230 ἔχει·

293 4251 357 4306 Ὀ
388 4244 576 4322 ἅρχων
609 4242 730 4324 ἔφη·
787 4246 1079 4307 Γινώσκεις
1127 4242 1218 4300 οὖν
1269 4245 1431 4301 αὐτόν
1464 4291 1477 4316 ,
1540 4247 1668 4315 Ναὶ,
1728 4245 1892 4323 φησὶν
1924 4246 1952 4300 6

300 4335 597 4412 ἐρημίτής
633 4333 751 4391 οἶδα
778 4336 870 4391 τὸν
912 4336 1201 4390 ἀπατεῶνα
1250 4332 1550 4409 λεγόμενον
1580 4338 1680 4407 (8),
1710 4335 1769 4397 ὅς
1808 4333 1953 4390 ἐστιν

297 4425 326 4479 6
359 4420 641 4489 διαϐολος,
678 4426 706 4478 6
741 4425 899 4497 μέσον
936 4425 1089 4496 ὑμῶν
1132 4428 1407 4479 κατοικῶν
1467 4425 1557 4479 καὶ
1609 4426 1737 4497 παρ’
1799 4425 1950 4496 ὑμῶν

297 4512 702 4588 λατρευόμενός
730 4534 788 4568 τε
815 4514 905 4571 καὶ
958 4514 1417 4588 θεραπευόμενος.
1450 4514 1514 4569 Ὀ
1544 4511 1733 4589 ἄρχων
1783 4511 1950 4588 λέγει·

2038 1918 2653 1988 cinxisset.vallesque
2670 1918 2954 1989 quasdam
2972 1918 3218 1972 minime
3234 1918 3304 1972 tri
3315 1923 3696 1986 tas,etacces—

2041 2026 2108 2063 su
2136 2009 2434 2075 difficiles,
2458 2025 2592 2063 cum
2619 2024 2685 2063 ea
2708 2009 3021 2063 hominum
3071 2024 3254 2063 manu
3277 2024 3457 2079 quam
3490 2025 3691 2065 secum

2042 2098 2320 2161 habebat,
2363 2099 2617 2170 pedibus
2649 2099 3026 2169 pervasisset,
3062 2099 3131 2152 ad
3157 2098 3455 2153 tumulum
3487 2115 3698 2169 quem-

2044 2188 2178 2243 dam
2214 2187 2605 2258 profectus,in
2632 2189 2761 2258 ejus
2775 2187 3007 2259 fastigio
3034 2189 3417 2242 eremitarum
3440 2194 3697 2243 turmam

2044 2277 2519 2333 inambulantem
2552 2277 2775 2342 cernit;
2812 2276 3099 2346 nullaque
3126 2276 3479 2347 interposita
3509 2293 3698 2346 mora,

2045 2384 2145 2422 eos
2167 2367 2240 2422 ad
2264 2383 2326 2421 se
2349 2366 2988 2437 adducijubet.Milites
3013 2366 3213 2435 itaque
3239 2365 3552 2419 celerrimo
3568 2382 3703 2420 cur-

2045 2474 2135 2523 su,
2161 2462 2339 2528 atque
2361 2456 2462 2511 alii
2482 2455 2631 2510 alios
2655 2462 3022 2510 antevertere
3040 2454 3699 2511 contendentes.tumu~

2044 2546 2171 2601 lum
2193 2552 2421 2617 petunt.
2448 2547 2646 2616 quue
2671 2562 2806 2600 cum
2833 2546 3264 2615 pervenissent,
3290 2543 3701 2599 circumdede-

2044 2641 2186 2691 runt
2214 2652 2315 2690 eos
2344 2640 2625 2705 tanquam
2650 2650 2827 2689 canes
2850 2633 3020 2688 multi
3047 2634 3216 2703 (Psal.
3265 2635 3406 2703 xxi),
3440 2639 3542 2688 aut
3573 2638 3702 2688 tan-

2048 2742 2225 2796 quam
2246 2724 2542 2796 pestiferae
2566 2723 2839 2794 quzedam
2861 2728 2921 2777 et
2946 2723 3237 2777 humanes
3250 2722 3497 2788 belluas;
3524 2729 3702 2792 atque

2048 2816 2208 2887 ipsos
2240 2821 2363 2869 tum
2386 2814 2505 2869 oris
2531 2813 2747 2884 specie.
2774 2820 2898 2867 tum
2922 2812 3127 2866 habitu
3158 2811 3700 2877 venerandos,soli-

2051 2905 2334 2974 tariazque
2369 2902 2811 2958 exercitationis
2862 2909 3034 2957 notas
3091 2902 3151 2957 in
3209 2902 3372 2956 vultu
3421 2901 3704 2970 ferentes,

2050 2992 2584 3065 comprehendunt,
2617 2998 2999 3064 raptatosque
3036 2992 3247 3047 Arachi
3282 2991 3585 3055 exhibent,
3620 2990 3706 3045 sic

2054 3084 2252 3139 animo
2272 3088 2665 3153 comparatos,
2699 3088 2764 3136 ut
2784 3098 2893 3136 nec
2916 3083 3038 3136 ullo
3064 3081 3238 3136 modo
3282 3080 3710 3152 perturbaren-

2058 3180 2172 3239 tur,
2196 3189 2305 3227 nec
2328 3172 2602 3243 ignavum
2618 3170 2846 3241 aliquid
2862 3188 2927 3225 ac
2948 3171 3115 3226 triste
3130 3171 3217 3225 vel
3242 3188 3362 3242 pra:
3384 3187 3443 3225 se
3463 3170 3709 3238 ferrent,

2048 3263 2138 3317 vel
2174 3262 2586 3332 loquerentur.
2622 3261 2728 3326 Qui
2763 3268 2960 3315 autem
2988 3261 3151 3331 ipsos
3183 3277 3393 3316 omnes
3420 3266 3708 3330 tanquam

2050 3353 2299 3408 antistes
2330 3350 2600 3423 prmibat,
2627 3367 2695 3405 ex
2728 3350 2922 3406 cilicio
2955 3356 3291 3406 contextam
3311 3367 3538 3422 peram,
3565 3366 3709 3420 quo-

2052 3441 2326 3496 rumdam
2358 3447 2698 3496 sanctorum
2733 3442 2995 3506 Patrum,
3028 3440 3127 3511 qui
3161 3456 3231 3494 ex
3261 3441 3371 3495 hac
3418 3439 3538 3494 vita
3584 3438 3714 3494 dis-

2051 3536 2375 3597 cesserant,
2408 3529 2680 3600 reliquiis
2711 3530 3039 3583 confertam
3070 3528 3359 3602 gestabat.

2123 3622 2470 3693 Conspectis
2508 3626 2707 3675 autem
2742 3621 2887 3691 ipsis
2919 3620 3202 3681 Araches,
3236 3626 3302 3673 ut
3333 3618 3713 3674 Barlaamum

2056 3710 2304 3764 minime
2322 3710 2468 3764 vidit
2490 3712 2648 3779 (nam
2674 3726 2808 3764 eum
2835 3712 3025 3779 norat)
3047 3725 3300 3764 mmrore
3323 3707 3714 3764 conturbatus

2055 3804 2162 3863 est,
2185 3804 2361 3869 atque
2376 3798 2451 3853 ad
2474 3815 2575 3853 eos
2598 3798 2779 3852 dixit:
2814 3796 3062 3853 Ubinam
3081 3798 3471 3869 estimpostor
3488 3798 3588 3853 ille
3612 3799 3715 3870 qui

2055 3889 2210 3961 regis
2234 3888 2422 3943 ﬁlium
2450 3888 2509 3941 in
2533 3905 2792 3943 errorem
2812 3887 3086 3943 induxit?
3103 3889 3155 3942 Is
3178 3894 3378 3943 autem
3397 3888 3495 3959 qui
3512 3904 3716 3960 peram

2057 3978 2327 4051 gestabat
2344 3978 2653 4048 respondit
2679 3994 2691 4031 :
2718 3979 2843 4032 Non
2869 3984 2959 4032 est
2978 3977 3080 4033 ille
3108 3979 3263 4032 inter
3284 3994 3412 4039 nos,
3439 3977 3595 4032 absit
3615 3978 3717 4046 (si-

2059 4067 2321 4139 quidem,
2344 4067 2560 4120 Christi
2584 4068 2773 4138 gratia
2792 4066 3021 4138 pulsus,
3047 4083 3081 4121 a
3104 4065 3275 4121 nobis
3296 4066 3488 4139 fugit),
3516 4082 3719 4122 verum

2059 4156 2215 4228 apud
2235 4172 2333 4210 vos
2358 4154 2732 4209 domicilium
2767 4155 2963 4210 habet.
2990 4157 3137 4209 Eum
3164 4171 3323 4227 ergo,
3356 4154 3552 4225 inquit
3580 4153 3721 4223 dux,

2060 4247 2218 4301 nosti
2233 4245 2462 4300 ?Certe.
2482 4244 2675 4315 inquit
2698 4245 2966 4312 eremita,
2993 4260 3127 4299 eum
3144 4245 3245 4314 qui
3261 4245 3553 4317 impostor
3574 4243 3725 4300 dici-

2060 4342 2158 4392 tur
2172 4336 2326 4400 novi,
2350 4335 2461 4389 hoc
2480 4340 2569 4389 est
2585 4334 2910 4399 diabolum,
2939 4336 3037 4406 qui
3056 4335 3116 4388 in
3133 4334 3328 4389 medio
3347 4334 3525 4389 vestri
3548 4333 3723 4389 habi-

2062 4431 2167 4492 tat,
2195 4430 2371 4495 atque
2394 4440 2429 4478 a
2450 4423 2615 4479 vobis
2658 4422 2941 4478 adoratur
2972 4429 3031 4479 et
3061 4422 3293 4479 colitur.
3327 4424 3431 4479 Hic
3459 4422 3574 4479 dux
3601 4440 3614 4478 :
3645 4424 3722 4479 De

2064 4515 2333 4569 Barlaam
2360 4529 2464 4586 ego
2493 4530 2717 4584 quaero.
2743 4513 2938 4584 deque
2963 4531 3031 4569 eo
3062 4513 3457 4586 percontabar
3476 4514 3725 4569 ubinam

292 4605 425 4679 Περί
457 4603 554 4659 τοῦ
586 4603 852 4678 Βαρλαάμ
877 4601 984 4679 ἐγὼ
1013 4603 1115 4671 τὴν
1148 4603 1377 4672 ζήτησιν
1429 4598 1567 4678 ἔχω,
1617 4603 1707 4657 καὶ
1750 4608 1935 4660 τοῦτοπ

2063 4610 2235 4659 esset.
2261 4603 2582 4658 Monachus
2605 4607 2804 4657 autem
2830 4619 2842 4656 :
2874 4604 2989 4657 Cur
3012 4603 3212 4675 igitur,
3241 4603 3457 4675 inquit,
3492 4621 3724 4675 praepo-

288 4692 517 4766 ἠρόμην
560 4713 618 4769 σε
669 4698 856 4765 μαθεῖν
915 4696 1021 4747 ποῦ
1075 4690 1239 4747 ἔστιν·
1283 4694 1518 4750 196⁸0
1572 4690 1629 4748 δέ
1686 4693 1951 4769 μοναχός·

287 4781 399 4838 Καὶ
425 4778 519 4835 ἵνα
545 4780 623 4850 τί,
664 4780 853 4856 φησὶν,
912 4778 1287 4851 ἀλληνάλλως
1333 4778 1634 4852 ἐλάλησας,
1683 4782 1809 4857 περὶ
1857 4786 1954 4836 τοῦ

284 4869 667 4940 ἀπατήσαντος
696 4870 786 4925 τὸν
820 4870 937 4925 υἱὸν
968 4874 1065 4924 τοῦ
1100 4869 1369 4946 βασιλέως
1401 4871 1499 4940 τήν
1535 4874 1722 4925 πεῦσιν
1779 4891 1954 4944 προσ-

286 4959 553 5037 αγαγὼν;
587 4958 633 5014 εἰ
659 4960 764 5035 γάρ
794 4960 889 5015 τὸν
942 4958 1205 5035 Βαρλαᾶμ
1254 4958 1483 5030 ἐζήτείς,
1539 4957 1647 5015 ἔδει
1705 4981 1763 5015 σε
1818 4963 1950 5016 πάν-

282 5072 403 5114 τως
433 5048 624 5105 εἰπεῖν*
682 5053 796 5104 Ποῦ
856 5047 999 5105 ἔστιν
1033 5050 1060 5105 ὁ
1091 5048 1152 5104 ἐκ
1204 5052 1307 5115 τῆς
1357 5048 1575 5120 πλάνης
1630 5048 1955 5125 ἐπιστρέψας

284 5140 381 5195 καὶ
446 5138 624 5201 σώσας
685 5137 778 5193 τὸν
842 5142 940 5193 τοῦ
1004 5137 1275 5213 βασιλέως
1328 5136 1486 5206 υἱόν;
1553 5139 1795 5203 Ἐκεῖνος
1850 5139 1953 5215 γὰρ

2066 4700 2220 4749 stere
2235 4694 2468 4748 locutus
2482 4710 2542 4747 es
2566 4691 2637 4748 de
2656 4708 2724 4747 eo
2739 4692 2840 4764 qui
2859 4693 3014 4765 regis
3030 4694 3152 4749 filio
3168 4693 3564 4766 imposturam
3580 4693 3724 4749 fecit

2063 4800 2157 4839 me
2178 4782 2590 4856 interrogans?
2610 4783 2753 4836 Nam
2778 4781 2827 4836 si
2853 4782 3224 4838 Barlaamum
3249 4783 3725 4854 quaerebas,om-

2064 4873 2206 4929 nino
2230 4872 2490 4944 italoqui
2516 4872 2859 4944 oportebat:
2897 4872 3147 4928 Ubinam
3178 4873 3279 4928 ille
3313 4879 3403 4928 est
3432 4873 3531 4944 qui
3565 4872 3722 4943 regis

2066 4964 2258 5019 [ilium
2276 4962 2348 5018 ab
2373 4978 2571 5017 errore
2598 4962 2659 5017 in
2681 4963 2833 5018 viam
2856 4962 3112 5021 reduxit.
3137 4979 3205 5017 ac
3230 4961 3421 5017 salute
3444 4960 3725 5016 donavit?

2065 5054 2211 5109 Nam
2224 5052 2326 5107 ille
2339 5052 2523 5108 frater
2535 5056 2740 5106 noster
2753 5058 2864 5119 est,
2888 5069 2955 5107 ac
2971 5052 3260 5125 religiosa:
3280 5049 3724 5106 exercitationis

2067 5143 2282 5197 socius.
2311 5140 2475 5196 Multi
2501 5146 2701 5196 autem
2717 5142 2845 5213 jam
2874 5142 3000 5197 dies
3025 5146 3316 5197 suntcum
3336 5156 3472 5196 eum
3494 5156 3615 5195 non
3630 5138 3728 5221 _vi-

368 5292 444 5367 (β)
482 5294 530 5348 Α
554 5292 690 5367 sine
712 5293 1165 5367 pravpositione,
1197 5290 1441 5355 ὁδεύσας.
1474 5292 1707 5349 Psellus
1733 5295 1814 5348 De
1833 5294 1934 5367 dae

2047 5312 2100 5349 [ι.
2135 5311 2247 5367 pag
2300 5296 2406 5350 54:
2439 5290 2642 5367 κλόνον
2673 5292 2734 5347 οὐ
2770 5291 3321 5367 μέτριονᾉέργᾶζεναι.
3355 5292 3440 5347 Ibi
3486 5292 3726 5367 plenius

293 5363 671 5451 codex’l‘BiO,
702 5363 1085 5438 ἄπεργάζεται.
1132 5366 1359 5423 Rursus
1416 5382 1547 5437 pag.
1610 5368 1715 5421 5'7:
1776 5365 1885 5421 Τὸν

2047 5363 2154 5420 ηντα
2198 5363 2373 5439 νεκρῷ
2433 5363 2820 5439 παραπλήσιον
2874 5363 3184 5439 ἐργάζεται·
3246 5382 3454 5421 rursus
3490 5363 3719 5435 'codex,

290 5433 673 5508 ἀπεργάζεται.

368 5504 536 5581 mc,
569 5504 877 5581 σήμανδρα.

368 5578 1164 5655 (8).Ο,-γενόμενον.ΑΙΙΙοιᾛΠὶ
1196 5580 2175 5655 participiorﬁumrpermutationem
2208 5581 2371 5655 attigi
2406 5580 2477 5636 ad
2512 5581 2789 5655 Nicetnp.
2826 5585 2944 5655 152.
2979 5579 3176 5653 Lydus
3206 5580 3285 5655 I_)e
3319 5583 3430 5633 ost.
3464 5582 3498 5633 2
3529 5596 3587 5650 p.
3643 5581 3720 5636 2:

290 5645 516 5728 ’ἱππεὺς
545 5645 603 5706 δὲ
625 5645 734 5728 ᾇρᾶ
763 5653 828 5720 ἦν
860 5651 923 5705 τὸ
951 5645 1244 5725 γενόμενόν
1278 5645 1493 5727 σχῆμα.
1519 5654 1661 5726 Conj
1673 5645 1895 5725 ectura,
1928 5675 1935 5704 ‹

2047 5672 2059 5709 3
2090 5654 2204 5709 fuit
2233 5645 2687 5727 ibivprOposita,
2716 5645 3042 5728 Χεγόμενονξ
3068 5652 3422 5724 neutiquam
3452 5645 3582 5707 esse
3614 5666 3722 5713 ηο-

294 5722 560 5780 cessaria
587 5723 842 5782 videtur.
