4112 6378
449 399 598 458 4067

449 618 971 689 lus,imposturam
1000 621 1256 672 vestram
1289 614 1871 688 sequens,de~'ertam
1898 617 2118 665 terram

453 708 962 778 relinquat.atque
983 723 1017 760 a
1033 707 1244 778 patriis
1258 705 1371 761 diis
1381 703 1964 768 deﬂciens,alienum
1978 699 2121 754 ado-

457 804 570 864 ret,
607 796 915 869 suppliciis
936 812 1038 850 vos
1068 810 1136 849 ac
1168 801 1361 850 morte
1410 795 1666 850 multare
1714 793 1959 866 dignum
1993 805 2121 845 esse

456 887 741 962 judicavi.
771 885 1092 941 Monachus
1117 891 1319 941 autem
1351 885 1584 957 inquit:
1616 885 1673 938 Si
1705 899 1916 939 omnes
1936 881 2125 936 bono-

459 996 595 1036 rum
629 977 881 1048 hujusce
910 975 1042 1030 vitm
1086 975 1412 1048 participes
1462 991 1590 1030 esse
1651 974 1841 1045 cupis,
1869 989 1975 1028 cur
2004 988 2126 1026 non

461 1067 740 1127 omnibus
773 1083 844 1121 ex
874 1082 1046 1136 aequo
1080 1065 1328 1122 delicias
1362 1071 1421 1120 et
1451 1082 1593 1136 opes
1645 1070 1776 1120 tuas
1809 1061 2080 1134 impertis
2103 1061 2130 1115 ?

460 1160 677 1213 Verum
701 1155 802 1211 alii
827 1155 1073 1226 quidem
1096 1155 1527 1228 quamplurimi
1553 1159 1899 1226 paupertate
1923 1150 2130 1207 conﬂi-

459 1252 789 1311 ctantur,tu
819 1263 955 1302 vero
991 1246 1261 1317 ipsorum
1284 1247 1596 1302 facultates
1617 1263 1722 1318 per
1751 1245 1871 1299 vim
1896 1248 2131 1316 ereptas

458 1339 581 1393 tuis
601 1336 1016 1409 adjungis?Ex
1039 1353 1158 1408 quo
1177 1338 1561 1408 perspicuum
1595 1342 1686 1391 est
1716 1341 1770 1390 te
1802 1333 2012 1390 salutis
2025 1350 2133 1404 po-

462 1427 592 1500 puli
621 1443 766 1482 cura
794 1426 1044 1482 minime
1077 1427 1258 1499 tangi.
1284 1443 1488 1482 verum
1517 1443 1758 1481 carnem
1793 1431 1954 1481 tuam
1979 1424 2103 1496 sagi
2121 1455 2133 1463 -

466 1532 634 1578 nare.
651 1516 966 1572 materiam
989 1515 1267 1572 videlicet
1291 1516 1624 1571 corrosuris
1655 1516 1956 1571 vermibus
1980 1532 2135 1587 prae-

466 1612 800 1680 parantem.
833 1609 914 1660 Ac
945 1611 1263 1677 propterea
1292 1606 1563 1660 omnium
1588 1606 1705 1660 Deo
1733 1605 2134 1678 abjurato.eos

470 1696 573 1768 qui
599 1713 719 1751 non
738 1698 966 1761 sunt,et
992 1694 1091 1766 qui
1108 1711 1288 1750 omne
1303 1695 1665 1768 ﬂagitiorum
1685 1711 1871 1767 genus
1894 1695 2136 1749 invene-

467 1785 780 1849 runt,deos
808 1783 1218 1855 appellasti.ut
1239 1783 1381 1838 dum
1397 1784 1468 1839 ad
1499 1800 1703 1838 eorum
1738 1784 2135 1839 imitationem

1990 389 2360 462 annnam.

447 531 587 587 Jesu
604 525 991 584 tribuendum
1005 542 1137 582 esse
1159 523 1918 599 praedicatis.Quocirca,ne
1931 534 2115 592 popu-

2247 512 2320 570 ιαὶ
2479 525 2591 616 τῶν
2621 528 2756 589 θεῶν
2787 521 2959 604 τιμῆν
2985 531 3065 606 τῷ
3108 531 3291 606 Ἰησοῦ
3348 532 3625 616 ἀπονέμειν

3716 420 3832 484 ιοω

3667 548 3832 608 nupti:-

2364 569 2446 629 με-
2490 569 2582 578 ...-
2622 569 2753 589 νυν,
2800 569 2958 604 ..μιν
2996 569 3065 606 »ψ
3129 569 3291 606 ιιιυυυ
3348 569 3625 616 unave.th
3667 569 3832 626 κηρυτ.

2230 625 2368 665 τετε.
2409 614 2517 704 ΔΙνα
2545 614 2649 704 οῦν
2673 618 2774 690 μή,
2824 618 2894 694 τῇ
2939 620 3175 698 ὑμετέρᾳ
3235 625 3410 703 ἀπάτῃ
3463 629 3834 704 ἐξακολουθοῦν.

2229 715 2341 760 τες,
2375 699 2428 755 οἱ
2463 699 2589 758 λαοὶ
2623 702 2832 782 ἔρημον
2859 710 2960 778 τὴν
3021 719 3125 787 γῆς
3178 713 3545 787 καταλίπωσι,
3600 725 3703 795 καὶ,
3753 734 3834 786 τῶν

2233 789 2475 894 πατρίων
2560 793 2892 862 ἀποστάντες
2943 804 3102 875 θεῶν,
3164 803 3450 883 ἀλλοτρίῳ
3525 789 3836 894 λατρεῦσωσι,

2234 881 2530 970 ⁶τιμωρίαις
2621 886 2760 960 ὑμᾶς
2838 891 2928 945 καὶ
2991 893 3242 960 Θανάτοις
3294 881 3585 957 ὑποϐαλεῖν
3624 881 3835 970 ’δίκαιον

2241 967 2560 1075 {iapix/.0130.
2601 973 2658 1030 δὲ
2717 983 2968 1057 μοναχὸς
3025 986 3205 1062 φησίν
3263 987 3328 1046 Εἰ
3384 992 3583 1059 πάντας
3630 999 3836 1076 μετέχειν

2237 1064 2344 1115 τῶν
2378 1061 2594 1161 αγαθῶν
2623 1071 2720 1122 τοῦ
2781 1069 2901 1144 βίου
2962 1061 3153 1149 ὁρὲγῃ,
3206 1076 3260 1131 τί
3315 1080 3391 1151 μὴ
3442 1087 3594 1137 πᾶσιν
3623 1061 3698 1139 ἐπ’
3743 1061 3840 1161 ἴσης

2245 1149 2551 1250 μεταδίδως
2583 1161 2682 1225 τῆς
2711 1165 2920 1236 τρυφῆς
2952 1163 3042 1216 καὶ
3073 1168 3169 1218 τοῦ
3198 1149 3461 1240 πλοῦτου,
3520 1169 3641 1228 ἀλλ’
3693 1176 3739 1230 οὶ

2241 1238 2466 1305 πλείους
2500 1245 2660 1318 πενίᾳ
2691 1244 3194 1326 ταλαιπωροῦνται,
3227 1255 3288 1310 σὺ
3313 1255 3370 1313 δὶ
3398 1259 3464 1314 τά
3492 1260 3661 1318 αὐτῶν
3706 1238 3839 1340 προσ-

2243 1332 2578 1428 αφαρπάζων
2639 1343 2756 1400 τοῖς
2815 1339 3007 1396 ἑαυτοῦ
3063 1346 3410 1418 apemtum;
3497 1350 3593 1406 οὐκ
3638 1332 3843 1428 ἄρα’τῆς

2241 1426 2365 1512 τῶν
2385 1420 2616 1480 πολλῶν
2677 1431 2980 1506 φροντίζεις
3042 1438 3339 1512 σωτηρίας,
3393 1438 3538 1496 ἀλλὰ
3735 1420 3842 1503 ῒδίσν

2243 1511 2480 1578 πιαίνεις
2509 1515 2701 1588 σάρκα,
2746 1517 2883 1590 ὕλην
2944 1521 3249 1598 ἓτοιμάζων
3307 1530 3378 1600 τῆ
3433 1534 3536 1585 τῶν
3589 1533 3843 1606 σκωλήκων

2243 1598 2583 1678 κατιϐρώσει
2643 1610 2773 1680 {l7}.
2834 1611 2931 1666 Διὰ
2988 1617 3172 1683 τεῦτο,
3230 1616 3320 1672 καὶ
3376 1620 3466 1674 τὸν
3522 1625 3624 1676 τῶν
3673 1624 3841 1682 πάντων

2246 1691 2702 1788 άπαρνησάμενος
2761 1701 2910 1769 Θεὸν,
2941 1702 3068 1766 τοὺς
3103 1706 3180 1778 μὴ
3242 1703 3402 1774 ὄντας
3450 1713 3845 1788 προσηγόρευσας

2245 1781 2423 1851 θεοὺς,
2467 1784 2595 1848 τοὺς
2661 1789 2839 1859 πάσης
2893 1795 3235 1868 παρανομίας
3285 1796 3586 1876 ἐφευρετὰς,
3635 1800 3717 1858 ’ἱνα
3764 1827 3846 1878 σοι,

469 1872 798 1928 libidinose
832 1889 900 1927 ac
933 1871 1225 1946 ﬂagitiose
1257 1873 1422 1941 vivis,
1456 1872 1514 1926 id
1547 1873 2134 1944 assequaris,utdeo-

2247 1874 2383 1928 κατὰ
2418 1875 2653 1948 μίμησιν
2684 1880 2861 1935 αὐτῶν
2902 1881 3274 1960 ἀσελγαίνοντι
3327 1889 3419 1943 καὶ
3477 1899 3845 1968 παρανομοῦντι,

467 1979 602 2018 rum
625 1962 892 2016 imitator
919 1978 1048 2016 esse
1076 1960 1442 2032 prmdiceris.
1469 1963 1615 2017 Nam
1642 1962 1787 2032 quid
1814 1964 2014 2018 afferri
2041 1980 2139 2035 po-

467 2057 606 2119 test,
641 2051 786 2122 quin
820 2067 954 2121 qum
976 2050 1154 2105 vestri
1199 2049 1283 2106 dii
1315 2051 1609 2116 fecerunt,
1661 2052 1869 2108 eadem
1903 2069 2140 2125 quoque

470 2141 881 2211 homines,qui
904 2140 1052 2212 ipsis
1083 2141 1354 2196 animum
1386 2141 1928 2213 adjiciunt.faciant
1947 2143 1974 2198 ?
1995 2144 2144 2208 Qua-

467 2236 720 2304 propter
741 2231 803 2286 iu
854 2246 1071 2304 magno
1114 2229 1386 2301 profecto
1417 2248 1619 2287 errore
1651 2233 1930 2293 versaris.
1954 2249 1986 2287 o
2021 2249 2142 2288 rex.

477 2321 712 2377 Vereris
745 2325 944 2376 autem
977 2336 1052 2375 ne
1071 2320 1363 2391 quosdam
1383 2321 1704 2393 populares
1737 2328 1871 2377 tuos
1893 2322 2148 2378 adduca-

481 2427 616 2466 mus
648 2415 715 2465 ut
735 2409 959 2466 nostris
990 2409 1246 2464 decretis
1268 2408 1688 2478 assentientes,
1717 2429 1752 2466 a
1773 2417 1873 2466 tuo
1897 2413 2146 2484 imperio

397 2487 406 2496 ’
480 2499 1026 2571 desciscant,atque
1050 2499 1124 2554 ad
1147 2499 1277 2572 ejus
1304 2499 1406 2570 qui
1428 2500 1633 2556 omnia
1653 2503 1999 2558 continetac
2021 2509 2149 2558 tue-

482 2597 579 2646 tur
608 2594 808 2663 partes
840 2607 902 2645 se
915 2589 1452 2662 adjungant.Cupis
1465 2591 1627 2645 enim
1651 2593 1874 2647 multos
1897 2599 1953 2648 te
1967 2594 2150 2649 avari-

479 2679 577 2735 tia:
592 2685 706 2734 tum
729 2679 1116 2735 administros
1129 2679 1447 2748 11abere,ut
1463 2681 1578 2752 ipsi
1592 2682 1833 2752 quidem
1850 2701 2150 2738 aerumnas

478 2768 755 2836 subeant,
775 2766 880 2822 tibi
898 2773 1101 2823 autem
1134 2784 1339 2823 eorum
1376 2785 1561 2842 opera
1591 2777 1856 2840 quaestus
1887 2789 2149 2846 augean-

479 2865 576 2915 tur
601 2857 1133 2931 :quemadmodum
1159 2857 1438 2914 videlicet
1461 2859 1510 2914 si
1525 2860 1825 2932 quispiam
1848 2879 2030 2918 canes
2049 2870 2151 2920 aut

478 2965 616 3004 aves
645 2947 720 3004 ad
751 2948 1016 3020 prmdam
1040 2948 1337 3004 cicuratas
1395 2948 1585 3014 alens,
1620 2966 1720 3005 eos
1754 2952 1996 3022 quidem
2013 2959 2150 3008 ante

477 3037 744 3111 pradam
763 3037 1529 3110 demulceat,posteaquam
1544 3045 1744 3095 autem
1771 3042 1998 3113 aliquid
2011 3044 2153 3099 arri-

476 3129 740 3201 puerint,
766 3144 837 3185 ex
864 3143 966 3182 ore
993 3127 1256 3199 praidam
1289 3128 1438 3198 ipsis
1465 3134 1834 3200 extorqueat.
1869 3131 1957 3186 Ad
1981 3149 2150 3188 eum-

479 3218 619 3274 dem
649 3218 810 3274 enim
848 3216 1092 3273 modum
1125 3222 1187 3272 tu
1237 3234 1480 3288 quoque
1540 3219 1762 3274 multos
1805 3220 2024 3276 habere
2056 3239 2151 3278 cu-

477 3306 783 3380 piens,qui
806 3304 913 3361 tibi
941 3305 1158 3378 partim
1181 3322 1212 3360 e
1245 3305 1646 3378 terra,partim
1692 3325 1722 3363 e
1753 3309 1904 3363 mari
1930 3310 2150 3366 tributa

483 3399 545 3452 et
571 3395 884 3469 vectigalia
913 3394 1312 3462 deferant,ais
1343 3395 1586 3466 quidem
1623 3397 1727 3452 tibi
1753 3415 1959 3453 eorum
1987 3401 2148 3456 salu-

486 3493 605 3542 tem
631 3503 788 3542 σοι-ω
813 3501 967 3553 esse,
1001 3491 1283 3540 caeterum
1317 3485 1752 3557 sempiternum
1783 3488 1949 3560 ipsis,
1981 3491 2145 3562 prius

478 3594 660 3650 quam
690 3577 872 3633 etiam
905 3575 1011 3631 tibi
1034 3575 1149 3648 ipsi
1173 3575 1420 3632 exitium
1448 3578 1725 3646 accersis,
1747 3578 1974 3652 tibique
1993 3581 2145 3638 illud

479 3668 626 3724 satis
647 3671 830 3732 est,ut
849 3681 994 3738 opes
1041 3666 1250 3737 quovis
1293 3670 1555 3722 stercore
1588 3684 1656 3722 ac
1688 3685 1857 3725 οωηο
1904 3670 2143 3728 viliores

481 3756 588 3810 tibi
617 3755 887 3824 afﬂuant,
919 3771 1030 3811 nec
1062 3754 1489 3811 animadvertis
1516 3761 1572 3811 te
1603 3756 1850 3813 luminis
1882 3760 2012 3816 loco
2057 3767 2144 3816 te-

478 3844 695 3902 nebras
716 3845 1278 3917 complecti.Verum
1313 3862 1382 3900 ex
1412 3846 1524 3902 hoc
1556 3850 1714 3920 gravi
1749 3866 2145 3923 somno,quae-

476 3952 830 4008 so,emerge,
863 3935 1219 4006 clausosque
1279 3941 1412 3991 tuos
1465 3937 1670 3992 oculos
1728 3941 1913 4011 aperi,
1939 3957 2007 3996 ac
2039 3943 2142 3996 Dei

476 4026 667 4082 nostri
697 4024 1257 4098 gloriam,omnibus
1280 4026 1546 4098 undique
1563 4027 2139 4101 illucentem,cerne,

477 4113 840 4186 tandemque
863 4113 1186 4186 aliquando
1219 4114 1294 4169 ad
1324 4115 1582 4187 teipsum
1614 4117 1764 4174 redi.
1821 4119 2142 4190 Intelligite

478 4203 662 4273 enim,
693 4203 910 4276 inquit,
942 4203 1298 4276 insipientes
1353 4204 1413 4260 in
1464 4205 1775 4278 pepulo,et
1824 4209 1988 4264 stulti
2021 4211 2139 4265 ali-

477 4292 717 4366 quando
744 4293 933 4366 sapite
952 4293 1361 4366 (Psal.xxx1x).
1392 4293 1548 4350 Illud
1566 4296 1931 4362 scias,alium
1961 4299 2139 4356 deum

479 4399 601 4440 non
633 4375 763 4440 ease
792 4387 1010 4455 praeter
1039 4385 1228 4440 Deum
1277 4388 1552 4440 nostrum
1604 4386 1773 4456 (Psal.
1835 4392 1994 4459 XVII),
2030 4407 2137 4446 nec

477 4471 687 4536 ullam,
721 4472 840 4528 nisi
862 4471 924 4528 in
955 4472 1085 4546 ipso
1108 4472 1384 4529 salutem.

550 4561 672 4616 Rex
701 4565 940 4616 autem:
973 4561 1204 4624 Stultis,
1227 4562 1444 4633 inquit,
1478 4562 1571 4618 his
1605 4565 1720 4620 tuis
1750 4568 1922 4640 nugis
1956 4570 2137 4628 finem

2249 1961 2312 2016 τὸ
2373 1967 2626 2037 μιμητὴς
2678 1968 3091 2046 ἀναγορεύεσθαι
3146 1979 3252 2030 τῶν
3332 1980 3466 2034 Θεῶν
3516 2003 3609 2036 σου
3667 1985 3846 2060 προσγέο

2251 2073 2432 2148 νηται.
2461 2056 2565 2148 Οἷα
2593 2056 2692 2132 γάρ
2729 2059 2780 2112 οἱ
2812 2060 2922 2115 Θεοὶ
2959 2061 3113 2135 ὑμῶν
3146 2061 3401 2142 ἔπραξαν,
3447 2073 3564 2135 πῶς
3617 2056 3730 2148 οὐχὶ
3780 2056 3844 2130 καὶ

2256 2141 2311 2234 ei
2341 2145 2707 2220 προσέχοντες
2751 2149 2940 2214 αὐτοῖς
3000 2141 3280 2230 ἂνθρωποι
3340 2159 3598 2234 πράξουσι
3632 2141 3844 2234 ςίίλάνην

2258 2229 2348 2286 οὖν
2397 2234 2641 2310 μεγάλην
2696 2239 3065 2311 πεπλάνησαι,
3104 2229 3169 2300 γῶ
3232 2229 3482 2324 βασιλεῦ,
3543 2229 3767 2317 Δὲδνοικας
3809 2229 3848 2311 il

2262 2325 2337 2396 μή
2368 2346 2517 2388 τινας
2547 2331 2646 2380 τοῦ
2679 2324 2820 2384 λαοῦ
2840 2331 3150 2407 πείσαιμεν,
3207 2343 3328 2401 τοῖς
3381 2340 3662 2418 ἡμετέροις
3712 2348 3848 2401 συνθε·

2263 2414 2477 2486 μὲνους,
2511 2416 2816 2488 ἀποστῆναί
2847 2442 2942 2478 σου
2973 2431 3072 2493 τῆς
3131 2429 3318 2503 χειρὸς
3379 2429 3470 2485 καὶ
3617 2433 3681 2489 τὰ
3725 2435 3848 2490 πάντα

2259 2504 2570 2600 συνεχοῦσῃ
2602 2519 3100 2600 προσοικειωθῆναι
3149 2519 3322 2593 χειρί’
3387 2504 3577 2584 θέλεις.
3610 2524 3702 2600 γὰρ
3747 2523 3847 2580 πολ-

2261 2592 2558 2685 λοὺςεῖναι
2588 2597 2716 2660 τοὺς
2784 2602 3091 2678 ὑπουργοὺς
3144 2592 3253 2676 τῆς
3308 2615 3411 2678 σῆς
3460 2592 3762 2685 πλεονεξίας,
3799 2613 3848 2668 ἵν’

2261 2682 2414 2738 αὐτοὶ
2450 2685 2545 2757 μὲν
2574 2686 2994 2766 ταλαιπωρῶσι,
3027 2694 3112 2749 σοὶ
3147 2692 3205 2751 δὲ
3261 2697 3334 2754 τὰ
3389 2702 3516 2772 παρ’
3540 2701 3700 2758 αὐτῶν
3725 2725 3841 2778 προσ-

2260 2774 2479 2868 γένοιτο
2530 2775 2720 2852 κέρδη.
2780 2785 2874 2836 Ὃν
2936 2782 3142 2856 τρόπον
3197 2787 3368 2851 κύνας
3445 2811 3527 2854 τις
3606 2774 3839 2868 τρέφωνῆ

2262 2857 2420 2956 ὄρνεα
2453 2864 2528 2927 εἷς
2563 2868 2734 2940 θήραν
2784 2874 3233 2947 τιθασσευόμενα,
3291 2877 3406 2950 πρὸ
3468 2881 3558 2953 μὶν
3588 2857 3680 2952 της
3725 2857 3840 2956 Θήρας

2259 2951 2578 3008 κολακεύων
2609 2960 2775 3011 ταῦτα
2805 2959 3076 3036 φαίνοιτο,
3110 2966 3255 3022 20]
3289 2951 3477 3036 ἡνίκα
3505 2968 3559 3025 δὲ
3600 2951 3837 3048 κατάσχιυσί

2260 3062 2311 3096 τι
2341 3046 2450 3097 τῶν
2485 3047 2893 3119 θηρευομένων,
2931 3051 3126 3126 βιαίως
3172 3053 3355 3110 αὐτῶν
3405 3062 3504 3114 τοῦ
3559 3046 3832 3135 στόματοςτό

2262 3134 2516 3222 ρηρευθὶν
2542 3135 2865 3214 ἀφαρπάζει·
2900 3140 3043 3198 οὕτω
3075 3141 3141 3215 δὴ
3171 3145 3258 3201 καὶ
3324 3147 3412 3222 σὺ,
3473 3134 3702 3218 πολλοῦς
3725 3153 3826 3209 Θέλω

2179 3265 2222 3331 C
2260 3217 2409 3298 ἔχειν
2440 3224 2568 3290 τοὺς
2598 3227 2800 3301 φόρους
2826 3251 2910 3286 σοι
2941 3234 3031 3288 καὶ
3063 3232 3197 3306 τὲλη
3233 3235 3294 3292 ὲκ
3345 3246 3452 3316 γῆς
3501 3241 3588 3298 καὶ
3636 3241 3836 3311 θαλάσσης

2387 3313 2432 3331 ...
2650 3317 2668 3331 ς
2694 3316 2705 3331 .
2898 3321 2910 3331 .
3053 3329 3059 3331 _
3191 3325 3202 3331 -

2259 3313 2615 3408 κομίζοντας,
2649 3316 2827 3408 λέγεις
2855 3321 2951 3394 μὲν
2993 3329 3095 3394 τῆς
3145 3325 3325 3383 αὐτῶν
3361 3313 3665 3408 φροντίζειν
3703 3353 3835 3399 σωτη-

2256 3403 2401 3477 ρίας,
2435 3403 2712 3461 ἀπώλειαν
2743 3404 2800 3463 δὲ
2831 3409 3014 3475 αὐτοῖς
3073 3416 3352 3491 προξενῶν
3394 3403 3632 3488 αἰώνιον,
3666 3421 3742 3495 πρὸ
3786 3416 3828 3474 δὲ

2255 3495 2471 3549 πάντων
2509 3502 2736 3570 σεαυτῷ,
2765 3496 2855 3554 ’ίνα
2890 3501 3055 3575 μόνον
3085 3525 3170 3561 σοι
3229 3508 3257 3561 ὁ
3320 3505 3608 3567 σκυϐάλων
3651 3511 3719 3566 καὶ
3759 3529 3830 3563 σα·

2253 3590 2428 3659 πριῶν
2461 3586 2872 3667 ἀχρηστότερος
2907 3593 3155 3668 βρίθοιτο
3213 3596 3481 3674 πλοῦτος,
3515 3601 3718 3672 λέληθας
3741 3599 3838 3654 σκό-

2253 3695 2347 3737 τος
2377 3675 2495 3731 ἀντὶ
2524 3678 2704 3752 φωτὸς
2732 3684 3004 3757 κατέχων.
3030 3684 3187 3742 Ἀλλ’
3217 3687 3496 3766 ἀνάνηψον
3512 3697 3603 3749 τοῦ
3628 3701 3839 3765 καταχθο-

2252 3764 2371 3819 νίου
2411 3764 2582 3822 ὕπνου
2620 3768 2840 3842 τούτου,
2895 3769 3165 3846 διάνοιξόν
3255 3799 3357 3834 σου
3411 3764 3546 3846 τοὺς
3600 3764 3844 3855 μεμυκότα(

2255 3853 2596 3930 ὀφθαλμοὺς,
2629 3859 2718 3914 καὶ
2750 3857 2836 3916 ’ὶδε
2864 3863 2964 3932 τήν
2995 3863 3458 3941 περιλάμπουσαν
3514 3853 3635 3928 πᾶσι
3661 3853 3753 3945 (18)
3775 3871 3845 3923 τοῦ

2253 3948 2388 3999 Θεοῦ
2411 3947 2574 4018 ἡμῶν
2607 3945 2786 4019 δόξὰν·
2820 3951 2911 4007 καὶ
2945 3953 3008 4008 σύ
3047 3975 3181 4010 ποτε
3232 3965 3462 4017 σεαυτοῦ
3505 3966 3670 4039 γενοῦ
3702 3958 3850 4015 Σῦνετε

2249 4033 2378 4109 γὰρ,
2411 4033 2638 4112 ἄφρονες
2663 4035 2712 4092 ἓν
2749 4045 2829 4113 τῷ
2863 4038 3100 4115 λαῷ,καὶ
3159 4048 3342 4123 μωροί
3395 4071 3527 4106 ποτε
3582 4051 3847 4129 φρονήσετε,

2252 4123 2419 4199 φησὶν
2448 4126 2476 4180 ὁ
2503 4129 2798 4204 προφήτης
2839 4134 2972 4204 (19)·
3009 4133 3158 4198 σύνες
3193 4137 3278 4192 ὅτι
3307 4139 3412 4196 οὐκ
3441 4135 3552 4196 ἔστι
3581 4123 3848 4208 deﬁgam?

2249 4217 2348 4267 τοῦ
2381 4219 2514 4270 Θεοῦ
2567 4218 2753 4291 ἡμῶν,
2813 4222 2900 4277 καὶ
2957 4223 3056 4279 οὐκ
3112 4220 3226 4281 ἔστι
3282 4230 3548 4305 σωτηρία,
3607 4229 3649 4286 εἰ
3702 4228 3765 4302 μὴ
3813 4224 3849 4279 ἓν

2250 4300 2418 4376 αὐτῷ.

2317 4576 2379 4633 Ὁ
2412 4573 2468 4631 δὲ
2503 4575 2781 4652 βασιλεύςο
2817 4582 2932 4652 Τῆς
2994 4590 3182 4658 μωρᾶς
3230 4606 3327 4641 σου
3385 4587 3583 4660 ταύτης
3631 4584 3852 4665 φλυαρίας

477 4649 814 4722 impone,ac
843 4651 990 4706 mihi
1029 4651 1304 4723 protinus
1327 4651 1700 4709 Barlaamum
1725 4658 1993 4730 ostende,
2036 4667 2138 4718 aut

2248 4666 2613 4740 παυσάμενος,
2645 4669 2735 4724 τὸν
2767 4670 3037 4746 Βαρλαᾶμ
3093 4675 3291 4731 αὐτίκα
3350 4698 3445 4750 μοι
3507 4649 3784 4747 ὑπόδειξον,

476 4738 700 4811 alioqui
723 4738 1020 4811 ejusmodi
1042 4756 1354 4812 paenarum
1369 4739 1770 4801 instrumenta
1791 4749 2136 4821 experieris,

474 4845 731 4902 quorum
745 4845 1056 4902 nunquam
1079 4829 1184 4886 abs
1204 4835 1260 4886 te
1283 4828 1612 4902 periculum
1629 4833 1850 4891 factum
1865 4844 1973 4895 est.
1996 4841 2136 4896 For-

479 4919 746 4977 tissimus
759 4924 960 4976 autem
975 4919 1173 4988 ille,ac
1195 4921 1504 4992 praestanti
1520 4923 1703 4980 animi
1721 4929 2134 5000 magnitudine

477 5011 830 5080 monachus,
853 5011 1200 5082 ccelestique
1245 5011 1640 5085 philosophiae
1680 5024 1912 5074 amator
1932 5020 2004 5075 ob
2030 5039 2132 5077 re-

474 5099 599 5172 gias
626 5101 826 5158 minas
855 5101 1024 5157 nullo
1058 5099 1237 5157 modo
1267 5101 1339 5158 de
1373 5105 1670 5160 sententia
1699 5105 2130 5182 dimovebatur,

475 5189 579 5244 sed
631 5189 932 5264 intrepido
990 5196 1228 5264 pectore
1283 5197 1470 5261 stans,
1533 5194 1816 5252 dicebat:
1868 5201 1949 5257 Ea
1997 5221 2130 5274 quae

2248 4758 2590 4832 πειρασθήσῃ
2621 4762 2734 4834 (20)
2768 4759 3154 4839 κολαστηρίων
3211 4765 3474 4843 ὁργάνων,
3507 4769 3578 4822 ὧν
3637 4763 3852 4822 οὐδέποτε

2247 4849 2437 4916 πεῖραν
2470 4844 2726 4927 εἴληφας.
2780 4850 2842 4907 Ὀ
2905 4849 3266 4932 μεγαλόφρων
3321 4857 3414 4912 οὗν
3468 4856 3556 4912 καὶ
3584 4852 3850 4933 γενναιότα-

2243 4954 2338 5000 τος
2367 4933 2613 5007 ἀσκητὴς
2671 4939 2762 4993 καὶ
2814 4947 2914 5009 τῆς
2963 4942 3225 5018 οὐρανίου
3283 4945 3607 5026 φιλοσοφίας
3661 4940 3850 5020 ἐραστὴς

2243 5025 2361 5080 κατ’
2392 5023 2583 5081 οὗδένα
2611 5023 2813 5102 τρόπον
2841 5035 2962 5094 ταῖς
2991 5037 3090 5088 τοῦ
3151 5033 3426 5110 βασιλάως
3482 5023 3720 5095 ἀπειλαῖς
3746 5049 3848 5104 μετ⁹

2244 5116 2517 5190 ετρὲπετο·
2552 5115 2679 5173 ἀλλ’
2712 5118 2948 5195 ἀτρέμας
3008 5121 3175 5186 ἑστὼς
3235 5119 3443 5200 ἔλεγεν·
3502 5126 3576 5183 Οὐ
3630 5125 3690 5179 τὰ
3734 5115 3846 5191 παρᾶ

2241 5210 2338 5262 σοῦ
2365 5207 2728 5283 θεσπιζόμενα
2784 5217 2986 5283 ποιεῖν,
3041 5216 3086 5269 ὧ
3123 5213 3370 5290 βασιλεῦ,
3428 5213 3843 5292 προστετάγμεθαι

537 5401 1049 5502 (ἐ-ῃέἵὲιέἓὲρίει.
1083 5404 1186 5456 26⁸1
1217 5417 1230 5457 :
1262 5399 1334 5457 Τί
1360 5398 1751 5479 δαψιλέστερον
1784 5406 2012 5474 πιαίνεις
2043 5433 2139 5469 σου
2167 5415 2230 5470 τὸ
2288 5416 2530 5493 σαρκίον,
2588 5422 2766 5499 τροφὴ
2832 5420 3142 5495 σκωλήκων
3201 5425 3464 5502 ἐσόμενον
3524 5425 3644 5480 ὅσον
3698 5418 3838 5474 οὸπω.

466 5474 689 5546 Forsan
712 5473 948 5546 τροφήν.

535 5545 770 5633 Sic
936 5546 1105 5633 .Fors'.
1143 5545 1259 5633 alii
1271 5545 1508 5602 codices
1533 5546 2046 5633 dabuntmeliore
2080 5563 2314 5633 syntaxi

462 5615 1024 5695 utetur._Gregorius
1054 5618 1185 5695 ljaz.
1219 5619 1316 5674 0r.
1351 5635 1440 5688 XL,
1474 5635 1530 5690 p.
1567 5622 1672 5675 640
1709 5638 1721 5676 :
1749 5625 1876 5685 Φῶς
1907 5627 1938 5695 ἡ
1974 5615 2190 5687 nail};

535 5688 646 5754 (ιο)
676 5687 847 5743 Ρεαιζ
870 5703 1028 5750 xcm,
1061 5689 1116 5742 8.

532 5757 648 5828 (20)
680 5759 749 5824 Α,
781 5757 1112 5830 πειραθήσῃ.

2347 5563 2571 5647 πάντας.
2606 5568 2776 5625 Conf.
2809 5586 2942 5647 pag.
2973 5570 3065 5641 56,
3100 5589 3160 5630 n.
3193 5577 3246 5630 2.
3280 5576 3350 5630 Et
3377 5590 3506 5647 pag.
3533 5574 3631 5627 2l6
3676 5562 3836 5621 dativo

2225 5635 2670 5711 περιαστράψασα
2701 5635 2992 5716 φαντασία.
