4112 6406
335 424 488 483 1086

1543 426 1720 485 τινι-Α
1754 421 2112 483 ΒΔΒῙΛΔΜ
2148 422 2243 480 IT
2275 423 2617 482 JOASAPH.

3632 420 3777 480 1086

340 549 517 622 σὺνης
576 547 645 603 τά
700 548 912 624 φθαρτά
970 548 1055 603 καὶ
1104 546 1365 625 ἐπίκηρα,
1416 549 1609 620 ἀσθενῆ
1641 571 1699 606 τε
1729 551 1817 605 καὶ
1851 546 2009 604 οὖδα-

2130 549 2276 604 mnii
2299 554 2475 622 atque
2505 550 2732 606 umbra)
2766 549 2956 605 instar
2984 550 3343 621 praetereant
3364 564 3429 604 ac
3461 548 3776 605 deleantur

348 642 506 715 μινά,
555 642 665 694 τῶν
712 638 1001 717 ἀφθάρτων
1050 645 1341 716 προκρῖναι
1375 639 1466 695 καὶ
1520 639 1776 709 αἰωνίων,
1804 640 2009 713 ἀκηρά-

342 751 458 785 των
488 749 545 785 τε
575 727 664 784 καὶ
718 726 1117 798 ἀτελευτήτων,
1175 728 1265 782 καί
1320 733 1390 803 τῇ
1448 726 1771 805 προσκαίρῳ
1799 727 2007 784 τούτων

341 822 650 878 ἀπολαύσει
703 826 807 890 τῆς
864 816 1169 898 ἀδιαδόχου
1247 829 1570 898 στερηθῆναι
1629 826 1738 877 τῶν
1794 821 2011 897 ἀγαθῶν

338 912 566 968 ἐκείνων
599 908 996 980 ἀπολαύσεως
1060 910 1139 966 Οὑ
1201 913 1451 981 συνήσεις
1500 916 1690 983 ταῦτα,
1725 910 1769 965 ὦ
1801 910 2008 983 πάτερ;

341 1001 411 1058 οὑ
471 998 853 1078 παραδραμιῖς
936 1000 1006 1054 τά
1080 1000 1519 1075 παρατρέχοντα,
1578 1000 1667 1057 καὶ
1726 1002 2012 1076 προσθήσῃ

338 1098 469 1155 τοῖς
498 1091 887 1165 ἐπιμένουσινς
949 1087 1010 1143 οὗ
1069 1091 1431 1164 προτιμήσεις
1465 1092 1563 1159 τὴν
1603 1092 1883 1146 κατοικίαν
1912 1097 2011 1158 τῆς

340 1179 663 1258 παροικίας,
718 1180 781 1234 τὸ
840 1183 955 1256 φῶς
1032 1183 1129 1233 τοῦ
1215 1178 1461 1247 σκότους,
1516 1180 1577 1235 τὸ
1650 1184 1858 1253 πνεῦμα
1908 1186 2009 1249 τῆς

340 1271 570 1345 σαρκὸς,
601 1270 705 1338 τήν
739 1267 962 1323 αἰώνιον
1000 1269 1145 1338 ζωὴν
1176 1275 1276 1337 τῆς
1306 1274 1458 1332 σκιᾶς
1489 1273 1584 1324 τοῦ
1617 1270 1845 1323 θανάτου
1880 1272 2008 1340 )Ἠ),

333 1360 409 1414 τά
455 1360 531 1430 μή
590 1357 835 1431 λυόμενα
888 1361 997 1413 τῶν
1059 1356 1331 1434 ῥεόντων;
1389 1358 1489 1414 οὐκ
1518 1358 1745 1435 ἐκῳεύξῃ
1777 1364 1877 1427 τῆς
1908 1377 2009 1431 γα-

336 1447 526 1518 λεπῆς
558 1446 817 1509 δουλείας
871 1451 967 1502 τοῦ
1026 1444 1205 1502 δεινοῦ
1260 1449 1738 1523 κοσμοκράτορος,
1784 1452 1878 1501 τοῦ
1909 1468 2010 1502 πο-

338 1543 547 1613 νηροῦ,
580 1537 750 1614 φημὶ,
782 1532 1047 1594 διαϐόλου
1101 1541 1242 1613 (⁸72),
1298 1540 1388 1593 καὶ
1445 1544 1525 1611 τῷ
1578 1540 1761 1617 ἀγαθῷ
1801 1538 1889 1594 καὶ
1922 1537 2011 1594 εὑ-

347 1628 655 1703 σπλάγχνῳ
706 1627 792 1681 καὶ
845 1627 1263 1702 πανοικτίρμονι
1324 1628 1657 1703 οἷκειωθήσῃ
1720 1627 2006 1702 Δεσπότης

351 1717 457 1787 Οὖ,
490 1723 590 1787 τῆς
619 1721 727 1772 τῶν
760 1714 989 1772 πολλῶν
1041 1716 1280 1782 ἀποστάς
1326 1718 1415 1773 καὶ
1464 1715 1836 1792 ψευδωνύμων
1871 1719 2007 1773 θεῶν

356 1806 636 1882 λατρείας,
667 1805 747 1880 τῷ
779 1807 853 1861 ἐνὶ
894 1805 1210 1883 λατρεύσεις
1262 1806 1511 1880 ἀληθινῷ
1541 1808 1630 1863 καὶ
1664 1813 1821 1879 ζῶντι
1852 1811 1968 1880 Θεῷ
1994 1827 2006 1877 ;

347 1895 399 1953 σί
429 1896 530 1973 γάρ
578 1897 671 1952 καὶ
721 1895 969 1971 ἥμαρτες
1023 1894 1191 1969 αὐτῷ,
1240 1896 1427 1952 πολλά
1478 1895 1884 1975 βλασφημήσας
1916 1897 2006 1953 καὶ
2041 1931 2086 1995 Β

339 1986 475 2049 τοὺς
532 1985 699 2041 αὑτοῦ
751 1985 1087 2062 θεράποντας
1147 1984 1348 2049 δειναῖς
1426 1985 1634 2042 ἀνελὼν
1688 1987 2007 2063 τιμωρίαις,

346 2079 507 2135 219
540 2073 693 2131 ἀλλά
716 2072 920 2148 δέξεταί
954 2096 1031 2143 σε,
1066 2073 1123 2130 εῦ
1155 2072 1294 2147 οἴδα,
1330 2076 1357 2130 ὁ
1391 2076 1585 2151 ἀγαθὸς
1618 2076 2013 2153 ἐπιστρέψαντα

343 2168 442 2222 καὶ
471 2166 682 2221 πάντων
738 2186 833 2219 σου
887 2164 1292 2238 ἀμνημονεύσει
1342 2170 1448 2219 τῶν
1478 2164 2009 2238 πλημμελημάτωνο

350 2253 417 2310 οὔ
454 2254 711 2331 βούλεται
740 2256 841 2331 γὰρ
900 2255 995 2309 τὸν
1051 2255 1281 2309 Θάνατον
1329 2252 1425 2308 τοῦ
1458 2254 1816 2330 ἀμαρτωλοῦ,
1850 2253 1925 2319 ὡς
1950 2255 2046 2310 τίν’

350 2342 674 2421 ἐπιστρέψαι
704 2343 791 2399 καὶ
829 2346 924 2417 ζῇν
962 2343 1123 2399 αὑτὸν
1173 2347 1307 2418 (73),
1359 2345 1387 2398 ὁ
1439 2344 1498 2399 ἐκ
1544 2349 1652 2399 τῶν
1685 2339 2012 2419 ἀνεκδιηγή-

348 2455 459 2489 των
512 2433 791 2489 κατελθὼν
847 2432 1160 2507 ὑψωμάτων
1226 2432 1310 2488 ἐπὶ
1366 2435 1592 2504 ζήτησιν
1642 2438 1748 2489 τῶν
1801 2432 2011 2505 πλανη-

358 2526 557 2589 θέντων
589 2525 776 2598 ἡμῶν,
809 2523 1036 2599 σταυρόν
1085 2544 1143 2579 τε
1199 2524 1287 2578 καὶ
1355 2524 1624 2599 μάστιγας
1667 2523 1758 2578 καὶ
1788 2525 2012 2587 θάνατον

360 2614 655 2687 ὑπομείνας
691 2611 761 2668 δι’
790 2616 963 2687 ἡμᾶς,
1014 2611 1106 2668 καὶ
1154 2612 1233 2687 τῷ
1288 2613 1461 2687 τιμίῳ
1494 2614 1662 2669 αὐτοῦ
1704 2613 1893 2687 αἵματι
1931 2613 2013 2685 ἐξ·

364 2703 630 2779 ἀγοράσας
663 2705 814 2776 ἡμᾶς
857 2702 987 2765 τοὺς
1036 2702 1415 2778 πεπραμένους
1449 2703 1553 2758 ὑπὸ
1594 2704 1694 2771 τήν
1724 2703 2014 2777 ἁμαρτίαν.

361 2792 525 2866 Αὐτῷ
554 2795 589 2863 ἡ
624 2790 751 2864 δόξα
778 2793 864 2847 καὶ
899 2790 1095 2856 αἶ’νεσις
1119 2790 1197 2854 εἷς
1222 2791 1349 2855 τοὺς
1382 2792 1599 2854 αἰῶνας.
1633 2794 1836 2866 Ἀμήν.

2120 642 2288 710 (Psal.
2315 645 2526 711 cxuu),
2560 640 2705 696 adeo
2749 646 2813 695 ut
2849 638 3232 695 instabilibus
3264 638 3461 710 potius
3501 639 3682 704 auris,
3718 644 3777 693 et

2121 730 2285 784 navis
2312 747 2417 801 per
2438 747 2601 785 mare
2625 731 2921 785 currentis
2942 729 3224 802 vestigiis,
3250 745 3427 800 quam
3466 727 3775 782 hominum

2120 821 2500 891 prosperitati
2520 820 2665 875 fides
2677 821 2951 877 habenda
2971 822 3063 888 sit;
3082 838 3212 892 quae
3230 820 3468 875 tandem
3490 816 3781 889 simplici-

2122 915 2230 981 tas,
2256 910 2343 964 vel
2364 916 2427 963 ut
2450 910 2667 965 rectius
2691 910 2920 981 loquar.
2950 910 3200 965 stultitia
3233 916 3289 966 et
3322 908 3623 964 dementia
3650 908 3775 961 haec

2120 1005 2229 1062 est,
2253 1016 2323 1054 ea
2341 1016 2472 1069 quaa
2497 999 2720 1054 caduca
2744 1006 2800 1053 et
2823 1000 3125 1055 imbecilla
3155 998 3641 1071 corruptionique
3670 996 3777 1051 ob-

2121 1089 2298 1144 noxia
2323 1095 2482 1157 sunt,
2510 1087 2624 1143 imo
2648 1088 2800 1143 nihil
2826 1106 3066 1159 prorsus
3091 1089 3329 1151 sunt.iis
3355 1106 3485 1160 quae
3508 1106 3540 1144 a
3559 1103 3772 1143 corru-

2120 1181 2323 1252 ptione
2345 1180 2545 1235 aliena
2559 1196 2626 1236 ac
2651 1181 3017 1251 sempiterna
3043 1180 3440 1251 sunt.potiora
3464 1179 3775 1242 ducere,ac

2120 1277 2365 1341 propter
2386 1270 2747 1325 caducarum
2776 1287 2977 1324 rerum
3010 1269 3292 1332 fructum,
3318 1270 3608 1324 bonorum
3642 1269 3780 1323 illo-

2118 1377 2252 1415 rum
2270 1361 2464 1415 fructu
2489 1361 2561 1415 ab
2588 1360 2753 1415 omni
2776 1359 3154 1415 successione
3175 1366 3397 1414 remoto
3414 1360 3666 1430 privari?
3687 1361 3779 1413 An

2121 1467 2242 1505 non
2266 1449 2413 1516 haec,
2440 1467 2472 1504 ο
2499 1456 2687 1521 pater,
2710 1448 3009 1522 intelliges
3034 1450 3060 1502 '?
3083 1452 3171 1502 An
3207 1464 3325 1502 non
3359 1447 3781 1519 prmtereuntia

2121 1540 2476 1611 praeteribis,
2502 1546 2680 1611 atque
2706 1539 2778 1595 ad
2803 1556 2873 1594 ea
2894 1556 3027 1610 qua:
3053 1540 3168 1593 fixa
3192 1544 3251 1592 et
3273 1542 3433 1592 certa
3456 1542 3613 1602 sunt,
3648 1533 3780 1590 ani-

2120 1648 2285 1686 mum
2308 1630 2627 1703 adjunges?
2648 1634 2736 1685 An
2758 1648 2877 1686 non
2902 1630 3154 1702 patriam
3182 1626 3649 1700 peregrinationi
3674 1642 3782 1680 an-

2120 1725 2387 1792 tepones,
2421 1720 2614 1775 lucem
2640 1720 2922 1785 tenebris,
2958 1719 3234 1791 spiritum
3269 1717 3456 1784 carni,
3490 1716 3669 1770 vitam
3702 1732 3783 1769 aa-

2120 1816 2349 1866 ternam
2372 1810 2598 1865 umbrm
2619 1812 2929 1877 mortis,ea
2947 1826 3078 1880 qua:
3103 1826 3221 1864 non
3238 1808 3589 1864 dilabuntur
3608 1804 3781 1859 ﬂuxis

2121 1906 2179 1955 et
2199 1900 2506 1972 fragilibus
2527 1899 2554 1955 ?
2576 1903 2663 1955 An
2690 1917 2810 1955 non
2835 1916 2904 1954 ex
2928 1899 3113 1955 atroci
3136 1899 3244 1954 hac
3265 1897 3546 1953 horrendi
3571 1895 3780 1960 mundi

2120 1990 2430 2062 principis,
2455 1991 2565 2045 hoc
2591 1997 2680 2045 est
2706 1990 2963 2061 perversi
2987 1988 3209 2045 diaboli
3240 1989 3542 2044 servitute.
3565 1987 3701 2058 fuga
3726 1991 3782 2040 te

2124 2080 2626 2151 subduces,teque
2644 2081 2717 2135 ad
2734 2080 2953 2135 bonum
2978 2086 3035 2135 et
3057 2079 3130 2135 ad
3154 2078 3625 2134 misericordiam
3652 2092 3781 2147 pro-

2123 2169 2549 2242 pensissimum
2576 2170 2889 2225 Dominum
2913 2172 3183 2225 conteres
3206 2170 3233 2223 ‘2
3255 2172 3480 2223 Annon
3504 2186 3537 2222 a
3562 2166 3780 2221 multa-

2124 2276 2255 2314 rum
2275 2260 2822 2314 commentitiorum
2852 2260 3099 2315 deorum
3124 2260 3287 2315 cultu
3312 2261 3565 2330 teipsum
3584 2257 3779 2312 abdu-

2125 2355 2427 2420 ces,atque
2444 2350 2546 2404 uni
2561 2350 2684 2404 vivo
2698 2367 2765 2405 ac
2778 2367 2913 2405 vero
2924 2352 3037 2405 Deo
3053 2351 3275 2404 cultum
3292 2348 3780 2403 adhibebis‘lNam

2128 2440 2236 2494 etsi
2260 2440 2321 2494 in
2348 2441 2529 2494 Deum
2556 2440 2833 2511 peccasti.
2861 2456 2995 2494 cum
3021 2440 3239 2495 multas
3264 2438 3325 2493 in
3350 2454 3481 2493 eum
3506 2437 3783 2507 blasphe-

2126 2527 2277 2583 mias
2300 2529 2586 2595 etl‘udisti,
2611 2536 2789 2600 atque
2814 2528 3001 2599 ipsius
3021 2544 3218 2583 servos
3236 2525 3511 2598 gravibus
3528 2531 3786 2579 tormen-

2128 2618 2202 2672 tis
2218 2619 2586 2673 excruciatos
2609 2618 2987 2685 necasti,non
3014 2624 3211 2673 tamen
3236 2615 3442 2671 dubito
3466 2615 3609 2686 quin
3635 2621 3689 2668 te
3712 2612 3782 2668 ad

2127 2709 2432 2764 melisrem
2456 2717 2718 2765 mentem
2751 2711 3101 2765 redeuntem
3135 2714 3518 2780 suscepturus
3541 2708 3634 2774 sit,
3657 2722 3787 2761 om-

2127 2800 2346 2870 niaque
2365 2800 2581 2856 delicta
2610 2807 2708 2856 tua
2736 2819 2765 2856 e
2788 2803 3077 2857 memoria
3111 2803 3428 2873 ejecturus.
3464 2800 3588 2853 Non
3622 2795 3781 2851 enim

352 2891 607 2940 mortem
636 2885 982 2956 peccatoris,
1008 2883 1112 2939 sed
1146 2885 1334 2955 magis
1374 2890 1439 2939 ut
1473 2890 1850 2939 convertatur
1875 2891 1933 2939 et
1953 2885 2122 2954 vivat,
2150 2889 2250 2943 ille
2275 2890 2397 2944 vult
2418 2892 2632 2960 (Ezech.
2668 2897 2851 2958 xvm),
2885 2892 2984 2963 qui
3009 2897 3075 2945 ut
3098 2907 3205 2945 nos
3237 2906 3270 2945 a
3300 2896 3460 2943 recta
3490 2888 3581 2941 via
3612 2886 3784 2941 aber—

350 2980 553 3029 rantes
585 2974 936 3046 requireret,
970 2992 1039 3029 ex
1073 2991 1142 3029 ea
1173 2974 1539 3030 sublimitate
1567 2992 1698 3046 qua:
1726 2975 1910 3030 nullis
1945 2977 2137 3032 verbis
2161 2980 2373 3050 exponi
2407 2987 2603 3051 potest
2646 2981 2973 3044 descendit,
3011 2996 3373 3050 crucemque
3420 2984 3477 3033 et
3526 2982 3780 3031 mortem

346 3071 554 3120 nostra
578 3081 757 3120 causa
787 3064 1051 3136 pertulit,
1083 3081 1148 3119 ac
1174 3082 1283 3119 nos
1316 3066 1417 3135 qui
1451 3066 1558 3121 sub
1590 3071 1830 3137 peccato
1856 3066 2077 3121 venditi
2109 3084 2345 3124 eramus
2376 3072 2551 3141 (Rom.
2584 3076 2700 3139 vn),
2742 3072 3001 3142 pretioso
3035 3087 3140 3127 suo
3190 3069 3475 3141 sanguine
3510 3066 3783 3133 redemit,

348 3153 464 3225 ipsi
500 3154 630 3210 laus
661 3160 720 3209 et
749 3154 938 3227 gloria
962 3154 1022 3209 in
1056 3155 1274 3211 saecula
1306 3155 1681 3212 saeculorum.
1718 3158 1930 3212 Amen.

417 3243 532 3299 Τοῦ
582 3239 640 3296 δὶ
689 3241 961 3318 βασιλέως
1016 3240 1275 3316 ἐκπλήξει
1332 3264 1391 3298 τε
1448 3245 1561 3317 ἅμα
1618 3245 1710 3299 καὶ
1744 3242 1880 3321 ὀργῇ
1914 3243 2009 3315 λη-

2195 3251 2315 3305 Rex
2335 3257 2535 3306 autem
2564 3258 2806 3323 stupore
2831 3252 3010 3307 simul
3033 3257 3211 3323 atque
3235 3251 3322 3305 ira
3340 3255 3646 3321 correptus
3665 3253 3781 3303 est:

346 3332 596 3410 φθέντος,
628 3332 690 3387 τὸ
725 3334 819 3405 μὶν
879 3331 967 3387 ἐπὶ
1026 3336 1095 3407 τῇ
1144 3336 1242 3387 τοῦ
1299 3330 1493 3396 παιδὸς
1535 3332 1739 3389 συνέσει
1771 3335 2009 3398 καὶτοῖς

2123 3339 2269 3395 illud
2284 3342 2603 3414 nempe.ob
2620 3342 2725 3398 filii
2746 3341 3336 3414 prudentiam,atque
3353 3338 3645 3412 ejusmodi
3670 3354 3787 3393 ser-

340 3419 759 3499 ἀναντιῤῥήτοις
818 3421 985 3477 αὐτοῦ
1043 3421 1276 3500 ῥήμασι,
1336 3422 1397 3477 τὸ
1456 3420 1512 3478 δὲ
1572 3423 1653 3501 ἐφ’
1707 3424 1752 3496 ᾧ
1802 3422 2009 3478 ἐκείνου

344 3509 410 3566 οὑ
443 3508 685 3566 διέλιπεν
739 3505 1118 3567 ἐνδιαϐάλλων
1167 3512 1323 3575 θεοὺς
1370 3512 1464 3567 καὶ
1516 3512 1648 3568 ὅλον
1689 3512 1855 3568 αὑτοῦ
1908 3534 2009 3587 μυ-

344 3600 619 3674 κτηρίζων
670 3601 761 3656 καὶ
812 3600 1100 3677 χλενάζων
1154 3602 1246 3657 τὸν
1313 3602 1456 3675 βίου,
1488 3603 1549 3656 τὸ
1584 3602 1678 3676 μὲν
1706 3607 1804 3657 τοῦ
1836 3601 2011 3677 λόγου

346 3686 574 3765 φαιδρὸν
630 3686 717 3745 διὰ
765 3690 864 3759 τὴν
913 3684 1064 3745 ἔνδον
1116 3689 1215 3745 οὐκ
1264 3688 1475 3761 ἐδέξατο
1522 3696 1620 3746 τοῦ
1650 3692 1879 3753 σκότους
1910 3713 2011 3745 πα-

337 3779 581 3857 χύτητα,
613 3781 1031 3857 τιμωρήσασθαι
1092 3776 1150 3836 δὲ
1208 3780 1367 3836 αὑτὸν
1426 3780 1463 3851 ἤ
1521 3786 1705 3845 κακῶς
1746 3804 1799 3838 τι
1832 3780 2010 3837 διαθέ·

343 3873 568 3944 σθαιτῇ
602 3872 805 3945 φυσικῇ
868 3870 945 3943 μή
1001 3867 1300 3943 δυνάμενος
1364 3875 1592 3946 στοργῇ,
1650 3872 1713 3927 τὸ
1756 3870 1815 3928 δὲ
1850 3892 2011 3946 μετα-

340 3958 548 4015 πείσειν
603 3959 765 4015 αῦτὸν
827 3957 1083 4021 ἀπειλαῖς
1139 3961 1316 4030 πάντη
1376 3960 1675 4037 ἀπογνοὺς,
1748 3958 2013 4040 φοϐηθεὶς

342 4049 451 4123 μὴ,
506 4047 769 4111 πλείονας
816 4050 1042 4120 κινήσας
1095 4050 1233 4125 πρὸς
1309 4049 1467 4105 αὑτὸν
1524 4051 1743 4127 λόγους,
1803 4052 2013 4111 ἐκείνου

342 4137 866 4215 παρρησιαζομένου
897 4138 986 4193 καὶ
1046 4138 1115 4194 τά
1168 4143 1276 4194 τῶν
1340 4145 1475 4204 θεῶν
1515 4138 2015 4215 διακωμῳδοῦντος

346 4228 440 4282 καὶ
487 4225 877 4303 χλευάζοντος,
932 4227 1009 4293 εὶς
1060 4226 1292 4284 πλείονα
1352 4231 1525 4304 θυμὸν
1585 4231 1851 4308 ἐξαφθεὶς,
1904 4240 2014 4291 τῶν

356 4315 610 4372 ἐναντίων
668 4317 744 4381 εἲς
803 4318 962 4374 αὐτόν
1020 4340 1071 4374 τι
1133 4318 1653 4394 διαπράξοιτο,μετ⁹
1688 4324 1855 4400 ὀργῆς
1888 4323 2014 4380 ἀνα-

357 4406 507 4477 στάς,
555 4406 934 4483 ὑπεχώρησεν,
985 4406 1114 4465 Ε’ίθε
1164 4406 1430 4481 μηδόλως
1480 4410 1791 4485 ἐγεννήθης,
1821 4414 2011 4485 εἰπὼν,

356 4495 488 4570 μήτ’
544 4494 621 4559 είς
669 4500 783 4575 φῶς
833 4495 1132 4573 προῆλθες,
1188 4501 1437 4560 τοιοῦτος
1487 4496 1713 4573 μέλλων
1773 4498 2010 4578 ἔσεσθαι,

2120 3445 2349 3497 mones,
2385 3433 2485 3502 qui
2508 3432 2674 3487 nullo
2704 3439 2874 3503 pacto
2900 3430 3091 3486 refelli
3119 3435 3398 3502 possent;
3427 3428 3538 3483 hoc
3562 3433 3783 3495 autem,

2124 3521 2262 3590 quia
2286 3521 2472 3591 ipsius
2496 3521 2636 3577 deos
2656 3521 2968 3576 traducere
2991 3538 3057 3576 ac
3079 3518 3386 3574 criminari
3407 3533 3527 3572 non
3545 3517 3785 3571 desine-

2123 3608 2555 3681 bat,totamque
2578 3612 2765 3682 ipsius
2784 3611 2960 3666 vitam
2985 3608 3339 3681 suggillabat
3354 3624 3421 3662 ac
3437 3605 3785 3677 proscinde-

2123 3696 2441 3769 bat.Atque
2456 3698 2801 3770 hujusmodi
2825 3698 3065 3769 quidem
3089 3694 3385 3751 sermonis
3401 3692 3781 3765 splendorem

2124 3787 2198 3841 ob
2227 3786 2523 3843 internam
2552 3788 2933 3843 tenebrarum
2959 3786 3293 3842 crassitiem
3318 3784 3781 3854 haudquaquam

2124 3878 2383 3933 admisit.
2419 3880 2561 3933 Cum
2582 3886 2780 3935 autem
2808 3879 2882 3934 ob
2909 3879 3129 3934 amoris
3156 3893 3191 3931 a
3220 3882 3435 3930 natura
3460 3875 3621 3930 insiti
3646 3875 3783 3929 οπερ

2125 3971 2285 4020 ctum
2310 3965 2369 4020 in
2394 3966 2589 4037 ipsum
2614 3967 3213 4032 animadvertere,aut
3236 3979 3367 4019 eum
3396 3964 3553 4018 malo
3578 3962 3779 4032 aliquo

2124 4056 2379 4111 multare
2398 4072 2518 4111 non
2542 4063 2765 4128 posset,
2788 4072 3144 4127 rursumque
3170 4055 3363 4126 ipsum
3390 4054 3460 4108 de
3484 4051 3784 4107 sententia

2127 4146 2426 4201 dimovere
2449 4162 2510 4201 se
2536 4164 2709 4217 posse
2733 4163 2978 4219 prorsus
3001 4146 3367 4217 desperaret,
3389 4142 3611 4197 veritus
3634 4156 3709 4195 ne
3733 4140 3781 4195 si

2125 4236 2397 4307 pluribus
2416 4254 2550 4292 eum
2576 4239 2955 4293 sermonibus
3004 4238 3343 4303 lacesseret,
3380 4250 3446 4289 eo
3498 4232 3682 4287 libere
3714 4246 3783 4288 ac

2128 4326 2697 4398 ﬂdenterloquente,
2731 4328 2996 4399 deosque
3022 4325 3379 4399 suggillante
3400 4329 3578 4394 atque
3604 4321 3785 4375 eavil-

2127 4416 2571 4484 lisinsectante,
2605 4418 2833 4488 majore
2865 4419 2991 4488 ipse
3020 4414 3331 4471 iracundia
3352 4412 3781 4478 inflammatus,

2126 4505 2342 4561 hostile
2366 4507 2593 4577 aliquid
2617 4507 2679 4562 in
2704 4524 2840 4562 eum
2863 4506 3221 4577 designaret,
3247 4505 3395 4559 irato
3427 4503 3627 4559 animo
3652 4516 3784 4555 sur-

350 4583 687 4663 βλάσφημος
720 4587 798 4650 εἷς
828 4588 954 4650 τοὺς
986 4588 1140 4651 θεοὺς
1194 4590 1283 4644 ναὶ
1334 4597 1433 4659 τῆς
1462 4598 1734 4665 πατρικῆς
1765 4591 2009 4650 ἀποστά-

2126 4613 2269 4669 gens
2303 4597 2567 4665 secessit,
2622 4598 2716 4653 his
2750 4597 3035 4653 duntaxat
3061 4596 3253 4651 verbis
3297 4602 3511 4650 utens:
3546 4593 3783 4647 Utinam

337 4698 447 4745 της
500 4677 687 4753 φιλίας
731 4699 790 4734 τε
834 4678 922 4733 καὶ
969 4681 1279 4744 νουθεσίαςί
1336 4679 1492 4738 ’Λλλ’
1542 4684 1646 4738 οὐκ
1721 4684 1798 4747 εἷς
1853 4684 2014 4752 τέλος

341 4770 456 4822 τῶν
513 4767 806 4838 ἀηττήτων
864 4772 1240 4842 καταμωκήση
1316 4775 1473 4843 θεῶν,
1537 4769 1650 4827 οὐδ’
1726 4772 1813 4829 ἐπὶ
1866 4773 2010 4831 πολὺ

342 4859 688 4932 χαρήσονται
725 4856 773 4911 οἷ
810 4857 1144 4931 ὑπεναντίοι,
1204 4856 1323 4914 οὐδ’
1371 4859 1425 4914 αἶ
1484 4860 1693 4917 τούτων
1726 4861 2009 4939 ἴσχόσουσι

349 4948 507 5005 220
537 4951 812 5022 γοητεῖαι.
868 4946 929 5003 Εἰ
992 4948 1068 5022 μή
1124 4948 1225 5024 γὰρ
1287 4947 1516 5020 εὗῆκοος
1560 4953 1761 5027 γενήσῃ
1796 4974 1888 5028 μοι
1920 4955 2009 5010 καὶ

2125 4703 2435 4758 nunquam
2461 4693 2636 4743 natus
2655 4687 3008 4746 fuisses.nec
3039 4687 3101 4741 in
3128 4686 3321 4741 lucem
3356 4684 3701 4756 prodiisses,
3734 4681 3781 4735 si

2124 4776 2369 4847 quidem
2396 4777 2661 4832 futurum
2686 4782 2813 4831 erat
2831 4783 2898 4831 ut
2918 4775 2978 4831 id
3002 4776 3144 4832 deos
3164 4781 3283 4831 tam
3307 4774 3525 4846 impius
3558 4778 3616 4827 et
3636 4787 3782 4825 con-

2124 4867 2479 4923 tumeliosus
2502 4873 2867 4937 esses,atque
2890 4883 2925 4922 a
2941 4872 3193 4937 paterna
3213 4864 3478 4921 amicilia
3500 4868 3559 4919 et
3580 4861 3782 4916 admo-

2122 4957 2349 5013 nitione
2374 4956 2972 5014 abscederes.Verum
2996 4955 3319 5011 adversarii
3350 4954 3492 5010 deos
3525 4965 3780 5023 quorum

423 5134 537 5203 (71)
572 5131 1075 5217 Gregorius'Naz.
1137 5139 1299 5217 orat:
1354 5135 1437 5217 16,
1496 5153 1557 5208 p.
1615 5138 1760 5193 252:
1810 5137 1934 5217 ,Τίς
1976 5159 2008 5194 σ

2123 5162 2161 5208 ς,
2219 5139 2309 5194 καὶ
2342 5140 2559 5217 συνήσει
2586 5142 2791 5209 ταῦτα;
2824 5136 2906 5200 τίς
2938 5134 3373 5217 παραδραμεῖται
3400 5135 3479 5217 ,τά
3509 5131 3780 5217 παρατρέτ

357 5202 565 5285 χοντριι
596 5202 681 5264 τίς
711 5203 1080 5285 προσθήσεταε
1110 5207 1247 5285 τοῖῇ
1280 5202 1707 5285 ἐπιμένουσι-ς...
1748 5208 1848 5285 ’τίς
1909 5202 2249 5285 διαιρῆσει...
2311 5202 2600 5285 παροίκίαν
2658 5213 2746 5265 καὶ
2780 5202 3121 5279 ’κατοικίαη
3175 5202 3258 5285 τίς
3316 5208 3506 5269 σκότος
3548 5202 3654 5261 ἀπὸ
3683 5202 3781 5259 τοῦ

360 5231 523 5291 λυπῇ
552 5231 565 5272 ξ
596 5231 680 5264 τις
711 5231 1078 5277 προσνιησεται
1110 5231 1225 5265 τοις
1280 5231 1595 5278 επιμενουσι
1622 5231 1707 5276 ς...
1766 5231 1848 5271 τις
1909 5231 2249 5285 οιαιρησει...
2311 5234 2385 5266 πα
2426 5232 2600 5266 οικιαν
2658 5232 2746 5265 και
2803 5231 3080 5265 κατοικίαν
3108 5231 3121 5279 ;
3175 5231 3258 5269 τις
3316 5231 3389 5263 σκ‹

357 5294 536 5360 φωτός
683 5274 767 5336 τίς
800 5276 969 5359 σάρκα
996 5276 1083 5330 καὶ
1120 5279 1331 5360 πνεῦμα
1358 5296 1372 5344 ;
1402 5276 1486 5340 τίς
1518 5280 1647 5360 Θερν
1674 5280 1764 5335 καὶ
1796 5285 2251 5360 κοσμοκράτορα;
2279 5285 2361 5349 τίς
2384 5231 2613 5339 ἕανάτου
2646 5283 2793 5337 σκιάν
2828 5284 2914 5337 καὶ
2953 5285 3095 5352 ζωὴν
3124 5281 3344 5336 αἰώνιον
3367 5300 3389 5347 ;

423 5347 533 5432 (ἹΞ)
564 5350 631 5403 In
666 5347 1408 5432 ῐΙΟῐΠίΠβ-κοσμοκράτυρρς,
1442 5347 1966 5432 quodsynonyme

2128 5347 2300 5432 ϐόλου
2327 5347 2604 5432 ςῐιοῐῐιξηο
2636 5347 3081 5429 interpretatur,
3118 5362 3207 5432 est
3237 5354 3451 5432 allusio
3474 5351 3555 5432 ad
3586 5352 3782 5432 locum

352 5421 1057 5505 gauliksuprapznwdi‘.
1213 5421 1556 5505 Psellus'De
1587 5421 1850 5505 daa'mon'
1880 5446 1936 5499 p.
1983 5433 2009 5505 _§

2162 5430 2224 5505 τᾷ
2280 5429 2382 5505 γάρ
2440 5427 2535 5484 τοῦ
2593 5421 2979 5505 Ἀντιχριστοῦ
3027 5426 3225 5505 κράτος
3275 5425 3437 5499 ἐγγὺς
3470 5422 3557 5505 ἐπὶ
3592 5424 3782 5505 θξραις

348 5489 504 5585 ﬁxam,
527 5484 899 5585 C0déxol'310
925 5509 937 5547 :
1082 5491 1185 5585 γὰρ
1217 5512 1303 5546 τοι
1332 5494 1533 5585 κράτος
1558 5501 1666 5585 ’τοῦ
1714 5484 2009 5583 κοσμᾷκρᾴ.

2123 5523 2163 5585 ες
2206 5484 2429 5585 ἐγγὺξ..ε
2480 5501 2685 5584 Nescio
2730 5484 3085 5585 €iﬁ1nc_quid
3118 5484 3366 5585 eli-garum}
3401 5484 3614 5585 saltem;
3644 5484 3779 5550 ’Ἀνὲ

347 5562 636 5651 τιχρίστου
669 5562 1303 5651 e'rit,rescr,ibendumn,
1324 5562 1732 5651 'notandaque
1783 5562 2009 5628 imitatit

2123 5562 2363 5631 [arciani
2412 5574 2527 5629 loci
2575 5590 2694 5641 xm,
2743 5576 2848 5631 29:
2903 5562 3063 5629 ’όταν
3115 5562 3282 5626 ταῦτα
3313 5568 3467 5640 ἴδητε
3492 5570 3777 5646 γινόμενα,

350 5634 647 5712 γινώσκετε
679 5634 762 5712 ὅτι
794 5634 951 5711 ἐγγύς
984 5634 1125 5690 ἐστιν
1157 5634 1249 5712 Eni.
1270 5635 1484 5712 Qﬁpqtq.

1185 5705 1373 5803 3233’s;
1406 5708 1560 5803 λέγει,
1611 5710 1829 5789 Κύριος·
1891 5713 1969 5773 Οὐ
2032 5715 2309 5793 βούλομαι
2366 5716 2457 5773 τὸν
2518 5717 2746 5771 Θάνατον
2795 5716 2892 5771 τοῦ
2935 5710 3185 5787 ἀσεϐοῦς,
3220 5712 3295 5779 ὠς
3326 5713 3661 5791 ἀποστρέψαι
3686 5711 3779 5767 τὸν

351 5773 529 5850 ἀσεϐῆ
557 5778 666 5834 ἀπὸ
693 5784 796 5849 τῆς
827 5776 958 5834 ὁδοῦ
986 5773 1155 5836 αὐτοῦ
1184 5780 1275 5837 καὶ
1308 5778 1399 5856 ζῇν
1432 5773 1613 5843 αὑτόν.
