4112 6374
196 422 337 482 1089

1396 425 1566 483 νιτλ
1602 425 1956 482 BABLAAH
1993 424 2085 478 ΕΤ
2119 424 2463 479 ΙΟΔΒΔΡΗ.

3483 421 3626 480 1090

199 552 397 606 τοῦτον
444 545 911 623 προσεκαλέσατο.
955 552 1084 607 Εἶτα
1132 550 1493 628 περιπλακεὶς
1558 546 1863 628 κατεφίλει,

1997 549 2434 622 iccersit,atque
2457 549 2878 623 complectitur
2896 554 2957 606 et
2976 548 3625 617 exosculatur,leniter-

203 640 394 714 πράως
484 638 868 713 ὑπερχόμενος
957 642 1069 714 (82)
1136 641 1226 696 καὶ
1286 640 1494 711 ἠπίως,
1556 642 1622 695 Ὤ
1665 641 1862 695 τέκνον

201 727 613 797 ποθεινότατον,
703 728 942 804 εἰρηκὼς
1024 731 1111 785 καὶ
1200 730 1561 808 φιλούμενον,
1626 730 1864 802 τίμησον

203 820 307 888 τήν
338 818 437 873 τοῦ
469 821 565 872 σοῦ
620 820 827 891 πατρὸς
880 818 1104 890 πολιάν,
1157 820 1269 890 καὶ,
1326 822 1424 889 τῆς
1458 820 1598 893 ἐμῆς
1629 818 1862 881 ἀκούσας

203 904 472 979 δεήσεως,
506 909 659 965 222
718 907 1042 981 προσελθὼν
1099 909 1283 964 θυσίαν
1338 916 1455 971 τοῖς
1489 914 1633 973 θεοῖς
1692 928 1868 983 προσ·-

202 997 397 1074 άγαγε.
431 996 589 1055 Οὕτω
636 997 736 1071 γὰρ
787 997 1025 1063 ἐκείνους
1070 1020 1130 1054 τε
1173 999 1415 1073 εὐμενεῖς
1452 996 1609 1072 ἕξεις,
1641 998 1731 1053 καὶ
1766 1019 1869 1072 μα-

204 1090 455 1163 κρότητα
506 1090 757 1160 ἡμερῶν,
827 1085 987 1161 δόξης
1061 1110 1120 1145 τε
1203 1092 1381 1159 πάσης
1440 1088 1530 1143 καὶ
1592 1087 1870 1164 βασιλείας

204 1176 616 1253 ἀνεπηρεάστου
673 1178 765 1233 καὶ
822 1178 1094 1233 παντοίων
1152 1180 1362 1255 ἀγαθῶν
1422 1178 1709 1251 μετουσίαν
1742 1184 1870 1252 παρ’

205 1269 387 1323 αὐτῶν
418 1264 705 1339 ἀπολήψῃ,
755 1264 881 1339 ἐμοί
938 1288 995 1322 τε
1049 1272 1131 1340 τῷ
1186 1267 1350 1343 πατρὶ
1396 1266 1492 1343 ἔσῃ
1532 1266 1871 1342 κεχαρισμέ-

202 1376 293 1417 νος
328 1352 418 1408 διά
452 1354 575 1430 βίου
624 1356 845 1425 παντὸς,
896 1355 987 1410 καὶ
1042 1362 1201 1411 πᾶσιν
1254 1357 1570 1433 ἀνθρώποις
1600 1356 1785 1429 τίμιός
1813 1377 1870 1410 τε

206 1444 298 1499 καὶ
328 1443 628 1507 ἐπαινετὸς.
664 1447 819 1519 Μεγα
874 1446 978 1521 γὰρ
1028 1447 1105 1509 είς
1158 1446 1382 1502 ἐπαίνου
1442 1446 1609 1522 λόγον
1654 1451 1735 1518 τῷ
1765 1466 1871 1500 πα-

205 1536 296 1611 τρὶ
355 1533 664 1603 ὑπακούειν,
730 1535 820 1590 καὶ
873 1534 1115 1608 μάλιστα
1170 1536 1255 1591 ἐπ’
1311 1537 1498 1611 ἀγαθῷ
1549 1536 1640 1591 καὶ
1689 1540 1758 1610 τῇ
1792 1535 1872 1597 εἷς

209 1624 367 1687 θεοὺς
402 1624 602 1696 εὐνοίᾳ.
656 1623 725 1682 Τί
783 1622 861 1687 δὲ.
896 1627 1122 1696 τέκνον,
1184 1621 1494 1691 ὑπέλαϐες;
1531 1624 1760 1701 πότερον
1795 1626 1869 1687 ὡς

217 1716 357 1770 δκὼν
392 1721 491 1783 τῆς
518 1715 727 1788 ἀγαθης
784 1714 1034 1777 ἐκκλίνας
1089 1712 1220 1770 ὁδοῦ
1271 1718 1371 1785 τήν
1428 1715 1671 1771 ἐναντίαν
1734 1716 1871 1770 ἰέναι

219 1803 541 1878 προέκρινα,
596 1804 631 1874 ἢ
683 1802 873 1879 ἀγνοίᾳ
928 1804 1017 1858 καὶ
1076 1804 1297 1880 ἀπειρίᾳ
1351 1809 1447 1860 τοῦ
1499 1805 1699 1881 ἀγατοῦ
1757 1810 1874 1868 τοῖς

1977 656 2090 712 que
2105 657 2173 694 ac
2188 640 2417 705 placide
2432 640 2771 713 irrepens:0
2785 640 3135 696 charissime
3150 646 3209 694 et
3219 641 3628 697 amantissime

1981 729 2311 798 fili,inquit,
2339 731 2526 799 patris
2557 731 2836 785 canitiem
2868 732 3093 785 honore
3124 730 3629 801 aftice,precibus-

1980 835 2095 890 que
2110 819 2260 872 meis
2286 818 2506 873 auditis
2536 820 2846 883 accede,ac
2864 820 2979 875 diis
3012 820 3371 875 sacrificium
3390 819 3630 875 adhibe.

1978 908 2071 963 Sic
2091 908 2249 963 enim
2274 916 2331 963 et
2352 908 2489 962 illos
2512 908 2799 981 benignos
2823 916 2881 965 et
2900 910 3104 965 faciles
3138 909 3451 965 habiturus
3470 926 3554 975 es,
3580 915 3640 965 et

1979 997 2211 1053 dierum
2231 997 2708 1059 diuturnitatem,
2725 999 3093 1070 gloriamque
3117 1006 3449 1055 omnem.et
3474 999 3635 1055 inof-

1976 1088 2215 1143 fensum
2257 1102 2527 1159 regnum,
2562 1087 2879 1158 omnisque
2928 1089 3164 1160 generis
3200 1090 3356 1144 bona
3381 1089 3452 1144 ab
3485 1089 3631 1162 ipsis

1976 1177 2360 1250 percipies.et
2379 1176 2525 1231 mihi
2546 1176 2696 1248 patri
2716 1188 2815 1231 tuo
2834 1194 2939 1248 per
2960 1194 3197 1232 omnem
3222 1180 3397 1233 vitam
3418 1182 3632 1235 charus

1980 1268 2127 1333 eris;
2151 1283 2218 1322 ac
2240 1266 2498 1337 denique
2523 1267 2634 1321 hoc
2656 1266 3016 1336 assequeris,
3042 1272 3105 1320 ut
3124 1284 3331 1321 omnes
3356 1268 3632 1324 homines

1980 1366 2035 1415 te
2058 1360 2120 1414 in
2143 1360 2367 1415 honore
2394 1360 2671 1422 habeant,
2705 1358 3101 1429 laudibusque
3135 1361 3405 1414 efferant.
3438 1360 3638 1431 Siqui-

1978 1450 2115 1505 dem
2136 1450 2211 1505 ad
2232 1448 2469 1505 laudem
2497 1448 2943 1521 adipiscendam
2987 1448 3184 1520 magni
3207 1448 3455 1502 interest
3481 1448 3634 1519 patri

1980 1542 2243 1609 obedire,
2268 1558 2333 1597 ac
2358 1542 2687 1613 praesertim
2714 1541 2773 1595 in
2806 1540 2880 1595 iis
2906 1540 3103 1603 rebus,
3138 1557 3270 1611 qum
3303 1540 3377 1595 ad
3409 1539 3633 1596 bonum

1982 1638 2040 1686 et
2058 1632 2132 1687 ad
2154 1632 2401 1687 deorum
2420 1618 2892 1687 benevolentiam
2917 1628 3505 1702 spectant.Quidnam
3529 1646 3643 1685 au-

1982 1727 2121 1787 tem,
2150 1722 2256 1789 fili,
2281 1738 2512 1789 censes,
2538 1726 2737 1775 utrum
2765 1738 2839 1776 ne
2864 1738 2956 1776 me
2980 1719 3254 1775 consulto
3279 1736 3347 1775 ac
3368 1719 3439 1775 de
3459 1719 3641 1775 indu-

1984 1813 2129 1867 stria
2147 1828 2182 1866 a
2204 1812 2359 1867 bona
2375 1812 2466 1867 via
2479 1811 2813 1878 deﬂexisse,
2829 1817 3006 1881 atque
3034 1810 3631 1882 contrariamingredi

218 1892 494 1967 ὀλεθρίοις
522 1892 756 1965 ἐμαυτὸν
797 1890 1072 1964 ἐξέδωκας
1122 1892 1304 1963 Ἀλλ’,
1356 1894 1401 1949 εί
1455 1896 1549 1968 μὶν
1584 1894 1774 1949 ἑκόντα
1807 1915 1874 1967 με

1997 1902 2290 1966 maluisse,
2342 1918 2416 1956 an
2466 1917 2601 1955 vero
2652 1899 2789 1955 boni
2843 1900 3216 1972 ignoratione
3249 1905 3309 1954 et
3339 1899 3642 1971 imperitia

216 1981 463 2054 νομίζεις
507 1985 605 2037 τοῦ
663 1982 1036 2058 συμφέροντος
1095 1988 1368 2059 προτιμᾷν
1402 1986 1467 2039 τὰ
1495 1984 1630 2039 κατά
1657 1984 1747 2038 καὶ
1776 1991 1878 2054 τῆς

214 2077 367 2141 ζωῆς
399 2072 712 2148 προκρίνειν
743 2072 835 2127 τὸν
860 2073 1112 2144 θάνατον,
1141 2073 1279 2127 πάνυ
1306 2096 1401 2146 μοι
1433 2071 1635 2145 δοκεῖς,
1665 2075 1875 2142 τέκνον,

214 2168 319 2231 τῆς
352 2158 521 2233 ὀρθῆς
548 2161 936 2236 ἀποσφαλῆναι
966 2163 1217 2236 κρίσεως.

290 2433 359 2489 Ἠ
393 2430 501 2505 οὐχ
532 2431 661 2506 ὁρᾷς
720 2430 822 2506 ὅσῃ
879 2432 1153 2506 κακουχίᾳ
1202 2431 1292 2486 καὶ
1346 2430 1699 2507 ταλαιπωρίᾳ
1737 2430 1881 2485 πολ-

220 2520 384 2585 λάκις
413 2518 647 2593 ἐμαυτὸν
708 2517 977 2594 ἐκδίδωμι
1035 2520 1089 2576 ἐν
1144 2526 1264 2583 ταῖς
1316 2520 1452 2576 κατά
1505 2526 1611 2575 τῶν
1664 2519 1877 2597 ἐχθρῶν

223 2609 614 2684 ἐκστρατείαις,
648 2606 911 2680 ἣᾶλλαις
968 2611 1077 2665 τισὶ
1133 2614 1230 2665 τοῦ
1286 2614 1473 2665 κοινοῦ
1522 2612 1881 2686 προστασίαις

225 2699 669 2777 ἀσχολούμενος,
702 2700 776 2762 ὡς
807 2698 896 2754 καὶ
928 2699 1119 2771 πείνης
1166 2721 1224 2755 τε
1271 2700 1360 2754 καὶ
1412 2698 1596 2774 δίψης,
1637 2706 1882 2770 πεζοπο-

230 2791 355 2864 ρίας
399 2809 457 2844 τε
513 2790 601 2844 καὶ
658 2792 1073 2865 χαμαικοιτίας,
1132 2788 1275 2845 οὕτω
1332 2787 1550 2860 δεῆσαν,
1587 2792 1663 2864 μὴ
1696 2791 1882 2868 φείσα-

230 2881 352 2935 σθαι
382 2899 395 2949 ;
428 2878 669 2934 πλούτου
722 2876 778 2935 δὲ
824 2882 915 2934 καὶ
951 2899 1059 2955 χρη
1074 2878 1258 2953 μάτων
1300 2880 1537 2951 τοσαύτη
1575 2902 1670 2953 μοι
1710 2880 1883 2955 πρόσ-

228 2989 371 3024 εστιν
436 2968 701 3045 ὑπεροψία
754 2990 812 3025 τε
867 2970 956 3025 καὶ
1011 2970 1435 3047 καταφρόνησις,
1497 2971 1573 3033 ὡς
1636 2971 1883 3047 ἀφθόνως

224 3056 333 3115 ἐσθ’
390 3060 479 3113 ὅτε
561 3058 628 3114 τά
704 3064 931 3133 ταμιεῖα
1013 3060 1185 3116 πάντα
1257 3064 1355 3115 τοῦ
1416 3059 1553 3133 ἐμοῦ
1612 3058 1883 3116 παλατίου

221 3152 596 3204 κατακενῶσαι
657 3147 733 3211 είς
789 3150 853 3204 τὸ
909 3147 1337 3223 ἀνοικοδομῆσαι
1394 3149 1522 3212 τοὺς
1579 3155 1687 3206 τῶν
1746 3152 1880 3206 θεῶν

229 3238 521 3314 μεγίστους
552 3237 721 3301 ναοὺς
750 3239 840 3294 καὶ
871 3239 1112 3313 παντοίῳ
1165 3239 1393 3303 τούτους
1424 3240 1884 3317 καταλαμπρῦναι

225 3326 419 3401 κόσμῳ
467 3329 503 3398 ἢ
553 3332 671 3389 τοῖς
720 3326 1110 3403 στρατοπέδοις
1169 3329 1417 3406 ἀφθόνως
1450 3327 1724 3403 διανεῖμαι
1756 3330 1884 3393 τοὺς

227 3418 533 3493 θησαυροὺς
586 3421 695 3471 τῶν
755 3419 1085 3493 χρημάτων.
1137 3418 1412 3490 Τοιαύτης
1487 3418 1578 3475 οὖν
1638 3420 1886 3495 μετέχων

222 3511 333 3563 τῶν
366 3504 788 3562 ἀπολαυστικῶν
824 3508 1123 3583 ὑπεροψίας
1154 3508 1245 3563 καὶ
1301 3515 1402 3579 τῆς
1448 3508 1501 3563 ἐν
1532 3514 1650 3572 τοῖς
1685 3508 1884 3572 δεινοῖς

223 3594 535 3672 καρτερίας,
594 3596 638 3651 εἰ
696 3598 795 3665 τὴν
854 3601 964 3651 τῶν
1024 3594 1337 3652 Γαλιλαίων
1396 3595 1694 3671 ἐγίνωσκον
1752 3600 1885 3672 θρη-

232 3684 412 3739 σκείαν
443 3685 727 3758 κρείττονα
779 3692 879 3755 τῆς
936 3685 989 3741 ἐν
1051 3688 1240 3763 χερσὶν
1296 3687 1587 3762 ὑπάρχειν,
1618 3687 1794 3757 πόσης
1825 3684 1883 3741 ἅν

226 3774 331 3829 οὐκ
363 3776 517 3832 228
549 3769 735 3847 ἔκρινα
786 3778 849 3831 τὸ
908 3782 1135 3853 πρᾶγμα
1186 3773 1431 3841 σπουδῆς
1474 3776 1641 3847 ἀξιον,
1673 3778 1889 3832 πάντων

228 3860 325 3933 μὶν
388 3859 666 3938 ὑπεριδεῖν
744 3863 835 3918 καὶ
916 3865 1016 3933 τὴν
1106 3863 1345 3937 ἐμαυτοῦ
1429 3865 1887 3938 περιποιήσασθαι

224 3952 501 4027 σωτηρίαν
530 3971 544 4021 ;
579 3952 644 4009 Εἰ
676 3950 734 4008 δὲ
765 3952 982 4030 ἄγνοιάν
1018 3976 1113 4026 μοι
1169 3953 1259 4009 καὶ
1312 3954 1559 4030 ἀπειρίαν
1590 3959 1689 4009 τοῦ
1718 3954 1891 4009 καλοῦ

220 4041 676 4116 καταγινώσκεις,
725 4042 881 4106 σύνες
941 4044 1067 4106 ὅσας
1123 4041 1400 4105 πολλάκις
1429 4045 1623 4107 νύκτας
1655 4042 1894 4108 ἀύπνους

223 4129 529 4201 διετέλεσα,
594 4134 911 4206 ζητήματός
976 4156 1125 4199 τινος
1198 4133 1575 4210 προτεθέντος,
1634 4130 1745 4199 ἔσθ’
1803 4136 1892 4190 ὅτε

224 4219 316 4275 καὶ
348 4220 413 4275 οὐ
462 4220 609 4276 πολὺ
659 4221 975 4297 ἀναγκαίου,
1039 4225 1115 4297 μή
1173 4224 1435 4299 παρέχων
1488 4221 1635 4285 ὅλως
1674 4224 1894 4297 ἐμαυτῷ

231 4308 551 4379 ἀνάπαυσιν,
583 4310 711 4386 πρὶν
771 4310 807 4381 ἤ
866 4316 964 4367 τοῦ
1025 4311 1364 4385 ζητουμένου
1394 4315 1538 4390 σαφῆ
1568 4313 1657 4367 καὶ
1691 4316 1892 4390 εὐπρε-

235 4398 505 4469 πεστάτην
537 4398 753 4473 εὕροιμι
776 4401 877 4469 τήν
910 4398 1091 4457 λύσιν.

312 4485 379 4541 Εί
412 4487 504 4543 οὗν
534 4492 638 4543 τῶν
693 4490 1042 4563 προσκαίρων
1100 4490 1309 4547 τούτων
1370 4493 1704 4569 πραγμάτων
1768 4490 1896 4549 οὐδὶ

227 4574 295 4631 τὸ
330 4577 696 4651 σμικρότατον
731 4576 848 4655 ἴχω
900 4579 1399 4658 εὐκαταφρόνητον,
1434 4579 1598 4656 ἄχρις
1632 4583 1693 4637 οὗ
1728 4590 1898 4638 πάντα

1985 1993 2279 2063 meipsum
2300 1992 2596 2063 pestiferis
2620 1990 2995 2063 dogmatibus
3027 1989 3328 2044 dedidisse
3349 1989 3377 2044 ?
3398 1990 3567 2044 Certe
3591 1987 3640 2045 si

1985 2098 2081 2136 me
2104 2085 2317 2152 sponte
2348 2098 2414 2136 ac
2447 2080 2518 2135 de
2552 2079 2867 2145 industria,
2896 2084 3101 2134 contra
3132 2096 3311 2150 quam
3344 2078 3487 2133 utile
3540 2078 3640 2147 sit,

1986 2171 2145 2225 mala
2174 2170 2346 2224 bonis
2403 2170 2707 2242 Praaferre,
2766 2174 3138 2239 mortemque
3198 2168 3316 2224 vita
3344 2168 3638 2240 potiorem

1987 2257 2204 2313 habere
2236 2256 2559 2323 existimas,
2588 2257 2990 2321 vehementer,
3022 2272 3055 2309 o
3088 2254 3197 2325 ﬁli,
3229 2272 3265 2310 a
3293 2261 3454 2310 recto
3481 2254 3642 2325 judi-

1986 2347 2076 2402 cio
2111 2346 2256 2401 mihi
2288 2346 2564 2401 aberrare
2594 2344 2838 2400 videris.

2059 2438 2149 2491 An
2170 2452 2290 2491 non
2313 2436 2475 2490 vides
2497 2441 2642 2507 quot
2669 2435 2953 2489 aerumnis
2986 2440 3043 2488 et
3072 2434 3495 2489 afflictionibus
3517 2450 3644 2489 me-

1988 2526 2181 2598 ipsum
2207 2542 2473 2597 persaepe
2506 2525 2900 2592 tradam,tum
2935 2525 2996 2579 in
3030 2523 3510 2595 expeditionibus
3541 2523 3647 2579 ad-

1987 2632 2193 2671 versus
2215 2616 2438 2680 hostes,
2464 2620 2588 2670 tum
2613 2616 2673 2669 in
2698 2614 3073 2685 publicorum
3096 2614 3473 2686 negotiorum
3507 2631 3648 2685 pro-

1989 2705 2297 2761 curatione
2324 2706 2620 2776 meipsum
2644 2703 3118 2775 occupans.adeo
3141 2710 3207 2757 ut
3224 2704 3444 2757 famem
3467 2703 3647 2757 etiam

1988 2812 2056 2850 ac
2075 2795 2259 2859 sitim,
2289 2810 2423 2848 cum
2451 2793 2530 2847 ita
2552 2809 2796 2847 necesse
2819 2798 2930 2855 est,
2955 2792 3270 2864 perferam.
3297 2807 3363 2846 ac
3395 2791 3648 2862 pedibus

1989 2884 2608 2954 ambulem.humique
2633 2898 2910 2938 somnum
2938 2880 3217 2954 carpam?
3235 2883 3425 2953 Opum
3448 2886 3648 2936 autem

1991 2980 2050 3028 et
2070 2973 2457 3045 pecuniarum
2476 2978 2641 3027 tanta
2657 2973 2717 3027 in
2736 2990 2830 3028 me
2846 2972 3210 3043 contemptio
3230 2988 3297 3026 ac
3320 2970 3651 3042 despicien-

1992 3064 2073 3117 tia
2089 3069 2273 3129 est,ut
2290 3062 2589 3116 interdum
2604 3064 2845 3133 profusa
2863 3077 3046 3115 manu
3062 3060 3263 3131 palatii
3280 3060 3394 3114 mei
3412 3060 3648 3115 thesau-

1991 3170 2089 3207 ros
2132 3151 2499 3216 exhauriam,
2535 3167 2651 3221 quo
2698 3150 3073 3222 amplissima
3119 3148 3235 3203 diis
3272 3147 3524 3204 delubra
3554 3164 3655 3203 ex-

1999 3242 2538 3311 struam,omnique
2562 3246 2777 3295 ornatu
2800 3239 3118 3306 illustrem,
3142 3244 3245 3294 aut
3266 3238 3656 3311 pecuniarum

1916 3311 1959 3378 C
1997 3348 2238 3404 aggeres
2252 3330 2546 3386 militibus
2564 3330 2984 3385 liberalissime
3002 3328 3533 3385 distribuam.Cum
3552 3328 3660 3383 ita-

1997 3438 2112 3492 que
2145 3427 2345 3476 tantus
2368 3421 2428 3475 in
2455 3438 2548 3475 me
2571 3420 2939 3492 voluptatum
2973 3423 3375 3489 contemptus,
3400 3422 3564 3473 tanta
3596 3418 3657 3473 in

1996 3510 2281 3583 periculis
2306 3510 2621 3565 tolerantia
2642 3510 2792 3569 sit,si
2810 3509 3187 3563 Galilaeorum
3208 3506 3659 3579 religionem,ea

2000 3617 2179 3671 quam
2202 3600 2481 3655 manibus
2501 3606 2772 3654 tenemus
2794 3598 3269 3670 praestantiorem
3293 3612 3422 3650 esse
3443 3611 3658 3667 cogno-

2001 3706 2334 3755 scerem,an
2356 3706 2475 3744 non
2491 3706 2725 3744 summo
2750 3689 2944 3744 studio
2968 3688 3027 3743 id
3045 3690 3375 3759 agerem,ut
3394 3692 3657 3740 contem-

2001 3780 2119 3851 ptis
2138 3779 2417 3834 omnibus
2438 3779 2897 3843 rebus,salutem
2920 3778 3066 3833 mihi
3086 3775 3537 3847 compararem?
3557 3775 3660 3832 Sin

2002 3874 2202 3924 autem
2226 3868 2374 3923 mihi
2389 3868 2529 3922 boni
2548 3869 2979 3940 ignorationem
2996 3874 3173 3936 atque
3190 3865 3550 3937 imperitiam
3572 3865 3663 3919 vi-

2004 3959 2085 4012 tio
2110 3958 2306 4021 vertis,
2335 3958 2484 4012 illud
2508 3964 2703 4013 tecum
2726 3964 2955 4030 reputa,
2972 3964 3117 4029 quot
3137 3963 3343 4011 noctes
3364 3954 3660 4010 insomnis

2003 4047 2658 4118 exegerim,qumstione
2680 4047 3275 4119 aliquaproposita,et
3304 4044 3545 4115 quidem
3568 4044 3663 4099 in-

2007 4136 2239 4191 terdum
2266 4136 2421 4191 haud
2445 4136 2765 4192 admodum
2784 4137 3142 4201 necessaria,
3169 4134 3397 4190 nullam
3416 4134 3661 4189 omnino

2008 4226 2155 4282 mihi
2179 4226 2447 4298 requiem
2471 4226 3187 4299 concedens.priusquam
3210 4224 3584 4297 perspicuam
3608 4227 3668 4279 et

2008 4318 2689 4374 accommodatissimam
2703 4318 2890 4390 ipsius
2903 4317 3264 4374 solutionem
3279 4312 3665 4370 invenissem.

2079 4497 2365 4562 Quocirca
2386 4514 2522 4553 cum
2544 4497 2902 4553 caducarum
2924 4498 3137 4553 harum
3155 4512 3356 4551 rerum
3382 4510 3457 4550 ne
3480 4493 3667 4551 mini-

2010 4603 2166 4641 mam
2184 4587 2425 4657 quidem
2442 4587 2942 4643 contemnendam
2957 4588 3401 4652 ducam,verum
3416 4584 3664 4641 omnino

227 4666 625 4743 συμφερόντως
712 4669 804 4723 καὶ
889 4669 975 4724 ἐπὶ
1058 4668 1373 4743 λυσιτελείᾳ
1454 4676 1562 4725 τῶν
1651 4672 1883 4727 ἀπάντωτ

2012 4676 2471 4731 conducibiliter
2492 4684 2667 4749 atque
2682 4677 2754 4732 ad
2769 4677 3039 4733 omnium
3062 4676 3380 4731 utilitatem
3405 4691 3538 4730 eam
3564 4690 3667 4729 ex-

226 4751 632 4827 ἐπιτεΛεσθείη,
679 4757 770 4812 καὶ
820 4756 1006 4813 οὐδενὶ
1058 4758 1228 4835 ἑτέρῳ
1277 4754 1663 4836 ἀκριϐέστερον
1712 4764 1747 4831 ἡ
1789 4767 1897 4817 τῶν

224 4843 566 4921 ἀπορᾇήτων
602 4842 897 4922 διάγνωσις
927 4845 981 4903 έν
1011 4849 1175 4923 πάσῃ,
1232 4850 1307 4911 ὡς
1363 4851 1543 4921 οἶμαι,
1571 4854 1640 4925 τῇ
1674 4849 1897 4927 ὑφηλίῳ

228 4932 634 5008 διερευνᾶσθαι,
689 4937 764 5000 ῶς
813 4936 934 5011 ἐμοὶ
990 4939 1139 5011 παρά
1187 4940 1401 4995 πάντων
1457 4940 1896 5017 μεμαρτύρηται,

226 5030 355 5088 πῶς
398 5026 465 5079 τά
520 5027 659 5098 θεῖα,
717 5027 808 5081 καὶ
864 5026 899 5082 ’ἀ
956 5023 1205 5093 σέϐεσθαι
1262 5028 1352 5083 καὶ
1413 5028 1690 5106 θεολογεῖν
1719 5031 1898 5104 θέμις,

224 5114 683 5192 εὐκαταφρόνητα
740 5115 801 5171 ἃν
865 5115 1229 5194 ἐλογισάμην,
1283 5119 1374 5174 καὶ
1438 5121 1515 5192 μὴ
1557 5120 1699 5194 πάσῃ
1732 5143 1899 5177 σπουο

228 5202 335 5278 δῇ,
367 5203 511 5278 πάσῃ
538 5202 785 5279 δυνάμει,
833 5206 941 5283 ὅλῃ
984 5212 1054 5281 τῇ
1103 5211 1259 5284 ψυχῇ
1304 5209 1395 5263 καὶ
1426 5207 1543 5281 ὅλῳ
1573 5214 1652 5281 τῷ
1680 5209 1789 5281 νοέ,
1822 5212 1900 5275 εἰς

222 5294 339 5362 τὴν
370 5293 580 5350 τούτων
631 5296 1005 5373 ἀπησχόλησα
1050 5296 1283 5371 ἐμαυτὸν
1320 5300 1568 5369 ζήτησιν,
1601 5305 1697 5354 τοῦ
1728 5303 1905 5375 εὑρεῖν

225 5381 457 5454 τάληθῆ
491 5384 582 5439 καὶ
642 5383 1104 5461 πρεπωδέστατας
1168 5387 1264 5442 Καὶ
1321 5409 1382 5465 γε
1438 5386 1679 5459 ἐζητησα
1720 5390 1903 5463 ἐμπό-

227 5494 373 5541 νως,
408 5472 625 5537 πολλὰς
660 5476 756 5549 μὶν
789 5476 982 5539 νύκτας
1032 5475 1119 5533 ἴσα
1167 5483 1288 5540 ταῖς
1337 5479 1574 5553 ἡμέραις
1605 5478 1657 5534 ἐν
1691 5481 1906 5548 τούτοις

229 5559 553 5636 ἀναλώσας,
602 5562 852 5627 πολλοὺς
900 5563 960 5621 δὶ
1011 5566 1215 5644 σοφοὺς
1263 5567 1355 5623 καὶ
1409 5567 1781 5644 ἐπιστήμονας
1832 5572 1909 5637 είς

314 5746 429 5821 (82)
459 5747 522 5821 C,
554 5744 828 5825 ὖπερευχό
838 5766 1024 5823 μενος.

2007 4767 2227 4821 cutiam
2252 4771 2309 4820 et
2330 4766 2627 4823 absolvam
2653 4769 2757 4835 (sic
2790 4769 2949 4822 enim
2973 4767 3129 4822 inter
3149 4783 3358 4822 omnes
3390 4768 3665 4819 constare

2008 4855 2285 4923 arbitror,
2319 4856 2623 4912 neminem
2641 4858 2908 4912 omnium
2933 4858 3032 4928 qui
3055 4857 3162 4911 sub
3186 4856 3310 4911 sole
3333 4859 3668 4916 sunt,arca-

2010 4962 2224 5001 narum
2240 4963 2438 5002 rerum
2457 4948 2855 5020 cognitionem
2876 4947 3211 5003 accuratius
3230 4959 3498 5016 unquam
3517 4943 3677 4997 inve-

2012 5036 2593 5109 stigassequamipse
2616 5038 2905 5107 fecerim),
2930 5053 3189 5109 quonam
3216 5040 3384 5107 pacto
3404 5049 3498 5088 res
3524 5032 3673 5087 divi-

2012 5143 2142 5189 nas.
2177 5132 2233 5181 et
2260 5144 2329 5183 ea
2354 5144 2484 5198 quas
2510 5128 2776 5183 venerari
2809 5144 2877 5183 ac
2906 5128 3156 5183 deorum
3180 5127 3405 5181 honore
3433 5122 3672 5179 afficere

2014 5218 2717 5289 oportet,contemnenda
2733 5218 3133 5274 duxissemac
3157 5233 3275 5272 non
3296 5214 3493 5287 potius
3510 5210 3675 5267 omni

2016 5306 2521 5370 studio,omnibus
2544 5308 2917 5375 viribus,toto
2945 5307 3206 5377 denique
3239 5304 3438 5360 animo
3462 5319 3529 5358 ac
3553 5306 3677 5356 tota

2018 5402 2215 5452 mente
2231 5397 2291 5452 in
2308 5414 2511 5452 eorum
2528 5396 2978 5470 investigatione
2995 5403 3227 5467 tempus
3241 5400 3418 5465 atque
3434 5406 3677 5464 operam

2016 5487 2372 5558 posuissem.
2406 5493 2471 5543 ut
2502 5505 2634 5559 quaa
2679 5504 2817 5543 vera
2865 5493 2924 5542 et
2974 5486 3233 5542 maxime
3270 5488 3682 5541 consentanea

2017 5582 2178 5645 sunt,
2199 5577 2531 5635 invenirem
2548 5578 2576 5633 ?
2600 5578 2835 5634 Etenim
2858 5592 3074 5651 magno
3101 5593 3239 5633 cum
3270 5574 3474 5633 labore
3502 5572 3589 5630 sic
3611 5589 3682 5630 ea
