4112 6370
327 376 471 440 1090

1857 370 2227 437 summa.

3618 373 3763 439 ιιοο

321 508 614 574 venenato
635 503 821 573 ver-mi
842 503 1359 571 addicenturJlmc
1372 502 1615 560 illorum
1640 500 1834 575 portio
1854 500 1988 571 erit,

2103 492 2597 570 ταδικασθήοονται
2617 494 2707 561 εἰς
2732 495 2803 554 τὸ
2846 500 2960 575 πῦρ
3016 504 3119 570 τῆς
3149 499 3374 578 γειννης
3410 499 3476 559 τὸ
3492 497 3764 563 ἄσϐεστον

322 597 795 661 hmcbaareditas
821 613 834 653 :
850 596 916 655 in
945 596 1039 653 his
1061 612 1168 669 per
1186 593 1555 666 sempiterna
1568 593 1787 653 smcula
1799 608 1991 655 versa-

323 689 877 763 buntur,scelerum
893 704 1102 761 pmnas
1126 686 1357 756 dantes,
1386 692 1702 760 propterea
1714 686 1873 759 quod
1891 686 1991 742 bo-

332 782 428 838 nis
444 782 521 838 iis
543 798 674 853 quae
698 780 759 835 in
780 777 1211 851 pollicitatione
1229 776 1537 833 recondita
1549 782 1990 849 erant,propter

327 870 567 929 brevem
590 870 953 941 voluptatem
971 865 1300 939 repudiatis
1322 873 1380 922 et
1401 866 1671 939 abjectis,
1694 872 1987 923 internum

327 960 441 1019 sibi
479 958 625 1032 ipsis
649 955 1008 1029 supplicium
1039 956 1499 1013 accersiverunt.
1524 957 1637 1011 Pro
1668 954 1763 1011 his
1786 954 1986 1027 igitur,

324 1053 440 1108 hoc
461 1052 644 1117 est,ut
666 1051 729 1104 et
748 1045 1031 1120 gaudium
1055 1044 1207 1103 illud
1229 1046 1390 1102 omni
1410 1062 1687 1103 sermone
1707 1050 1991 1118 praastan-

322 1141 441 1197 tius
464 1142 992 1209 consequamur,et
1011 1152 1229 1194 arcana
1249 1135 1355 1193 illa
1374 1136 1561 1209 gloria
1576 1135 1866 1204 fruamur,
1880 1151 1985 1192 an-

325 1230 608 1306 gelosque
630 1228 952 1302 splendore
965 1227 1447 1301 aquuemus,ac
1464 1227 1623 1283 bono
1638 1232 1697 1283 et
1716 1226 1987 1284 dulcissi-

326 1339 428 1379 mo
444 1320 699 1378 Domino
720 1318 929 1377 fidenti
954 1319 1155 1377 animo
1181 1324 1467 1387 astemus,
1491 1323 1669 1391 atque
1682 1318 1988 1375 atrocissi—

330 1429 462 1470 mas
474 1416 853 1483 etnunquam
880 1409 1175 1466 finiendas
1206 1426 1435 1482 pzenas,
1457 1413 1519 1464 et
1536 1408 1987 1466 acerbissimam

327 1501 822 1559 iilaminfamiam
836 1500 1364 1573 eﬂ‘ugiamus,quas
1377 1515 1498 1555 non
1520 1499 1827 1571 pecunias,
1852 1514 1985 1571 qua:

327 1606 453 1647 non
464 1588 863 1663 corpora,imo
877 1589 1060 1645 etiam
1072 1588 1232 1659 ipsas
1255 1587 1486 1643 animas
1498 1587 1861 1659 profundere
1878 1604 1987 1659 par

326 1678 713 1746 fuerit?Quis
726 1684 848 1736 tam
876 1678 1070 1751 ignavi
1096 1677 1283 1734 animi
1307 1682 1420 1745 est,
1450 1676 1586 1749 quis
1616 1682 1739 1734 tam
1753 1694 1984 1748 excors,

328 1766 475 1840 quin
506 1771 815 1824 sexcentas
852 1765 1247 1839 temporarias
1273 1770 1499 1822 mortes
1530 1764 1731 1822 subire
1757 1765 1823 1823 in
1855 1767 1987 1823 ani-

2095 584 2190 644 καί
2247 585 2481 666 ἀφεγγὲς
2526 589 2670 663 (22),
2724 585 2804 651 εἰς
2857 588 2921 643 τὸ
2978 587 3171 653 σκότος
3225 590 3290 647 τὸ
3336 589 3633 670 ἐξώτερον,
3660 593 3756 652 τὸν

2099 678 2349 754 βρυγμὸν
2380 681 2489 734 τῶν
2520 673 2760 733 ὀδόντων
2790 676 2883 733 καὶ
2944 676 3214 749 σκώληκα
3240 680 3333 737 τὸν
3363 676 3588 740 ἰοϐόλον
3618 686 3755 761 (23).

2093 765 2243 839 Αὕτη
2276 769 2311 838 ἠ
2344 766 2501 843 μερὶς
2550 765 2753 836 αὐτῶν,
2808 766 2967 832 οὗτος
2998 768 3027 824 ὁ
3053 768 3288 845 κλῆρος,
3321 773 3411 836 οἷς
3438 772 3522 837 εἰς
3553 772 3759 841 αἰῶνας

2097 856 2412 914 συνὲσονται
2480 858 2610 922 τοὺς
2680 856 3078 931 ἀτελευτήτους
3146 860 3583 937 τιμωρούμενοι,
3638 864 3755 923 ἀνθ’

2095 947 2196 1016 ὧν,
2265 948 2335 1003 τὰ
2398 946 2451 1003 ἂν
2535 945 2891 1023 ἐπαγγελίαις
2966 948 3139 1025 ἀγαθά
3191 952 3607 1029 παρωσάμενοι,
3664 951 3758 1011 διὰ

2093 1038 2427 1114 πρόσκαιρον
2466 1036 2744 1113 ἆμαρτίας
2792 1034 2997 1109 ἡδονὴν
3050 1036 3279 1096 κόλασιν
3318 1040 3547 1099 αἰώνιον
3578 1042 3756 1116 ἐξελί-

2096 1127 2274 1199 ξαντο.
2330 1128 2492 1203 ’Υπὶρ
2570 1124 2637 1198 δὴ
2712 1126 2943 1201 τούτων,
3003 1128 3143 1186 ὥστε
3198 1137 3301 1203 τῆς
3355 1131 3598 1210 ἀρῥήτου
3656 1135 3753 1209 μὶν

2094 1224 2276 1294 χαρᾶς
2326 1216 2542 1291 ἐκείνης
2602 1217 2888 1294 ἄπιτυχεῖν
2941 1219 3032 1276 καὶ
3090 1227 3191 1291 τῆς
3244 1221 3562 1299 ἀπορρήτου
3591 1221 3758 1298 δόξης

2094 1305 2412 1382 ἀπολαύειν,
2466 1312 2585 1372 τοῖς
2641 1306 2895 1383 ἀγγέλοις
2961 1307 3021 1365 et
3078 1308 3464 1385 ἂντιλάμπειν,
3521 1314 3613 1370 καὶ
3670 1320 3755 1389 τῷ

2094 1397 2285 1474 ἀγαθῷ
2315 1399 2406 1455 καὶ
2432 1396 2757 1475 γλυκυτάτῳ
2788 1399 3032 1476 Δεσπότῃ
3088 1401 3225 1474 μετὰ
3272 1400 3581 1479 παρρησίας
3610 1426 3754 1483 παρ-

2098 1489 2367 1559 ίστασθαι,
2398 1489 2494 1553 τὰς
2551 1489 2888 1565 πικροτάτας
2945 1487 3005 1545 δὲ
3058 1490 3332 1568 τιμωρίας
3390 1490 3482 1548 καὶ
3531 1492 3758 1551 ἀτελευ-

2093 1580 2292 1651 τήτους
2323 1577 2414 1636 καὶ
2441 1580 2544 1650 τὴν
2594 1576 2863 1655 ὀδυνηρὰν
2916 1577 3128 1652 ἐκείνην
3180 1579 3427 1660 ἐκφυγεῖν
3457 1580 3752 1660 αἰσχύνην,

2093 1669 2238 1725 πόσα
2295 1668 2396 1726 οὐκ
2451 1667 2598 1741 ἄξιον
2646 1670 2908 1744 προέσθαι
2979 1670 3069 1726 καὶ
3130 1672 3397 1747 χρήματα
3448 1676 3603 1733 232
3659 1674 3754 1731 καὶ

2096 1759 2345 1834 σώματα,
2381 1758 2597 1835 μᾶλλον
2631 1759 2689 1817 δὶ
2717 1762 2808 1817 καὶ
2852 1758 3017 1824 αὐτὰς
3064 1762 3163 1824 τὰς
3190 1763 3374 1838 ψυχάς
3401 1781 3416 1834 ;
3444 1763 3541 1827 Τίς
3574 1762 3753 1827 οὕτως

324 1876 494 1919 mum
506 1860 774 1928 inducat,
796 1865 909 1916 uta
920 1860 1289 1933 sempiterna
1302 1864 1363 1915 et
1374 1857 1512 1915 finis
1534 1859 1730 1916 omnis
1743 1864 1985 1932 experte

2097 1846 2345 1926 ἐγεννηής,
2398 1850 2485 1913 τίς
2539 1849 2713 1914 οὕτως
2765 1848 3045 1924 ἀσύνετος,
3102 1851 3179 1916 ὡς
3211 1852 3288 1926 μὴ
3327 1851 3555 1926 μυρίους
3604 1852 3751 1909 ὑπο-

324 1956 515 2008 morte
528 1949 1200 2023 liberetur,beatamque
1213 1953 1272 2006 et
1286 1950 1360 2006 ab
1375 1950 1529 2006 omni
1543 1949 1791 2006 interitu
1803 1966 1988 2007 remo-

2101 1946 2292 2011 στῆναι
2324 1940 2695 2015 προσκαίρους
2726 1938 3008 2012 θανάτους,
3033 1937 3125 1997 ἵνα
3169 1945 3267 1997 τοῦ
3318 1941 3547 1999 αἰωνίου
3578 1941 3757 2000 ἀπαλ-

330 2043 454 2095 tam
480 2038 662 2093 vitam
683 2036 1063 2094 hmreditario
1084 2037 1407 2110 possideat,
1431 2054 1501 2094 ac
1532 2042 1753 2095 sanch
1775 2042 1837 2093 et
1860 2038 1995 2093 vitm

330 2125 573 2188 initium
604 2127 912 2187 afferentis
949 2127 1255 2184 Trinitatis
1284 2127 1513 2184 lumine
1560 2127 1950 2185 collustretur
1968 2127 1997 2186 ?

410 2400 546 2459 Car.
576 2399 775 2456 XXVI.
804 2427 875 2441 -—
905 2398 1043 2455 Hoc
1072 2396 1254 2453 verba
1277 2414 1416 2454 cum
1446 2415 1549 2455 rex
1577 2397 1888 2470 audiisset,
1920 2400 1995 2456 fl-

339 2489 528 2562 liique
554 2489 900 2545 firmitatem
930 2492 1108 2560 atque
1140 2488 1541 2545 constantiam
1570 2488 1993 2561 perspexisset.

336 2596 451 2636 nec
462 2578 910 2648 blanditiis,nec
924 2595 1268 2636 sermonum
1281 2578 1721 2649 lenocinio,nec
1734 2578 1993 2651 denique

337 2670 769 2743 suppliciorum
778 2669 963 2731 minis
974 2668 1556 2735 cedentis,orationis
1569 2666 1813 2740 quidem
1831 2668 1994 2725 illius

333 2758 915 2833 probabilitatem,ac
926 2774 1217 2831 responsa
1226 2774 1360 2830 qua
1377 2757 1570 2813 refelli
1590 2773 1711 2813 non
1725 2763 1993 2830 possent,

334 2848 950 2920 admirabatur,atque
964 2848 1145 2905 etiam
1157 2864 1193 2904 a
1203 2847 1446 2921 propria
1465 2847 1995 2920 conscientia,quse

333 2940 535 3013 ipsum
549 2955 687 2995 vera
706 2942 766 2994 et
769 2938 792 3011 j
802 2943 936 2994 usta
954 2936 1155 2994 dicere
1168 2936 1999 3012 demonstrabat,coargueba-

333 3029 433 3078 tur
456 3040 471 3091 ;
493 3038 700 3079 verum
719 3039 756 3079 a
774 3038 957 3094 prava
976 3020 1409 3079 consuetudine
1426 3027 1607 3093 atque
1619 3022 1891 3078 avitiosis
1908 3022 1995 3078 af-

332 3113 715 3181 fectionibus,
748 3129 1003 3185 quarum
1034 3112 1307 3169 habitum
1348 3118 1742 3185 contraxerat,
1776 3118 1839 3169 et
1862 3130 1994 3185 qum

336 3217 474 3259 eum
501 3201 663 3258 velut
689 3218 859 3258 camo
892 3206 951 3257 et
976 3201 1146 3257 freno
1188 3202 1521 3271 coercebat,
1569 3218 1681 3259 nec
1723 3203 1989 3259 veritatis

332 3290 542 3349 lumen
570 3290 909 3365 perspieere
929 3291 1184 3361 sinebat,
1214 3291 1278 3347 in
1294 3291 1594 3350 diversum
1614 3293 1984 3353 trahebatur.

332 3382 419 3440 Ac
438 3386 756 3454 propterea
780 3380 1016 3438 nullum
1034 3398 1157 3438 non
1169 3381 1525 3454 lapidem,ut
1539 3382 1655 3439 dici
1679 3383 1989 3454 solet,mo-

330 3488 495 3541 vens,
538 3472 605 3529 in
642 3489 711 3530 eo
746 3472 906 3544 quod
944 3472 1111 3544 prius
1139 3472 1252 3529 sibi
1281 3478 1675 3546 proposuerat
1700 3473 1987 3543 hmrebat,

330 3564 652 3622 consilium
679 3564 992 3632 nimirum,
1019 3564 1182 3638 quod
1206 3581 1342 3622 cum
1372 3567 1600 3623 Arache
1632 3572 1891 3640 ceperat,
1923 3567 1987 3623 in

330 3674 482 3731 opus
500 3658 830 3731 perducere
850 3657 1120 3731 cupiens.
1141 3659 1347 3730 Itaque
1364 3658 1438 3715 ad
1459 3658 1652 3715 ﬁlium
1673 3658 1789 3715 ait:
1809 3662 1989 3732 Opor-

327 3747 492 3805 tebat
511 3748 957 3821 quidem,ﬁli,te
978 3749 1129 3806 meis
1151 3749 1422 3821 imperiis
1437 3750 1794 3807 omnibusin
1806 3751 1985 3807 rebus

326 3837 686 3910 simpliciter
705 3836 1275 3910 obsequi.Quoniam
1296 3844 1498 3895 autem
1519 3856 1627 3911 pro
1650 3844 1751 3895 tua
1764 3839 1985 3896 duritia

325 3931 508 4001 atque
538 3927 918 3985 contumacia
946 3928 1095 3984 mihi
1135 3928 1220 3985 ita
1263 3928 1652 3985 vehementer
1686 3929 1983 3998 restitisti,

325 4018 440 4076 hoc
463 4034 650 4076 unum
664 4017 1245 4089 contendens,uttua
1257 4018 1555 4083 sententia
1566 4019 1813 4092 majoris
1826 4018 1983 4092 apud

325 4112 593 4180 te,quam
607 4107 809 4164 omnia
831 4107 969 4177 alia,
993 4106 1275 4180 ponderis
1298 4113 1474 4180 atque
1496 4110 1868 4166 auctoritatis
1891 4126 1982 4165 es-

326 4198 742 4272 set,age,inani
766 4197 1149 4255 contentione
1161 4196 1357 4253 valere
1362 4197 1893 4271 jussa,rationibus
1905 4198 1983 4256 ad

323 4290 812 4363 persuadendum
852 4290 1004 4363 aptis
1034 4306 1301 4364 agamus.
1333 4291 1416 4347 Ac
1448 4291 1588 4363 quia
1619 4292 1913 4360 Barlaam,
1948 4308 1983 4348 a

325 4397 443 4453 quo
469 4381 575 4443 tibi
598 4381 769 4439 fucus
786 4381 979 4439 factus
1004 4385 1113 4449 est,
1134 4381 1366 4438 vinctus
1389 4398 1424 4437 a
1443 4397 1537 4438 me
1559 4386 1819 4451 tenetur,
1855 4399 1980 4439 am-

320 4470 596 4543 plissimo
627 4477 779 4529 casta
810 4471 1036 4541 habito,
1079 4476 1258 4543 atque
1289 4472 1569 4528 omnibus
1600 4477 1727 4527 tum
1758 4472 1980 4529 nostris

2101 2035 2249 2108 λαγῇ
2279 2031 2370 2088 καὶ
2400 2030 2766 2103 ἀτελευτήτου
2818 2030 3071 2103 θανάτου,
3121 2033 3222 2103 τὴν
3275 2034 3421 2104 ζωὴν
3453 2030 3514 2090 δὶ
3541 2032 3758 2112 κληρο-

2097 2123 2319 2199 νομήσῃ
2348 2124 2450 2193 τήν
2486 2120 2752 2199 μακαρίαν
2781 2142 2842 2178 τε
2896 2121 2987 2178 καὶ
3018 2120 3352 2200 ἀνώλεθρον,
3382 2123 3473 2180 καὶ
3502 2130 3583 2199 τῷ
3613 2126 3756 2203 φωτί

2097 2210 2462 2292 περιλαμγθῇ
2511 2217 2615 2284 τῆς
2691 2212 2961 2290 μακαρίας
3032 2210 3127 2269 καὶ
3186 2218 3525 2292 ζωαρχικῆς.
3584 2216 3755 2294 Τριά-

2100 2298 2192 2365 δος
2221 2305 2338 2376 (24)
2359 2321 2378 2374 ς

2170 2392 2346 2453 ΚΕΨ.
2396 2392 2519 2451 ΚΔ’.
2571 2389 2791 2449 Τούτων
2843 2390 3076 2455 ἀκούσας
3124 2392 3153 2448 ὁ
3209 2389 3467 2470 βασιλεὺς
3501 2398 3612 2451 τῶν
3655 2394 3757 2473 ρη-

2103 2486 2313 2558 μάτων,
2372 2479 2464 2538 καί
2522 2482 2586 2538 τὸ
2643 2480 2959 2559 στερέμνιον
3018 2482 3109 2537 καὶ
3167 2480 3448 2540 ἀνένδοτον
3500 2482 3632 2541 ἰδὼν
3658 2488 3759 2542 τοῦ

2098 2572 2297 2636 παιδὸς
2353 2575 2494 2648 μήτε
2549 2570 2868 2638 κολακείαις
2921 2571 3161 2637 εἴκοντος
3218 2576 3335 2649 (25)
3387 2576 3527 2650 μήτε
3573 2574 3754 2653 λόγων

2097 2665 2302 2732 πειθοῖ,
2370 2663 2446 2736 μὴ
2502 2666 2791 2739 τιμωριῶν
2851 2662 3133 2737 ἀπειλαῖς,
3190 2662 3462 2739 ἐθαύμαζε
3522 2666 3618 2740 μὲν
3668 2665 3760 2722 ἰπὶ

2096 2755 2168 2827 τῇ
2195 2752 2521 2825 πιθανότητι
2548 2757 2647 2809 τοῦ
2679 2749 2848 2830 λόγου
2878 2754 2971 2809 καὶ
3003 2758 3122 2817 ταῖς
3171 2752 3593 2831 ἀναντιῤῥήτοις
3622 2755 3761 2813 ἀπο-

2097 2844 2361 2919 κρίσεσιν,
2415 2842 2694 2920 ἠλέγχετο
2753 2840 2813 2900 δὶ
2870 2841 2976 2900 ὑπὸ
3022 2847 3129 2900 τοῦ
3186 2841 3519 2915 συνειδότος,
3576 2844 3759 2919 ἁδηθῆ

2098 2931 2276 3013 λεγειν
2328 2935 2491 2991 αὐτὸν
2535 2934 2627 2991 καί
2674 2931 2857 2990 δίκαια
2926 2932 3405 2998 ὑποδεικνύοντος⁹
3455 2934 3585 2991 ἀλλ’
3629 2933 3755 2991 ἄνο-

2098 3024 2310 3087 είλκετο
2369 3025 2475 3082 ὑπὸ
2527 3032 2632 3096 τῆς
2688 3031 2935 3102 πονηρᾶς
3019 3023 3304 3096 συνηθείας
3360 3023 3450 3081 καί
3533 3030 3641 3081 τῶν
3700 3026 3754 3083 ἐν

2098 3114 2200 3191 ἔξει
2256 3110 2639 3192 βεϐαιωθένων
2697 3113 2751 3170 ἐν
2807 3115 2956 3187 αὐτῷ
3009 3118 3222 3183 παθῶν,
3284 3112 3375 3193 ὑφ’
3430 3114 3506 3169 ὧν
3560 3114 3638 3177 ὡς
3697 3112 3751 3170 ὲν

2097 3212 2267 3281 κημῷ
2293 3205 2580 3283 κατείχετο
2628 3204 2718 3261 καὶ
2775 3203 2995 3281 χαλινῷ
3051 3207 3187 3279 (26),
3217 3210 3297 3278 τῷ
3325 3204 3465 3284 φωτί
3501 3205 3576 3279 μὴ
3612 3227 3752 3284 συγ*

2100 3297 2460 3373 χωρούμενος
2505 3290 2847 3370 προσϐλέψαι
2893 3296 2993 3364 τῆς
3034 3292 3323 3366 ἀληθείας.
3372 3296 3531 3354 ’Ὀθεν
3575 3297 3755 3353 πάντα

2098 3387 2366 3459 λίθον,τὸ
2392 3391 2490 3444 τοῦ
2535 3386 2724 3464 λόγου,
2782 3390 2949 3441 κινῶν
3006 3389 3139 3461 (2³7),
3198 3386 3381 3464 εἴχετο
3424 3392 3525 3444 τοῦ
3579 3387 3755 3445 πάλαι

2096 3480 2326 3546 σκοποῦ,
2352 3478 2451 3547 τὴν
2484 3474 2990 3553 προμελετηθεῖσαν
3044 3475 3191 3550 αὐτῷ
3238 3476 3373 3551 μετᾶ
3400 3482 3499 3534 τοῦ
3536 3479 3752 3555 Ἀραχῆ

2096 3570 2294 3641 σκῆψιν
2324 3565 2404 3630 εἰς
2444 3561 2602 3645 ἔργον
2659 3567 2880 3643 ἀγαγεῖν
2946 3564 3307 3644 βουλόμενος.
3359 3566 3462 3626 Καὶ
3512 3590 3645 3648 φησι
3674 3574 3756 3644 τῷ

2094 3655 2268 3715 παιδί.
2326 3654 2472 3716 Ἐδει
2536 3660 2629 3731 μὲν
2690 3678 2768 3728 σε,
2829 3658 2874 3713 ὧ
2929 3656 3143 3730 τέκνον,
3201 3662 3323 3722 τοῖς
3375 3656 3532 3731 ἰμοῖς
3565 3658 3758 3726 ἁπλῶς

2096 3746 2261 3805 εἷ’κειν
2314 3747 2368 3804 ἐν
2423 3753 2556 3804 πᾶσι
2610 3750 3045 3825 προστάγμασιν
3120 3745 3250 3804 ἀλλ’
3308 3746 3447 3821 ἐπεὶ,
3510 3746 3754 3826 σκληρὸς

2093 3836 2289 3895 ὤνκαὶ
2319 3840 2570 3913 ἀπειθὴς,
2624 3837 2871 3916 ἰσχυρῶς
2929 3836 3104 3900 οὓτως
3158 3836 3422 3908 ἀντέστης
3477 3857 3596 3912 μοι,
3652 3839 3754 3911 τὴν

2094 3927 2237 3987 ἰδίαν
2271 3928 2621 4004 ἰνιστάμενος
2668 3930 2903 4003 γνώμην
2951 3926 3287 4003 κυριωτέραν
3336 3926 3551 3984 πάντων
3581 3932 3755 4002 ποιή-

2092 4033 2307 4096 σασθαι,
2340 4018 2499 4098 δεῦρο
2544 4017 2612 4089 δή
2669 4022 2739 4093 τῇ
2802 4016 3003 4091 ματαίᾳ
3056 4014 3297 4073 ἰνστάσει
3328 4018 3542 4094 χαίρειν
3583 4021 3752 4097 ἄμφω

2094 4111 2361 4183 εἰπόντες,
2446 4110 2629 4164 πειθοῖ
2706 4106 3184 4181 πολιτευσώμεθα.
3253 4108 3357 4164 Καὶ
3433 4106 3551 4164 ἇπεὶ
3605 4109 3635 4164 ὁ
3694 4110 3753 4167 ad

2088 4196 2375 4271 ἀπατήσας
2431 4198 2586 4257 2⁸³
2646 4195 2921 4272 Βαρλαᾶμ
2978 4193 3403 4273 σιδηροδὲσμιος
3456 4198 3584 4273 παρ’
3624 4196 3751 4273 ἐμοὶ

2089 4290 2367 4368 τυγχάνει,
2452 4284 2818 4359 ἐκκλησιάσας
2902 4285 3195 4358 ἐκκλησίαν
3296 4286 3576 4365 μεγάλην,
3657 4288 3749 4344 καὶ

2090 4381 2297 4442 πάντας
2352 4378 2659 4451 ἠμετὲρους
2714 4398 2774 4434 τε
2822 4376 2913 4434 καὶ
2972 4373 3302 4441 Γαλιλαίους
3361 4374 3447 4435 ἐπὶ
3496 4376 3561 4433 τὸ
3618 4377 3749 4434 αὐτὸ

2091 4468 2447 4546 συγκαλέσας,
2495 4466 2743 4543 κήρυκάς
2808 4488 2869 4524 τε
2942 4464 3245 4545 διαρρήδην
3309 4468 3439 4545 βοᾷν
3495 4466 3752 4534 θεσπίσας

319 4564 449 4614 tum
463 4559 720 4615 Galilaais
732 4561 793 4616 in
805 4577 989 4616 unum
1001 4560 1729 4633 coactisprmconibusque
1741 4560 1980 4616 disertis

2097 4562 2186 4614 τοῦ
2219 4554 2425 4632 μηδένα
2452 4561 2562 4612 τῶν
2613 4560 2946 4635 Χριστιανῶν
2995 4553 3318 4628 δεδοικέναι,
3350 4556 3477 4614 ἀλλ’
3527 4553 3751 4633 ἀφόϐως

318 4647 517 4705 verbis
546 4648 781 4706 edicere
802 4650 1015 4723 jussis,
1046 4665 1122 4706 ne
1156 4650 1475 4723 quisquam
1506 4649 1979 4705 Christianorum

2097 4628 2295 4712 πάντας
2354 4628 2743 4721 συνεισελθεῗν,
2799 4650 2963 4723 κοινῇ
3052 4644 3473 4721 διασκεψώμεθα
3529 4628 3745 4725 γνώμῃ.

318 4737 503 4795 ullius
532 4740 784 4812 periculi
804 4745 970 4799 metu
992 4740 1312 4808 afficiatur,
1342 4754 1548 4797 verum
1582 4755 1790 4797 omnes
1812 4739 1977 4796 omni

2097 4738 2190 4795 Καὶ
2221 4736 2281 4812 ἤ,
2312 4737 2614 4810 πείσαντες,
2646 4739 2805 4812 ὑμεῖς
2853 4736 2991 4813 μετὰ
3034 4740 3133 4793 τοῦ
3182 4734 3446 4811 ὑμετέρου
3477 4735 3749 4813 Βαρλαὰμ

317 4833 483 4887 metu
514 4828 681 4887 vacui
712 4846 819 4903 per
863 4830 1141 4888 sodalitia
1171 4835 1230 4887 et
1258 4829 1630 4903 cognitiones
1676 4828 1739 4885 in
1786 4846 1977 4888 unum

2097 4828 2329 4902 τεύξεσθε
2378 4830 2454 4885 ὧν
2515 4826 2904 4885 ὶσπουδάκατεο
2962 4823 3027 4900 ἤ,
3082 4826 3409 4898 πεισθέντες,
3468 4828 3563 4883 σὺν
3592 4828 3748 4884 k106-

316 4924 550 4989 coeant,
564 4921 867 4979 communi
884 4920 1137 4979 consilio
1160 4936 1291 4976 rem
1308 4919 1975 4991 consideremus.Atque

2097 4920 2176 4993 ιίᾳ
2200 4924 2271 4997 τῇ
2304 4920 2504 4997 γνώμῃ
2534 4923 2655 4985 τοῖς
2696 4918 3083 4997 προστάγμασι
3132 4937 3240 4993 μου
3273 4915 3509 4974 ὑπείκειν
3539 4929 3746 4995 προθυ-

314 5015 421 5069 aut
438 5027 539 5067 vos
564 5017 623 5067 et
637 5016 832 5069 vester
853 5010 1148 5081 Barlaam,
1170 5008 1347 5067 nobis
1378 5009 1442 5065 in
1478 5009 1837 5066 sententiam
1875 5026 1973 5066 ve-
2086 5010 2370 5084 μηθείητε.

314 5104 501 5158 stram
530 5100 825 5174 abductis,
859 5118 930 5159 ea
959 5118 1091 5173 quas
1123 5099 1343 5174 optatis
1371 5098 1848 5172 consequimini:
1897 5105 2001 5159 aut
2046 5108 2256 5162 contra
2295 5121 2397 5162 vos
2444 5101 2508 5163 in
2554 5101 2916 5162 sententiam
2968 5105 3237 5161 nostram
3265 5101 3531 5175 adducti,
3553 5101 3742 5176 jussis

312 5190 465 5260 meis
494 5195 708 5266 sponte
734 5209 807 5255 ac
835 5196 1112 5266 prompto
1143 5190 1344 5249 animo
1374 5189 1685 5263 parebitis.

384 5346 499 5416 (22)
536 5343 702 5401 Conf.
735 5361 794 5416 p.
825 5344 952 5416 217,
986 5361 1045 5401 n.
1080 5344 1171 5402 66.

388 5418 500 5559 (23)
531 5416 698 5472 Conf.
732 5433 791 5488 p.
824 5418 915 5473 66.

388 5491 480 5559 (24
529 5489 789 5559 Conf._p.
827 5488 899 5542 60

410 5488 499 5559 24)
529 5489 789 5559 Conf._p.
827 5488 899 5542 60
929 5494 1078 5545 extr.

410 5556 501 5631 25)
532 5562 644 5631 AC,
679 5556 913 5618 ἐίκοντα.
942 5562 1106 5617 Fors.
1141 5564 1201 5616 et
1230 5556 1395 5616 εἶκον.

410 5564 478 5615 25
532 5564 644 5631 AG,
679 5564 913 5618 ίικοντα.
942 5564 1072 5617 Fors

409 5564 504 5774 26;
530 5632 615 5691 Cf.
648 5631 805 5691 Psal.
829 5648 987 5699 x-xxi,
1019 5636 1072 5715 9,

413 5706 479 5758 2'7
534 5703 770 5774 Derhoc
797 5704 1071 5774 proverb:

302 5750 307 5753 .
389 5703 504 5762 (2'7)
534 5703 614 5761 De
657 5705 770 5762 hoc

403 5773 557 5844 νηρι,
587 5773 651 5831 τὸ
680 5778 779 5832 τοῦ
798 5773 984 5851 λόγου
1011 5776 1115 5846 τήν
1147 5774 1274 5854 ἰξαφ

654 5902 663 5915 l

385 5491 407 5828 Ξ

839 5704 1111 5762 roverbio
1142 5704 1359 5831 vide
1393 5707 1449 5773 9,
1480 5721 1542 5760 ιι.
1571 5706 1663 5762 28.
1696 5706 1956 5763 Joannes
1986 5707 2264 5766 Antioch.
2297 5706 2359 5766 in
2390 5713 2634 5770 Monum.
2666 5709 2853 5768 Cotel.
2886 5712 2930 5766 t.
2961 5707 3007 5785 ῐ,
3028 5724 3168 5784 .pag.
3208 5709 3348 5767 160:
3382 5707 3563 5767 Πάντα
3594 5703 3751 5774 λίθον

839 5774 984 5831 ,όγου
1011 5776 1115 5831 τήν
1147 5774 1274 5831 ιεω
1314 5774 1671 5831 εἷσανηπίστιν
1705 5777 2031 5831 κατασοίσαι
2056 5778 2413 5831 adsumam

1314 5774 1458 5847 εἷσαν
1476 5774 1671 5843 πίστιν
1705 5777 2031 5843 κατασοεσαι
2056 5778 2413 5855 amovendi»:

318 5770 383 5829 ιχ
