4112 6382
317 377 457 437 1107

1855 375 2227 435 ΔΟΒΒΝῺΔ.

3595 375 3749 436 1108

311 503 480 562 asina
497 505 1195 583 Balaam,aperuisset,ea
1215 521 1346 579 quae
1366 505 1564 563 dicere
1587 504 1834 562 minime
1865 502 1956 562 in-

2078 500 2233 573 ληκε⁸
2283 499 2373 558 καὶ
2425 515 2558 582 φησι
2600 503 2738 579 πρὸς
2789 503 2882 560 τὸν
2941 501 3191 581 βασιλέα·
3239 501 3411 582 Ἐγὼ,
3475 503 3746 581 βασιλεῦ,

317 596 594 654 stituerat
615 598 962 671 prolocutus
988 596 1304 669 est,aitque
1325 595 1398 652 ad
1421 612 1621 669 regem
1647 597 1816 670 :Ego,
1838 610 1964 666 rex,

315 685 420 741 Dei
437 687 813 758 providentia
827 688 890 744 in
911 685 1200 743 mundum
1213 685 1380 754 veni;
1404 690 1842 758 conspectaque
1856 700 1964 740 coa-

313 773 394 846 lo,
428 781 607 846 terra,
639 778 812 846 mari,
847 777 991 846 sole,
1025 792 1094 832 ac
1122 776 1285 843 luna,
1311 775 1680 847 reliquisque
1701 775 1963 847 ejusmo-

315 864 372 920 di
405 866 604 936 rebus,
629 884 834 922 earum
854 871 1128 922 ornatum
1151 865 1480 921 admiratus
1503 881 1654 920 sum.
1680 863 1966 919 Mundum

312 958 532 1024 autem,
567 971 752 1027 eaque
787 955 989 1012 omnia
1019 972 1151 1028 quae
1192 954 1379 1028 ipsius
1428 954 1741 1028 complexu
1771 952 1965 1008 conti-

311 1050 549 1112 nentur,
574 1046 914 1101 necessario
935 1046 1157 1102 moveri
1182 1045 1580 1118 conspiciens,
1617 1061 1753 1099 eum
1785 1060 1818 1098 a
1850 1058 1964 1114 quo

309 1138 579 1189 movetur
599 1139 658 1190 et
677 1141 1064 1192 conservatur
1084 1137 1274 1192 Deum
1289 1153 1420 1192 esse
1434 1131 1966 1191 intellexi.Etenim

312 1222 604 1296 quidquid
619 1229 816 1281 movet
833 1242 900 1282 eo
917 1225 1077 1298 quod
1092 1231 1364 1283 movetur
1376 1225 1590 1281 fortius
1612 1228 1789 1292 est;et
1807 1221 1967 1295 quod

313 1313 582 1371 continet
600 1320 780 1389 atque
803 1322 1113 1374 conservat
1132 1315 1344 1373 fortius
1367 1321 1457 1373 est
1486 1331 1554 1372 eo
1588 1314 1746 1388 quod
1776 1312 1967 1370 conti-

316 1408 495 1460 netur
534 1409 594 1461 et
630 1411 1036 1466 conservatur.
1067 1407 1355 1474 Quocirca
1381 1407 1578 1480 ipsum
1616 1404 1804 1461 Deum
1837 1419 1966 1459 esse

314 1491 446 1551 dico
471 1496 572 1569 qui
596 1497 800 1555 omnia
827 1499 1353 1572 procreavitatque
1385 1501 1713 1564 conservat,
1745 1494 1967 1567 quique

312 1585 626 1659 principiis
649 1605 860 1662 expers
882 1595 991 1659 est,
1012 1593 1071 1645 et
1091 1590 1492 1662 sempiternus
1511 1591 1569 1643 et
1588 1583 1966 1654 immortalis,

314 1678 374 1730 et
393 1676 562 1733 nulla
582 1695 645 1734 re
669 1678 965 1753 indigens,
990 1678 1386 1751 omnibusque
1418 1675 1969 1752 perturbationibus

2073 593 2306 668 προνοίᾳ
2351 597 2486 649 Θεοῦ
2535 592 2709 662 ἦλθον
2769 593 2846 658 είς
2891 594 2985 650 τὸν
3031 593 3266 670 κόσμονο
3312 595 3406 650 καὶ
3449 596 3744 671 θεωρήσας

2072 683 2165 738 τὸν
2196 682 2424 760 οὐρανὸν
2470 683 2562 739 καὶ
2607 690 2710 762 γῆν
2758 683 2849 740 καὶ
2897 683 3192 759 θάλασσαν,
3247 683 3412 755 ἥλιόν
3439 685 3612 741 τεκαὶ
3645 706 3745 742 σε·-

2075 769 2253 844 λήνην
2283 773 2373 828 καὶ
2402 772 2469 828 τὰ
2496 771 2688 845 λοιπὰ,
2719 771 2998 848 ἐθαῦμασα
3048 777 3148 846 τὴν
3202 773 3570 847 διακόσμησιν
3598 775 3745 831 τού-

2072 881 2203 919 των.
2237 860 2390 919 Ἰδὼν
2424 859 2482 917 δὶ
2527 863 2619 919 τὸν
2652 862 2860 938 κόσμον
2891 861 2981 920 καί
3008 863 3077 921 τὰ
3129 863 3183 920 ἐν
3241 865 3392 938 αὐτῷ
3419 865 3616 936 πάντα,
3651 863 3746 920 ὅτι

2073 951 2212 1008 κατὰ
2267 951 2504 1029 ἀνάγκην
2581 958 2832 1025 κινεῖται,
2914 961 3117 1026 συνῆκα
3185 955 3280 1011 τὸν
3334 959 3592 1012 κινοῦντα
3645 953 3747 1012 καὶ

2076 1039 2468 1115 διακρατοῦντα
2525 1043 2657 1098 εἶναι
2716 1043 2868 1100 Θεόνο
2927 1048 3031 1100 πᾶν
3089 1045 3195 1121 γὰρ
3245 1043 3310 1100 τὸ
3355 1049 3540 1101 κινοῦν
3575 1045 3746 1122 ἰσχυ-

2075 1131 2296 1208 ρότερον
2326 1129 2425 1187 τοῦ
2453 1134 2804 1208 κινουμένου,
2861 1132 2954 1190 καὶ
3009 1134 3073 1190 τὸ
3123 1131 3445 1210 διακρατοῦν
3503 1134 3750 1212 ἰσχυρό-

2073 1240 2229 1296 τερον
2286 1225 2383 1277 τοῦ
2442 1219 2909 1300 διακρατουμὲνου
2979 1221 3146 1282 ἐστίν.
3207 1222 3383 1282 Αὐτὸν
3441 1222 3534 1282 οῦν
3591 1223 3748 1303 λέγω

2077 1310 2211 1368 εἶναι
2242 1312 2371 1369 Θεὸν
2419 1313 2511 1370 τὸν
2572 1315 2980 1389 συστησάμενον
3035 1314 3106 1371 τὰ
3150 1315 3325 1372 πᾶντα
3370 1315 3462 1374 καὶ
3509 1313 3750 1395 διακραα

2074 1404 2292 1472 τοῦντα,
2352 1393 2590 1479 ἄναρχον
2650 1402 2742 1460 καὶ
2800 1401 3003 1475 ἀίδιον,
3061 1403 3326 1461 ἀθάνατον
3381 1405 3472 1462 καὶ
3529 1393 3752 1482 ἀπροσε-

2077 1489 2171 1565 δεῆ
2206 1497 2342 1570 (54),
2375 1494 2644 1573 ἀνώτερον
2699 1495 2919 1552 πάντων
2972 1501 3082 1553 τῶν
3142 1501 3333 1564 παθῶν
3365 1499 3456 1554 καί
3490 1495 3752 1556 ἐλαττω-

2079 1580 2288 1656 μάτων,
2321 1583 2494 1661 ὀργῆς
2524 1605 2581 1641 τε
2610 1585 2698 1640 καὶ
2735 1583 2918 1658 λήθης
2947 1585 3038 1642 καὶ
3091 1586 3317 1663 ἀγνοίας
3348 1588 3437 1644 καὶ
3470 1591 3580 1644 τῶν
3619 1587 3751 1645 λοι·-

2077 1676 2220 1730 πῶν,
2253 1673 2333 1728 Δι’
2362 1673 2529 1730 αὐτοῦ
2591 1669 2648 1730 δὶ
2700 1676 2768 1731 τὰ
2822 1677 3001 1732 πάντα
3056 1673 3401 1748 συνέστηκεν.
3436 1677 3516 1736 Οὐ
3541 1677 3753 1755 χρῄζει

311 1780 379 1820 ac
419 1765 746 1824 defectibus
799 1767 1133 1838 sublimior,
1184 1768 1296 1824 hoc
1348 1773 1438 1824 est
1483 1769 1572 1823 ira
1614 1771 1705 1822 est
1756 1763 1966 1821 oblivi-

2078 1760 2262 1825 θυσίας
2313 1762 2404 1818 καὶ
2464 1759 2732 1836 σπονδῆς,
2791 1762 2918 1820 οὐδὲ
2971 1764 3189 1823 πάντων
3229 1771 3340 1823 τῶν
3373 1767 3754 1848 φαινομένωνδ

313 1853 477 1910 tione
510 1859 688 1928 atque
710 1857 1064 1931 ignorantia,
1088 1857 1457 1930 reliquisque
1481 1856 1759 1913 omnibus
1789 1854 1966 1910 rebus

2082 1853 2276 1915 πάντες
2302 1849 2359 1908 δὲ
2387 1852 2552 1909 αὐτοῦ
2583 1854 2880 1930 χρῄζουσι.

311 1944 547 2017 generis
579 1947 867 2019 ejusdem.
903 1949 1016 2003 Per
1043 1945 1243 2021 ipsum
1273 1951 1476 2003 autem
1515 1946 1718 2003 omnia
1757 1948 2165 2018 coagmentata
2199 1949 2258 2001 et
2300 1952 2579 2002 concreta
2601 1952 2741 2002 sunt
2771 1947 2936 2018 (Psal.
2969 1951 3084 2018 xv).
3117 1950 3234 2007 Nec
3263 1965 3400 2008 vero
3434 1948 3754 2007 sacriﬁciis

317 2041 422 2093 aut
450 2034 860 2110 libaminibus,
890 2043 994 2094 aut
1022 2037 1147 2094 ulla
1175 2037 1293 2093 alia
1322 2055 1385 2093 re
1417 2037 1480 2093 in
1510 2041 1819 2110 aspectum
1866 2033 2116 2092 cadente
2156 2051 2307 2107 opus
2355 2035 2536 2092 habet
2581 2037 2722 2110 (Act.
2755 2041 2916 2108 xvu),
2948 2055 3153 2096 verum
3193 2046 3401 2097 contra
3433 2051 3650 2098 omnes
3681 2057 3752 2098 eo

318 2139 470 2199 opus
499 2123 744 2185 habent.

390 2218 523 2274 CAP.
579 2215 800 2276 XXVII.
841 2250 912 2262 —
950 2219 1051 2277 His
1084 2219 1168 2278 ita
1202 2219 1274 2277 de
1306 2220 1426 2277 Deo
1468 2215 1976 2288 commemoratis,

319 2305 826 2381 quemadmodum
855 2306 1046 2384 ipsius
1074 2309 1368 2367 beneﬂcio
1399 2309 1546 2366 mihi
1570 2309 1642 2365 de
1664 2308 1793 2380 ipso
1811 2304 1978 2380 loqui

317 2414 669 2456 concessum
701 2403 812 2470 est,
867 2399 943 2456 ad
973 2399 1306 2458 humanum
1335 2417 1522 2475 genus
1552 2399 1878 2466 veniamus,
1913 2399 1979 2453 ut

316 2486 563 2560 quinam
587 2487 851 2562 ipsorum
865 2489 1402 2564 veritatis,quinam
1418 2489 1636 2546 erroris
1657 2487 1977 2561 participes

320 2576 443 2632 sint
463 2577 925 2650 conspiciamus.
948 2579 1104 2635 Illud
1126 2580 1311 2650 enim,
1335 2597 1368 2636 ο
1388 2597 1514 2649 rex,
1537 2579 1696 2634 inter
1711 2595 1822 2633 nos
1841 2595 1978 2633 con-

320 2671 458 2739 stat,
484 2667 594 2722 tria
615 2667 677 2723 in
702 2668 924 2725 mundo
949 2668 1264 2726 hominum
1288 2686 1507 2743 genera
1528 2667 1974 2738 esse,uimirum

321 2771 421 2812 eos
449 2755 550 2828 qui
581 2757 738 2829 apud
769 2775 869 2814 vos
901 2758 1148 2814 deorum
1176 2758 1434 2815 cultores
1465 2757 1765 2825 dicuntur,
1792 2762 1850 2812 et
1876 2757 1974 2812 Ju-

320 2844 503 2915 daeos,
526 2851 586 2902 et
606 2847 995 2905 Christianos.
1013 2851 1095 2905 Ac
1122 2866 1359 2905 rursum
1393 2865 1599 2905 eorum
1623 2847 1723 2920 qui
1752 2845 1974 2903 multos

317 2933 461 2990 deos
484 2935 691 2993 colunt
711 2937 925 3011 triplex
955 2956 1143 3013 genus
1175 2955 1326 3010 esse,
1377 2955 1592 3011 nempe
1641 2936 1972 3007 Chaldaeos,

319 3025 553 3082 Graecos
576 3033 635 3083 et
654 3029 1124 3101 Egyptiosﬁam
1139 3029 1198 3084 hi
1213 3028 1463 3101 reliquis
1484 3026 1827 3084 nationibus
1843 3027 1973 3099 plu-

311 3115 469 3172 rium
485 3115 731 3173 deorum
748 3118 945 3174 cultus
963 3118 1398 3175 etadorationis
1419 3118 1602 3174 duces
1619 3134 1686 3174 ac
1703 3115 1971 3190 magistri

313 3205 576 3263 fuerunt.
597 3207 884 3274 Quocirca
912 3208 1157 3280 quinam
1180 3208 1448 3281 ipsorum
1472 3209 1532 3264 in
1558 3205 1974 3278 veritate,qui-

2159 2217 2319 2272 ΚΕΦ.
2353 2214 2468 2274 KZ'.
2524 2213 2741 2273 Τούτων
2802 2214 2975 2283 οὕτως
3035 2215 3343 2295 εἰρημένων
3399 2218 3524 2296 περῖ
3583 2224 3752 2295 Θεοῦ,

2085 2305 2266 2370 καθὼς
2294 2302 2394 2379 ἐμὲ
2435 2303 2687 2384 ἐχώρησε
2741 2307 2865 2386 περῖ
2916 2309 3081 2365 αὑτοῦ
3130 2306 3334 2386 λέγειν,
3369 2306 3626 2386 ἔλθωμεν
3657 2311 3751 2368 καί

2087 2393 2176 2451 ἐπὶ
2206 2401 2268 2452 τὸ
2299 2394 2637 2473 ἀνθρώπινον
2697 2394 2877 2476 γένος,
2935 2399 3087 2464 ὅπως
3139 2397 3352 2475 ’ἴδωμεν
3389 2401 3535 2463 τίνες
3565 2401 3749 2458 αὐτῶν

2089 2487 2382 2563 μετέχουσι
2431 2490 2586 2547 240
2632 2496 2734 2560 τῆς
2781 2489 3041 2562 ἀληθείας
3083 2488 3174 2547 καὶ
3203 2491 3343 2555 τίνες
3375 2498 3475 2563 τῆς
3508 2491 3746 2565 πλάνης.

2086 2576 2324 2653 Φανερὸν
2369 2576 2471 2655 γὰρ
2531 2576 2673 2635 ἐστιν
2733 2579 2896 2654 ἡμῖν,
2955 2581 3000 2635 ὧ
3067 2579 3314 2658 βασιλεῦ,
3345 2579 3430 2637 ὅτι
3459 2581 3586 2657 τρία
3612 2583 3740 2661 γὲνη

2085 2663 2221 2721 εἰσὶν
2253 2666 2552 2743 ἀνθρώπων
2604 2667 2658 2725 ἐν
2699 2665 2844 2742 τῷδε
2890 2669 2970 2744 τῷ
3011 2669 3226 2746 κόσμῳ·
3276 2671 3351 2727 ὧν
3385 2669 3519 2728 εἶσιν
3551 2672 3605 2727 οἱ
3632 2676 3742 2728 τῶν

2083 2757 2214 2831 παρ’
2248 2757 2400 2832 ὑμῶν
2459 2756 2767 2834 λεγομίνῶν
2825 2764 2960 2825 θεῶν
3017 2763 3417 2836 προσκυνηταὶ,
3467 2761 3558 2818 καὶ
3598 2765 3740 2820 Ἰου-

2086 2842 2252 2919 δαῖοι,
2300 2846 2392 2902 καὶ
2449 2850 2798 2924 Χριστιανοίο
2859 2849 3015 2906 αὐτοὶ
3047 2849 3106 2906 δὲ
3135 2849 3326 2922 πάλιν,
3356 2852 3412 2907 οἱ
3442 2850 3570 2915 τοὺς
3595 2849 3746 2908 πολ-

2086 2933 2219 2999 λοὺς
2277 2932 2566 3011 σεϐόμενοι
2625 2938 2801 3009 θεοὺς,
2861 2937 2937 3003 εἷς
2993 2939 3118 3016 τρία
3188 2939 3522 3016 διαιροῦνται
3578 2941 3748 3017 γένη,

2082 3023 2389 3089 Χαλδαίους
2444 3047 2503 3082 τε
2558 3027 2648 3082 καὶ
2702 3017 2986 3101 Ἕλληνας
3041 3031 3131 3086 καὶ
3188 3029 3540 3108 Αίγυπτίους’
3579 3030 3742 3084 οὗτοι

2080 3113 2179 3190 γὰρ
2210 3114 2491 3192 γεγόνασιν
2542 3117 2785 3194 ἀρχηγοὶ
2833 3118 2921 3174 καί
2983 3115 3300 3176 διδάσκαλοι
3348 3123 3465 3182 τοῖς
3514 3118 3738 3180 λοιποῖς

2081 3201 2252 3260 ἔθνεσι
2329 3211 2427 3276 τῆς
2492 3209 2600 3262 τῶν
2674 3205 3056 3283 πολυωνῦμων
3128 3211 3260 3274 θεῶν
3339 3206 3587 3285 λατρείας
3634 3206 3730 3263 καί

313 3313 454 3353 nam
477 3296 540 3354 in
564 3314 765 3354 errore
787 3298 1539 3368 versentur,videamus.Ac
1560 3296 1818 3352 Chaldaei
1843 3295 1969 3368 qui-

2082 3296 2522 3371 προσκυνήσεως.
2575 3293 2810 3371 Ἰδωμεν
2852 3296 2943 3354 οῦν
2991 3297 3129 3360 τίνες
3175 3297 3384 3354 τούτων
3440 3297 3734 3374 μετεχουσι

319 3386 455 3444 dem
476 3389 658 3446 Deum
674 3389 1040 3464 ignorantes,
1059 3394 1197 3463 post
1215 3388 1512 3446 elementa
1525 3388 1970 3460 aberraverunt,

314 3495 530 3550 resque
547 3477 1118 3536 conditasCreatoris
1139 3479 1270 3535 loco
1285 3479 1479 3535 colere
1498 3482 1972 3552 coeperunt:qua-

311 3583 446 3623 rum
465 3568 643 3625 etiam
658 3585 792 3625 cum
805 3569 1022 3626 formas
1033 3569 1321 3641 quasdam
1337 3568 1802 3634 effecissent,eas
1815 3565 1969 3633 cmli,

320 3663 380 3714 et
395 3663 590 3726 terra),
619 3663 681 3716 et
699 3659 904 3729 maris,
929 3663 988 3716 et
1009 3659 1175 3729 solis,
1198 3676 1266 3716 ac
1289 3658 1970 3731 lunoe,reliquorumque

319 3745 758 3805 elementorum
774 3748 1108 3806 etsiderum
1132 3748 1383 3822 figuram
1405 3747 1806 3822 appellarunt,
1831 3763 1969 3802 eas-

315 3854 431 3910 que
447 3839 618 3895 resin
632 3837 873 3912 templis
887 3839 1200 3896 conclusas
1213 3839 1483 3910 adorant,
1508 3855 1576 3895 ac
1599 3838 1742 3894 deos
1765 3854 1877 3910 app
1887 3837 1970 3892 el-

317 3926 464 3986 lant.
491 3927 647 3996 Quos
662 3929 838 3986 etiam
863 3928 1179 4004 diligenter
1199 3945 1267 3985 ac
1291 3928 1554 3985 studiose
1578 3934 1815 3984 servant
1838 3943 1912 3983 ne
1933 3943 1970 3982 a

308 4019 544 4078 furibus
557 4020 1270 4094 subripiantur.Necillud
1284 4020 1503 4094 ipsisin
1517 4026 1773 4076 mentem
1784 4019 1964 4087 venit,

310 4109 603 4183 quidquid
617 4116 893 4167 servateo
917 4111 1078 4183 quod
1095 4117 1361 4167 servatur
1379 4111 1575 4184 majus
1589 4114 1808 4178 esse,et
1821 4108 1966 4164 item

311 4215 447 4257 eum
470 4200 572 4272 qui
592 4199 824 4272 aliquid
848 4199 1031 4257 efﬁcit
1046 4217 1114 4255 eo
1137 4201 1298 4273 quod
1320 4201 1577 4256 efﬁcitur
1592 4199 1965 4272 praestantio-

306 4305 436 4348 rem
464 4306 616 4349 esse.
641 4293 786 4347 Nam
811 4291 859 4346 si
882 4291 1149 4363 ipsorum
1167 4291 1248 4346 dii
1271 4307 1341 4346 ea
1368 4289 1779 4345 imbecillitate
1804 4292 1963 4359 sunt,

307 4384 376 4434 ut
396 4379 574 4437 saluti
596 4395 716 4436 sum
740 4379 1055 4437 consulere
1087 4383 1415 4453 nequeant,
1446 4395 1709 4451 quonam
1724 4376 1965 4434 tandem

311 4475 484 4541 pacto
527 4469 662 4525 aliis
693 4471 949 4526 salutem
976 4470 1272 4526 afferent?
1292 4473 1497 4541 Itaque
1527 4485 1742 4541 magno
1766 4483 1965 4523 errore

311 4557 572 4613 Chaldaei
594 4559 745 4630 lapsi
771 4565 930 4628 sunt,
978 4564 1247 4616 mortuas
1295 4564 1361 4628 et,
1382 4559 1662 4615 utilitatis
1691 4564 1964 4632 expertes

2074 3391 2177 3455 τῆς
2207 3383 2472 3457 ἀληθείας
2501 3384 2591 3442 καὶ
2634 3385 2776 3451 τίνες
2816 3395 2920 3459 τῆς
2963 3387 3195 3460 πλάνης.
3224 3388 3293 3446 Οἱ
3326 3387 3420 3462 μὶν
3451 3387 3552 3465 γΞιρ
3581 3386 3732 3445 Χαλ-

2077 3475 2247 3549 δαῖοι,
2291 3479 2344 3533 οἳ
2402 3488 2479 3552 μη
2540 3475 2746 3544 εἰδότες
2799 3482 2952 3554 Θεὸν,
3009 3477 3390 3553 ἐπλανήθησαν
3419 3479 3591 3536 ὀπίσω
3619 3484 3730 3536 τῶν

2076 3567 2334 3644 στιχείων
2407 3568 2500 3623 καὶ
2582 3569 2816 3643 ἤρξαντο
2902 3565 3150 3626 σέϐεσθαι
3202 3571 3305 3640 τὴν
3363 3569 3538 3626 κτίσιν
3582 3567 3733 3647 παρά

2071 3657 2166 3713 τὸν
2220 3657 2486 3715 Κτίσαντα
2542 3659 2743 3724 αὐτούς
2797 3662 2930 3736 (55)·
2991 3661 3065 3716 ὧν
3115 3662 3205 3716 καὶ
3241 3661 3590 3737 μορφώματά
3615 3677 3736 3716 τινα

2072 3748 2404 3820 ποιήσαντες
2463 3746 2751 3823 ὠνόμασαν
2811 3748 3181 3824 ἑκτυπώματα
3215 3754 3314 3805 τοῦ
3365 3745 3595 3827 οὐρανοῦ
3641 3747 3734 3805 καὶ

2071 3843 2171 3909 τῆς
2200 3843 2303 3915 γῆς
2353 3836 2443 3894 καὶ
2497 3840 2598 3908 τῆς
2655 3837 2953 3910 θαλάσσης,
3011 3839 3177 3911 ⁴ἡλίου
3223 3861 3282 3896 τε
3328 3838 3420 3896 καὶ
3467 3837 3733 3912 σελήνης,

2071 3928 2159 3983 καὶ
2217 3931 2326 3983 τῶν
2381 3925 2596 3984 λοιπῶν
2655 3927 2945 4004 στοιχείων
2994 3929 3029 4000 ἢ
3091 3929 3418 4008 φωστῆρων,
3459 3929 3572 4002 καὶ,
3607 3950 3738 4004 συγ-

2069 4015 2382 4081 κλείσαντες
2431 4022 2607 4088 ναοῖς,
2657 4021 3020 4094 προσκυνοῦσι
3073 4015 3234 4081 Θεοῦς
3281 4014 3598 4092 καλοῦντες,
3645 4015 3740 4084 οὕς

2070 4103 2161 4163 καὶ
2216 4113 2476 4183 τηροῦσιν
2532 4107 2794 4189 ἀσφαλῶς
2846 4107 2938 4165 ’ίνα
2992 4109 3068 4184 μὴ
3127 4103 3415 4165 κλαπῶσιν
3470 4107 3576 4164 ὑπὸ
3626 4105 3744 4184 λῃ-

2071 4202 2210 4254 στῶν
2260 4202 2394 4275 (56).
2446 4200 2547 4255 Καὶ
2591 4199 2657 4256 οὗ
2707 4201 2940 4270 συνῆκαν
2983 4198 3067 4255 ὅτι
3114 4203 3218 4254 πᾶν
3260 4197 3323 4254 τὸ
3370 4195 3574 4273 τηροῦν
3613 4201 3738 4272 μεῖο

2074 4293 2162 4361 ζον
2216 4294 2312 4346 τοῦ
2358 4291 2701 4368 τηρουμένου
2748 4290 2884 4367 ἐστὶ,
2927 4288 3020 4348 καῖ
3062 4291 3091 4348 ὁ
3134 4292 3309 4347 ποιῶν
3364 4285 3567 4366 μείζων
3621 4287 3738 4345 ἐστὶ

2067 4384 2165 4437 τοῦ
2208 4381 2566 4456 ποιουμένου*
2617 4381 2663 4438 εί
2711 4381 2814 4460 γὰρ
2864 4379 3215 4439 ἀδυνατοῦσιν
3268 4379 3322 4436 οἱ
3389 4377 3502 4435 θεοὶ
3553 4373 3737 4436 αὖτῶν

2067 4471 2194 4546 περὶ
2225 4473 2325 4542 τῆς
2374 4469 2518 4534 ἰδίας
2569 4472 2868 4547 σωτηρίας,
2917 4477 3038 4535 πῶς
3085 4469 3283 4533 ἄλλοις
3315 4465 3590 4544 σωτηρίαν
3631 4487 3740 4546 χα-

2069 4562 2353 4637 ρίσονται;
2388 4559 2610 4632 Πλάνην
2660 4563 2753 4617 οῦν
2804 4560 3054 4638 μεγάλην
3083 4559 3469 4631 ἰπλανήθησαν
3501 4557 3555 4612 οἱ
3581 4558 3740 4618 Χαλ-

309 4652 536 4704 statuas
556 4654 928 4706 venerantes.
951 4652 1144 4721 Atque
1177 4649 1357 4705 etiam
1379 4649 1525 4704 mihi
1549 4649 1754 4704 mirari
1778 4649 1959 4719 subit,

2078 4648 2240 4721 δαὶοι,
2305 4645 2597 4724 σεϐόμενοι
2679 4648 2973 4725 ἀγάλματα
3054 4649 3222 4725 νεκρὰ
3281 4649 3374 4704 καὶ
3445 4645 3735 4727 ἀνωφελῆ.

309 4755 343 4795 o
365 4757 491 4812 rex,
514 4755 776 4813 quonam
788 4739 968 4796 modo
984 4740 1026 4795 ii
1047 4740 1149 4812 qui
1172 4740 1330 4813 apud
1351 4740 1960 4813 eosphilosophorum

2078 4742 2170 4797 Καὶ
2219 4741 2512 4814 Θαυμάζειν
2566 4761 2662 4814 μοι
2729 4738 3042 4815 ιπὲρχεται,
3092 4740 3137 4793 ὧ
3199 4739 3450 4818 βασιλεῦ,
3498 4741 3624 4803 πῶς
3681 4740 3735 4795 οἳ

303 4845 529 4888 nomen
549 4830 843 4898 obtinent,
866 4829 1017 4886 illud
1038 4829 1500 4902 haudquaquam
1522 4819 1960 4887 animadverte-

2078 4830 2364 4908 λεγόμενοι
2391 4828 2687 4910 φιλόσοφοι
2736 4828 2913 4886 αὐτῶν
2956 4826 3209 4893 οὖδὸλως
3253 4835 3486 4901 συνῆκαν
3519 4828 3608 4886 ὅτι
3639 4829 3732 4886 καὶ

309 4919 760 4992 rint,el‘ementa
771 4937 1010 4994 quoque
1025 4921 1289 4978 interitui
1304 4921 1560 4978 obnoxia
1571 4938 1722 4978 esse.
1744 4920 1894 4987 Quid
1908 4920 1958 4976 si

2078 4921 2201 4978 ιῦτὰ
2249 4921 2318 4978 τὰ
2373 4926 2627 4997 στοιχεῖα
2683 4921 2894 4999 φθαρτά
2951 4919 3120 4981 ἐστιν.
3165 4919 3229 4978 Εἰ
3280 4917 3338 4978 δὲ
3377 4921 3446 4977 τὰ
3475 4925 3733 4998 στοιχεῖα

306 5009 604 5069 elementa
625 5011 894 5068 interitui
906 5011 1151 5068 omnino
1165 5011 1423 5068 obnoxia
1433 5030 1502 5068 ac
1517 5011 1644 5085 subj
1655 5017 1785 5068 ecta
1797 5015 1958 5080 sunt,

2078 5011 2280 5091 φθαρτᾶ
2311 5010 2423 5067 ἐστι
2475 5011 2568 5067 καὶ
2639 5010 3054 5085 ὖποτασσόμενα
3109 5011 3251 5067 κατὰ
3301 5010 3567 5088 ἀνάγκην,
3613 5014 3735 5072 πῶς

309 5101 412 5172 qui
441 5101 684 5159 tandem
716 5102 798 5157 dii
831 5118 961 5158 esse
992 5101 1447 5173 queant?Quod
1479 5102 1528 5158 si
1560 5102 1858 5157 elementa
1877 5101 1958 5156 dii

2078 5101 2168 5158 εἶσι
2225 5101 2376 5174 θεοί;
2429 5103 2580 5160 241
2638 5100 2684 5156 εί
2739 5097 2797 5156 δὲ
2850 5099 2919 5156 τὰ
2993 5105 3242 5178 στοιχεῖα
3295 5101 3399 5156 οὐκ
3451 5098 3554 5155 εἶσὶ
3616 5097 3732 5156 Osci

307 5206 430 5247 non
464 5191 604 5263 sint,
634 5209 899 5265 quonam
929 5192 1106 5249 modo
1156 5196 1386 5265 statuae,
1437 5209 1570 5265 quas
1607 5207 1812 5249 eorum
1861 5208 1960 5248 no-

2078 5194 2191 5254 πῶς
2241 5189 2310 5247 τὰ
2340 5189 2657 5267 ἀγάλματα,
2709 5187 2743 5243 ἃ
2789 5184 3004 5268 γέγονεν
3058 5188 3138 5254 εἲς
3178 5190 3349 5267 τιμὴν
3381 5187 3584 5261 αὐτῶν,
3619 5184 3732 5253 θεοὶ

306 5281 468 5337 mine
497 5287 948 5352 construuntur,
980 5282 1065 5339 dii
1097 5281 1311 5339 erunt?

2078 5280 2415 5358 ὑπάρχουσιν
2441 5298 2458 5352 ;

378 5464 490 5546 $54)
511 5467 1060 5546 :Act.‘Ap.Axvu,_g_a‘i_,
1095 5465 1174 5546 d_e_
1198 5467 1356 5546 D_eo_:
1389 5461 1535 5546 ρῦδξ
1564 5459 1963 5546 πρρσδεέμενοός

2078 5482 2166 5546 νος.
2226 5461 2580 5546 Plutarchus
2628 5459 2808 5518 Arist.
2842 5463 2902 5514 et
2926 5458 3048 5543 cat.
3081 5458 3355 5546 Compar;
3389 5459 3462 5517 4:
3493 5458 3733 5546 ᾏπροσῖ

307 5517 453 5603 ea?
471 5517 1358 5610 ξιίἶῖγέιξῖοῐδξῗνίᾴεῖῆοᾘὲίιζ
1387 5517 1459 5592 in
1477 5517 1725 5593 classico
1755 5517 1969 5608 Diario',

2086 5517 2165 5609 Χ,
2198 5517 2284 5609 p.
2310 5517 2435 5602 l62,
2481 5539 2541 5590 et
2581 5549 2715 5605 quae
2746 5517 2996 5606 apposui
3029 5547 3212 5605 supra
3230 5517 3283 5590 ἰε
3321 5534 3366 5604 Ι,
3398 5550 3457 5606 p.
3494 5517 3616 5606 127,
3659 5530 3734 5590 ad

309 5605 692 5679 sententiam,
721 5609 779 5662 Ὀ
809 5609 940 5672 Θεὸς
969 5605 1188 5671 οὐδενὸς
1221 5605 1414 5668 δεῖται.

381 5678 491 5752 (55)
521 5680 605 5752 cr.
639 5697 700 5752 p.
729 5682 823 5751 48,
861 5698 924 5737 ιι.
957 5683 1012 5738 5.

375 5749 490 5824 (56)
519 5749 603 5805 cr.
625 5749 685 5824 13.
708 5753 801 5811 ει.
