4112 6430
441 405 593 464 1109

1623 407 1795 463 νιτλ
1833 403 2188 462 ΒΔΒιᾹιΔἩ
2221 401 2316 460 ΕΤ
2349 403 2691 461 JOASAPE.

3727 406 3868 465 1110

515 530 811 605 Ἔλθωμεν
849 529 964 603 οῦν,
996 527 1041 586 ὦ
1074 528 1321 610 βασιλεῦ,
1376 529 1465 588 ἐπὶ
1519 530 1656 587 αύτὰ
1703 528 1772 587 τὰ
1824 533 2073 606 στοιχεῖα

2280 530 2367 585 Ad
2393 529 2522 602 ipsa
2543 528 2724 602 igitur
2744 528 3065 597 elementa,
3087 543 3126 583 ο
3143 529 3665 601 rex,accedamus,
3688 538 3757 588 ut
3793 550 3864 591 ea

438 619 595 684 ὅπως
647 618 1021 696 ἀποδείξωμεν
1079 621 1206 698 περὶ
1264 621 1440 677 αὐτῶν
1500 622 1583 676 ὅτι
1645 619 1744 676 οὐκ
1801 618 1904 674 εἶσὶ
1961 617 2097 690 θεοὶ,

437 710 589 768 ἀλλᾶ
619 710 829 789 φθαρτὰ
855 711 946 766 καὶ
977 710 1372 785 ἀλλοιούμενα,
1426 709 1486 766 ἐκ
1525 714 1624 766 τοῦ
1659 711 1734 783 μὴ
1770 702 1927 771 ὄντος
1958 729 2096 784 παρ-

2211 619 2352 675 deos
2365 637 2484 675 non
2499 637 2625 675 esse
2639 617 3251 686 demonstremus,sed
3274 620 3641 691 corruptioni
3655 637 3721 677 ac
3734 637 3863 678 mu-

2209 709 2419 765 tationi
2444 710 2727 782 subjecta,
2753 714 2930 780 atque
2960 725 3030 764 ex
3056 708 3247 764 nihilo
3279 708 3341 764 in
3373 715 3570 766 ortum
3599 711 3719 765 veri
3753 713 3854 767 Dei

440 802 680 876 αχθέντα
754 802 1131 877 προστάγματι
1214 805 1312 856 τοῦ
1394 796 1566 862 ὄντως
1623 804 1780 869 Θεοῦ,
1839 797 1898 860 ὃς
1955 797 2077 852 ἐστιν

2198 800 2376 871 jussu
2403 800 2691 872 producta
2710 816 2860 866 esse,
2881 800 2981 870 qui
3006 799 3248 870 quidem
3267 800 3667 872 corruptionis
3681 802 3856 856 etim-

437 888 714 968 ἄφθαρτός
743 911 801 946 τε
841 890 931 946 καὶ
986 889 1366 954 ἀναλλοίωτος
1417 889 1509 945 καὶ
1567 891 1816 965 ἀόρατος·
1849 887 2010 952 αὐτὸς
2039 885 2096 942 ’δὲ

435 980 612 1036 πάντα
662 981 784 1055 όρᾷ,
831 980 946 1048 καὶ,
994 983 1174 1044 καθὼς
1225 980 1502 1055 βούλεται,
1544 979 1768 1036 ἀλλοιοῖ
1796 980 1883 1034 καὶ
1923 999 2093 1052 μετα-

437 1066 659 1128 ϐάλλει.
691 1069 756 1126 Τί
788 1069 879 1125 οῦν
913 1069 1062 1147 λέγω
1092 1071 1216 1146 περὶ
1245 1075 1350 1125 τῶν
1386 1069 1714 1146 στοιχείωνς

510 1159 574 1218 Oi
604 1159 926 1235 νομίζοντες
953 1161 1044 1216 τὸν
1106 1161 1333 1236 οὐρανὸν
1395 1161 1528 1216 εἶναι
1587 1160 1704 1224 θεὸν
1752 1158 2089 1217 πλανῶνται.

437 1250 681 1326 Ὀρῶμεν
738 1251 842 1326 γὰρ
899 1249 1060 1306 αὐτὸν
1127 1249 1462 1326 τρεπόμενον
1515 1249 1604 1304 καὶ
1656 1249 1794 1304 κατὰ
1849 1247 2088 1323 ἀνάγκην

429 1339 779 1415 κινούμενον,
837 1339 926 1396 καὶ
987 1339 1046 1396 ἐκ
1101 1339 1330 1397 πολλῶν
1389 1345 1714 1396 συνεστῶτα·
1765 1336 1851 1394 διὸ
1877 1339 1965 1393 καὶ
1995 1339 2090 1392 κό-

2207 891 2557 946 mutationis
2585 907 2794 961 expers
2817 895 2993 957 est,et
3021 889 3695 962 invisibilis,contraque
3725 891 3852 963 ipse

2205 980 2406 1035 omnia
2433 981 2643 1050 cernit,
2667 985 2725 1034 et
2753 980 3040 1035 arbitratu
3073 997 3176 1034 suo
3205 981 3482 1036 immutat
3511 986 3690 1052 atque
3720 999 3856 1039 con-

2202 1071 2398 1126 vertit.
2433 1071 2585 1136 Quid
2614 1070 2792 1143 igitur
2824 1069 2892 1124 de
2921 1070 3234 1125 elementis
3264 1071 3394 1127 dico
3417 1070 3444 1126 ‘2

2273 1161 2382 1227 Qui
2420 1161 2634 1216 cmlum
2663 1160 2840 1216 deum
2873 1177 3003 1216 esse
3032 1160 3419 1231 arbitrantur,
3453 1166 3672 1218 errant.
3706 1164 3853 1218 Nam

2201 1251 2397 1322 ipsum
2422 1251 2778 1317 converti,ac
2800 1249 3138 1305 necessario
3163 1251 3590 1322 moveri,atque
3613 1269 3684 1308 ex
3695 1252 3855 1307 mul-

2201 1341 2274 1395 tis
2293 1341 2470 1396 rebus
2496 1345 2771 1396 constare
2789 1340 3056 1395 videmus
3078 1355 3090 1407 ;
3123 1346 3438 1412 propterea
3458 1341 3618 1396 enim
3639 1342 3851 1414 κόσμος

430 1450 578 1505 σμος
606 1429 883 1490 καλεῖται.
948 1430 1168 1504 Κόσμος
1225 1428 1284 1485 δὲ
1327 1431 1628 1502 κατασκευή
1682 1429 1971 1490 ὲστίτινος
2001 1449 2077 1484 τε-

2199 1429 2258 1484 id
2281 1436 2370 1485 est
2390 1431 2651 1486 mundus
2663 1429 3278 1502 appellatur.Mundus
3300 1447 3476 1502 porro
3489 1431 3737 1487 artificis
3755 1448 3854 1488 cu-

431 1519 648 1596 χνίτου·
705 1516 768 1577 τό
825 1522 1254 1577 κατασκευασθὲν
1314 1517 1371 1575 δὲ
1430 1519 1611 1596 ἀρχὴν
1639 1518 1729 1575 καὶ
1762 1517 1921 1582 τέλος
1945 1517 2086 1592 ἔχει.

429 1615 671 1667 Κινεῖται
705 1607 763 1666 δὶ
813 1612 842 1666 ὁ
899 1611 1128 1686 οὐρανὸς
1184 1609 1320 1666 κατὰ
1377 1608 1619 1686 ἀνάγκην
1649 1608 1740 1664 σὺν
1772 1613 1892 1672 τοῖς
1919 1606 2087 1663 αὐτοῦ

432 1707 742 1780 φωστῆρσι·
791 1701 862 1756 τὰ
907 1701 1008 1777 γὰρ
1060 1702 1228 1776 ἄστρα
1270 1701 1417 1771 τάξει
1459 1700 1551 1756 καὶ
1605 1697 1927 1770 διαστήπατι
1989 1718 2086 1776 φε-

432 1792 637 1865 ρόμενα
669 1792 774 1846 ἀπὸ
809 1791 1064 1864 σημείου,
1123 1792 1199 1854 εἷς
1261 1796 1516 1864 σημεῖον,
1549 1790 1603 1843 οἱ
1656 1790 1752 1863 μὶν
1781 1794 1890 1862 (57)
1923 1787 2088 1843 δύου-

2190 1520 2432 1590 jusdam
2465 1521 2830 1576 constructio
2873 1524 2980 1575 est.
3009 1519 3177 1584 Quod
3206 1525 3406 1575 autem
3439 1525 3848 1577 constructum

2197 1609 2674 1681 est,principium
2698 1626 2766 1665 ac
2786 1610 2966 1664 finem
2990 1608 3193 1664 habet.
3225 1612 3299 1664 At
3328 1609 3543 1665 coelum
3573 1625 3695 1664 una
3710 1625 3846 1664 cum

2197 1698 2492 1755 sideribus
2515 1700 2636 1754 suis
2661 1698 2998 1755 necessario
3029 1703 3298 1753 movetur
3321 1715 3335 1766 ;
3362 1699 3658 1770 siquidem
3689 1703 3849 1754 astra

2196 1794 2356 1844 certo
2375 1790 2582 1844 ordine
2606 1805 2672 1845 ac
2687 1788 2876 1860 spatio
2892 1788 3209 1861 impulsa,a
3222 1793 3442 1860 puncto
3454 1788 3845 1860 ixi-punctum,

429 1902 537 1951 σιν,
593 1879 644 1936 οἶ
704 1878 760 1936 δὲ
816 1877 1200 1953 ἆνατέλλουσι,
1255 1880 1347 1935 καὶ
1391 1880 1529 1935 κατά
1574 1878 1797 1954 καιροὺς
1855 1878 2077 1955 πορείαν

2193 1880 2409 1950 partim
2432 1879 2952 1951 occidunt,partim
2976 1880 3346 1947 exoriuntur,
3371 1879 3668 1950 certisque
3695 1883 3847 1934 tem-

426 1974 712 2027 ποιοῦνται
769 1973 866 2027 τοῦ
921 1967 1207 2026 ἀποτελεῖν
1268 1971 1398 2046 θέρη
1448 1969 1538 2027 καὶ
1587 1975 1888 2046 χειμῶνας,
1947 1972 2077 2034 καθᾶ

2193 1987 2404 2043 porum
2428 1970 2635 2042 spatiis
2658 1971 2773 2025 iter
2799 1985 2974 2026 suum
3005 1969 3247 2036 obeunt,
3280 1975 3347 2025 ut
3375 1974 3612 2025 mstates
3634 1973 3693 2024 et
3716 1969 3848 2024 hie-

430 2059 770 2116 ἐπιτέτακται
801 2061 994 2120 αὐτοῖς
1048 2059 1196 2136 παρὰ
1248 2065 1348 2115 τοῦ
1405 2063 1566 2128 Θεοῦ,
1597 2059 1687 2115 xui
1718 2059 1783 2115 ού
1817 2055 2088 2134 παραϐαί-

429 2171 584 2206 νουσι
630 2149 758 2216 τοὺς
803 2148 977 2213 ἰδίους
1024 2150 1207 2227 ὃρους,
1265 2150 1402 2205 κατὰ
1446 2145 1816 2226 ἀπαραίτητον
1877 2148 2086 2227 φύσεως

432 2241 700 2318 ἀνάγκην,
758 2239 852 2295 σὺν
898 2244 980 2313 τῷ
1051 2237 1286 2314 οὐρανίῳ
1364 2237 1578 2314 κόσμῳ.
1639 2240 1797 2302 Ὅθεν
1852 2239 2080 2316 φανερόν

427 2329 541 2387 ἔστι
571 2332 648 2406 μὴ
681 2329 816 2386 εἶναι
843 2331 936 2387 τὸν
969 2329 1190 2406 οὐρανὸν
1216 2330 1359 2400 θεὸν,
1393 2327 1518 2384 ἀλλ’
1548 2326 1708 2405 ἔργον
1742 2333 1901 2388 Θεοῦ.

497 2512 564 2571 Oi
598 2509 656 2567 δὲ
686 2510 1005 2586 νομίζοντες
1049 2512 1150 2582 τὴν
1191 2513 1294 2587 γῆν
1345 2510 1479 2566 εἶναι
1512 2507 1635 2575 θεὰν
1666 2506 2076 2581 ἐπλανήθησαν.

425 2603 675 2679 Ὀρῶμεν
707 2602 811 2678 γὰρ
840 2600 1005 2671 αὐτὴν
1060 2601 1163 2656 ὑπὸ
1212 2606 1320 2657 τῶν
1375 2599 1674 2673 ἀνθρώπων
1709 2594 2075 2673 οὑϐριζμένην

423 2693 512 2748 xui
544 2693 1080 2765 κατακυριευομένην
1130 2691 1222 2746 καὶ
1266 2691 1584 2767 φυρομένην
1629 2692 1737 2761 (58)
1775 2689 1864 2744 xui
1895 2688 2075 2764 ἄχρη-

430 2803 546 2838 στον
575 2783 900 2856 γινομένην.
951 2783 1073 2838 Ἐὰν
1133 2780 1237 2857 γὰρ
1299 2779 1537 2854 ὀπτηθῇ,
1569 2777 1770 2856 γίνεται
1801 2778 1982 2851 νεκράο
2016 2777 2077 2833 ἐκ

432 2873 530 2947 γὰρ
559 2875 653 2927 τοῦ
684 2871 953 2941 ὀστράκου
1006 2870 1194 2949 φύεται
1256 2867 1434 2927 οὐδὲν.
1482 2875 1601 2925 Ἔτι
1653 2866 1710 2923 Si
1738 2865 1828 2923 xui
1863 2867 1952 2922 ἰὰν
1986 2867 2074 2922 ἐπὶ

421 2959 591 3017 πλέον
620 2965 774 3021 242
811 2963 1019 3038 βραχῇ,
1051 2960 1322 3040 φθείρεται
1373 2958 1463 3014 καὶ
1493 2959 1629 3029 αὐτὴ
1662 2958 1752 3014 καὶ
1785 2958 1839 3012 οἶ
1871 2957 2072 3032 καρποὶ

415 3051 605 3123 αὐτῆς.
638 3056 1042 3109 Καταπατεῖται
1074 3048 1132 3106 δὲ
1163 3050 1268 3106 ὑπό
1292 3070 1350 3106 τε
1384 3050 1683 3126 ἀνθρώπων
1710 3049 1800 3104 καὶ
1822 3052 1930 3103 τῶν
1959 3047 2074 3103 λοι-

414 3147 532 3198 πῶν
587 3143 767 3217 ζώων,
819 3141 1010 3217 αἵμασι
1069 3141 1444 3221 φονευομένων
1508 3141 1800 3216 μιαίνεται,
1852 3138 2071 3215 διορύσ-

414 3254 560 3289 σεται
595 3237 731 3309 (59),
789 3237 994 3310 νεκρῶν
1050 3235 1192 3304 θήκη
1251 3232 1457 3310 γίνεται
1517 3232 1811 3306 σωμάτων.
1842 3231 2063 3287 Τουτων

425 3324 506 3346 ,n,
581 3345 588 3346 ,
626 3319 654 3346 ἰ
693 3345 712 3346 κ
865 3324 945 3346 ,r,
1003 3322 1018 3346 ι
1062 3321 1267 3346 {HLWW
1321 3325 1410 3346 ,,\,
1466 3329 1529 3346 mc-
1599 3323 1721 3346 -1,___
1759 3319 1880 3346 ALL.
1943 3276 2140 3346 1\\rc

416 3324 591 3388 οὕτως
624 3319 819 3395 ὄντων,
854 3324 953 3380 οὐκ
999 3321 1273 3400 ἐνδέχεται
1313 3325 1414 3395 τήν
1460 3329 1561 3401 γῆν
1596 3323 1726 3379 εἶναι
1759 3319 1906 3394 θεὰν,
1939 3318 2080 3377 ἀλλ’

411 3408 571 3489 ἔργον
603 3415 741 3468 Θεοῦ
772 3411 848 3476 εἷς
877 3414 1075 3487 χρῆσιν
1100 3412 1425 3488 ἀνθρώπων.

484 3593 552 3651 Oi
585 3590 642 3648 δὲ
673 3590 987 3667 νομίζοντες
1032 3590 1098 3647 τὸ
1151 3589 1296 3668 ὕδωρ
1343 3591 1475 3646 εἶναι
1507 3591 1626 3646 Θεὸν
1656 3587 2065 3662 ἐπλανήθησαν.

415 3684 516 3742 Καὶ
552 3682 683 3740 αὐτὸ
711 3684 811 3761 γὰρ
845 3681 922 3746 είς
980 3690 1179 3760 χρῆσιν
1236 3687 1348 3738 τῶν
1401 3681 1704 3758 ἀνθρώπων
1733 3682 1942 3757 γέγονε,
1973 3680 2066 3736 καὶ

409 3773 856 3850 κατακυριεύεται
918 3774 1007 3828 ὑπ’
1064 3775 1266 3843 αὐτῶν,
1333 3773 1600 3846 μιαίνεται
1646 3771 1736 3826 καὶ
1769 3772 2068 3849 φθείρεται,

411 3856 501 3912 καὶ
533 3855 858 3912 ἀλλοιοῦται
891 3854 1160 3931 ἑψόμενον
1202 3854 1292 3910 καὶ
1341 3851 1752 3927 ἀλλασσόμενον
1783 3851 2066 3927 χρώμασι,

409 3947 500 4001 καὶ
536 3946 640 4003 ὑπὸ
671 3950 768 4003 τοῦ
815 3944 1020 4024 κρύους
1066 3944 1442 4022 πηγνύμενον,
1486 3941 1576 3999 καὶ
1611 3943 1688 4004 είς
1716 3940 1933 3996 πάντων
1962 3945 2069 4000 τῶν

411 4037 728 4114 ἀκαθάρτων
774 4034 972 4092 πλύσιν
1025 4036 1311 4114 ἀγόμενον.
1359 4033 1453 4090 Διὸ
1503 4031 1761 4088 ἀδύνατον
1809 4032 1874 4086 τὸ
1921 4027 2068 4108 ὕδωρ

412 4125 550 4183 εἶναι
577 4128 720 4202 θεὸν,
743 4125 871 4185 ἀλλ’
899 4123 1060 4205 ἔργον
1092 4130 1245 4184 Θεοῦ.

485 4395 553 4452 Oi
606 4392 665 4450 ὃὶ
720 4397 1039 4472 νομίζοντες
1086 4397 1151 4453 τὸ
1206 4395 1315 4473 πῦρ
1374 4395 1506 4451 εῖναι
1562 4394 1680 4460 θεὸν
1730 4392 2070 4453 πλανῶνται.

407 4484 513 4541 Kui
562 4483 698 4540 αὐτὸ
754 4485 859 4562 γὰρ
919 4486 997 4548 είς
1053 4492 1259 4562 χρῆσιν
1318 4484 1530 4561 ἐγένετο
1587 4484 1912 4561 ἀνθρώπων.
1971 4483 2070 4537 Καὶ

403 4573 856 4650 κατακυριεύεται
919 4576 1008 4630 ὑπ’
1056 4575 1256 4644 αὐτῶν,
1307 4573 1739 4650 περιφερόμενον
1800 4572 1858 4628 ἐκ
1897 4573 2070 4628 τόπου

409 4662 492 4727 εἷς
521 4665 690 4720 τόπον
723 4664 802 4727 εἰς
833 4662 1027 4740 ἕψησιν
1067 4667 1156 4721 xui
1212 4660 1443 4737 ὄπτησιν
1477 4661 1835 4720 παντοδαπῶν
1865 4666 2064 4739 κρεῶν,
2100 4647 2144 4714 Ῑ)

410 4751 492 4810 ἔτι
525 4753 583 4810 δὶ
633 4756 723 4810 καὶ
771 4760 979 4830 νεκρῶν
1028 4753 1322 4830 σωμάτων.
1370 4753 1654 4832 Φθείρετάι
1710 4751 1768 4809 δὲ
1812 4753 1904 4809 καὶ
1933 4753 2070 4809 κατά

413 4842 667 4908 πολλοὺς
716 4846 978 4921 τρόπους,
1031 4845 1136 4901 ὑπὸ
1182 4850 1291 4902 τῶν
1340 4844 1638 4922 ἀνθρώπων
1685 4839 2065 4918 σϐεννύμενον.

412 4933 507 4990 Διὸ
567 4933 666 4990 οὐκ
717 4932 1000 5013 ἐνδέχεται
1054 4935 1118 4992 τὸ
1175 4941 1284 5014 πῦρ
1345 4934 1475 4991 εἶναι
1525 4935 1667 5007 θεὸν,
1725 4932 1854 4990 ἀλλ’
1907 4931 2065 5010 ἔργον

406 5027 564 5080 Θεοῦ.

481 5204 550 5263 Oi
583 5201 643 5262 δὶ
671 5206 994 5281 νομίζοντες
1021 5207 1122 5279 τὴν
1148 5211 1259 5264 τῶν
1311 5203 1525 5282 ἀνέμων
1573 5205 1748 5277 πνοήν
1777 5208 1911 5262 εἶναι
1944 5208 2064 5272 θεὰν

405 5299 747 5354 πλανῶνταιξ
812 5298 1051 5375 Φανερὸν
1128 5297 1228 5373 γὰρ
1296 5296 1437 5353 ἔστιν
1513 5296 1596 5353 ὅτι
1647 5294 1897 5352 δουλεύει
1954 5298 2067 5353 ἑτέ-

407 5407 487 5462 ρῳ
539 5390 672 5462 (60),
730 5387 821 5443 καὶ
880 5387 1044 5466 χάριν
1103 5393 1210 5443 τῶν
1293 5388 1591 5464 ἀνθρώπων
1646 5386 2065 5444 κατεσκεύασται

2191 2061 2849 2132 mes,quemadmadum
2872 2059 3063 2132 ipsisa
3085 2062 3202 2116 Deo
3225 2060 3585 2132 imperatum
3609 2059 3848 2128 est,efﬂ-

2190 2151 2372 2205 ciant.
2397 2153 2514 2206 Nec
2535 2151 2694 2223 leges
2719 2150 2830 2204 sibi
2856 2151 3030 2222 juxta
3059 2150 3464 2205 inevitabilem
3487 2155 3718 2206 natura
3738 2165 3849 2204 ne-

2189 2241 2528 2296 cessitatem
2571 2240 2926 2296 constitutas
2957 2255 3093 2295 cum
3124 2239 3352 2295 cmlesti
3382 2245 3598 2296 ornatu
3628 2239 3847 2294 infrin-

2189 2335 2353 2403 gunt.
2387 2332 2469 2384 Ex
2502 2346 2616 2400 quo
2649 2329 3031 2401 perspicuum
3077 2335 3186 2398 est,
3216 2330 3431 2385 cmlum
3473 2345 3597 2385 non
3640 2328 3842 2396 deum,

2188 2422 2293 2478 sed
2321 2422 2421 2477 Dei
2455 2438 2603 2493 opus
2631 2439 2786 2480 esse.

2259 2512 2367 2578 Qui
2390 2518 2589 2568 autem
2616 2517 2835 2568 terram
2859 2509 3032 2568 deam
3059 2527 3188 2568 esse
3211 2515 3476 2579 censent,
3498 2515 3718 2567 errant.
3741 2511 3841 2566 Vi-

2187 2601 2396 2658 demus
2420 2603 2581 2658 enim
2607 2619 2736 2659 eam
2753 2602 2824 2658 ab
2850 2603 3198 2658 hominibus
3220 2603 3440 2674 injuria
3458 2601 3637 2670 affici,
3661 2607 3719 2657 et
3741 2619 3839 2657 eo-

2185 2709 2319 2747 rum
2343 2692 2593 2763 imperio
2621 2692 2952 2764 subjectam
2984 2691 3331 2759 esse,ell‘odi
3353 2693 3532 2748 etiam
3557 2697 3616 2747 et
3642 2698 3840 2748 conta-

2184 2779 2608 2852 minari,atque
2636 2781 2911 2836 inutilem
2935 2781 3084 2836 fieri.
3111 2782 3254 2836 Nam
3280 2781 3328 2835 si
3356 2781 3490 2853 igne
3518 2787 3834 2847 torreatur,

2183 2871 2492 2938 emoritur,
2526 2869 2821 2940 siquidem
2853 2887 2924 2924 ex
2971 2875 3122 2925 testa
3150 2870 3303 2924 nihil
3334 2870 3476 2924 oriri
3507 2875 3721 2941 potest.
3755 2872 3838 2924 Ac

2181 2964 2471 3031 praeterea
2494 2960 2540 3014 si
2566 2958 2857 3014 imbribus
2880 2958 3136 3014 nimium
3159 2958 3570 3030 perfundatur,
3608 2963 3733 3014 tum
3748 2959 3841 3030 ip-

2181 3055 2399 3116 sa,tum
2423 3049 2608 3121 ipsius
2631 3049 2860 3105 fructus
2883 3050 3524 3122 corrumpuntur.Quin
3547 3049 3619 3106 ab
3642 3051 3836 3106 homi-

2180 3139 2356 3195 nibus
2379 3139 2748 3211 reliquisque
2778 3140 3183 3196 animantibus
3215 3140 3615 3211 proculcatur,
3649 3140 3839 3196 inter-

2179 3229 2473 3286 fectorum
2488 3228 2775 3301 sanguine
2795 3229 3835 3302 inquinatur,eifoditur,completur,

2179 3320 2534 3377 cadaverum
2557 3321 2729 3376 theca
2767 3319 3046 3376 efﬁcitur.
3079 3321 3219 3385 Quae
3251 3336 3387 3375 cum
3419 3320 3502 3375 ita
3530 3320 3671 3387 sint,
3701 3318 3832 3374 fieri

2173 3428 2296 3467 non
2318 3415 2516 3483 potest
2534 3414 2600 3465 ut
2623 3414 2779 3466 terra
2798 3409 2910 3467 dea
2938 3411 3034 3480 sit,
3068 3409 3174 3466 sed
3195 3425 3290 3466 res
3314 3425 3349 3466 a
3378 3410 3497 3466 Deo
3529 3407 3606 3465 ad
3634 3408 3833 3465 homi-

2173 3517 2317 3557 num
2348 3517 2527 3556 usum
2559 3501 2788 3556 effecta.

2245 3590 2466 3647 Eodem
2483 3587 2790 3660 modo,qui
2803 3606 3019 3661 aquam
3033 3589 3205 3646 deam
3221 3605 3349 3644 esse
3363 3591 3826 3660 putant,errant.

2175 3683 2321 3736 Nam
2354 3697 2421 3736 ea
2450 3696 2686 3751 quoque
2718 3679 2790 3734 ad
2831 3680 3142 3735 hominum
3171 3695 3348 3735 usum
3375 3683 3687 3749 procreata
3716 3683 3826 3746 est,

2175 3787 2503 3841 eorumque
2529 3769 2927 3825 dominationi
2953 3769 3633 3826 subest.Contaminatur
3648 3769 3827 3826 etiam

2177 3867 2236 3915 et
2256 3860 2666 3928 labefactatur,
2693 3865 2902 3916 etcum
2925 3861 3056 3933 igne
3079 3865 3282 3916 coacta
3303 3865 3413 3925 est,
3445 3859 3830 3916 immutatur:

2175 3949 2326 4004 alios
2348 3954 2528 4019 atque
2550 3949 2698 4004 alios
2723 3949 2974 4004 subinde
2997 3950 3226 4005 colores
3249 3949 3450 4018 sumit,
3469 3955 3675 4021 utpote
3696 3965 3828 4020 quae

2177 4044 2237 4094 et
2256 4039 2472 4110 frigore
2495 4045 2860 4109 concrescat,
2893 4046 2952 4095 et
2972 4058 3042 4097 ex
3073 4056 3283 4095 cruore
3315 4039 3661 4111 spurcitiem
3686 4055 3832 4095 con-

2177 4129 2462 4197 trahat,et
2483 4129 2558 4185 ad
2580 4129 2950 4202 impurarum
2962 4130 3233 4185 omnium
3243 4146 3443 4185 rerum
3456 4129 3829 4186 ablutionem

2177 4218 2637 4278 adhibeatur.Ex
2651 4235 2769 4291 quo
2788 4219 3016 4290 liquido
3031 4225 3266 4276 constat
3277 4236 3494 4292 aquam
3507 4218 3680 4277 deam
3694 4236 3825 4277 esse

2177 4328 2300 4368 non
2331 4329 2528 4384 posse,
2561 4313 2666 4368 sed
2697 4311 2799 4368 Dei
2833 4329 3005 4385 opus.

2247 4404 2374 4458 Jam
2389 4419 2526 4458 vero
2550 4403 2652 4475 qui
2683 4403 2881 4476 ignem
2925 4403 3105 4459 deum
3133 4419 3263 4459 esse
3295 4401 3682 4475 arbitrantur,
3713 4400 3829 4476 ipsi

2179 4509 2414 4565 quoque
2436 4494 2896 4549 errant.Etenim
2910 4492 3063 4566 ignis
3075 4493 3148 4549 ad
3163 4493 3474 4550 hominum
3486 4511 3662 4550 usum
3673 4509 3834 4550 crea-

2180 4588 2275 4638 tus
2301 4587 2408 4650 est,
2433 4582 2820 4655 ipsorumque
2844 4582 3238 4639 dominationi
3261 4583 3486 4650 subest,
3511 4588 3571 4639 et
3589 4583 3662 4640 ab
3685 4582 3832 4655 ipsis

2178 4673 2254 4729 ad
2275 4673 2471 4729 omnis
2492 4674 2727 4746 generis
2749 4691 2979 4742 carnes,
3003 4674 3220 4746 partim
3254 4673 3582 4744 elixandas,
3613 4674 3831 4746 partim

2179 4763 2488 4833 assandas,
2514 4767 2691 4834 atque
2717 4763 2896 4819 etiam
2927 4763 3000 4819 ad
3031 4769 3266 4819 mortua
3297 4781 3548 4836 corpora
3576 4780 3831 4820 concre-

2177 4853 2419 4921 manda,
2445 4853 2621 4908 eloco
2643 4852 2705 4908 in
2728 4853 2925 4908 locum
2947 4853 3568 4925 circumfertur;atque
3585 4853 3832 4924 insuper

2178 4943 2384 4998 multis
2407 4941 2602 4998 modis
2623 4943 3046 5015 corrumpitur,
3070 4949 3129 5000 et
3147 4942 3218 4999 ab
3242 4942 3586 4998 hominibus
3606 4942 3830 4997 exstin-

2179 5034 2416 5106 guitur;
2448 5050 2516 5089 ac
2547 5031 2799 5106 proinde
2833 5033 2986 5106 ignis
3017 5033 3162 5089 deus
3185 5050 3314 5090 esse
3345 5049 3468 5088 non
3499 5029 3830 5105 potest,sed

2180 5124 2282 5180 Dei
2314 5141 2483 5196 opus.

2247 5214 2334 5269 Ad
2360 5212 2634 5270 eumdem
2660 5214 2838 5271 etiam
2869 5215 3112 5271 modum
3148 5213 3248 5287 qui
3275 5219 3586 5270 ventorum
3616 5214 3828 5272 ﬂatum

2176 5302 2354 5359 deum
2379 5321 2508 5361 esse
2531 5306 3120 5374 existimant,errant.
3137 5305 3521 5376 Perspicuum
3547 5304 3705 5360 enim
3739 5311 3831 5361 est

2178 5398 2419 5450 ventum
2450 5395 2622 5451 alteri
2654 5395 2961 5463 inservire,
2996 5401 3173 5466 atque
3206 5395 3521 5452 hominum
3545 5411 3727 5452 causa
3755 5395 3831 5452 ad

612 5573 844 5666 ξίοέϐ,
879 5572 1051 5646 quasi
1083 5591 1205 5666 npn
1236 5573 1402 5666 ἄστρα
1437 5571 1722 5666 scriptum
1753 5575 1926 5646 foret,
1961 5577 2065 5634 sed

2197 5575 2332 5652 έρες.

612 5647 676 5727 (Ξ,
705 5640 838 5727 ύϐρ.
862 5640 1243 5727 σκαπτομένην
1267 5640 1359 5702 καὶ
1390 5640 1828 5727 φρουρουμένην.

707 5713 854 5792 βιόρ.
884 5713 1195 5792 γεμίζέται.

490 5735 585 5862 ἕὲἷ
607 5735 680 5862 ἕί
703 5735 1114 5867 ἕξείξῇῗῆίέᾇῖ
