4112 6408
386 380 543 438 1113

1578 388 1752 442 νιτΑ
1786 387 2140 444 ΒΔΒῙιΔΔΜ
2172 390 2267 445 ET
2288 389 2636 446 JOABAPH.

3688 381 3830 439 HM

388 503 713 578 θελήσσμεν
738 502 915 562 ἐλθεῖν
939 506 1054 581 (65)
1073 509 1156 579 τῷ
1185 505 1363 582 λόγῳ,
1392 506 1613 578 πολλὴν
1646 507 1768 585 ὄψει
1797 510 1897 580 τὴν
1929 510 2049 566 ἆτο-

2173 512 2288 570 diis
2319 512 2625 585 sigillatim
2656 512 2833 569 verba
2859 512 3055 568 facere
3086 509 3359 579 velimus,
3386 508 3690 581 ingentem
3719 508 3825 564 ab-

383 592 550 651 πίαν.

475 684 536 742 Ὁ
563 687 785 757 πρῶτος
827 687 944 757 (66)
999 686 1387 762 παρεισάγεται
1447 687 1633 749 αὐτοῖς
1680 688 1787 763 πρὸ
1842 689 2056 744 πάντων

394 773 524 835 θεὸς
556 774 585 829 6
616 773 917 847 λεγόμενος
948 774 1180 848 Κρόνος,
1210 777 1301 831 καὶ
1357 776 1540 850 τούτῳ
1590 776 1775 841 θύουσι
1833 779 1902 832 τά
1948 776 2060 832 ἴδια

388 864 581 933 τέκνα,
609 864 668 925 ὅς
719 861 851 937 ἔσχε
904 862 1103 927 παῖδας
1162 864 1408 930 πολλοὺς
1469 866 1529 922 ἐκ
1585 868 1684 936 τῆς
1742 868 1914 939 Ῥέας,
1969 867 2057 922 καὶ

395 952 589 1026 μανεὶς
622 950 863 1021 ἤσθιετά
894 951 1006 1007 ἴδια
1046 953 1223 1010 τέκνα.
1288 956 1429 1011 Φασὶ
1486 953 1542 1010 δὲ
1594 957 1686 1011 τὸν
1742 958 1840 1011 Δία
1891 956 2056 1031 κόψαι

388 1041 561 1097 αὐτοῦ
590 1043 657 1095 τά
687 1041 952 1117 ἀναγκαῖα
982 1047 1090 1117 (67)
1120 1044 1211 1098 καὶ
1250 1042 1438 1120 βαλεῖν
1471 1044 1547 1108 εἰς
1603 1047 1702 1114 τὴν
1762 1044 2054 1116 θάλασσαν,

393 1132 550 1191 245
610 1132 732 1196 ὅθεν
795 1130 1128 1207 Ἀφροδίτην
1193 1132 1517 1206 μυθεύεσθαι
1579 1137 1690 1208 (68)
1746 1136 2054 1211 γεννᾶσθαι.

387 1222 572 1290 Δήσας
602 1219 815 1275 οὖντὸν
851 1217 988 1277 ἴδιον
1048 1223 1256 1299 πατέρα
1313 1224 1341 1278 6
1390 1222 1519 1286 Ζεὺς
1576 1218 1770 1279 ἔϐαλεν
1828 1222 1905 1286 εἰς
1958 1225 2051 1279 τὸν

383 1309 691 1384 Τάρταρον.
723 1309 885 1384 Ὁρᾷς
912 1311 1013 1381 τὴν
1040 1309 1253 1383 πλάνην
1301 1312 1392 1368 καὶ
1444 1311 1724 1390 ἀσέλγειαν
1783 1313 1849 1382 ἣν
1909 1333 2055 1389 παρ-

378 1396 826 1473 εισάγουσικατὰ
879 1404 977 1454 τοῦ
1021 1404 1147 1464 θεοῦ
1203 1400 1381 1457 αὐτῶν
1415 1422 1429 1472 ;
1464 1399 1779 1477 Ἐνδέχεται
1807 1403 1898 1457 οὖν
1931 1402 2049 1457 θεὸν

378 1488 521 1543 εἶναι
554 1484 781 1561 δέσμιον
806 1486 897 1543 καὶ
939 1488 1221 1546 ἀπόκοπον
1257 1510 1273 1564 ;
1305 1489 1350 1546 ὣ
1378 1498 1479 1562 τῆς
1526 1491 1710 1555 ἀνοίας
1746 1493 1758 1548 l
1808 1490 1895 1554 τίς
1942 1497 2049 1547 τῶν

378 1580 514 1651 νοῦν
535 1574 778 1652 ἐχόντων
810 1581 979 1633 ταῦτα
1012 1580 1229 1653 φήσειεν
1259 1600 1272 1650 ;

463 1755 724 1833 Δεύτερος
752 1760 1139 1835 παρεισάγεται
1172 1760 1200 1815 6
1231 1759 1382 1832 Ζεὺς,
1433 1762 1492 1817 ’ὸν
1552 1783 1679 1841 φασι
1732 1762 2047 1839 βασιλεῦσαι

382 1851 495 1902 τῶν
526 1850 661 1912 θεῶν
690 1847 890 1918 αὐτῶν,
919 1848 1011 1904 καὶ
1046 1855 1531 1927 μεταμορφοῦσθαι
1591 1851 1670 1914 εἷς
1727 1856 1862 1924 ζῶσι,
1894 1850 2043 1915 ὅπως
2078 1876 2122 1943 Β

389 1936 672 2013 μοιχεύσῃ
736 1938 939 2010 θνητάς
997 1947 1279 2015 γυναῖκας.
1336 1941 1731 2018 Παρεισάγουσι
1790 1942 1890 2018 γὰρ
1919 1940 2048 1997 τοῦ-

383 2048 481 2082 τον
510 2028 1033 2108 μεταμορφούμενον
1068 2029 1145 2095 εἷς
1185 2036 1382 2108 ταῦρον
1441 2033 1578 2106 πρὸς
1632 2032 1927 2107 Εὐρώπην,
1956 2032 2046 2089 καὶ

391 2118 473 2180 εἰς
507 2118 711 2192 χρυσὸν
746 2118 885 2193 πρὸς
935 2121 1172 2191 Δανάην,
1210 2121 1301 2176 καὶ
1355 2120 1433 2185 εἷς
1487 2121 1681 2176 κύκνον
1741 2125 1850 2193 (69)
1907 2122 2043 2196 πρὸς

388 2204 604 2279 Λήδαν,
636 2207 725 2262 καὶ
757 2207 832 2270 εἷς
868 2209 1099 2284 σάτυρον
1149 2210 1284 2285 πρὸς
1345 2211 1667 2282 Ἀντιόπην,
1694 2211 1782 2265 καὶ
1816 2209 1893 2275 εἷς
1948 2232 2046 2266 κε-

388 2295 590 2371 ραυνὸν
621 2295 758 2372 πρὸς
821 2294 1097 2372 Σεμέλην
1134 2303 1249 2356 εἶτα
1306 2300 1547 2377 γενέσθαι
1607 2299 1666 2356 ἐκ
1710 2299 1917 2356 τούτων
1950 2299 2046 2357 τέ-

385 2406 489 2441 κνα
519 2384 729 2458 πολλὰ,
763 2386 1043 2463 Διόνυσον,
1076 2390 1163 2445 καὶ
1224 2394 1396 2456 Ζῆθον
1450 2393 1560 2465 (ΤΟ)
1612 2390 1700 2446 καὶ
1746 2391 2046 2469 Ἀμφίονα,

387 2473 479 2531 καὶ
538 2474 841 2553 Ἡρακλῆν,
901 2478 992 2533 καὶ
1052 2477 1385 2536 Ἀπόλλωνα
1434 2479 1525 2535 καὶ
1609 2482 1900 2557 Ἄρτεμιν,
1957 2478 2047 2536 καὶ

394 2566 621 2641 Περσέα,
683 2568 935 2644 Κάστορά
988 2589 1049 2624 τε
1099 2568 1189 2624 καὶ
1249 2568 1475 2637 Ἑλένην
1528 2569 1618 2624 καὶ
1672 2565 2046 2641 Πολυδεύκην,

392 2654 484 2710 καὶ
535 2654 745 2725 Μίνωα,
795 2654 886 2712 καὶ
945 2654 1344 2732 Ῥαδάμανθυν,
1400 2658 1491 2713 καὶ
1548 2655 1898 2735 Σαρπηδόνα,
1956 2658 2046 2713 καὶ

396 2746 491 2807 τὰς
544 2742 692 2801 ἐννέα
749 2748 904 2806 246
957 2749 1252 2825 θυγατέρας
1310 2745 1370 2810 ἅς
1424 2747 1863 2824 προσηγόρευσαν
1896 2748 2047 2803 Μού-

399 2856 515 2897 σας.

460 2926 575 2983 Εἶθ’
606 2924 781 2989 οὕτως
814 2926 1213 3003 παρεισάγουσι
1243 2928 1310 2983 τά
1368 2925 1506 2982 κατᾶ
1556 2926 1646 2981 τὸν
1696 2924 2046 3001 Γανυμήδην.

392 3011 601 3087 Συνέϐη
635 3016 753 3088 οὖν,
789 3016 1036 3092 βασιλεῦ,
1080 3022 1199 3081 τοῖς
1227 3018 1535 3094 ἀνθρώποις
1568 3017 1853 3091 μιμεῖσθαι
1881 3020 2048 3071 ταῦτα

389 3104 585 3176 πάντα,
618 3109 709 3161 καὶ
745 3106 984 3183 γίνεσθαι
1042 3107 1281 3183 μοιχοὺς
1336 3106 1425 3163 καὶ
1484 3106 1903 3184 ἀρῥενομανεῖς,
1954 3109 2043 3163 καὶ

386 3189 577 3249 ἄλλων
605 3191 791 3251 δεινῶν
822 3192 996 3273 ἓργων
1027 3193 1276 3271 ἐργάτας,
1320 3195 1458 3252 κατᾶ
1490 3196 1723 3270 μίμησιν
1768 3199 1868 3251 τοῦ
1918 3198 2041 3251 Οεοῦ

379 3286 499 3357 (71)
529 3282 726 3343 αὐτῶν.
762 3290 885 3350 Πῶς
914 3286 1003 3341 οὖν
1038 3283 1315 3363 ἐνδέχεται
1376 3286 1496 3342 θεὸν
1560 3288 1699 3342 εἶναι
1752 3287 1952 3363 μοιχὸν
2003 3283 2039 3356 ἤ

377 3368 757 3450 άνδροϐάτην,
789 3372 826 3446 ἤ
859 3376 1229 3455 πατροκτόνον
1266 3404 1281 3449 ;

460 3551 568 3609 Σὺν
599 3554 781 3630 τούτῳ
847 3554 905 3612 δὲ
964 3558 1053 3612 καὶ
1116 3557 1415 3635 Ἤφαιστόν
1472 3562 1597 3613 τινά
1662 3557 2052 3633 παρεισάγουσι

377 3645 508 3700 θεὸν
546 3648 706 3719 εἶναι,
737 3647 826 3703 καὶ
856 3652 1048 3703 τοῦτον
1078 3647 1294 3724 χωλὸν,
1350 3647 1442 3703 καὶ
1490 3652 1793 3723 κρατοῦντα
1848 3646 2052 3725 σφύραν

392 3734 486 3788 καὶ
518 3731 857 3812 πυρόλαϐον,
889 3737 981 3792 καὶ
1041 3735 1384 3812 χαλκεύοντα
1417 3738 1579 3811 χάριν
1632 3742 1859 3812 τροφῆς.
1911 3742 2053 3806 Ἃρα

396 3821 620 3898 ἐπιδεής
653 3826 815 3885 ἐστιν·
853 3823 985 3905 ὅπερ
1018 3826 1116 3884 οὐκ
1169 3823 1445 3902 ἐνδὲχεται
1509 3827 1626 3891 θεὸν
1687 3825 1819 3881 εἶναι
1858 3825 2047 3900 χωλὸν

386 3908 481 3970 καί
511 3915 919 3993 προσδεόμενον
952 3917 1279 3994 ἀνθρώπων.
1444 3978 1447 3981 ,

462 4004 593 4061 Εἶτα
648 4008 739 4062 τὸν
793 4010 1003 4083 Ἑρμῆν
1053 4007 1447 4081 παρεισάγουσι
1515 4005 1633 4069 θεὸν
1694 4003 1827 4059 εἶναι
1862 4001 2051 4058 ἐπιθυ-

397 4096 603 4166 μητήν,
635 4099 725 4152 καὶ
757 4096 1000 4169 κλέπτην
1032 4096 1123 4151 καὶ
1161 4095 1523 4166 πλεονέκτην,
1554 4093 1644 4149 καὶ
1708 4090 1901 4170 μάγον,
1958 4093 2048 4149 καὶ

392 4183 629 4256 κυλλὸν,
658 4188 747 4242 καὶ
781 4186 960 4263 λόγων
994 4186 1357 4260 ἑρμηνευτήν.
1390 4184 1565 4259 ’Όπερ
1619 4182 1718 4238 οὐκ
1774 4179 2047 4259 ἐνδέχεται

395 4270 514 4327 θεὸν
548 4274 680 4329 εἶναι
709 4280 984 4334 τοιοῦτον.

467 4362 567 4415 Τὸν
624 4360 682 4418 δὲ
740 4363 1075 4432 Ἀσκληπιὸν
1130 4365 1517 4440 παρεισάγουσι
1577 4363 1696 4419 θεὸν
1736 4365 1893 4436 εἶναι,
1954 4364 2047 4418 ἱα-

391 4446 516 4521 τρὸν
547 4450 675 4507 ὄντα
703 4453 793 4507 καὶ
825 4450 1293 4524 κατασκευάζοντα
1339 4454 1598 4531 φάρμακα
1654 4452 1746 4507 καὶ
1802 4453 2045 4517 σύνθεσιν

2170 602 2524 659 surditatem
2555 608 2978 676 perspecturus
3012 618 3097 659 es.

2238 693 2545 763 Siquidem
2579 694 2900 748 Saturnum
2935 691 3047 763 ipsi
3062 694 3200 746 ante
3219 706 3426 745 omnes
3449 687 3626 743 deum
3648 686 3821 741 indu-

2166 783 2511 853 cunt,eique
2533 783 2686 837 ﬁlios
2710 800 2846 837 suos
2866 785 3148 837 mactant.
3186 780 3296 844 Qui
3318 777 3559 850 quidem
3576 794 3644 831 ex
3658 776 3821 831 Rhea

2165 870 2385 927 multos
2411 872 2564 926 ﬁlios
2580 872 2966 942 habuit,quos
2981 870 3157 924 etiam
3173 869 3295 939 ipse
3315 869 3512 922 furore
3526 866 3817 939 percitus,

2164 958 2499 1015 devorabat.
2526 960 2707 1015 Aiunt
2727 966 2925 1014 autem
2955 960 3153 1013 Jovem
3186 957 3299 1029 ipsi
3331 956 3587 1028 genitale
3622 969 3810 1008 mem-

2161 1048 2335 1103 brum
2366 1049 2713 1119 abscidisse,
2748 1048 3008 1119 atquein
3032 1063 3193 1103 mare
3216 1046 3560 1118 projecisse,
3591 1060 3662 1098 ex
3692 1059 3808 1112 quo

2164 1139 2450 1194 Venerem
2474 1144 2666 1195 ortam
2690 1156 2817 1194 esse
2838 1137 3202 1193 fabulantur.
3235 1136 3462 1207 Jupiter
3482 1138 3682 1189 autem
3704 1147 3809 1202 pa-

2160 1231 2311 1283 trem
2335 1246 2508 1284 suum
2522 1228 2772 1283 vinculis
2794 1225 3274 1293 constrictum,in
3295 1229 3585 1280 tartarum
3606 1219 3811 1294 praaci-

2157 1316 2338 1387 pitem
2362 1316 2729 1373 dedit.Vides
2752 1332 3015 1372 errorem
3033 1332 3100 1371 ac
3122 1313 3459 1380 libidinem,
3485 1328 3665 1383 quam
3702 1310 3807 1366 ad-

2157 1422 2360 1461 versus
2390 1406 2570 1463 deum
2601 1424 2775 1463 suum
2806 1405 3114 1461 invehunt.
3162 1406 3311 1459 Num
3344 1402 3506 1460 enim
3540 1401 3667 1456 ﬁeri
3698 1418 3809 1473 po-

2157 1500 2275 1551 test
2321 1502 2388 1551 ut
2426 1496 2571 1552 deus
2613 1496 2839 1553 catenis
2886 1494 3200 1563 vinciatur,
3234 1493 3466 1565 ipsique
3516 1490 3805 1563 genitales

2155 1590 2354 1656 partes
2386 1586 2812 1658 amputentur?
2834 1586 2876 1641 0
2907 1584 3273 1657 singularem
3287 1580 3611 1638 amentiam
3633 1578 3645 1633 l
3666 1579 3806 1645 Quis

2154 1681 2355 1730 mente
2388 1675 2671 1747 praeditus
2702 1676 2828 1731 haec
2859 1673 3120 1729 dixerit?

2226 1765 2534 1820 Secundus
2550 1765 2779 1837 Jupiter
2800 1764 3125 1831 inducitur,
3153 1779 3331 1834 quem
3354 1761 3417 1815 in
3439 1776 3648 1815 omnes
3665 1758 3807 1814 deos

2155 1872 2294 1910 suos
2316 1871 2567 1927 regnum
2592 1860 2793 1910 tenere
2816 1854 3004 1922 aiunt,
3039 1856 3214 1923 atque
3234 1851 3295 1905 in
3327 1850 3518 1905 varias
3536 1848 3810 1903 animan-

2155 1942 2302 1999 tium
2320 1946 2537 2017 ﬁguras
2583 1944 2908 2014 immutari,
2936 1948 3005 1998 ut
3033 1940 3386 1997 mortalibus
3425 1938 3811 1994 mulieribus-

2155 2040 2427 2106 stuprum
2446 2033 2919 2090 inferaLEtenim
2939 2050 3077 2088 eum
3098 2032 3158 2085 in
3182 2036 3417 2087 taurum
3441 2046 3568 2084 sese
3592 2029 3811 2083 immu-

2155 2128 2309 2179 tasse
2364 2125 2625 2190 tradunt,
2672 2129 2737 2177 ut
2775 2124 3007 2195 Europa
3037 2122 3357 2193 potiretur;
3390 2120 3451 2173 in
3482 2135 3715 2185 aurum,
3748 2121 3816 2171 ut

2155 2215 2353 2269 Danae
2383 2213 2443 2267 in
2474 2217 2823 2285 cygnum,ut
2850 2211 3024 2278 Leda;
3060 2211 3119 2264 in
3151 2211 3515 2281 Satyrum,ut
3536 2208 3812 2277 Antiopa;

2155 2303 2217 2357 in
2248 2302 2498 2372 fulmen,
2530 2308 2597 2356 ut
2626 2301 2876 2356 Semela.
2907 2303 2988 2355 Ac
3019 2306 3224 2371 postea
3265 2298 3487 2354 multos
3515 2315 3585 2353 ex
3634 2297 3708 2350 iis
3741 2293 3813 2348 fi-

2154 2391 2269 2446 lios
2300 2390 2920 2457 exstitisse,Bacchum
2953 2388 3205 2454 scilicet,
3240 2386 3509 2452 Zethum,
3537 2382 3820 2455 Amphio-

2156 2498 2318 2549 nem,
2380 2480 2717 2549 Herculem,
2758 2478 3118 2551 Apollinem,
3180 2476 3451 2543 Dianam,
3509 2476 3813 2541 Perseum,

2159 2572 2469 2626 Castorem
2499 2574 2555 2625 et
2587 2568 2916 2634 Pollucem,
2942 2567 3250 2634 Helenam,
3276 2563 3553 2632 Minoem,
3587 2561 3815 2618 Rhada-

2155 2661 2491 2727 manthum,
2525 2654 2952 2730 sarpedonem,
2986 2664 3043 2712 et
3068 2673 3279 2717 novem
3312 2655 3455 2709 item
3482 2652 3812 2724 ﬁlias,quas

2156 2749 2349 2803 Musas
2382 2751 2752 2819 nuncupant.

2225 2929 2307 2982 Ac
2338 2926 2578 2982 demum
2610 2926 2683 2981 de
2724 2924 3061 2997 Ganymede
3107 2938 3447 2979 sermonem
3496 2920 3812 2977 inducunt-

2155 3017 2305 3072 Hinc
2329 3016 2551 3086 itaque,
2576 3033 2609 3071 ο
2626 3014 3105 3083 rex,hominibus
3128 3013 3395 3085 contigit,
3419 3016 3484 3066 ut
3504 3011 3577 3066 ad
3602 3011 3693 3066 dei
3720 3010 3813 3065 sui

2154 3106 2551 3161 imitationem
2572 3106 2697 3160 hinc
2714 3104 2915 3159 omnia
2938 3104 3336 3168 imitarentur,
3358 3107 3534 3173 atque
3558 3099 3813 3155 adulteri

2156 3201 2378 3264 essent,
2405 3201 2462 3251 et
2484 3196 2695 3251 insano
2715 3193 3119 3250 masculorum
3143 3208 3344 3249 amore
3370 3195 3734 3261 tenerentur,
3759 3194 3820 3244 et

2156 3287 2275 3343 alia
2295 3285 2595 3343 horrenda
2616 3286 2839 3359 ﬂagitia
2868 3287 3302 3357 perpetrarent.
3337 3282 3605 3348 Quonam
3636 3279 3819 3352 igitur

2162 3377 2339 3433 modo
2368 3377 2495 3433 ﬁeri
2528 3380 2723 3448 potest
2752 3380 2817 3431 ut
2846 3376 3000 3431 Deus
3023 3374 3258 3431 adulter
3289 3374 3385 3442 sit,
3440 3377 3541 3427 aut
3569 3370 3821 3443 paedico,

2163 3470 2266 3521 aut
2294 3466 2589 3537 parricida
2609 3466 2636 3520 ‘2

2235 3558 2388 3623 Quin
2422 3556 2751 3613 Vulcanum
2769 3558 2948 3613 etiam
2974 3554 3294 3626 quemdam
3329 3552 3505 3609 deum
3537 3568 3667 3606 esse
3698 3556 3821 3606 tra-

2162 3647 2594 3718 dunt,eumque
2617 3644 3331 3716 claudum,malleumque
3349 3660 3416 3697 ac
3430 3641 3718 3712 forcipem
3733 3645 3819 3695 te-

2161 3735 2557 3801 nentem,etfe
2566 3734 2767 3790 rrariaa
2781 3736 2893 3790 arti
2910 3734 3094 3790 victus
3108 3750 3286 3789 causa
3297 3747 3539 3803 cperam
3553 3730 3820 3786 dantem.

2159 3826 2308 3893 Ergo
2324 3840 2522 3879 rerum
2536 3824 2789 3895 penuria
2804 3823 3115 3880 laborabat
3142 3822 3318 3893 Atqui
3333 3838 3367 3876 a
3385 3823 3503 3875 Deo
3518 3819 3818 3888 abhorret,

2160 3912 2439 3968 claudum
2467 3930 2615 3981 esse,
2650 3917 2829 3982 atque
2860 3912 3177 3967 hominum
3210 3926 3320 3982 Ope
3347 3909 3635 3982 indigere.

2228 4001 2807 4058 AdhaacMercurium
2821 4001 2994 4057 etiam
3011 3999 3183 4055 nobis
3198 4000 3376 4055 deum
3390 3997 3821 4068 inducunt,qui

2160 4090 2412 4163 cupidus
2449 4092 2546 4161 sit,
2577 4096 2635 4146 et
2662 4090 2778 4159 fur,
2824 4096 2883 4146 et
2917 4106 3147 4159 avarus,
3182 4094 3241 4145 et
3287 4104 3516 4161 magus,
3551 4092 3609 4143 et
3636 4087 3820 4143 versi-

2158 4180 2356 4253 pellis,
2388 4198 2456 4237 ac
2488 4196 2831 4236 sermonum
2861 4180 3175 4252 interpres:
3211 4179 3377 4246 Quod
3404 4178 3645 4250 quidem
3677 4177 3819 4232 item

2159 4272 2221 4328 in
2254 4271 2358 4326 Dei
2391 4276 2668 4327 naturam
2700 4270 2945 4326 minime
2979 4270 3159 4326 cadit.

2228 4361 2629 4434 Esculapium
2661 4362 2907 4434 insuper
2935 4361 2999 4417 in
3022 4360 3271 4417 deorum
3298 4376 3549 4417 numero
3571 4358 3819 4428 habent,

2159 4454 2261 4526 qni
2293 4453 2561 4511 medicus
2594 4457 2741 4523 erat,
2771 4460 2829 4511 et
2854 4455 3179 4527 pharmaca
3209 4453 3587 4523 conficiebat,
3640 4457 3819 4522 atque

610 4612 676 4681 D,
710 4606 889 4666 Ἀλλᾶ
914 4609 1005 4665 καὶ
1034 4611 1155 4675 καθ’
1186 4606 1265 4668 ἔκ.
1292 4630 1342 4668 τ.
1367 4611 1417 4666 Θ.
1451 4610 1634 4665 αὐτῶν
1663 4607 2012 4686 ἠθελήσαμεν
2049 4608 2309 4682 ἐξελθεῖν.
2343 4613 2458 4668 Hro
2536 4609 2731 4668 ἐλθεῖν.
2798 4628 2922 4668 non
2960 4608 3219 4681 ἐξελθεῖν,
3262 4611 3366 4666 sed
3422 4604 3659 4673 διελθεῖν
3691 4605 3817 4665 fere

394 4681 593 4738 velim.

466 4754 581 4826 (66)
610 4754 805 4831 Codex
834 4756 903 4820 A,
936 4754 1110 4831 (indic,
1144 4756 1304 4831 quod
1336 4755 1557 4831 mutavi
1613 4755 1775 4811 Infra
1805 4752 2049 4831 δεύτερος

2169 4756 2362 4831 :quod
2422 4756 2497 4813 ad
2539 4756 2979 4831 restituendum
3008 4755 3035 4809 ὁ
3095 4758 3317 4831 πρῶτος
3346 4755 3533 4831 du_xit,
3564 4755 3632 4821 D,
3691 4752 3820 4806 ἀτο-

393 4822 522 4907 πςαγ
551 4822 935 4907 παρεισάγετοιι
959 4826 1059 4900 γὰρ
1093 4822 1222 4900 παρ’
1248 4825 1454 4907 αύτοῖς.
1488 4829 1909 4907 Trapezuntius
1936 4822 2015 4883 ;’‹‹
2045 4831 2049 4883 ξ

2169 4822 2356 4883 dcitur
2379 4835 2579 4885 autem
2610 4829 2682 4885 ab
2715 4828 2801 4885 eis
2831 4835 2970 4885 ante
2999 4822 3209 4885 omnes
3241 4827 3384 4883 deos
3418 4827 3727 4882 Saturnus.
3789 4846 3812 4873 ι

396 4896 666 4973 Βίιιγιιέε
701 4923 729 4952 ‹‹
749 4896 872 4973 Car
896 4896 1259 4956 ils'mettent
1286 4900 1341 4956 le
1373 4896 1643 4973 premier
1659 4918 1761 4955 sur
1792 4900 1847 4955 le
1878 4918 2026 4973 rang
2052 4900 2321 4973 Saturne.
2358 4922 2386 4951 »
2506 4960 2507 4963 η

465 4967 577 5039 (67)
606 4973 674 5045 D,
706 4970 773 5025 τά
793 4968 992 5045 αἰδοῖα.
1026 4972 1235 5045 Nescio
1256 4967 1456 5045 utrum
1487 4972 1801 5045 nominum
1829 4967 2035 5045 eorum

2171 4973 2255 5045 eri
2307 4977 2564 5045 praestet.
2611 4973 2715 5028 Est
2768 4970 3056 5045 ἀναγκαῖον
3107 4989 3195 5045 eo,
3239 4987 3421 5045 sensu
3479 4967 3813 5045 antiquum.

391 5037 837 5117 Artemidorus,
862 5060 902 5109 Ι,
931 5044 1038 5117 45,
1060 5060 1129 5117 ea
1159 5044 1231 5099 de
1263 5060 1325 5098 re
1361 5059 1375 5099 :
1404 5039 1724 5117 ἀναγκαῐδόν
1748 5063 1806 5097 τε
1834 5041 2049 5117 καλεῖτε

2169 5044 2245 5117 l_b_i
2276 5037 2503 5117 Rigalt.
2529 5050 2586 5099 et
2617 5045 2814 5101 Reisk.
2851 5037 2996 5101 Acta
3025 5044 3255 5100 Theclze
3284 5044 3345 5097 in
3385 5039 3580 5096 Grabii
3610 5037 3813 5111 Spicil.

395 5118 435 5169 t.
474 5114 514 5181 1,
549 5132 605 5185 p.
643 5119 744 5170 112
777 5132 791 5169 :
823 5114 954 5167 Ὑπὸ
983 5114 1052 5167 τά
1079 5114 1345 5189 ἀναγκαῖα
1367 5135 1389 5169 τ

617 5188 683 5256 D,
745 5181 1043 5261 ξΑφροδίτη
1081 5184 1389 5259 μυθεύεται.

475 5256 585 5329 (69)
616 5261 682 5325 Α,
716 5256 792 5320 εἷς
816 5256 1077 5330 σκύμνον.

549 5119 791 5191 9412]
823 5112 1052 5191 Ὑπδτά
1079 5114 1345 5191 ἀναγκαῖα
1367 5117 1475 5169 τῶν
1507 5112 1720 5187 ταύρων
1746 5116 2116 5191 πεπυρωμένα
2147 5112 2679 5191 σίδηρίὺπέθηιιαν.

474 5323 587 5401 (70)
620 5323 888 5404 Starkius
917 5323 979 5385 in
1012 5330 1279 5386 versione
1304 5328 1614 5404 Symeonis
1645 5330 1806 5404 S_ethi
1834 5331 1904 5386 de
1929 5330 2275 5404 Stephanite
2309 5335 2366 5386 et
2396 5331 2718 5404 Ichnelate.
2743 5350 2802 5403 p.
2837 5333 2941 5404 487
2970 5349 2982 5386 :
3014 5350 3041 5382 α
3074 5334 3235 5401 opto,
3264 5346 3387 5385 rex.
3423 5331 3501 5404 _ut
3550 5325 3624 5404 ad
3654 5323 3816 5404 Zethi

402 5398 640 5475 mtatem
663 5403 983 5475 pertingas.
1020 5425 1050 5454 »
1080 5404 1218 5475 Qum
1245 5398 1422 5458 verba
1450 5404 1644 5475 prima
1671 5402 1824 5459 forte
1856 5404 1918 5458 in
1950 5398 2154 5459 oculos
2185 5402 2593 5475 incurrebant,
2626 5398 2762 5459 cum
2792 5403 3014 5458 librum
3046 5398 3379 5475 perrarum,
3405 5398 3505 5475 diu
3519 5399 3819 5475 acfrustra

397 5471 738 5561 quaasitufn,
770 5471 1013 5561 tandem
1033 5473 1205 5561 avide
1238 5471 1538 5561 aperirem
1555 5475 1684 5561 jam
1707 5475 2145 5561 m‘eum,'idque
2177 5475 2470 5561 beneﬁcio
2504 5471 2739 5561 Sinneri
2772 5493 2822 5529 v.
2857 5471 3276 5561 humanissimi
3313 5489 3379 5528 ac
3406 5471 3649 5561 doctirss.
3676 5471 3816 5537 Qum

392 5542 600 5601 latinis
629 5547 999 5620 respondent
1029 5542 1376 5620 Graecalfzec
1407 5542 1593 5620 sunt';
1625 5544 1875 5620 βασιλεῦ,
1908 5542 1983 5620 εἷς
2016 5542 2049 5600 τ

2169 5544 2310 5620 ηἷῷνα
2338 5551 2457 5615 ζῆθ.
2492 5548 2680 5603 Abeat
2708 5545 2918 5620 procul
2949 5545 3060 5620 ille
3084 5545 3400 5620 (ﬁmhcmo
3423 5561 3533 5600 nec
3553 5544 3811 5612 Graecus,

395 5632 507 5671 nec
534 5616 747 5692 Indus,
772 5635 885 5692 nec
912 5620 1113 5687 Persa,
1145 5618 1239 5673 cui
1266 5616 1669 5692 substituatu'r
1688 5618 1934 5674 verbum
1964 5618 2380 5692 imperativum
2414 5622 2563 5690 ζῆθι,
2594 5616 2815 5690 ﬁetque
2843 5616 3105 5674 formula
3133 5633 3205 5675 ex
3260 5617 3498 5675 Oriente
3550 5620 3809 5687 sumpta,

398 5705 582 5763 quam
602 5690 859 5763 eXplicui
891 5706 1092 5763 supra,
1116 5696 1178 5746 et
1196 5707 1327 5763 qum
1350 5707 1560 5748 rursus
1581 5690 1737 5749 infra
1764 5690 2057 5749 occurret.

473 5761 582 5836 (71)
612 5761 807 5836 Af:in
840 5761 1001 5828 θεῶν.
