4112 6372
421 344 576 400 ,³1149

1967 356 2340 418 ΛΒΩΒΝῡΔ.

3721 379 3868 438 1120

441 469 744 543 σκομὲνους
787 469 893 528 ὑπὸ
923 472 1121 550 ἑτέρων
1150 473 1454 550 ἀνθρώπων
1483 473 1572 530 καὶ
1601 475 1928 550 καιομένους
1950 474 2040 532 καὶ
2071 478 2501 556 σφαττομένους,
2549 486 2641 541 καὶ
2685 491 3056 566 σηπομένους,
3105 490 3169 549 οὖ
3222 501 3456 567 συνῆκαν
3502 497 3628 572 περὶ
3674 497 3861 558 αὐτῶν

437 554 521 612 ὅτι
553 558 658 614 οὐκ
685 558 789 615 εἶσὶ
821 563 955 626 θεοί.

504 651 792 714 Quocirca
836 669 1049 723 magno
1073 670 1273 709 errore
1305 660 1430 710 tum
1458 656 1730 728 Egyptii,
1762 663 1888 714 tum
1918 657 2071 713 Chal'

2278 661 2500 734 ΠΛάνην
2530 663 2623 719 οῦν
2659 669 2907 744 μεγάλην
2941 669 3326 745 ἒπλανήθησαν
3360 672 3413 730 ο⁹ί
3448 697 3506 732 τε
3553 677 3855 754 Αἰγύπτιοι

442 738 577 806 diei,
613 747 737 796 tum
769 741 949 796 Graeci
983 742 1131 813 lapsi
1165 750 1324 811 sunt,
1358 744 1502 800 deos
1533 746 1873 818 hujusniodi
1916 747 2092 803 indu-

435 836 660 897 centes,
694 837 871 902 atque
893 833 1158 904 ipsorum
1183 840 1409 892 statuas
1430 837 2092 912 efﬁcientes,surdaque

433 926 492 975 et
521 938 730 976 sensus
781 922 1048 992 expertia
1094 924 1417 982 simulacra
1463 945 1569 999 pro
1612 929 1728 985 diis
1775 929 2086 986 habentes.

433 1011 514 1063 Ac
533 1007 798 1064 demiror
819 1027 935 1080 quo
960 1018 1154 1083 pacto,
1189 1031 1324 1070 cum
1343 1015 1487 1072 deos
1506 1035 1645 1074 suos
1668 1019 1741 1074 ab
1759 1020 2090 1077 artiﬁcibus

431 1097 710 1152 secari.et
730 1097 1021 1166 dolari,ac
1035 1105 1323 1173 truncari,
1355 1112 1534 1176 atque
1555 1109 2087 1181 temporislongin-

426 1188 653 1258 quitate
683 1188 1114 1250 inveterascere
1149 1201 1207 1251 et
1236 1197 1756 1271 immutari,atque
1779 1201 1914 1273 igne
1941 1217 2086 1257 con-

423 1279 556 1334 ﬂari
578 1289 915 1352 cernerent,
937 1285 1078 1344 hinc
1107 1305 1210 1344 eos
1233 1289 1479 1346 minime
1497 1291 1641 1348 deos
1665 1307 1794 1349 esse
1813 1310 1933 1348 non
1955 1294 2083 1350 ani-

419 1370 924 1430 madverterint.N
929 1392 1026 1431 am
1040 1379 1143 1448 qui
1159 1379 1222 1433 in
1237 1396 1360 1435 suae
1375 1381 1584 1436 salutis
1603 1383 1839 1455 negotio
1852 1383 2083 1440 nullam

425 1458 544 1515 vim
565 1460 809 1531 habent,
834 1479 1098 1534 quonam
1116 1467 1358 1522 tandem
1379 1469 1554 1525 modo
1577 1470 1888 1528 hominum
1905 1473 2083 1529 saluti

431 1550 788 1607 consulent?
818 1555 892 1608 At
920 1571 1055 1610 vero
1086 1561 1276 1626 poetaa
1305 1557 1596 1629 ipsorum,
1636 1567 1695 1616 et
1739 1562 2082 1635 philosophi

424 1642 548 1694 tam
579 1640 991 1698 Chaldaaorum
1009 1660 1189 1714 quam
1210 1647 1636 1718 Egyptiorum,
1655 1666 1791 1706 cum
1811 1651 2080 1708 versibus

423 1727 549 1783 suis
584 1745 653 1784 ac
683 1729 1020 1787 litterarum
1041 1737 1448 1792 monumentis
1468 1737 1612 1795 deos
1635 1757 1773 1797 suos
1793 1758 2080 1798 exornare

433 1816 813 1887 studuerunt,
845 1837 1053 1877 eorum
1083 1822 1472 1894 ignominiam
1492 1829 1680 1900 magis
1701 1829 2078 1901 detexerunt,

419 1905 765 1979 nudamque
789 1909 1058 1966 omnium
1075 1913 1267 1968 oculis
1288 1925 1748 1988 proposuerunt.
1770 1923 1914 1977 Nam
1939 1939 2076 1978 cum

2194 748 2285 802 καὶ
2317 750 2370 804 oi
2401 751 2674 810 Χαλδαῖοι
2705 758 2794 812 καὶ
2849 760 2900 814 οἱ
2955 759 3231 833 Ἕλληνες
3285 763 3570 829 τοιούτους
3623 748 3849 844 παρεισ-

2194 837 2413 915 άγοντες
2444 843 2621 909 Θεοὺς.
2662 847 2753 902 καὶ
2811 847 3104 925 ἀγάλματα
3159 853 3339 909 αὐτῶν
3393 860 3700 928 ποιοῦντες,
3758 860 3852 916 καὶ

2195 928 2609 1004 θεοποιεύμενοι
2638 934 2706 989 τὰ
2750 937 2909 1016 κωφὰ
2953 939 3044 994 καὶ
3099 940 3399 1013 ἀναίσθητα
3455 941 3684 1005 εἳδωλα.
3744 947 3850 1007 Καὶ

2191 1018 2450 1092 θαυμάζω
2481 1027 2597 1085 πῶς
2653 1025 2890 1098 ὁρῶντες
2944 1028 3074 1093 τοὺς
3127 1029 3282 1096 θεοὺς
3340 1032 3522 1090 αὐτῶν
3581 1033 3686 1090 ὑπὸ
3743 1041 3854 1092 τῶν

2192 1105 2551 1188 δημιουργῶν
2581 1119 2960 1191 πριζομὲνους
2979 1120 3072 1176 καὶ
3103 1119 3549 1196 πελεκωμὲνους,
3579 1124 3855 1183 παλαιου-

2194 1199 2388 1271 μὲνους
2427 1222 2485 1257 τε
2543 1203 2644 1259 ὑπὸ
2699 1210 2798 1262 τοῦ
2856 1207 3064 1284 χρόνου
3119 1209 3210 1266 καὶ
3269 1209 3700 1288 ἀναλυομένους,
3758 1215 3850 1272 καὶ

2190 1305 2632 1377 χωνευομενους,
2674 1293 2774 1351 ούκ
2831 1295 3134 1376 ἐφρόνησαν
3193 1300 3320 1377 περὶ
3371 1300 3548 1359 αὐτῶν
3607 1302 3694 1360 ὅτι
3752 1305 3854 1361 οὐκ

2188 1376 2460 1468 εἷσὶνθεοί.
2491 1384 2624 1440 Ὅτε
2680 1386 2784 1462 γὰρ
2829 1388 2956 1462 περὶ
3005 1395 3108 1459 τῆς
3160 1376 3304 1454 ἰδίας
3355 1391 3633 1468 σωτηρίας
3687 1392 3845 1450 ούδὶν

2189 1465 2470 1544 ἰσχύουσι,
2501 1477 2622 1536 πῶς
2653 1479 2762 1529 τῶν
2821 1475 3121 1552 ἀνθρώπων
3171 1478 3433 1557 πρόνοιαν
3481 1484 3844 1558 ποιήσονταις

2184 1556 2347 1647 ’Λλλ’
2371 1559 2424 1616 oi
2455 1562 2683 1634 ποιηταὶ
2710 1563 2888 1622 αὐτῶν
2916 1568 3008 1623 καὶ
3068 1556 3388 1647 φιλόσοφοι,
3430 1574 3538 1630 τῶν
3581 1592 3642 1627 τε
3689 1556 3846 1631 Χαλέ

2185 1644 2349 1704 δαίων
2379 1649 2469 1705 καὶ
2503 1649 2790 1724 Ἑλλήνων
2819 1655 2908 1712 καὶ
2961 1644 3301 1732 Αἱγυπτίων,
3351 1657 3680 1731 θελήσαντες
3723 1669 3846 1728 τοῖς

2182 1739 2494 1812 ποιήμασιν
2565 1741 2744 1798 αὐτῶν
2800 1744 2894 1801 καὶ
2979 1754 3320 1826 συγγραφαῖς
3394 1754 3654 1824 σεμνῦναι
3710 1751 3841 1818 τοὺς

2183 1829 2312 1902 παρ’
2365 1829 2553 1894 αὐτοῖς
2613 1831 2794 1903 θεοὺς,
2855 1837 3124 1909 μειζόνως
3179 1839 3280 1908 τὴν
3329 1837 3599 1916 αἰσχύνην
3657 1841 3840 1899 αὐτῶν

2185 1918 2519 1994 ἐξεκάλυψαν
2550 1921 2643 1976 καὶ
2664 1926 2878 1998 γυμνήν
2933 1932 3064 1982 πᾶσι
3109 1923 3442 2002 προῦθηκαν.
3494 1929 3559 1986 Ei
3615 1929 3719 2007 γὰρ
3775 1932 3841 1987 τὸ

417 1993 685 2052 hominis
717 2015 955 2070 corpus,
987 2002 1257 2072 quamvis
1285 2004 1511 2077 alioqui
1543 2008 1750 2066 multis
1806 2012 2071 2082 partibus

2186 2011 2348 2082 σῶμα
2375 2009 2472 2065 τοῦ
2502 1993 2794 2087 ἀνθρώ-που
2837 1993 3162 2092 πολυμερὲς
3215 1993 3365 2077 2⁸1
3429 2014 3487 2072 ὃν
3545 1993 3648 2074 οὐκ
3688 1993 3840 2076 “άπο-

420 2088 913 2155 constet,nullum
936 2094 1138 2146 tamen
1158 2093 1563 2152 membrorum
1587 2114 1829 2155 suorum
1848 2101 2073 2173 abjicit,

415 2191 625 2232 verum
647 2177 1057 2235 firmissimam
1078 2197 1214 2238 cum
1235 2182 1382 2255 ipsis
1407 2186 1688 2244 omnibus
1709 2190 2079 2262 conjunctio-

418 2280 560 2320 nem
591 2266 841 2336 habens,
877 2285 1081 2326 secum
1110 2270 1306 2343 ipsum
1337 2277 1676 2347 concordat,
1710 2279 1811 2351 qui
1835 2280 2076 2337 tandem

418 2354 483 2409 in
514 2355 620 2411 Dei
650 2361 867 2414 natura
897 2363 1064 2416 tanta
1087 2378 1286 2434 pugna
1317 2369 1375 2419 et
1402 2365 1700 2424 discordia
1719 2368 1920 2426 futura
1940 2370 2076 2427 est?

418 2444 567 2499 Nam
599 2444 648 2499 si
679 2461 800 2501 una
832 2445 1082 2504 deorum
1109 2456 1324 2509 natura
1354 2459 1530 2524 esset,
1564 2455 1712 2512 deus
1743 2457 1920 2514 deum
1977 2461 2074 2515 in-

417 2534 656 2604 sectari,
688 2541 792 2591 aut
818 2536 1196 2612 obtruncare,
1229 2547 1331 2598 aut
1361 2545 1517 2600 malo
1548 2546 1750 2619 aliquo
1781 2549 2072 2605 mulctare

397 2623 666 2680 .minime
692 2624 970 2683 debebat.
994 2629 1160 2694 Quod
1180 2632 1230 2686 si
1253 2631 1518 2690 diiadiis
1546 2637 1759 2707 vexati,
1793 2644 1851 2694 et
1883 2639 2070 2695 inter-

416 2714 626 2786 empti,
659 2720 719 2771 et
747 2717 1006 2788 spoliati,
1039 2735 1108 2775 ac
1136 2719 1389 2779 fulmine
1419 2727 1686 2796 percussi
1733 2734 1894 2797 sunt,
1949 2747 2070 2786 non

407 2803 540 2876 jam
563 2821 684 2862 una
705 2823 913 2864 eorum
934 2815 1150 2866 natura
1172 2818 1280 2882 est,
1291 2814 1395 2870 sed
1418 2815 1714 2874 distinctas
1737 2820 2070 2878 voluntates

413 2899 593 2966 atque
619 2913 829 2953 omnes
845 2899 1109 2956 exitiosa;
1141 2917 1208 2958 ac
1236 2904 1556 2975 pestiferas.
1588 2909 1670 2963 Ex
1692 2926 1808 2981 quo
1835 2911 2072 2968 conclu-

413 2983 680 3040 dendum
712 2991 804 3042 est
832 2989 1139 3046 neminem
1171 3008 1380 3048 eorum
1410 2993 1589 3052 deum
1621 3014 1773 3055 esse.
1829 3001 2068 3072 Perspi-

397 3088 595 3128 cuum
624 3079 715 3129 est
743 3075 943 3147 igitur,
976 3094 1010 3132 o
1040 3095 1166 3147 rex,
1199 3097 1440 3139 omnem
1477 3101 1683 3142 eorum
1715 3087 1787 3143 de
1819 3087 2067 3146 deorum

416 3165 636 3218 natura
659 3163 1126 3235 disputationem
1157 3171 1377 3226 erroris
1408 3173 1649 3245 plenam
1681 3193 1833 3234 esse.

485 3251 753 3317 Quonam
766 3257 965 3310 autem
977 3261 1150 3328 pacto
1164 3259 1206 3313 ii
1220 3261 1319 3330 qui
1334 3262 1493 3334 apud
1505 3264 1736 3320 Graecos
1758 3267 2066 3338 sapientiai

409 3343 590 3410 atque
613 3339 900 3398 doctrinm
913 3344 1073 3402 fama
1085 3346 1438 3418 floruerunt,
1453 3351 1605 3408 illud
1616 3353 1866 3411 minime
1889 3357 2064 3412 intel-

408 3407 707 3499 lexerunt,
731 3447 832 3488 eos
854 3434 955 3505 qui
979 3433 1138 3509 leges
1161 3407 1951 3518 tulerunt'suismetleig—ibus
1963 3447 2065 3519 ju-
2097 3407 2142 3476 ὓ

411 3515 596 3573 dicari
622 3518 649 3574 ?
676 3521 823 3576 Nam
842 3521 889 3576 si
914 3521 1073 3596 leges
1083 3525 1265 3597 justas
1289 3533 1447 3598 sunt,
1472 3529 1679 3602 injusti
1699 3515 1945 3592 omnino
1964 3515 2065 3610 vip-

405 3623 609 3663 sorum
632 3607 714 3663 dii
737 3616 900 3681 sunt,
923 3613 1025 3685 qui
1050 3619 1259 3672 contra
1277 3616 1473 3691 legum
1487 3623 1838 3696 praescripta
1856 3607 2063 3683 mutuo

407 3713 539 3752 sese
571 3697 1006 3772 interfecerint,
1039 3709 1218 3776 atque
1250 3706 1311 3762 in
1343 3711 1633 3767 veneﬁcia
1662 3718 1721 3768 et
1747 3713 2062 3784 adulteria,

403 3791 464 3841 et
491 3786 670 3857 furta,
709 3794 767 3844 et
799 3798 1198 3864 praeposteras
1240 3795 1522 3855 libidines
1568 3804 1929 3873 proruerint.
1962 3807 2064 3862 Sin

400 3881 605 3933 autem
620 3883 782 3935 recte
795 3880 1256 3958 fecerunt,leges
1271 3893 1430 3944 certe
1450 3889 1672 3963 iniquae
1687 3900 1846 3964 sunt,
1862 3901 2064 3969 utpote

400 3964 684 4024 adversus
697 3968 840 4026 deos
856 3973 1048 4028 consti
1059 3978 1391 4035 tutaa.Nunc
1401 3981 1753 4055 autemleges
1763 3964 2065 4056 praaciaraa

398 4070 470 4110 ac
484 4055 666 4128 justas
685 4063 844 4128 sunt,
883 4066 949 4116 ut
977 4079 1109 4134 qua;
1153 4069 1214 4120 et
1254 4066 1503 4126 virtutes
1537 4055 1804 4141 laudent,
1837 4079 1898 4129 et
1927 4075 2067 4132 vitia

401 4145 806 4217 prohibeant;
836 4148 1086 4207 deorum
1119 4159 1344 4228 autem,
1376 4174 1526 4228 quos
1558 4159 1671 4232 ipsi
1689 4162 1914 4232 colunt,
1948 4164 2064 4219 ini-

405 4251 525 4307 qua
539 4243 679 4293 sunt
695 4255 896 4310 opera:
917 4258 1100 4312 quare
1116 4244 1307 4316 iniqui
1321 4247 1501 4302 etiam
1515 4247 1783 4320 ipsorum
1807 4252 1886 4308 dii
1903 4260 2062 4326 sunt,

405 4341 739 4399 omnesque
771 4329 941 4403 impii
974 4347 1043 4387 ac
1073 4339 1266 4390 morte
1298 4336 1619 4408 multandi,
1643 4341 1744 4411 qui
1767 4342 2062 4414 ejusmodi

405 4413 550 4471 deos
581 4415 895 4476 inducunt.
931 4423 1076 4477 Nam
1110 4421 1158 4477 si
1193 4440 1264 4480 ea
1293 4443 1426 4497 quas
1458 4427 1530 4483 de
1560 4427 1706 4501 ipsis
1727 4413 2062 4492 litterarum

407 4509 818 4563 monumentis
848 4509 1085 4581 prodita
1113 4518 1274 4583 sunt,
1308 4515 1444 4571 ficta
1488 4522 1547 4572 et
1585 4519 1859 4580 fabulosa
1901 4531 2060 4595 sunt,

409 4593 564 4648 nihil
580 4595 744 4652 aliud
767 4605 910 4655 sunt
929 4617 1107 4671 quam
1134 4605 1283 4659 meri
1311 4622 1620 4666 sermones
1635 4628 1649 4680 ;
1670 4612 1719 4667 si
1741 4620 1941 4672 autem
1954 4635 2064 4674 na-

411 4683 778 4752 turalia,nou
787 4688 914 4760 jam
934 4687 1015 4745 dii
1029 4693 1281 4764 suntqui
1294 4695 1780 4761 haecfeceruntac
1792 4708 2059 4778 perpessi

2186 2092 2454 2154 ϐάλλεταί
2483 2121 2537 2156 τι
2565 2102 2674 2156 τῶν
2708 2099 2864 2159 ἰδίων
2901 2103 3110 2178 μελῶν,
3144 2103 3308 2176 ἀλλὰ,
3367 2108 3507 2184 πρὸς
3553 2109 3730 2165 πάντα
3775 2111 3844 2165 τὰ

2189 2185 2333 2261 μὲλη
2367 2186 2734 2268 ἀδιάῤῥηκτον
2775 2189 2976 2265 ἓνωσιη
3033 2191 3191 2272 ἕχον,
3237 2195 3413 2271 ἑαυτῷ
3456 2195 3570 2253 ἔστι
3612 2199 3840 2277 σύμφω-

2185 2297 2301 2348 νον,
2335 2282 2454 2341 πῶς
2487 2276 2540 2336 ἐν
2599 2280 2755 2359 φύσει
2815 2288 2940 2347 θεοῦ
3001 2286 3159 2361 μάχη
3214 2287 3307 2342 καὶ
3365 2283 3635 2366 διαφωνία
3693 2276 3838 2345 ἔσται

2183 2368 2420 2439 τοσαύτη
2449 2387 2464 2439 ;
2497 2367 2548 2424 εἴ
2573 2371 2678 2447 γὰρ
2713 2371 2811 2446 μία
2841 2373 2999 2452 φύσις
3056 2379 3165 2430 τῶν
3212 2380 3345 2440 θεῶν
3407 2378 3680 2454 ὑπῆρχεν,
3740 2379 3840 2435 οὐκ

2188 2453 2420 2535 ὣφειΛεν
2445 2459 2564 2523 θεὸς
2606 2461 2724 2516 θεὸν
2780 2458 3021 2533 διώκειν,
3078 2461 3201 2521 οὔτε
3259 2467 3502 2545 σφάζειν,
3561 2465 3687 2523 οὔτε
3741 2489 3836 2524 καο

2180 2553 2447 2602 κοποιεῖν·
2496 2547 2543 2604 εί
2602 2545 2660 2605 δὲ
2712 2551 2764 2606 οἱ
2823 2551 2935 2607 0εοί
2997 2553 3100 2610 ὑπὸ
3153 2559 3290 2619 θεῶν
3345 2553 3693 2632 ἐδιώχθησαν
3746 2557 3836 2613 καὶ

2184 2634 2633 2713 ἐσφάγησαν,καὶ
2683 2638 3006 2716 ἠρπάγησαν
3064 2642 3156 2698 καὶ
3215 2642 3685 2721 ἐκεραυνώθησαν,
3736 2647 3838 2702 οὐκ

2181 2721 2262 2780 ἔτι
2295 2725 2394 2799 μία
2419 2726 2578 2806 φύσις
2636 2726 2799 2800 ἐστὶν,
2859 2729 3008 2786 ἀλλὰ
3061 2735 3282 2807 γνῶμαι
3341 2732 3684 2812 διῃρημέναι,
3730 2741 3838 2791 πᾶ-

2181 2835 2268 2869 σαι
2299 2817 2616 2889 κακοποιοὶ,
2649 2817 2789 2874 ὥστε
2819 2816 3001 2883 οὐδεὶς
3027 2820 3079 2892 ἐξ
3136 2821 3314 2878 αὐτῶν
3363 2823 3476 2880 ἐστι
3523 2823 3663 2888 Θεός.
3717 2830 3831 2881 Φαο

2177 2903 2332 2981 νερὸν
2366 2905 2458 2961 οὗν
2491 2906 2656 2977 ἐστιν,
2689 2905 2734 2962 ὦ
2770 2907 3018 2983 βασιλεῦ,
3069 2909 3286 2985 πλάνην
3333 2915 3470 2970 εἶναι
3509 2920 3680 2970 πᾶσαν
3728 2915 3829 2985 τὴν

2178 2992 2304 3070 περὶ
2328 2999 2436 3051 τῶν
2471 2997 2606 3052 θεῶν
2640 2998 3016 3076 φυσιελογίαν.

2251 3268 2376 3329 Πῶς
2409 3264 2467 3323 δὲ
2493 3267 2563 3323 οὐ
2597 3274 2835 3338 συνῆκαν
2868 3269 2922 3324 oi
2953 3271 3109 3349 σοφοὶ
3143 3270 3231 3326 καὶ
3265 3267 3448 3347 λόγιοι
3477 3275 3585 3326 τῶν
3617 3267 3826 3341 Ἐλλή-

2177 3377 2284 3412 νων
2314 3353 2398 3412 ὅτι
2434 3356 2525 3412 καὶ
2555 3358 2608 3412 οἱ
2639 3355 2847 3430 νόμους
2877 3362 3014 3434 (⁸79⁸)
3046 3359 3260 3434 θέμενοι
3280 3359 3558 3434 κρίνονται
3591 3359 3695 3415 ὑπὸ
3713 3362 3825 3414 τῶν

2181 3442 2336 3501 ῗδίων
2372 3447 2554 3520 νόμων
2583 3463 2596 3510 ;
2628 3446 2693 3505 Ei
2724 3448 2828 3524 γὰρ
2879 3447 3140 3524 οἱὶνόμοι
3191 3446 3390 3504 δίκαιοί
3441 3449 3598 3522 εἶσιν⁹
3648 3445 3827 3503 ἄδικοι

2176 3533 2394 3598 πάντως
2426 3535 2477 3589 οἱ
2510 3535 2620 3591 θεοὶ
2654 3533 2828 3592 αὐτῶν
2864 3536 2990 3608 εἶσι,
3017 3539 3310 3615 παράνομα
3333 3539 3685 3610 ποιήσαντες,
3729 3533 3828 3592 ἀλ-

2175 3621 2543 3696 Ληλοκτονίας
2571 3624 2662 3681 καί
2695 3626 3029 3702 φαρμακίας,
3057 3627 3147 3684 καὶ
3181 3628 3438 3705 μοιχείας
3476 3625 3568 3683 καὶ
3595 3624 3826 3697 κλοπὰς,

2173 3714 2265 3770 καὶ
2297 3713 2724 3790 ἀρσενοκοισίας.
2757 3715 2824 3771 Ei“
2882 3715 2940 3772 δὲ
2993 3715 3180 3780 καλῶς
3238 3714 3466 3792 ἔπραξαν
3525 3719 3716 3786 ταῦτα,
3775 3714 3824 3769 οἱ

2175 3786 2341 3879 νόμοι
2371 3804 2474 3876 ἄρα
2505 3803 2687 3861 ἄδικοὶ
2741 3805 2866 3877 εἰσι,
2923 3807 3060 3862 κατὰ
3113 3810 3221 3861 τῶν
3283 3807 3416 3860 θεῶν
3471 3802 3821 3868 συντεθέντες.

2175 3895 2308 3951 Νυνὶ
2343 3892 2401 3951 δὲ
2431 3895 2484 3950 οἱ
2527 3893 2690 3969 νόμοι
2746 3894 2911 3952 καλοί
2970 3893 3073 3950 εἶσι
3129 3894 3222 3950 καὶ
3280 3891 3502 3967 δίκαιοι,
3560 3893 3630 3950 τὰ
3683 3891 3822 3949 καλὰ

2175 3983 2517 4048 ἐπαινοῦντες
2545 3986 2636 4041 καὶ
2685 3984 2753 4042 τὰ
2797 3985 2937 4040 κακὰ
2986 3983 3436 4060 ἀπαγορεύοντες
3467 3984 3533 4039 τὰ
3579 3980 3638 4039 δὲ
3694 3981 3824 4059 ἔργα

2176 4079 2286 4132 τῶν
2318 4079 2456 4140 θεῶν
2489 4075 2667 4131 αὐτῶν
2720 4075 3032 4151 παράνομα·
3087 4075 3402 4152 παράνομοι
3461 4075 3565 4150 ἄρα
3611 4073 3663 4128 οἱ
3713 4070 3824 4137 θεοὶ

2172 4163 2375 4236 αὐτῶν,
2425 4163 2518 4220 καὶ
2577 4162 2765 4241 ἔνοχοι
2820 4165 3016 4228 πάντες
3073 4163 3301 4220 θανάτου
3357 4163 3446 4219 καὶ
3500 4156 3715 4225 ἀσεϐεῖς
3772 4159 3823 4216 oi

2170 4254 2458 4320 τοιόύτους
2487 4253 2642 4319 θεοὺς
2671 4254 3115 4331 παρεισάγοντες.
3176 4254 3234 4310 Ei
3295 4255 3389 4328 μὶν
3438 4251 3539 4330 γὰρ
3601 4251 3819 4325 μυθικαῖ

2173 4348 2229 4404 αἱ
2260 4345 2384 4422 περὶ
2414 4345 2590 4401 αὐτῶν
2623 4344 2884 4422 ἱστορίαι,
2917 4343 3069 4401 οὐδὲν
3101 4343 3256 4418 εἰσιν,
3289 4343 3336 4399 εὶ
3388 4343 3465 4418 μή
3517 4341 3678 4416 μόνον
3729 4339 3825 4397 λό-

2170 4455 2280 4512 γου
2316 4435 2362 4490 εἰ
2396 4431 2452 4490 δὲ
2483 4433 2731 4511 φυσικαὶ,
2765 4433 2864 4491 οὐκ
2893 4431 2972 4490 ἔτι
2999 4434 3113 4500 θεοί
3164 4433 3298 4489 εἰσιν
3340 4432 3397 4487 οἱ
3443 4435 3612 4487 ταῦτα
3657 4432 3824 4503 ποιή-

2173 4546 2355 4590 σαντες
2378 4525 2469 4581 καὶ
2494 4523 2779 4590 παθόντες·
2809 4525 2854 4580 εἶ
2878 4521 2937 4580 δὲ
2964 4521 3364 4599 ἀλληγορικαὶ,
3401 4519 3564 4595 μῦθοί
3600 4520 3705 4577 εἶσι
3735 4517 3822 4577 καὶ

2173 4616 2272 4673 οὐκ
2300 4612 2442 4672 ἄλλο
2473 4636 2548 4674 τι.
2599 4616 2754 4673 252
2799 4609 3212 4669 Ἀποδέδεικται
3257 4609 3464 4681 τοίνυν,
3494 4608 3539 4664 ὦ
3575 4608 3823 4687 βασιλεῦ,

2168 4709 2336 4761 ταῦτα
2386 4704 2564 4759 πάντα
2617 4701 2686 4757 τὰ
2740 4698 2986 4757 πυλύθεα
3039 4695 3355 4773 σεϐάσματα
3417 4698 3634 4771 πλάνης
3694 4697 3820 4776 ἔργα

408 4777 588 4842 sunt;
623 4776 782 4847 quod
807 4778 855 4834 si
887 4779 1204 4855 allegorica
1229 4802 1408 4842 sensu
1438 4805 1507 4844 ea
1527 4775 1825 4866 dicuntur,
1844 4775 2060 4855 fabula)

2183 4794 2261 4850 καὶ
2292 4790 2572 4854 ἀπωλείας
2614 4789 2904 4867 ὑπάρχειν.
2935 4790 3017 4848 Οὐ
3049 4790 3164 4866 χρῆ
3197 4789 3288 4843 οὗν
3338 4786 3491 4851 θεοὺς
3539 4789 3822 4859 ὀνοπάζειν

405 4869 568 4935 sunt,
599 4882 667 4922 ac
688 4868 838 4924 nihil
853 4876 1161 4942 praeterea.
1186 4875 1662 4938 Demonstratum
1678 4886 2002 4958 estitaque,
2026 4906 2059 4945 ο

403 4955 648 5024 rex,hos
667 4973 871 5015 omnes
889 4961 1212 5036 cultus,qui
1229 4966 1433 5022 multis
1446 4969 1559 5025 diis
1583 4955 1946 5046 tribuuntur,
1970 4955 2061 5033 er-

2173 4881 2404 4960 ὁρατοὺς
2431 4880 2520 4936 καὶ
2551 4881 2626 4955 μή
2662 4880 2924 4958 ὁρῶντας⁶
2960 4878 3106 4935 ἀλλά
3134 4879 3226 4933 τὸν
3262 4877 3492 4953 ἀόρατον
3545 4877 3638 4934 καὶ
3689 4877 3825 4935 πάν-

2171 4993 2266 5034 τας
2298 4969 2781 5047 δημιουργήσανεα
2813 4967 2896 5024 δεῖ
2926 4963 3173 5032 σέϐεσθαι
3203 4967 3356 5025 Θεόν.

406 5045 564 5100 roris
594 5051 772 5119 atque
807 5050 968 5106 exitii
1005 5070 1187 5126 opera
1217 5073 1346 5112 esse
1379 5059 1592 5131 (neque
1620 5063 1780 5119 enim
1813 5065 1956 5123 deos
1986 5067 2290 5141 appellare
2325 5063 2602 5120 convenit
2631 5063 2733 5135 qui
2764 5062 3042 5118 videntur
3070 5077 3139 5117 ac
3168 5076 3290 5115 non
3337 5059 3576 5131 vident;
3620 5077 3822 5117 verum

407 5149 547 5189 eum
579 5136 703 5207 qui,
737 5155 872 5194 cum
903 5139 1030 5213 ipse
1053 5144 1216 5199 cerni
1248 5153 1528 5218 nequeat,
1559 5152 1765 5208 omnia
1795 5136 2366 5230 cernit),-i)eumque
2393 5153 2493 5224 qui
2527 5153 2730 5208 omnia
2759 5150 3049 5219 condidit,
3082 5148 3398 5205 colendum
3431 5165 3581 5205 esse.

479 5223 798 5283 Veniamus
813 5229 1010 5303 igitur,
1035 5249 1068 5288 ο
1089 5250 1214 5301 rex,
1241 5235 1422 5292 etiam
1437 5237 1513 5293 ad
1524 5239 1778 5309 Iudaeos,
1797 5249 1865 5300 ut
1884 5223 2059 5317 quid-

402 5328 545 5369 nam
563 5313 676 5388 ipsi
691 5334 929 5392 quoque
942 5321 1015 5377 de
1038 5323 1156 5378 Deo
1176 5324 1772 5386 sentiantvideamus.
1789 5313 2058 5408 Namipsi

404 5401 827 5493 ahAbraham,
851 5411 1038 5479 Isaac,
1062 5417 1121 5468 et
1137 5414 1314 5469 Jacob
1337 5415 1600 5488 oriundi,
1620 5421 1931 5493 Egyptum
1954 5401 2056 5481 i-n-

407 5490 743 5555 coluerunt.
765 5497 940 5556 Illinc
955 5505 1155 5559 autem
1176 5503 1330 5560 Deus
1354 5521 1455 5562 eos
1480 5505 1542 5563 in
1556 5490 1737 5566 manu
1749 5490 1974 5582 potenti
2001 5520 2061 5572 et

2238 5240 2529 5315 Ἔλθωμεν
2563 5237 2676 5312 οὖν,
2708 5240 2753 5294 ὦ
2788 5236 3037 5315 βασιλεῦ,
3067 5235 3159 5293 καὶ
3191 5235 3280 5293 ἰπὶ
3331 5234 3458 5300 τοὺς
3507 5233 3824 5309 Ἰουδαίους,

2168 5334 2322 5396 ’ὁπως
2352 5331 2560 5406 ἴδωμεν
2587 5329 2642 5387 τί
2672 5335 2933 5409 φρονοῦσι
2963 5328 3056 5385 καὶ
3087 5326 3245 5384 αὐτοὶ
3276 5325 3400 5400 περὶ
3451 5330 3606 5386 Θεοῦ.
3655 5329 3828 5400 οὗτοι

2166 5425 2292 5501 γὰρ,
2323 5427 2421 5479 τοῦ
2450 5417 2704 5498 ’Δϐραᾶμ
2733 5418 2884 5485 ὅντες
2935 5421 3199 5496 ἀπόγονοι
3249 5417 3339 5474 καὶ
3394 5418 3578 5475 Ἰσαάκ
3625 5438 3684 5473 τε
3735 5420 3824 5473 καὶ

2172 5508 2394 5584 Ἰακὼϐ,
2455 5514 2790 5589 παρῴκησαν
2846 5510 2923 5575 εἷς
2976 5508 3277 5587 Αἴγυπτον.
3338 5508 3571 5572 Ἐκεῖθεν
3633 5506 3691 5564 δὶ
3746 5506 3828 5579 ἐξ·

449 5643 617 5766 ,879⁸)
647 5646 716 5714 Α,
748 5646 833 5704 ὅτι
858 5650 1087 5723 νόμους.
1123 5655 1189 5723 D,
1222 5653 1313 5709 καὶ
1340 5655 1565 5729 νόμους.
1601 5659 1836 5736 Sumpsi
1877 5672 2071 5725 utram

449 5725 466 5763 ι
511 5711 738 5766 ebatur-
768 5721 847 5766 Ad
881 5721 1021 5766 xciv,
1056 5731 1144 5766 au
1172 5725 1231 5766 in
1275 5730 1303 5766 Δ
1344 5729 1532 5766 σῖηειιιο
1588 5733 1676 5766 nol
1707 5735 1960 5766 πηηιλι.-
2014 5737 2071 5766 :1-

2183 5687 2190 5723 ι
2221 5685 2425 5766 vocem
2455 5673 2514 5724 et
2537 5667 2740 5728 addidi
2772 5668 2848 5738 ot,
2881 5683 3000 5742 quo
3027 5664 3218 5722 oratio
3251 5678 3454 5720 carere
3484 5678 3607 5719 non
3652 5676 3829 5735 posse

407 5711 738 5775 videbatur.
763 5721 851 5778 Ad
881 5711 1026 5797 κρίν.
1056 5711 1148 5783 est
1172 5711 1236 5784 in
1264 5730 1314 5786 Α
1340 5711 1564 5805 ειὸεειί,
1588 5711 2071 5814 ἶθῖὶῖὲιῖἷθιῖἐῗῆ

2183 5739 2598 5820 ιατακρίνονται.
2651 5801 2660 5810 ,
