2056 3198
156 198 226 228 1121

747 201 834 228 VITA
851 199 1029 228 BARLAAM
1046 199 1094 227 ΕΤ
1109 198 1280 227 ΙΟΛΒΔΡΗ.

1800 200 1873 230 1122

153 262 261 299 ἤγαγεν
276 258 376 292 αὐτοὺς
391 256 487 292 tota;
503 260 529 289 έν
550 261 625 300 χειρὶ
654 263 769 300 κραταιᾷ
795 261 841 289 καὶ
857 256 893 288 ’έν
920 256 988 298 βρα-

1047 260 1166 289 brachio
1182 260 1310 295 excelso,
1321 268 1375 297 per
1385 261 1505 298 Moysen
1521 257 1654 298 ipsorum
1669 261 1872 300 legislatorem

152 305 228 344 χίονι
244 305 346 343 ὑψηλῷ
361 307 415 342 (80)
441 305 486 333 διὰ
515 307 637 338 Μωσέως
652 309 702 335 τοῦ
727 306 880 343 νομοθέτου
896 305 983 333 αὐτῶν

152 351 199 379 καὶ
213 351 305 388 τέρασι
321 350 443 381 πολΛοῖς
464 351 510 378 καὶ
535 352 662 388 σημείοις
691 353 748 388 (81)
774 351 917 389 έγνωρισεν
934 350 985 377 αὗ-

152 398 211 427 τοῖς
224 396 275 431 τὴν
290 395 388 423 ἑαυτοῦ
413 393 536 432 δύναμιν.
561 395 651 430 Ἀλλ’,
672 397 831 434 ἀγνώμονες
845 395 890 423 καὶ
907 394 985 422 αὐτοὶ

154 440 281 480 φανέντες
306 439 352 467 καὶ
381 439 517 478 ἄχρηστοι
536 463 543 475 ,
571 440 709 472 πολλάκις
742 440 904 478 ἐλάτρευσαν
928 441 986 470 τοῖς

154 488 210 514 τῶν
227 485 310 518 ἐθνῶν
337 482 500 522 σεϐάσμασι,
523 486 567 513 ναὶ
587 485 654 517 τοὺς
679 485 901 522 ἀπεσταλμένους
916 484 986 522 πρὸς

156 530 257 561 αὐτοὺς
294 530 439 567 προφήτας
473 530 516 557 καὶ
548 529 669 561 δικαίους
709 531 864 558 ἀπέκτειναν
883 551 890 558 .
919 529 986 558 Εἶτα

157 576 197 606 ὡς
222 574 365 609 εὐδόκησεν
381 574 395 601 ὁ
411 574 474 605 Υἱὸς
500 577 549 602 τοῦ
575 577 643 603 θεοῦ
668 574 755 607 ἐλθεῖν
779 575 822 603 ἐπὶ
844 577 895 609 τῆς
922 575 985 612 γῆς,

158 620 410 656 ἐμπαροινήσαντες
437 618 476 651 είς
504 619 596 655 αὐτὸν,
620 619 780 657 προέδωκαν
806 619 919 655 Ιῐιλάτῳ
946 620 986 654 τῷ

157 664 276 702 ἡγεμόνι
303 665 357 690 τῶν
386 664 533 700 Ῥωμαίων
559 664 606 691 καὶ
641 667 749 701 σταυρῷ
788 662 986 698 κατεδίκασαν,

159 709 196 745 μή
212 706 379 739 αἰδεσθέντες
403 709 452 739 τὰς
474 709 628 747 εὐεργεσίας
652 709 746 745 αὐτοῦ,
771 709 816 736 καὶ
842 709 878 736 τὰ
895 707 986 746 ἀναρί-

158 754 251 789 Θμητα
265 753 389 788 Θαύματα
413 752 481 790 ἅπερ
505 752 533 781 ἐν
557 753 651 785 αὐτοῖς
682 752 835 791 εἰργάσατο.
862 753 908 781 Διὸ
933 753 986 780 ἀπ-

157 798 266 825 ώλοντο
280 799 315 834 τῇ
332 796 389 833 ἰδίᾳ
399 797 568 835 παρανομίᾳ.
586 796 717 826 Σέεονται
734 798 784 836 γὰρ
800 798 845 825 καὶ
859 800 905 825 νῦν
921 797 985 825 Θεὸν

154 842 202 870 τὸν
218 841 300 879 μόνον
314 841 533 880 πάντοκράτορα,
550 841 613 871 ἀλλ’
629 842 661 870 οὐ
686 846 744 871 κατ’
767 842 924 881 ἐπίγνωσιν·
939 842 986 870 τὸν

156 888 211 925 γὰρ
226 887 341 925 Χριστὸν
356 886 502 925 ἀρνοῦνται
524 888 571 916 τὸν
600 888 661 915 Υἱὸν
690 890 739 916 τοῦ
766 889 845 922 Θεοῦ,
860 887 906 915 καὶ
935 885 987 914 εἰσί

157 932 309 979 παρόμοιοι
324 934 384 979 τρῖς
397 930 501 979 ἓέθνεσι,
526 932 582 979 κᾶν.
605 931 721 970 έγγίζειν
734 942 794 979 πως
821 934 856 969 τῇ
872 931 989 979 ἀληθείᾳ
1003 946 1028 979 Β

158 975 277 1005 δοκῶσιν
295 999 303 1012 ,
331 977 367 1011 ἦς
396 976 507 1007 ἑαυτοὺς
533 976 706 1014 έμάκρυναν.
732 978 824 1006 Ταῦτα
846 977 908 1015 περὶ
932 978 987 1004 τῶν

163 1020 303 1050 Ἰουδαίων
308 1042 315 1050 .

197 1067 231 1095 Οἱ
246 1065 275 1094 δδ
302 1066 458 1103 Χριστιανοῖ
488 1066 716 1105 γενεαλογοῦνται
737 1067 791 1094 ἀπὸ
814 1069 863 1095 τοῦ
890 1067 991 1104 Κυρίου

166 1114 249 1147 Ιησοῦ
273 1113 403 1150 Χριστοῦ.
433 1111 522 1143 Οὗτος
540 1111 570 1140 δὲ
585 1113 599 1140 ὁ
615 1113 678 1144 Υἱὸς
692 1114 742 1140 τοῦ
772 1114 840 1140 Θεοῦ
863 1114 912 1140 τοῦ
928 1112 991 1149 ὑψί-

160 1168 226 1185 στου
254 1156 454 1194 ὁμολογεῖται,
483 1157 510 1184 έν
535 1156 672 1193 Πνιύματι
703 1157 772 1195 ἁγίῳ
801 1157 846 1185 ἀπ’
875 1156 991 1194 οὐρανοῦ

159 1199 280 1233 καταϐὰς
306 1203 383 1231 25³
412 1200 458 1229 διὰ
483 1202 534 1236 τήν
576 1201 714 1240 σωτηρίαν
743 1204 799 1230 τῶν
841 1201 991 1239 ἀνθρώπων

160 1246 217 1282 καὶ,
245 1245 275 1274 in
302 1246 441 1284 Ηαρθένου
468 1246 547 1284 ἁγίας
576 1246 717 1284 γεννηθεὶς
743 1246 872 1284 ἆσπόρως
895 1256 926 1273 τε
946 1245 992 1273 καὶ

161 1291 298 1331 ἀφθόρως,
326 1290 411 1328 σάρκα
439 1288 569 1325 ἆνελαϐε,
600 1290 646 1318 καὶ
675 1291 792 1330 ἀνεφάνη
823 1291 992 1328 ἀνθρώποις,

163 1337 237 1368 ὅπως
255 1334 285 1364 ἔκ
303 1337 354 1370 τῆς
369 1335 509 1368 πολυθὲου
525 1335 631 1371 πλάνης
657 1335 755 1367 αὐτοὺς
779 1334 990 1371 ἀνακαλέσηται.

165 1381 227 1416 Καὶ,
244 1380 356 1412 τελέσας
383 1380 434 1415 τὴν
463 1380 621 1417 θαυμαστὴν
651 1379 734 1408 αὐτοῦ
758 1379 930 1416 οἰκονομίαν,
947 1378 992 1407 διὰ

168 1428 280 1463 σταυροῦ
299 1426 415 1458 θανάτου
442 1425 569 1464 ὲγιῦσατο
599 1425 711 1461 ἑκουσίᾳ
730 1425 818 1463 βουλῇ
842 1426 901 1452 κατ’
917 1425 991 1452 οἰκο-

165 1470 259 1508 νομίαν
288 1470 424 1509 μεγάλην·
455 1470 523 1508 μετὰ
550 1469 579 1497 δὶ
598 1473 673 1508 τρεῖς
697 1471 803 1508 ἡμέρας
830 1467 931 1498 ἀνεϐίω
946 1469 991 1497 καί

164 1516 203 1548 εἰς
228 1515 359 1554 οὖρανοὺς
382 1515 511 1551 ἀνῆλθεν.
542 1514 580 1545 Οὗ
595 1516 626 1543 τὸ
654 1515 735 1547 κλέος
764 1519 815 1551 τῆς
843 1516 993 1553 παρουσίας

163 1560 193 1589 ἔκ
206 1564 258 1596 τῆς
286 1561 350 1598 παρ’
378 1561 474 1593 αὐτοῖς
501 1560 675 1597 καΛουμένης
705 1559 885 1599 εὖαγγελικῆς
913 1560 992 1598 ἁγίας

163 1609 273 1644 Γραφῆς
298 1604 383 1641 ἔξεστί
409 1616 451 1633 σοι
480 1607 603 1643 γνῶναι,
637 1604 760 1642 βασιλεῦ,
789 1604 834 1633 ἰὰν
863 1605 990 1643 ἰντυχῃς.

162 1651 249 1682 Οὗτος
263 1649 369 1678 δώδεκα
384 1647 452 1688 ἔσχε
479 1649 614 1687 μαθητὰς,
643 1649 681 1685 οἳ,
698 1650 766 1687 μετᾶ
789 1651 839 1686 τήν
866 1649 893 1678 ἐν
910 1650 992 1689 οὖρα-

162 1698 222 1727 νοῖς
246 1693 343 1723 ἄνοδον
373 1694 469 1729 αὐτοῦ,
496 1693 611 1730 ίξῆλθον
636 1694 674 1726 εἷς
703 1694 753 1726 τὰς
782 1694 917 1733 ἐπαρχίας
943 1698 994 1731 τῆς

164 1739 341 1776 οίκουμένης,
356 1739 401 1767 καί
416 1738 540 1774 ἐδίδαξαν
569 1739 618 1773 τὴν
650 1738 753 1767 ἆκιίνου
784 1739 994 1777 μεγαΛωσύνην·

163 1785 285 1823 καθάπερ
300 1785 339 1815 εἷς
363 1783 389 1819 ἐξ
415 1783 503 1811 αὐτῶν
532 1783 581 1815 τὰς
607 1783 667 1810 καθ’
682 1784 756 1820 ἡμᾶς
785 1783 920 1821 περιῆλθε
934 1784 995 1821 χώ-

166 1840 238 1869 ρας,
261 1829 293 1857 τὸ
317 1827 406 1866 δόγμα
433 1827 576 1865 κηρύττων
604 1828 653 1863 τῆς
684 1826 827 1863 ἀληθείας.
854 1829 934 1860 Ὅθεν
969 1828 995 1856 οἱ

166 1875 249 1903 εἰσέτι
279 1873 467 1904 διακονοῦντες
495 1874 530 1910 τῇ
560 1871 718 1910 δικαιοσύνῃ
744 1874 793 1899 τοῦ
819 1872 995 1911 κηρύγματος

166 1919 269 1953 αὐτῶν,
298 1918 445 1947 καλοῦνται
475 1916 657 1956 Χριστιανοί.
686 1917 739 1945 Καὶ
768 1915 844 1944 οὗτοί
873 1916 939 1944 εἰσιν
970 1917 996 1944 οἱ

167 1965 237 2003 ὑπὶρ
249 1965 339 1993 πάντα
351 1964 385 1992 τὰ
399 1962 461 1999 ἔθνη
484 1966 535 1999 τῆς
549 1965 601 2001 γῆς
631 1962 753 2000 εὑρόντες
775 1962 825 1997 τὴν
854 1962 998 1997 ἀλήθειαν·

166 2009 332 2048 γινώσκουσι
352 2008 405 2047 γὰρ
433 2009 479 2037 τὸν
509 2008 586 2043 Θεὸν,
614 2007 725 2042 κτίστην
755 2006 801 2034 καὶ
829 2005 997 2044 δημιουργὸν

165 2057 221 2083 τῶν
244 2056 368 2083 ἁπάντων
398 2054 425 2081 έν
455 2054 510 2089 1⁸ἱῷ
527 2054 665 2090 μονογινεῖ
679 2051 724 2079 καὶ
751 2051 889 2088 [Ινεύματι
918 2051 996 2089 ἁγίῳ,

165 2099 213 2127 καὶ
228 2098 314 2127 ἄλλον
330 2098 390 2130 θεὸν
406 2097 479 2132 πλὴν
502 2098 601 2125 τούτου
616 2097 649 2124 οὐ
665 2094 801 2124 σέϐονται.
818 2097 933 2134 Ἑχουσι
947 2097 996 2128 τὰς

167 2142 280 2174 ἐντολὰς
307 2142 450 2170 αὐτοῦτοῦ
479 2141 583 2179 Κυρίου
612 2141 705 2176 Ἰησοῦ
732 2142 850 2179 Χριστοῦ
880 2141 906 2168 ἰν
936 2143 997 2173 ταῖς

166 2184 291 2223 καρδίαις
331 2187 538 2224 κεχαραγμένας
557 2207 564 2221 ,
600 2185 644 2212 καὶ
680 2187 778 2216 ταῦτας
808 2185 997 2224 φυλάττουσι,

166 2229 373 2268 προσδοκῶντες
394 2230 537 2258 ἀνάστασιν
565 2232 668 2268 νεκρῶν
682 2229 729 2257 καὶ
755 2230 828 2265 ζωὴν
848 2233 897 2258 τοῦ
927 2230 998 2267 μέλ-

162 2275 265 2306 -λοντος
280 2275 390 2306 αίῶνος.
422 2274 458 2302 Οὐ
475 2274 667 2312 μοιχεύουσιν,
696 2274 727 2302 οὐ
755 2273 950 2313 πορνιῖἱουφιν,
967 2274 998 2303 οὖ

165 2318 435 2357 ψευδομαρτυροῦσιν
454 2342 461 2353 ,

164 2367 268 2401 τιμῶσι
297 2364 400 2402 πατέρα
428 2363 473 2391 καὶ
505 2362 621 2400 μητέρα,
651 2364 696 2391 καὶ
725 2363 791 2396 τοὺς
818 2363 939 2399 πλησίον
954 2375 998 2404 φι-

1041 304 1153 339 eduxit,
1169 313 1204 332 ac
1215 312 1269 340 per
1285 305 1379 333 multa
1401 306 1537 343 prodigia
1552 309 1581 334 et
1595 307 1681 343 signa
1697 316 1780 335 suam
1797 309 1871 344 ipsis

1039 349 1206 386 potentiam
1221 349 1391 378 declaravit.
1403 351 1511 378 Verum
1527 351 1583 387 ipsi
1598 360 1719 387 quoque
1735 354 1869 389 perﬁdos

1040 397 1128 430 atque
1138 394 1269 430 ingratos
1280 403 1346 422 sese
1357 395 1535 431 praebentes,
1548 397 1684 432 gentium
1694 397 1766 425 deos
1778 406 1874 434 smpe-

1041 447 1166 467 numero
1181 439 1355 472 adorarunt,
1372 440 1593 476 prophetasque
1614 441 1649 469 ad
1666 450 1697 469 se
1713 442 1822 470 missos
1837 452 1872 471 ac

1036 484 1135 520 justos
1142 485 1219 511 viros
1227 487 1320 512 morte
1328 485 1500 512 affecerunt.
1506 487 1546 513 Ac
1552 486 1870 523 deinde,posteaquam

1040 529 1083 556 ita
1107 529 1157 556 Dei
1183 529 1319 556 voluntas
1331 529 1409 562 tulit,
1425 532 1457 557 ut
1467 530 1558 557 Filius
1570 531 1681 558 suusin
1696 534 1805 559 terram
1820 541 1870 560 ve-

1041 573 1200 608 niret,eum
1217 574 1399 601 contumelia
1413 575 1563 609 affectum,
1581 576 1685 603 Pontio
1701 576 1795 604 Pilato
1812 578 1871 604 Ro—

1040 627 1198 646 manorum
1207 619 1274 646 duci
1281 619 1636 655 tradiderunt,crucisque
1643 621 1790 656 supplicio
1801 630 1871 649 con-

1041 664 1232 697 demnarunt,
1249 664 1333 692 nulla
1347 664 1486 692 videlicet
1499 665 1592 700 ipsius
1608 665 1871 694 beneﬁciorumat—

1041 709 1371 745 queinnumerabilium
1383 709 1605 743 miraculorum,
1622 718 1688 745 qum
1697 710 1775 737 inter
1785 711 1868 746 ipsos

1042 754 1326 789 designaret,habita
1333 754 1450 781 ratione
1460 762 1575 789 suoque
1585 754 1698 782 scelere
1704 755 1871 790 perierunt.

1042 800 1114 826 Nam
1130 807 1210 827 nunc
1225 807 1343 835 quoque
1369 799 1466 827 solum
1489 799 1610 835 quidem
1634 800 1872 835 omnipotentem

1042 844 1136 871 Deum
1148 844 1261 878 colunt,
1273 844 1324 871 sed
1336 852 1397 872 non
1413 844 1577 872 secundum
1592 844 1760 879 scientiam,
1777 845 1874 880 siqui—

1044 888 1111 916 dem
1121 889 1270 917 Christum
1286 889 1393 917 Filium
1413 890 1464 917 Dei
1479 890 1687 926 negantﬂtom.
1699 890 1738 925 x),
1750 890 1873 926 gentili-

1042 935 1157 971 busque
1168 935 1282 963 similes
1294 936 1493 969 sunt,etiamsi
1504 935 1732 971 adveritatem,a
1738 945 1872 972 quapro—

1043 980 1091 1008 cul
1107 988 1138 1007 se
1153 983 1354 1014 removerunt,
1370 980 1492 1016 propius
1507 980 1661 1016 aliquanto
1677 981 1818 1009 accedere
1831 981 1871 1008 vi-

1044 1023 1180 1052 deantur.
1197 1026 1238 1052 Ac
1254 1025 1289 1052 de
1305 1025 1415 1052 Judaeis
1431 1025 1585 1053 hactenus.

1079 1070 1116 1096 At
1126 1069 1313 1097 Christiania
1335 1070 1459 1096 Domino
1482 1073 1585 1097 nostro
1602 1071 1671 1098 Jesu
1685 1071 1801 1098 Christo
1818 1071 1873 1098 do-

1044 1113 1147 1140 ctrinae
1158 1122 1220 1141 suae
1232 1114 1378 1149 originem
1390 1114 1558 1142 dicuntllic
1566 1117 1664 1142 autem
1673 1116 1723 1142 Dei
1734 1115 1874 1143 altissimi

1044 1157 1136 1185 Filius
1143 1158 1287 1193 inSpiritu
1293 1160 1396 1185 sancto
1403 1158 1601 1190 creditur.Qui
1608 1159 1728 1194 quidem
1735 1159 1873 1186 humanm

1045 1202 1150 1230 salutis
1164 1210 1255 1230 causa
1278 1202 1315 1230 de
1337 1202 1410 1230 caalo
1435 1203 1599 1236 descendit,
1615 1205 1704 1239 atque
1720 1211 1755 1230 ex
1771 1207 1874 1233 sancta

1046 1247 1164 1283 Virgine
1175 1247 1292 1283 genitus
1305 1249 1361 1281 est,
1374 1255 1409 1275 ac
1424 1247 1488 1275 sine
1503 1248 1618 1275 semine
1633 1251 1663 1275 et
1684 1249 1874 1284 corruptione

1045 1300 1165 1320 carnem
1177 1292 1318 1327 suscepit,
1335 1292 1567 1328 hominibusque
1578 1293 1724 1328 apparuit,
1739 1296 1773 1321 ut
1786 1301 1841 1321 nos
1856 1302 1874 1322 α

1044 1337 1120 1364 falso
1135 1336 1299 1364 multorum
1314 1336 1439 1364 deorum
1451 1337 1533 1365 cultu
1544 1339 1805 1373 revocaret.Atque
1820 1338 1873 1366 ad-

1045 1381 1401 1409 mirandaincarnationis
1414 1390 1475 1409 sum
1491 1381 1714 1417 dispensatione
1729 1383 1873 1418 perfunc-

1045 1428 1092 1453 tus
1100 1428 1225 1453 mortem
1233 1428 1348 1461 sponte,
1365 1425 1576 1461 atqueingenti
1592 1426 1721 1461 quodam
1734 1427 1872 1461 consilio,

1045 1479 1098 1507 per
1104 1479 1223 1498 crucem
1230 1470 1515 1506 degustavit.Triduo
1521 1473 1622 1498 autem
1628 1474 1695 1506 post
1700 1472 1872 1507 resurrexit,

1046 1518 1134 1551 atque
1144 1515 1174 1542 in
1184 1515 1273 1543 caelos
1283 1515 1522 1551 ascendit.Cujus
1530 1516 1696 1551 praasentiaa
1703 1516 1828 1552 gloriam
1838 1525 1874 1545 ex

1047 1560 1208 1596 Scriptura,
1219 1568 1284 1596 qua;
1298 1560 1376 1595 apud
1387 1568 1437 1587 eos
1448 1560 1624 1596 Evangelica
1632 1563 1762 1594 vocatur,
1775 1561 1799 1588 si
1806 1569 1873 1589 eam

1047 1606 1146 1642 legere
1154 1605 1185 1632 in
1196 1605 1330 1633 animum
1340 1605 1676 1640 induxeris,perspicere
1687 1605 1765 1640 licet,
1780 1614 1796 1633 ο
1811 1614 1874 1634 rex.

1049 1651 1101 1678 Hic
1111 1650 1268 1677 duodecim
1280 1649 1443 1685 discipulos
1459 1649 1572 1684 habuit,
1587 1650 1638 1685 qui
1653 1652 1721 1685 post
1736 1650 1829 1686 ipsius
1845 1651 1876 1679 in

1050 1696 1157 1723 caelum
1165 1703 1322 1722 ascensum
1332 1695 1363 1722 in
1370 1695 1449 1722 orbis
1457 1697 1542 1722 terra:
1549 1695 1716 1730 provincias
1728 1695 1876 1731 exierunt,

1052 1741 1206 1776 ipsiusque
1220 1743 1376 1775 angustam
1388 1739 1617 1775 amplitudinem
1628 1739 1877 1775 promulgarunt:

1050 1785 1302 1820 quemadmodum
1310 1785 1399 1811 etiam
1406 1792 1484 1811 unus
1494 1784 1609 1819 exipsis
1616 1783 1752 1820 regiones
1760 1787 1877 1812 nostras

1051 1828 1224 1863 peragravit,
1237 1831 1269 1854 ut
1280 1827 1414 1854 veritatis
1426 1828 1563 1863 dogmata
1573 1827 1749 1863 prmdicaret
1763 1828 1877 1863 (Supra,

1050 1881 1074 1899 c.
1088 1872 1133 1907 1);
1150 1872 1230 1899 unde
1246 1872 1410 1898 etiamnum
1425 1872 1444 1898 ii
1461 1872 1512 1907 qui
1536 1872 1759 1907 prmdicationis
1774 1881 1878 1901 eorum

1046 1915 1171 1951 justitiaa
1183 1915 1389 1942 administram
1401 1923 1521 1950 operam
1532 1916 1879 1952 navant,Ghristianiap-

1051 1959 1211 1995 pellantur.
1227 1961 1322 1994 Atque
1332 1960 1360 1986 hi
1372 1963 1441 1987 sunt
1451 1960 1502 1994 qui
1511 1960 1666 1988 veritatem
1676 1969 1766 1996 supra
1774 1969 1879 1989 omnes

1052 2008 1137 2032 terrae
1154 2004 1290 2031 nationes
1308 2004 1494 2031 invenerunt.
1508 2004 1661 2039 Siquidem
1674 2005 1767 2032 Deum
1778 2013 1879 2033 rerum

1052 2049 1185 2078 omnium
1197 2048 1384 2076 conditorem
1395 2051 1484 2084 atque
1491 2048 1687 2077 architectum
1696 2049 1727 2077 in
1734 2050 1807 2077 Filio
1814 2050 1880 2078 uni-

1052 2093 1151 2130 genito
1161 2096 1191 2121 et
1199 2093 1310 2129 Spiritu
1319 2096 1421 2121 sancto
1432 2096 1608 2129 agnoscunt,
1620 2102 1676 2122 nec
1687 2096 1795 2130 praater
1809 2102 1879 2122 eum

1052 2139 1148 2167 ullum
1164 2138 1257 2166 alium
1272 2139 1365 2166 Deum
1381 2140 1568 2166 venerantur.
1580 2139 1695 2166 Habent
1705 2142 1805 2167 autem
1820 2140 1880 2167 Do-

1053 2184 1127 2213 mini
1141 2185 1210 2212 Jesu
1226 2184 1334 2211 Christi
1349 2184 1491 2212 mandata
1513 2184 1651 2212 cordibus
1681 2185 1742 2212 suis
1760 2185 1880 2213 inscul-

1053 2232 1113 2265 pta,
1130 2237 1224 2265 eaque
1237 2229 1420 2264 custodiunt,
1431 2231 1617 2256 mortuorum
1631 2230 1881 2258 resurrectionem

1053 2282 1088 2301 ac
1101 2273 1194 2300 futuri
1210 2272 1312 2301 saeculi
1326 2273 1415 2301 vitam
1428 2274 1719 2309 exspectantes.Nam
1730 2274 1882 2309 adulterii,

504 2320 557 2347 οὐκ
584 2318 746 2356 ἐπιθυμοῦσι
775 2319 809 2347 τὰ
842 2319 992 2357 ιῑιλλότρίσι1

1053 2326 1114 2346 non
1130 2317 1338 2345 fornicationis
1353 2318 1479 2345 crimine
1491 2326 1556 2345 sese
1571 2318 1881 2354 devinciunt,nonfal-

1054 2371 1121 2391 sum
1132 2362 1338 2391 testimonium
1348 2362 1461 2397 dicunt,
1471 2363 1571 2390 aliena
1580 2371 1641 2391 non
1652 2364 1879 2399 concupiscunt,

166 2411 258 2446 Λοῦσι,
274 2407 366 2436 δίκαια
386 2407 537 2446 κρίνουσιν,
562 2407 612 2436 ὅσα
637 2407 668 2435 οὐ
692 2407 818 2440 θέλουσιν
848 2408 942 2440 αὐτοῖς
956 2408 992 2447 γί-

1053 2408 1130 2444 patri
1146 2410 1175 2435 et
1186 2408 1274 2435 matri
1282 2407 1427 2435 bonorem
1443 2407 1588 2441 tribuunt,
1603 2408 1755 2444 proximos
1765 2410 1879 2442 amant,

161 2454 256 2485 νεσθαι
286 2453 369 2491 ἑτέρῳ
400 2452 430 2480 οὗ
456 2453 593 2488 ποιοῢσΰ,
616 2452 682 2484 τοὺς
711 2451 870 2484 αδικοῦντας
899 2453 998 2485 αὐτοὺς

163 2497 354 2535 παρακαλοῦσι
370 2496 415 2525 καὶ
430 2495 594 2536 προσφιλεῖς
617 2495 714 2528 αὐτοὺς
739 2497 846 2528 ἑαυτοῖς
876 2500 999 2533 ποιοῦσι,

163 2542 230 2573 τοὺς
258 2541 374 2580 ἐχθροὺς
400 2542 551 2579 εὐεργετεῖν
584 2540 792 2576 σπουδάζουσι,
821 2544 916 2579 πραεῖς
946 2542 998 2570 εἶσι

163 2588 210 2615 καὶ
226 2587 364 2621 ἐπιεικεῖς,
385 2587 438 2614 ἀπὸ
463 2586 555 2622 πάσης
585 2585 727 2618 συνουσίας
742 2585 847 2623 ἀνόμου
875 2586 921 2614 καὶ
945 2587 998 2615 ἀπὸ

164 2642 256 2667 πασης
282 2632 361 2661 254
389 2630 553 2668 ἀκαθαρσίας
581 2629 800 2669 ἐγκρατεύονται,
826 2630 916 2668 χήραν
945 2630 999 2669 οὐχ

163 2678 347 2716 ὐπιρορῶσιν,
372 2676 489 2716 ὀρφανόν
520 2676 551 2705 οὒ
581 2676 725 2705 λυποῦσιν⁵
752 2676 766 2703 ό
787 2675 860 2714 ἔχων
887 2678 927 2713 τῷ
958 2678 997 2714 μή

164 2721 259 2761 ἔχοντι
284 2722 409 2760 ἀφθόνως
437 2721 613 2760 έπιχορηγεῖ·
643 2721 717 2757 ξένον
745 2721 791 2749 ἐὰν
823 2720 930 2757 ἴδωσιν,
946 2722 998 2749 ὑπὸ

213 2842 258 2875 80)
270 2841 348 2870 Psal.
365 2848 465 2875 οων,
478 2842 521 2868 l2.

213 2843 247 2870 80
270 2842 348 2870 Psal.
365 2848 465 2875 οων,
478 2842 521 2868 l2.

200 2842 258 2915 $81;
273 2878 315 2906 Cf.
331 2886 360 2914 p.
377 2877 423 2912 55,
434 2886 465 2905 n.
482 2877 529 2907 16.
545 2911 547 2913 _

1050 2453 1166 2489 justum
1173 2452 1322 2488 judicium
1332 2452 1434 2480 ferunt
1445 2461 1453 2486 ;
1465 2461 1531 2488 qum
1544 2452 1598 2480 sibi
1605 2453 1678 2488 ipsis
1685 2452 1750 2480 ﬁeri
1761 2452 1879 2487 nolunt,

1053 2498 1121 2527 aliis
1131 2506 1193 2526 non
1204 2497 1318 2525 faciunt
1329 2506 1336 2530 ;
1348 2505 1422 2525 eosa
1433 2497 1541 2532 quibus
1551 2497 1701 2525 laeduntur
1711 2496 1879 2531 obsecrant,

1053 2552 1087 2573 ac
1099 2543 1155 2572 sibi
1166 2550 1269 2571 eorum
1275 2542 1438 2570 amicitiam
1445 2541 1883 2569 conciliant.lnimicosbeneﬁ-

1053 2589 1108 2616 ciis
1123 2587 1243 2616 afﬁcere
1259 2586 1390 2619 student,
1406 2586 1490 2614 lenes
1507 2588 1535 2613 et
1549 2586 1653 2613 faciles
1678 2594 1709 2613 se
1733 2586 1880 2621 prmbent,

1053 2633 1089 2661 ab
1101 2632 1183 2661 omni
1194 2631 1298 2667 iniquo
1310 2631 1470 2659 concubitu
1476 2634 1565 2666 atque
1572 2630 1608 2658 ab
1619 2630 1880 2666 omniimpuritate

1052 2675 1335 2710 abstinent,viduam
1350 2684 1411 2703 non
1424 2675 1764 2711 contemnunti,pupillo
1773 2684 1881 2703 moero-

1053 2731 1117 2751 rem
1129 2730 1189 2749 non
1205 2720 1349 2756 inferunt,
1366 2720 1416 2756 qui
1432 2720 1523 2748 habet
1537 2728 1598 2748 non
1623 2720 1744 2748 habenti
1767 2721 1882 2757 prolixe
