4112 6400
335 397 478 465 1125

1517 407 1691 464 νιΤΑ
1725 400 2081 460 ΒΔΒῙιΔΔὶί
2107 401 2212 456 ἘΤ
2245 398 2591 457 JOABAPH.

3649 404 3756 464 126

331 532 490 591 256
511 524 705 604 ταύτῃ,
736 527 812 596 ὣς
842 519 984 601 δμοῦ
1013 523 1437 606 διασκεψώμεθα
1465 530 1588 607 περῖ
1636 528 1711 585 ὧν
1744 529 1857 606 χρὴ
1887 527 1990 598 τὴν

2108 530 2168 584 ut
2185 527 2259 584 de
2281 526 2375 584 his
2396 526 2575 583 rebus
2594 525 2666 583 de
2681 525 2897 599 quibus
2915 525 3176 584 crastina
3191 526 3285 586 die
3301 543 3436 587 cum
3449 529 3522 588 iis
3537 531 3761 604 quinos

327 619 516 697 αὔριον
550 618 792 690 λαλῆσαι
821 625 940 684 τοῖς
988 623 1328 696 πολεμοῦσιν
1387 623 1560 695 ἡμᾶς,
1590 619 1718 683 τοὺς
1775 617 1904 682 σοὺς
1933 618 1991 675 δὲ

325 711 494 768 πάλιν
557 711 620 766 σὺ
679 712 796 783 μεθ’
827 710 1021 766 ἑαυτοῦ
1045 707 1228 769 λαϐὼν
1287 711 1353 768 τά
1410 712 1594 768 εἰκότα
1655 712 1991 786 μεΛετήσατε

323 801 508 862 καθὼς
543 799 826 878 βούλεσθε·
859 801 919 873 ἢ,
953 801 1081 865 τοὺς
1115 802 1243 866 σοὺς
1295 801 1420 876 ἐμοὶ
1477 803 1892 879 παραχωρήσας
1919 803 1990 875 τῇ

327 893 483 949 νυκτὶ
541 888 732 959 ταύτη,
767 885 904 946 λάϐε
941 893 1034 947 τὸν
1086 892 1216 966 ἰμὸν
1275 894 1411 967 πρὸς
1440 892 1649 948 ὶαυτόν.
1689 891 1754 948 El
1798 890 1856 946 δὲ
1885 893 1989 965 ἆμ-

328 983 554 1062 φότεροι
586 979 686 1036 ὦσι
720 982 865 1057 παρὰ
894 980 1004 1049 σοὶ,
1037 982 1065 1037 ὁ
1100 983 1194 1055 μὲν
1231 981 1363 1057 ἐμὸς
1393 981 1445 1037 ἐν
1479 981 1663 1058 θλίψει
1689 982 1779 1038 καὶ
1813 977 1989 1060 φόϐῳ,

332 1075 390 1130 οἱ
421 1070 480 1128 δὶ
510 1070 596 1126 σοὶ
627 1071 679 1126 ἐν
739 1077 888 1146 χαρᾷ
940 1073 1032 1127 καὶ
1091 1071 1287 1146 ἀνέσει,
1347 1070 1410 1129 οὔ
1450 1095 1542 1148 μοι
1575 1070 1726 1128 δοκεῖ
1782 1070 1992 1128 δικαίαν

334 1163 470 1218 εἶναι
497 1161 695 1238 κρίσιν,
743 1157 890 1216 ἀλλὰ
948 1158 1262 1219 δυναστείαν
1307 1168 1410 1232 τῆς
1453 1161 1698 1236 ἐξουσίας
1745 1161 1837 1217 καὶ
1885 1182 1993 1216 πα-

327 1248 562 1328 ράϐασιν
591 1256 698 1306 τῶν
760 1252 1060 1322 συνθηκῶν.
1114 1254 1398 1324 ἸΙττηθεὶς
1458 1252 1515 1308 δὲ
1562 1255 1591 1308 ὁ
1627 1252 1886 1329 βασιλεὺς
1914 1255 1992 1324 τῷ

325 1341 527 1415 άστείῳ
582 1346 682 1396 τοῦ
741 1341 1012 1417 ῥήματος,
1044 1342 1172 1406 τοὺς
1230 1343 1430 1420 σοφοὺς
1480 1343 1646 1399 αὐτοῦ
1677 1343 1765 1398 καὶ
1827 1343 1990 1416 ἱερεῖς

334 1435 471 1510 πρὸς
499 1433 688 1490 ἑαυτὸν
744 1430 1076 1508 λαϐόμενος,
1135 1437 1226 1491 τὸν
1278 1435 1487 1510 Ναχὼρ
1547 1438 1886 1512 παραχωμιῖ
1913 1438 1992 1506 τῷ

333 1525 460 1597 υἱῷ,
484 1521 714 1586 ἐλπίδας
759 1521 836 1579 ἔτι
867 1523 1202 1599 κεκτημένος
1233 1525 1315 1582 ἐπ’
1367 1527 1528 1581 αὐτὸν
1578 1526 1668 1581 καὶ
1701 1523 1988 1604 φυλάττειν

329 1615 400 1670 τὰ
430 1612 844 1690 ὡμολογημένα
882 1611 1082 1676 δοκῶν.

403 1705 732 1780 ’Δπέρχεται
784 1705 963 1760 τοίνυν
993 1705 1021 1760 ὁ
1049 1710 1147 1761 τοῦ
1198 1701 1469 1770 ϐασιλέως
1502 1707 1618 1770 υἱὸς
1651 1705 1726 1770 είς
1754 1707 1818 1762 τὸ
1867 1704 1994 1760 ἒαυ-

326 1798 432 1850 τοῦ
477 1791 775 1864 παλάτίον,
828 1792 1009 1872 ὥσπερ
1067 1817 1151 1860 τις
1206 1794 1643 1870 Ὀλυμπιονίκης
1703 1801 1810 1851 τῶν
1844 1796 1994 1851 ἀντι-

2097 617 2259 672 bello
2273 616 2756 673 lacessentverba
2768 616 3040 673 faciendo
3061 623 3200 673 sunt
3215 635 3336 675 una
3350 620 3757 693 dispiciamus,

2099 722 2166 762 ac
2186 711 2247 761 tu
2272 707 2412 762 item
2438 713 2568 762 tuos
2585 724 2920 776 assumens,
2946 707 3239 764 arbitratu
3265 715 3362 766 tuo
3383 729 3518 768 cum
3543 713 3662 768 illis
3695 732 3764 770 ea

2101 814 2233 868 quae
2257 797 2318 852 in
2341 815 2467 853 rem
2501 797 2700 852 futura
2722 797 3079 852 videbuntur
3117 799 3425 856 mediteris
3451 820 3465 870 ;
3496 807 3597 857 aut
3627 809 3760 860 tuos

2099 887 2247 941 mihi
2282 887 2393 941 hac
2432 891 2605 941 nocte
2649 886 3004 953 concedens,
3037 903 3238 942 meum
3260 890 3483 962 accipe.
3517 893 3682 958 Quod
3711 893 3760 948 si

2101 977 2336 1047 utrique
2355 976 2512 1048 apud
2533 982 2586 1030 te
2610 976 2748 1046 sint,
2775 994 2944 1032 meus
2959 977 3242 1033 nimirum
3260 979 3320 1033 in
3344 980 3668 1037 afﬂictione
3703 988 3762 1040 et

2100 1073 2284 1136 metu,
2319 1067 2403 1122 tui
2436 1073 2636 1123 autem
2681 1068 2742 1122 in
2786 1067 2991 1123 laatitia
3041 1073 3099 1123 et
3148 1070 3332 1125 animi
3379 1072 3755 1142 remissione,

2102 1174 2338 1228 aequum
2370 1160 2518 1214 mihi
2541 1158 2839 1230 judicium
2870 1158 3030 1215 istud
3058 1175 3184 1216 esse
3218 1178 3339 1216 non
3370 1163 3619 1230 videtur,
3654 1164 3758 1219 sed

2101 1249 2471 1320 principatus
2492 1249 2822 1316 licentia,et
2843 1253 3156 1321 pactorum
3177 1250 3541 1308 violato.Rex
3556 1254 3755 1325 itaque

2102 1339 2282 1410 hujus
2309 1339 2594 1394 orationis
2616 1339 2817 1411 lepore
2831 1339 3373 1412 victus,assumptis
3388 1343 3754 1413 sapientibus

2103 1429 2587 1485 etsacerdotibus
2615 1431 2757 1495 suis,
2793 1429 3122 1484 Nachorem
3149 1430 3271 1486 ﬁlio
3299 1433 3612 1500 concessit,
3646 1433 3758 1489 hac

2103 1520 2390 1576 nimirum
2423 1537 2525 1591 spe
2558 1521 2766 1592 fretus,
2799 1519 2925 1576 fore
2952 1524 3019 1576 ut
3042 1536 3111 1575 ea
3142 1537 3273 1594 quas
3304 1521 3607 1594 pollicitus
3636 1523 3758 1579 fue-

2102 1616 2195 1666 rat
2223 1615 2553 1683 praestaret.

2174 1702 2348 1773 Regis
2371 1702 2569 1773 itaque
2594 1702 2754 1757 ﬁlius
2768 1701 2828 1757 in
2844 1701 3134 1774 palatium
3151 1718 3324 1758 suum
3336 1701 3757 1775 proﬁciscitur,

2102 1808 2223 1847 non
2245 1807 2416 1847 secus
2433 1796 2612 1863 atque
2631 1792 2976 1864 Olympicus
2988 1792 3232 1864 quidam
3253 1793 3760 1866 victor,superatis

330 1883 525 1940 πάλων
556 1885 852 1961 κρατήσας,
882 1881 1030 1962 ’έχων
1082 1887 1198 1960 μεθ’
1228 1888 1418 1942 ἑαυτοῦ
1466 1887 1560 1942 τὸν
1612 1888 1844 1963 Ναχὼρ.
1892 1884 1990 1940 Καὶ

2108 1883 2478 1949 adversariis,
2505 1900 2707 1939 secum
2738 1884 3067 1940 Nachorem
3100 1884 3347 1940 habens.
3383 1885 3567 1950 Quem
3598 1902 3758 1956 cum,

327 1973 470 2030 κανᾶ
502 1972 668 2046 μόνας
708 1973 942 2037 καλέσάς
993 1974 1151 2030 αὐτὸν
1207 1971 1334 2053 ἔφη’
1368 1977 1461 2046 Μὴ
1521 1976 1754 2052 νομίσῃς
1785 1977 1987 2040 λανθά-

327 2084 442 2120 νειν
475 2062 572 2136 ἒμὶ
597 2062 664 2119 τὰ
708 2065 844 2119 κατὰ
901 2064 980 2120 σὲο
1037 2062 1162 2120 οῖδα
1215 2064 1318 2140 γάρ
1370 2087 1428 2122 σε
1479 2062 1723 2141 ἀκριϐῶς
1758 2067 1834 2140 μὴ
1892 2066 1984 2121 τὸν

333 2152 612 2207 θειότατον
671 2152 801 2208 εἶναι
859 2153 1151 2229 Βαρλαάμ,
1196 2153 1343 2210 ἀλλὰ
1394 2155 1601 2231 Ναχὼρ
1656 2155 1747 2209 τὸν
1790 2154 1988 2230 ἀστρο-

329 2239 526 2318 λόγον.
560 2240 663 2300 Καὶ
697 2243 954 2317 θαυμάζω
985 2247 1101 2306 πῶς
1153 2240 1331 2318 ἔδοξεν
1387 2246 1514 2318 ὑμῖν
1546 2242 1810 2315 τοιαύτην
1847 2246 1989 2300 ὑπο-

330 2332 588 2408 κριθῆναι
621 2331 904 2408 ὑπόκρισιν
958 2333 1050 2388 καὶ
1078 2334 1313 2410 τοσαύτῃ
1371 2330 1712 2409 ἀμϐλυωπίᾳ
1764 2331 1990 2407 νομίσαι

335 2416 654 2497 περιϐαλεῖν
719 2443 784 2495 με
835 2424 1008 2497 μέσης
1059 2423 1276 2500 ἡμέρας
1307 2468 1326 2493 ,
1380 2423 1468 2480 ἵνα
1523 2423 1691 2480 λύκον
1750 2420 1988 2498 δέξωμαι

330 2510 447 2568 ἀντὶ
506 2507 791 2588 προϐάτου
841 2514 1014 2571 Ἀλλά
1069 2513 1256 2578 καλῶς
1305 2517 1333 2571 ὁ
1383 2513 1552 2590 λόγος
1601 2513 1784 2586 ᾅδεται
1816 2557 1831 2586 ,
1905 2515 1991 2570 δτι

331 2600 542 2678 Καρδία
575 2608 763 2680 μωροῦ
801 2625 1003 2678 ματαια
1049 2607 1238 2677 νοήσει
1291 2608 1426 2679 (82).
1476 2606 1552 2662 Τὸ
1587 2606 1681 2679 μὶν
1716 2603 1808 2659 οὗν
1840 2602 1990 2659 ἰνθύ-

339 2714 500 2767 μημα
530 2697 694 2750 τοῦτο
727 2695 817 2749 καὶ
854 2693 1137 2771 βούλευμα
1173 2697 1326 2770 ὑμῶν
1355 2692 1534 2750 ἕωλον
1562 2698 1628 2765 ἦν
1669 2695 1759 2750 καὶ
1809 2695 1985 2764 πάντη

335 2781 584 2854 ἀνόητον·
617 2785 679 2840 τὸ
724 2781 782 2839 δὶ
822 2779 978 2861 ἔργον
1011 2785 1040 2840 ’ὀ
1068 2784 1300 2861 εἰργάσω
1347 2784 1529 2856 πάσης
1570 2784 1682 2839 ἐστὶ
1728 2785 1990 2847 συνέσεως

345 2871 803 2949 πεπληρωμένον.
865 2873 959 2928 Διὸ
1016 2879 1179 2950 χαῖρε
1214 2918 1228 2945 ,
1277 2875 1512 2950 Ναχὼρ,
1569 2872 1658 2929 καὶ
1713 2872 1984 2950 ἀγαλλιῶ-

335 2959 546 3026 πολλὰς
576 2965 679 3040 γὰρ
711 2983 795 3019 σοι
827 2963 1058 3041 χάριτας
1098 2965 1392 3042 ὁμολογῶ,
1444 2968 1594 3024 257
1643 2964 1724 3020 δτι
1755 2965 1986 3040 συνήγο-

335 3073 427 3129 ρος
461 3055 701 3130 σήμερον
752 3061 852 3124 τῆς
901 3052 1160 3124 ἀληθείας
1213 3056 1463 3132 γέγονας,
1494 3055 1585 3110 καὶ
1617 3054 1722 3111 οὐκ
1767 3053 1990 3129 ἐμίανας

330 3144 398 3199 τὰ
428 3141 593 3219 χείλη
638 3165 735 3199 σοκ
791 3142 981 3221 λόγοις
1039 3149 1262 3222 μιαροῖς
1317 3144 1407 3200 καὶ
1469 3144 1748 3222 ὑποκρίσει
1804 3142 1987 3222 δολίᾳ,

2102 1973 2348 2028 remotis
2373 1972 2636 2043 arbitris,
2664 1973 2991 2041 accivisset,
3025 1972 3118 2028 his
3135 1973 3209 2029 ad
3232 1991 3370 2030 eum
3391 1974 3584 2030 verbis
3613 1991 3758 2030 usus

2102 2065 2298 2118 estzNe
2317 2080 2435 2130 me,
2459 2063 2562 2134 qui
2585 2063 2967 2133 sis,ignorare
2991 2063 3314 2120 existimes.
3349 2064 3759 2121 Certissimum

2103 2153 2262 2208 enim
2290 2153 2479 2209 habeo
2507 2158 2561 2208 te
2584 2153 3022 2209 divinissimum
3050 2154 3427 2210 Barlaamum
3441 2155 3599 2210 haud
3622 2171 3762 2226 qua-

2103 2259 2283 2313 quam
2306 2259 2666 2311 esse,verum
2688 2243 3018 2300 Nachorem
3045 2244 3428 2316 astrologum.
3462 2247 3543 2300 Ac
3572 2246 3758 2300 miror

2103 2335 2246 2407 quid
2266 2334 2427 2390 vobis
2445 2334 2507 2390 in
2524 2340 2787 2390 mentem
2806 2335 3480 2407 venerit,uthujusmodi
3495 2335 3757 2390 fabulam

2103 2424 2428 2498 ﬁngeretis,
2457 2430 2635 2496 atque
2685 2425 2797 2480 hoc
2834 2425 2994 2480 vobis
3034 2425 3494 2496 persuaderetis,
3527 2442 3627 2480 vos
3660 2441 3758 2480 eas

2104 2515 2438 2571 clarissima
2458 2515 2554 2570 die
2578 2514 2766 2570 oculis
2783 2515 2932 2571 meis
2962 2515 3239 2570 tenebras
3253 2515 3345 2588 obj
3357 2520 3593 2572 ecturos
3607 2532 3760 2583 esse,

2104 2611 2170 2660 ut
2189 2623 2295 2678 pro
2321 2622 2428 2660 ove
2450 2605 2658 2676 lupum
2683 2606 3088 2676 acciperem.V
3093 2622 3261 2661 erum
3283 2623 3403 2661 non
3427 2606 3531 2662 abs
3545 2623 3607 2661 re
3621 2622 3761 2679 pro-

2102 2695 2302 2750 verbio
2334 2696 2542 2761 fertur,
2575 2697 2686 2749 Cor
2707 2694 2874 2750 stulti
2901 2711 3051 2750 vana
3097 2696 3376 2768 cogitare.
3415 2697 3603 2767 Atque
3634 2697 3762 2750 haec

2104 2785 2346 2857 quidem
2375 2783 2650 2856 cogitatio
2677 2789 2738 2838 et
2773 2783 3094 2839 consilium
3136 2789 3398 2840 vestrum
3446 2785 3759 2840 rancidum

2104 2891 2248 2930 sane
2270 2891 2336 2929 ac
2357 2890 2600 2946 prorsus
2614 2873 2898 2929 stolidum
2911 2879 3214 2945 erat,opus
3238 2880 3436 2930 autem
3459 2875 3759 2946 quodipse

2105 2965 2295 3037 egisti,
2329 2963 2491 3019 omni
2523 2964 2841 3036 prudentia
2883 2968 2943 3019 et
2990 2964 3307 3035 sagacitate
3358 2964 3602 3036 plenum
3648 2969 3758 3033 est,

2105 3072 2173 3112 ac
2202 3060 2521 3127 propterea
2562 3054 2774 3124 gaude,
2828 3054 3076 3122 Nachor,
3129 3059 3187 3109 et
3237 3054 3486 3110 exsulta.
3548 3055 3759 3109 Multas

2108 3148 2268 3202 enim
2300 3146 2405 3201 tibi
2438 3147 2551 3202 hoc
2598 3145 2842 3201 nomine
2881 3145 3101 3217 gratias
3152 3144 3367 3214 habeo,
3419 3145 3580 3216 quod
3609 3145 3764 3200 veri-

335 3230 482 3289 ἆλλὰ
509 3238 616 3289 τῶν
659 3233 888 3290 πολλῶν
949 3234 1162 3309 μᾶλλον
1215 3235 1540 3311 ἑξεκάθαρας
1595 3233 1989 3311 μολυσμᾶτων,

2108 3240 2246 3296 tatis
2277 3237 2680 3311 patrocinium
2737 3236 3029 3293 hodierno
3089 3237 3183 3293 die
3256 3237 3594 3309 suscepisti,
3655 3255 3767 3294 nec

333 3324 434 3393 τὴν
467 3322 681 3396 πλάνην
710 3329 818 3379 τῶν
842 3321 1211 3399 ψευδωνύμών
1275 3323 1550 3402 διελέγξας
1582 3327 1718 3382 θεῶν
1769 3325 1860 3381 καὶ
1891 3326 1989 3396 τὴν

337 3412 596 3485 ἀλήθείαν
657 3418 765 3469 τῶν
847 3416 1244 3492 Χριστιανικῶν
1330 3413 1620 3492 δογμάτων
1702 3416 1990 3492 κρατύνας.

336 3502 482 3579 Ἐγὼ
516 3502 573 3559 δὲ
599 3502 906 3559 ἐσπούδασα
944 3505 1165 3581 ἀγαγεῖν
1209 3526 1268 3561 σε
1323 3508 1441 3578 μετ’
1472 3503 1608 3580 ἔμοῦ
1639 3504 1790 3563 δυοῖν
1816 3504 1992 3563 ἕνεκα·

333 3591 428 3649 ’ἱνα
484 3594 583 3668 μὴ,
612 3591 750 3650 κατὰ
799 3594 966 3667 μόνας
997 3594 1024 3648 ὁ
1064 3594 1321 3670 βασιλεὺς
1381 3592 1567 3652 λαϐὼν
1620 3618 1698 3667 σε,
1742 3599 1998 3673 τιμωρή-

337 3684 496 3753 σήται
551 3681 635 3758 ἐφ’
683 3683 729 3755 ᾦ
789 3681 850 3738 οὗ
898 3683 967 3738 τὰ
1015 3682 1326 3757 καταθύμια
1376 3683 1523 3758 αύτῷ
1580 3682 1847 3762 ἐφθέγξω,
1905 3685 1998 3739 καὶ

337 3769 430 3827 *ίνα
485 3771 586 3842 τήν
639 3771 800 3847 χάριν
847 3770 1072 3843 ταύτην,
1128 3771 1195 3842 ἢν
1257 3774 1500 3850 σήμερον
1552 3773 1813 3849 εἰργάσω,
1873 3776 1999 3828 ἀντι

340 3860 687 3936 αμείψωμαι.
719 3860 818 3925 Τίς
850 3859 906 3918 δὲ
952 3863 986 3932 ἡ
1048 3858 1411 3937 ἀντάμειψις;
1464 3864 1542 3921 Τὸ
1600 3859 1882 3936 ὕποδεῖξαί
1914 3883 2001 3916 σοι

350 3954 591 4012 ἐκκλῖναι
631 3956 730 4024 τῆς
765 3957 1004 4029 πονηρᾶς
1065 3951 1194 4010 ὁδοῦ
1249 3953 1341 4010 καὶ
1395 3951 1694 4030 ὀλισθηρᾶς
1725 3955 1792 4024 ἢν
1831 3951 2000 4008 ὥδευ-

349 4065 443 4108 σας
489 4041 594 4110 ἕως
648 4049 764 4116 νῦν,
812 4049 1147 4122 πορευθῆναι
1201 4041 1259 4099 δὲ
1287 4045 1384 4114 τήν
1419 4044 1622 4099 εὐθεῖαν
1677 4042 1769 4099 καὶ
1824 4044 2002 4115 σωτή-

349 4156 466 4212 ριον
493 4129 708 4214 τρίϐον,
739 4135 804 4205 ἢν
851 4135 954 4190 οὐκ
1011 4135 1242 4209 ἀγνοῶν,
1285 4131 1414 4190 ἀλλ’
1471 4131 1713 4198 ἐθελοντῖ
1768 4154 2004 4210 κακουρ-

344 4227 453 4300 γῶν
487 4265 504 4295 ,
561 4223 856 4301 ἐξὲφυγες,
918 4223 1214 4300 βαράθροις
1272 4221 1365 4277 καὶ
1439 4227 1712 4298 κρημνοῖς
1777 4222 2008 4298 ἀνομίας

348 4313 567 4367 σεαυτὸν
625 4311 1084 4386 κατακρημνίσας.
1149 4310 1314 4374 Σύνες
1368 4312 1481 4382 οὗν,
1518 4311 1562 4367 ὦ
1594 4313 1827 4390 Ναχὼρ,
1881 4333 2004 4368 συνο

352 4399 469 4460 ετὸς
496 4398 593 4469 ὥν,
633 4402 723 4454 καὶ
757 4403 1149 4475 προθυμήθητι
1179 4401 1271 4456 τὸν
1320 4401 1556 4478 Χριστὸν
1595 4405 1758 4476 μόνον
1786 4405 1876 4459 καὶ
1907 4403 2006 4472 τήν

350 4489 479 4562 παρ’
510 4488 658 4562 αὐτῷ
714 4489 1099 4563 κρυπτομένην
1165 4493 1309 4561 ζωὴν
1369 4490 1645 4567 κερδᾶναι,
1687 4497 1795 4548 τῶν
1853 4492 2009 4570 ῥεόν-

346 4599 455 4633 των
488 4580 695 4636 τούτων
728 4579 816 4634 καὶ
872 4579 1247 4656 φθειρομένων
1301 4579 1593 4658 ὑπεριδών.
1644 4582 1717 4638 Οὐ
1760 4582 1860 4659 γὰρ
1911 4584 2004 4638 τὸν

345 4671 522 4727 πάντα
556 4672 693 4746 ζήσῃ
731 4669 920 4725 αἰῶνα·
974 4669 1140 4744 ἀλλά,
1177 4673 1372 4745 θνητὸς
1421 4670 1518 4744 ὢν,
1573 4671 1845 4750 ἀπελεύσῃ
1880 4675 2006 4730 ὅσον

347 4757 523 4831 οὔπω,
555 4761 731 4823 καθὼς
759 4758 849 4814 καὶ
902 4761 954 4814 οἱ
1008 4761 1115 4835 πρὸ
1162 4765 1256 4817 σοῦ
1309 4760 1525 4826 πάντες.
1574 4763 1678 4820 Κνὶ
1740 4763 1866 4820 οὐαί
1896 4786 2005 4836 σοι,

347 4851 392 4907 εἰ
441 4850 532 4906 τὸν
594 4848 760 4925 βαρὺν
821 4848 1021 4926 φόρτον
1101 4853 1200 4922 τῆς
1270 4853 1538 4928 ἁμαρτίας
1616 4851 2006 4931 ἐπιφερόμενος

347 4939 621 5014 ἄπελεύσῃ
673 4938 785 4994 ἐκεῖ
831 4938 969 4994 ὅπου
1025 4939 1201 5017 κρίσις
1264 4937 1445 4998 δικαία
1496 4942 1589 4999 καὶ
1649 4941 2007 5008 ἀνταπόδοσις

344 5033 452 5084 τῶν
515 5026 689 5106 ἔργων
749 5025 884 5100 ἐστὶ,
929 5030 1021 5086 καὶ
1076 5032 1153 5108 μή
1205 5031 1519 5112 ἀποῤῥίψῃς
1571 5037 1788 5109 τοῦτον,
1819 5033 2008 5112 ῥᾳδίας

349 5114 516 5192 οὔσης
544 5121 643 5190 τῆς
665 5116 1003 5187 ἀποθέσεως.

417 5483 480 5541 Ὀ
512 5482 722 5559 Ναχὼρ
778 5480 983 5558 τοίνυν,
1016 5485 1332 5561 κατανυγεῖς
1390 5485 1489 5557 τὴν
1529 5488 1713 5564 ψυχὴν
1745 5487 1831 5544 ἐπὶ
1884 5494 2010 5557 τοῖς

345 5569 539 5652 λόγοις
592 5571 830 5650 τούτοις,
883 5570 1010 5656 ἔφη·
1071 5575 1268 5642 Καλῶς
1313 5578 1489 5650 εἶπας,
1524 5580 1568 5633 ῶ
1605 5579 1854 5654 βασιλεῦ,
1905 5603 2003 5638 κα-

415 5793 534 5866 (82)
563 5794 676 5850 Isa.
709 5809 884 5865 χχιιι,
919 5793 976 5865 6,

2107 3329 2411 3387 sceleratis
2440 3328 2637 3385 verbis
2669 3345 2736 3385 ac
2772 3332 3017 3384 versuta
3047 3327 3428 3384 simulatione
3477 3327 3635 3384 labia
3667 3333 3770 3386 tua.

2101 3419 2554 3486 contaminasti;
2579 3419 2726 3490 quin
2747 3419 2948 3490 potius
2962 3434 3031 3474 ea
3042 3417 3248 3473 multis
3261 3416 3537 3474 sordibus
3551 3435 3766 3491 expur-

2102 3511 2272 3584 gasti,
2305 3511 2596 3565 falsorum
2621 3509 2908 3564 nimirum
2938 3508 3186 3562 deorum
3218 3523 3418 3562 errore
3439 3507 3764 3576 confutata,

2103 3606 2280 3671 atque
2293 3599 2766 3654 Christianorum
2778 3597 3122 3669 dogmatum
3136 3595 3378 3651 veritate
3390 3597 3764 3654 conﬁrmata.

2103 3691 2220 3762 Ego
2242 3705 2378 3743 vero
2398 3688 2622 3759 duplici
2645 3687 2716 3742 de
2736 3703 2935 3756 causa,
2959 3691 3025 3741 ut
3044 3691 3102 3742 te
3133 3702 3370 3742 mecum
3383 3685 3764 3754 adducerem,

2105 3793 2346 3850 operam
2368 3776 2527 3842 dedi;
2549 3776 2839 3843 altera,ne
2867 3781 2922 3830 te
2948 3792 3054 3831 rex
3075 3775 3348 3848 privatim
3371 3779 3604 3843 tenens,
3621 3793 3768 3848 sup-

2103 3867 2283 3941 plicio
2297 3866 2906 3937 afﬁceret,propterea
2916 3866 3074 3935 quod
3089 3881 3211 3920 non
3231 3882 3298 3921 ea
3310 3883 3374 3920 es
3387 3865 3620 3922 locutus
3633 3884 3765 3938 quas

2104 3957 2218 4030 ipsi
2255 3961 2420 4028 grata
2448 3959 2681 4022 essent;
2715 3955 2905 4009 altera
2928 3959 2994 4008 ut
3024 3953 3313 4010 hodierno
3347 3959 3444 4010 tuo
3471 3955 3764 4011 beneﬁcio

2106 4046 2357 4120 gratiam
2371 4043 2474 4099 tibi
2488 4043 3114 4115 rependam.Quonam
3126 4049 3326 4100 autem
3341 4045 3579 4104 tandem
3593 4050 3766 4117 pacto

2107 4135 2266 4192 istud
2280 4136 2308 4191 Ἰ
2328 4133 2619 4190 Nimirum
2645 4139 2700 4189 te
2716 4135 3070 4203 admonens,
3099 4140 3166 4190 ut
3187 4151 3221 4190 a
3236 4151 3415 4206 prava
3443 4139 3503 4190 et
3528 4136 3768 4207 pericu-

2107 4229 2233 4284 losr
2249 4229 2375 4283 haec
2396 4226 2694 4299 via,quam
2708 4226 2781 4282 ad
2805 4227 2966 4281 hunc
2985 4242 3176 4298 usque
3195 4226 3353 4283 diem
3373 4226 3639 4293 tenuisti,
3660 4227 3769 4282 de-

2108 4319 2410 4384 ﬁectas,ac
2431 4320 2654 4372 rectam
2670 4321 2729 4370 et
2741 4315 3064 4372 salutarem
3085 4317 3361 4372 semitam
3388 4316 3768 4389 ingrediaris:

2111 4424 2289 4480 quam
2307 4405 2548 4479 quidem
2570 4423 2694 4462 non
2718 4406 3020 4478 ignorans,
3050 4406 3152 4462 sed
3173 4412 3382 4478 sponte
3404 4407 3630 4462 malum
3651 4423 3770 4463 am-

2108 4499 2397 4572 plectens,
2435 4497 2714 4570 effugisti,
2738 4497 2800 4551 in
2824 4496 3159 4567 iniquitatis
3181 4496 3462 4554 barathra
3484 4502 3542 4553 et
3560 4496 3775 4569 praeci-

2111 4589 2259 4662 pitia
2289 4588 2548 4660 teipsum
2570 4586 2908 4658 impellens.
2930 4587 3203 4659 Intellige
3226 4587 3446 4658 itaque,
3463 4605 3495 4643 ο
3519 4588 3771 4658 Nachor,

2116 4695 2249 4735 cum
2274 4678 2538 4751 prudens
2559 4683 2618 4733 et
2639 4693 2815 4750 sagax
2836 4677 3014 4746 sis,ac
3037 4678 3337 4733 Christum
3357 4678 3575 4748 solum,
3601 4683 3661 4734 et
3688 4678 3772 4735 vi-

2114 4773 2236 4826 tam
2258 4769 2416 4841 apud
2440 4770 2636 4839 ipsum
2653 4767 2990 4823 abstrusam
3008 4767 3262 4824 elucrari
3283 4768 3657 4836 stude,ﬂuxis
3674 4768 3767 4824 his

2117 4865 2175 4916 et
2188 4859 2817 4930 caduciscomtemptis
2830 4875 2895 4913 ac
2907 4875 3014 4930 pro
3031 4858 3220 4913 nihilo
3234 4858 3605 4915 habitis.Non
3619 4858 3772 4916 enim

2112 4951 2178 5007 in
2200 4956 2489 5006 mternum
2509 4949 2688 5018 vives;
2712 4947 2979 5017 sed,cum
2997 4949 3267 5004 mortalis
3289 4948 3547 5020 sis,jamj
3557 4964 3773 5019 amque

2115 5041 2256 5098 hinc
2277 5041 2545 5097 abiturus
2567 5039 3164 5112 es,quemadmodum
3189 5043 3248 5094 et
3268 5054 3496 5105 omnes,
3520 5037 3772 5110 quiante

2113 5137 2173 5187 te
2197 5131 2573 5188 exstiterunt.
2597 5131 2810 5201 Atque,
2834 5145 2869 5185 ο
2891 5133 2948 5184 te
2973 5127 3291 5184 miserum!
3318 5127 3388 5195 si,
3419 5126 3522 5182 ubi
3536 5126 3770 5198 justum

2107 5221 2428 5294 judicium,
2445 5237 2513 5276 ac
2528 5220 2693 5292 justa
2713 5236 2961 5292 operum
2977 5234 3208 5274 merces
3231 5222 3340 5284 est,
3373 5233 3610 5290 gravem
3640 5233 3777 5289 pec-

2118 5311 2230 5368 cati
2263 5310 2556 5367 sarcinam
2589 5315 2785 5367 tecum
2815 5309 3015 5366 ferens
3045 5309 3242 5378 abeas,
3294 5324 3406 5364 nec
3432 5323 3563 5364 eam
3601 5306 3771 5380 prius

2117 5400 2428 5475 abjeceris,
2461 5418 2594 5458 cum
2627 5401 2884 5474 abjicere
2914 5398 3172 5473 proclive
3205 5399 3300 5454 sit.

2186 5495 2418 5550 Nachor
2454 5493 2656 5565 itaque
2703 5491 2777 5547 ob
2828 5490 3175 5564 hujusmodi
3225 5506 3533 5546 sermones
3575 5488 3775 5549 animo

2115 5587 2528 5658 compunctus,
2561 5582 2653 5638 his
2684 5581 2875 5638 verbis
2903 5598 3050 5639 usus
3079 5587 3208 5639 est:
3256 5584 3431 5639 Recte
3483 5580 3703 5654 dixisti,
3737 5597 3770 5640 ο
