4112 6392
385 371 528 443 1127

1924 371 2292 432 ΔῸΠΕΝΒΔ.

3673 387 3864 464 ίέεϐε

378 528 504 584 rex,
529 515 689 567 recte
712 510 979 583 inquam.
1019 511 1164 565 Nam
1203 507 1330 580 ipse
1362 521 1600 578 quoque
1637 519 1843 561 verum
1875 507 1934 559 et
1962 502 2013 559 al

2149 495 2462 591 οἶδᾶ
2485 499 2588 591 γαρ
2799 500 2894 559 τόν
2951 500 3342 574 ἂληθινδνκαὶ
3387 505 3599 585 ἀψευδῆ
3651 514 3810 591 Θεὸν,

381 601 545 658 omni
577 600 888 656 mendacio
919 599 1184 655 alienum
1233 597 1438 663 Deum,
1473 611 1580 667 per
1627 610 1806 665 quem
1834 592 2013 648 omni:

2144 585 2307 680 66‘05
2353 589 2422 643 τὰ
2471 587 2645 680 πάντα
2695 590 2908 680 γέγονε,
2941 591 3034 652 καὶ
3089 594 3189 664 τήν
3247 595 3565 670 μέλλουσαν
3623 585 3803 680 κρίσιν

377 693 534 748 facta
551 690 880 758 sunt,novi;
907 693 1084 758 atque
1107 687 1249 741 item
1279 685 1546 740 futurum
1565 683 1860 756 judicium
1887 682 2032 748 scio,

379 798 449 838 ex
461 781 667 837 multis
679 776 1274 848 videlicetScripturae
1290 791 1467 830 sacrae
1485 772 1679 828 verbis
1692 773 1752 828 id
1764 772 2031 838 edoctus,

375 887 581 927 verum
599 867 870 941 improba
890 865 1466 936 consuetudo,atque
1488 863 1717 936 antiqui
1753 860 2034 934 supplan-

374 962 582 1018 tatoris
595 960 851 1016 versutia
865 958 1060 1014 cordis
1073 957 1190 1012 mei
1210 956 1414 1012 oculos
1429 954 2032 1024 caecavit,densasque

373 1052 573 1107 animo
596 1066 728 1105 meo
753 1048 1028 1104 tenebras
1051 1046 1454 1102 otfudit.Nunc
1471 1050 1668 1101 autem
1692 1044 1766 1099 ad
1786 1042 2030 1098 verbum

370 1147 540 1196 tuum
553 1140 784 1212 abjecto
801 1139 1114 1194 tenebroso
1128 1132 2029 1204 velamine,advultusDominici

373 1231 572 1287 lucem
586 1245 916 1296 accurram;
933 1226 1347 1283 fortasseenim
1362 1225 1479 1280 mei
1494 1223 2030 1294 miserebitur,pw-

370 1319 760 1391 nitentiaaque
780 1319 1030 1390 januam
1055 1315 1202 1372 mihi
1224 1314 1496 1387 improbo
1524 1330 1590 1369 ac
1621 1312 1832 1367 rebelli
1860 1328 2026 1366 servo

367 1409 614 1482 aperiet.
645 1410 995 1479 Quanquam
1023 1405 1167 1461 mihi
1190 1405 1319 1460 ﬁeri
1351 1420 1470 1459 non
1502 1418 1676 1474 posse
1703 1401 1934 1456 videtur
1962 1409 2029 1459 ut

367 1503 749 1572 peccatorum
780 1512 1072 1563 meorum,
1107 1511 1237 1567 quae
1265 1509 1447 1549 arena
1479 1493 1746 1566 graviora
1776 1494 1935 1558 sunt,
1969 1489 2027 1544 et

368 1604 577 1646 eorum
611 1603 744 1660 qua:
774 1591 901 1642 tum
931 1587 1126 1641 sciens
1165 1589 1292 1639 tum
1341 1583 1622 1656 ignorans
1666 1578 2022 1652 perpetravi,

367 1677 604 1733 veniam
631 1675 958 1731 obtineam.

441 1769 558 1822 Hac
589 1765 859 1822 oratione
891 1763 1114 1831 audita,
1139 1761 1294 1835 regis
1327 1761 1486 1816 illius
1519 1761 1718 1816 statim
1739 1759 2022 1833 exsurgit,

367 1860 547 1928 atque
569 1855 772 1911 animo
795 1849 1808 1923 incalescit,animumqueNachoris
1829 1849 1905 1904 ad
1926 1848 2024 1904 de-
2052 1881 2099 1947 Β

365 1945 770 2019 sperationem
783 1960 888 2016 pro
893 1941 1259 2015 pendentem
1282 1956 1633 2012 recuperare
1647 1936 1825 2010 atque
1839 1939 2020 2012 erige-

360 2051 425 2091 re
443 2033 855 2107 incipit.Nulla
873 2033 1056 2102 enim,
1084 2049 1116 2086 ο
1144 2029 1796 2101 Nachor,inquit,nulla
1816 2028 1888 2084 de
1911 2028 2024 2083 hac

362 2141 426 2179 re
459 2123 753 2179 dubitatio
785 2122 1054 2178 animum
1102 2127 1272 2176 tuum
1317 2120 1545 2175 subeat.
1581 2119 1878 2191 Scriptum
1932 2122 2025 2173 est

363 2212 526 2269 enim
550 2214 732 2284 (Joan.
755 2213 853 2283 vn)
875 2227 1050 2283 posse
1070 2211 1256 2265 Deum
1287 2209 1467 2265 etiam
1505 2224 1574 2264 ex
1600 2208 1695 2263 his
1725 2207 2023 2279 lapidibus

366 2303 623 2358 excitare
643 2301 799 2357 ﬁlios
817 2299 1260 2366 Abrahm.Quod
1283 2299 1621 2371 quidem,ut
1639 2297 1836 2354 aiebat
1854 2302 2025 2369 pater

365 2391 809 2463 Barlaam.quid
831 2391 995 2446 aliud
1012 2395 1308 2462 est,quam
1331 2389 1490 2461 quo'd
1511 2389 1786 2444 homines
1815 2387 2022 2459 deplo-

366 2486 510 2538 ratae
525 2481 923 2554 improbitatis
935 2486 1112 2552 atque
1126 2480 1287 2536 omni
1300 2479 1862 2550 iniquitatisgenere
1875 2494 2018 2533 con-

367 2571 640 2627 taminati
663 2570 914 2626 salutem
938 2570 1222 2640 consequi
1255 2569 1507 2641 possint,
1535 2568 1875 2638 Christique
1908 2566 2018 2622 filii

367 2658 653 2730 efﬁci,qui
677 2675 782 2730 pro
806 2675 912 2714 sua
931 2673 1166 2714 summa
1188 2661 1247 2712 et
1277 2655 1616 2712 incredibili
1647 2655 2018 2711 humanitate

363 2749 642 2805 omnibus
665 2765 794 2804 sese
807 2749 880 2804 ad
893 2748 1202 2803 meliorem
1217 2747 1445 2820 frugem
1457 2745 1888 2818 recipientibus
1900 2761 2016 2802 caa-

359 2839 542 2894 lestes
555 2842 756 2910 portas
770 2837 1124 2910 patefecit?N
1131 2853 1280 2908 eque
1294 2837 1457 2891 enim
1469 2836 1749 2907 cuiquam
1764 2835 2013 2891 omnino

360 2927 570 2984 salutis
594 2926 821 2983 aditum
843 2927 1374 2998 praselusit,verum
1406 2941 1506 2981 eos
1537 2942 1688 2996 quos
1718 2925 2013 2981 scelerum

357 3017 607 3089 pmnitet
625 3016 998 3071 misericordi
1023 3017 1223 3072 animo
1238 3015 1588 3086 susctpit;ob
1612 3031 1862 3085 eamque
1880 3031 2008 3070 cau-

359 3121 488 3160 sam
510 3104 584 3160 iis
606 3105 707 3176 qui
730 3105 877 3160 hora
896 3104 1110 3176 prima,
1136 3109 1196 3159 et
1215 3105 1412 3171 tertia,
1440 3109 1499 3159 et
1519 3108 1702 3168 sexta,
1737 3109 1796 3158 et
1827 3120 2008 3173 nona,

362 3200 422 3251 et
449 3194 769 3251 undecima
797 3195 872 3251 ad
901 3196 1132 3251 vineam
1163 3201 1746 3266 accesserunt,aaqua
1783 3212 2010 3251 merces

2141 675 2456 752 ἐπίσταμαι,
2487 678 2594 734 ἀπὸ
2639 679 2869 738 πολλῶν
2920 688 3206 762 Γραφικιῖιν
3267 687 3530 764 ῥημάτων
3590 675 3804 768 ταότην

2140 768 2415 839 ἀκηκοώς
2457 768 2584 826 ἀλλ’
2612 772 2648 841 ἠ
2680 771 2898 849 πονηρὰ
2945 777 3200 846 συνήθεια
3245 779 3336 834 καὶ
3367 781 3402 851 ἡ
3435 786 3533 838 τοῦ
3558 782 3803 843 παλαιοῦ

2141 860 2293 918 258
2318 857 2546 934 ἐπήρεια
2571 867 2892 936 πτερνιστοῦ
2945 864 3074 928 τοὺς
3135 868 3457 947 ὀφθαλμοὺς
3515 873 3801 946 ἐτύφλωσε

2135 955 2237 1040 τῆς
2263 947 2489 1027 καρδίας
2538 971 2671 1040 μου,
2697 953 2788 1007 καὶ
2820 952 3015 1019 σκότος
3047 956 3183 1030 βαθὺ
3235 961 3530 1037 περιὲχυσέ
3564 985 3670 1037 μου
3717 971 3802 1040 τῷ

2138 1036 2410 1128 λογισμῷ·
2456 1039 2588 1096 Νυνῖ
2629 1038 2687 1098 ὀὶ
2715 1041 2803 1097 ἐπὶ
2831 1048 2912 1116 τῷ
2943 1043 3150 1118 ῥήματί
3181 1068 3300 1118 σου,
3330 1051 3394 1106 τὸ
3423 1036 3710 1128 κάλυμμα
3733 1036 3800 1112 τδ

2139 1125 2382 1203 ζοφῶδες
2437 1128 2746 1206 ἀπορρίψας
2779 1176 2796 1205 ,
2847 1136 2928 1205 τῷ
2989 1133 3130 1212 φωτί
3186 1125 3648 1216 προσδραμοῦμαι
3701 1149 3801 1200 τοῦ

2134 1220 2433 1310 προσώπου
2491 1219 2699 1310 Κυρίου
2730 1266 2746 1282 .
2811 1223 2970 1286 Ἲσως
3027 1222 3243 1297 ἐλεήσει
3307 1250 3420 1302 με,
3475 1232 3567 1287 καὶ
3628 1233 3797 1310 θύραν

2133 1305 2658 1400 ἀνοίξει-μετανοίας
2685 1313 2765 1382 τῷ
2796 1316 3024 1400 πονηρῷ
3076 1311 3262 1389 δούλῳ
3291 1317 3381 1372 καὶ
3413 1305 3719 1400 ἆποστάτῃζ
3747 1325 3796 1380 εί

2131 1396 2222 1452 καὶ
2261 1395 2522 1454 ἀδύνατον
2553 1396 2705 1455 δοκεῖ
2751 1421 2846 1475 μοι
2901 1399 3086 1480 ἄφεσιν
3120 1407 3362 1480 γενέσθαι
3417 1414 3525 1466 τῶν
3558 1395 3796 1489 ψάμμου

2136 1488 2444 1564 βαρυτέρων
2478 1510 2583 1562 μου
2635 1490 3014 1564 πταισμάτων,
3046 1494 3120 1548 ὧν
3152 1493 3205 1550 ἐν
3228 1496 3419 1571 γνώσει
3450 1501 3540 1556 ναὶ
3599 1504 3796 1578 ἀγνοίᾳ

2129 1575 2378 1653 ἥμαρτον
2408 1579 2664 1649 νηπιόθεν
2691 1579 2782 1634 καὶ
2834 1580 3002 1657 μέχρι
3034 1581 3236 1657 ταύτης
3272 1608 3379 1660 μου
3429 1591 3530 1660 τῆς
3569 1575 3796 1662 ἡλικίας

2129 1667 2220 1720 καὶ
2250 1665 2480 1730 πολιᾶς.”

2176 1759 2380 1814 Ταῦτα
2437 1757 2513 1819 ὡς
2569 1754 2801 1827 ἤκουσεν
2860 1761 2888 1815 6
2945 1765 3044 1816 τοῦ
3105 1763 3373 1838 βασιλίως
3432 1769 3570 1843 υἱὸς,
3623 1771 3783 1837 εὐθὺς

2127 1842 2458 1902 διανίσταται
2487 1846 2578 1902 καὶ
2636 1848 2965 1925 θερμότερος
3021 1851 3120 1922 τήν
3181 1855 3366 1930 ψυχὴν
3417 1842 3646 1933 γίνεται.
3676 1862 3782 1919 Καὶ

2129 1934 2222 1990 τὸν
2285 1934 2552 2025 λογισμρν
2611 1941 2708 2025 τοῦ
2765 1937 2978 2025 Ναχὼρ
3031 1940 3170 2016 πρὸς
3225 1942 3539 2021 ἀπόγνωσιν
3594 1949 3789 2025 συγκῦ-

2130 2044 2336 2116 πτοντα
2390 2019 2790 2098 ἀναλαμϐάνειν
2827 2024 3105 2116 ἄρχεται,
3137 2029 3230 2086 καὶ
3278 2019 3626 2113 στεῤῥότερον
3660 2019 3788 2116 περὶ

2128 2115 2229 2205 τῂν
2288 2116 2525 2205 Χριστοῦ
2582 2115 2761 2205 πίστιν
2821 2114 3140 2184 διατιθέναι.
3193 2119 3426 2194 Μηδεὶς,
3472 2126 3517 2181 ὦ
3551 2114 3789 2205 Ναχὼρ,

2130 2201 2332 2278 λέγων,
2369 2201 2564 2276 μηδεὶς
2606 2203 2744 2292 ἔστω
2794 2227 2879 2261 σοι
2921 2207 3047 2284 περὶ
3095 2207 3292 2267 τούτου
3342 2201 3791 2292 δισταγμόςξ-Γεὲ

2127 2312 2360 2368 γραπται
2381 2292 2483 2369 γὰρ
2524 2296 2639 2368 (83)
2697 2291 2924 2352 δυνατὸν
2984 2298 3114 2353 εἶναι
3161 2304 3243 2374 τῷ
3303 2307 3419 2377 Θεῷ
3442 2291 3535 2360 καὶ
3590 2305 3784 2364 ἐκτῶν

2129 2379 2299 2472 λίβων
2348 2382 2556 2440 τούτων
2604 2382 2811 2462 ἐγεῖραι
2860 2387 3023 2442 τέκνα
3073 2392 3165 2472 τῷῂ
3212 2387 3482 2468 Ἀϐραάμο
3543 2395 3675 2472 ὅπερ
3731 2396 3786 2454 τί

2128 2469 2270 2528 ἄλλο
2299 2473 2336 2544 ἢ
2366 2473 2527 2529 τοῦτό
2556 2472 2722 2545 ἐστιν,
2755 2474 2830 2537 ὡς
2860 2475 2887 2530 6
2919 2477 3099 2551 πατὴρ
3139 2470 3239 2556 ἔφη
3294 2479 3588 2558 Βαρλαᾶμ,
3636 2469 3701 2542 τὸ
3732 2485 3783 2560 ἐξ

2125 2560 2463 2651 ᾀνελπίστων
2541 2562 2633 2618 καὶ
2711 2565 2912 2628 πάσαις
2983 2570 3454 2646 κατακρανθέντων
3529 2574 3782 2651 ἀνομίαις

2127 2647 2378 2740 δύνασθαι
2429 2655 2695 2724 σωθῆναι,
2739 2653 2831 2709 καὶ
2879 2652 3116 2719 δούλους
3147 2657 3390 2735 γενέσθαι
3432 2647 3692 2740 Χριστοῦ,
3725 2666 3785 2728 ὃς

2126 2738 2196 2797 δι’
2244 2743 2410 2818 ἄκραν
2469 2741 2884 2820 φιλανθρωπίας
2939 2741 3253 2822 ὑπερϐολὴν
3311 2755 3441 2807 πᾶσι
3488 2738 3616 2817 ⁷’τοῖς
3662 2754 3782 2813 ἐπι-

2123 2833 2409 2908 στρέφουσι
2447 2831 2544 2895 τὰς
2589 2831 2875 2908 οὐρανίους
2921 2830 3163 2907 διήνοιξε
3207 2837 3409 2910 πύλας,
3461 2840 3639 2900 οὐδενὶ
3668 2851 3778 2902 τῶν

2120 2925 2338 2978 πάντῶν
2395 2924 2498 2994 τὴν
2554 2926 2654 2996 τῆς
2713 2925 2984 3000 σωτηρὶας
3035 2926 3369 2996 ἀποκλείσας
3426 2931 3572 3005 ὁδὸν,
3632 2935 3780 2992 ἀλλὰ

2122 3014 2418 3086 συμπαθῶς
2448 3011 2578 3075 τοὺς
2631 3017 3027 3088 μετανοοῦντας
3074 3013 3376 3095 δεχόμενος
3409 3041 3423 3092 ;
3466 3021 3564 3078 Διᾶ
3605 3028 3774 3080 ταῦτα

2119 3104 2225 3188 γεὶρ
2255 3103 2344 3159 καὶ
2376 3108 2492 3165 τοῖς
2549 3101 2675 3179 περί
2731 3103 2956 3179 πρώτην
3015 3107 3106 3162 καὶ
3157 3107 3370 3182 τρίτην,
3402 3104 3562 3182 ἕκτην
3590 3133 3648 3168 τε
3675 3113 3762 3169 καὶ

2127 3191 2376 3264 ἐννάτην,
2419 3193 2509 3248 καὶ
2568 3189 2858 3265 ἑνδεκάτην
2909 3192 3054 3270 ὥραν
3081 3197 3437 3271 προσελθοῦσι
3466 3204 3546 3274 τῷ
3593 3199 3771 3274 ἀμπε-

358 3284 719 3353 attribuitur,
729 3285 1235 3356 quemadmodum
1251 3255 1616 3358 Evangelicis
1629 3255 1863 3358 scriptis
1875 3301 2011 3357 pro-

2127 3280 2265 3338 λῶνι
2293 3255 2410 3338 κατ’
2465 3279 2578 3338 ἴσον
2627 3255 2999 3357 ἀφορίξεταιιδ
3031 3255 3242 3358 μισθὸς,
3272 3287 3346 3351 ὡς
3375 3289 3439 3344 τὸ
3470 3255 3775 3369 ἅγιόνιφγγ-

357 3373 549 3428 ditum
581 3378 672 3429 est
690 3373 912 3445 (Matth.
935 3374 1054 3447 xx).
1089 3377 1170 3431 Ac
1200 3374 1451 3447 proinde
1489 3375 1723 3431 etiamsi
1753 3374 1828 3430 ad
1853 3375 2016 3430 hunc

354 3478 547 3534 usque
570 3462 729 3518 diem
753 3463 815 3517 in
845 3464 1106 3535 peccatis
1137 3465 1551 3533 consenueris,
1583 3469 1784 3520 tamen
1816 3465 1864 3520 si
1895 3463 2014 3520 fer-

352 3552 513 3608 venti
554 3553 758 3608 animo
803 3553 1075 3621 accedas,
1107 3555 1316 3610 eadem
1349 3571 1481 3626 qua;
1514 3555 1555 3610 ii
1578 3555 1679 3626 qui
1708 3554 1779 3610 ab
1811 3554 2012 3610 adole-

352 3641 580 3697 scentia
610 3647 915 3698 certamen
947 3642 1260 3698 subierunt
1303 3643 1555 3715 praemia
1601 3643 2008 3715 consequeris.

425 3733 562 3787 llam
593 3737 653 3788 et
680 3733 871 3788 multa
921 3731 1040 3788 alia
1067 3749 1203 3788 cum
1233 3733 1642 3789 divinissimus
1666 3734 1906 3806 juvenis
1935 3734 2010 3790 ad

352 3821 683 3877 Nachorem
709 3823 772 3878 in
805 3822 979 3878 malis
1005 3823 1399 3879 inveteratum
1437 3822 1509 3878 de
1539 3823 1891 3895 pmnitentia
1920 3823 2008 3879 lo-

347 3913 520 3965 cutus
541 3911 774 3977 fuisset,
819 3911 1056 3983 ipsique
1099 3912 1336 3967 veniam
1369 3911 1808 3984 spopondisset,
1837 3911 2006 3967 Chri-

345 4003 628 4072 stumque
649 4000 889 4056 facilem
902 4017 970 4056 ac
983 4002 1310 4073 propitium
1327 4001 1441 4073 ipsi
1454 4001 1580 4056 fore
1607 4000 2006 4074 promisisset,

345 4088 617 4162 illudque
641 4107 749 4163 pro
772 4095 933 4146 certo
957 4091 1476 4155 afﬂrmasset.cum
1497 4108 1603 4162 pro
1616 4105 1725 4146 sua
1739 4090 2004 4146 bonitate

346 4195 590 4251 semper
616 4180 948 4252 peccatoris
980 4181 1392 4252 pmnitentiam
1407 4181 1712 4252 suscipere
1728 4185 2005 4251 paratum

344 4281 497 4338 esse,
511 4286 732 4343 aagram
745 4269 1524 4343 ipsiusanimam,tanquam
1545 4269 2003 4325 medicamentis

345 4358 705 4430 quibusdam
728 4361 1063 4433 emolliens,
1096 4363 1294 4434 ipsum
1325 4379 1569 4435 prorsus
1592 4363 1654 4418 in
1684 4363 2000 4419 sanitatem

343 4449 618 4503 asseruit.
653 4450 863 4506 Statim
895 4451 1057 4506 enim
1103 4451 1180 4507 ad
1223 4467 1359 4508 eum
1408 4453 1640 4508 Nachor
1677 4451 1866 4508 dixit:
1918 4453 2002 4508 Tu

2120 3392 2202 3426 σιν
2261 3369 2599 3448 Εὐαγγὲλιον
2660 3373 2794 3446 (84)·
2847 3370 3002 3443 ὥστε,
3051 3371 3147 3428 κᾶν
3199 3375 3367 3450 μέχρι
3415 3380 3512 3432 τοῦ
3562 3382 3652 3433 νῦν
3714 3378 3767 3434 ἐν

2116 3459 2408 3536 ἁμαρτίαις
2464 3464 2617 3521 259
2675 3463 3070 3538 κατεγήρασας,
3120 3462 3208 3519 ἐὰν
3259 3467 3476 3539 θερμῶς
3533 3466 3772 3544 προσέλ-

2118 3551 2214 3624 θῃς
2245 3593 2262 3623 ,
2318 3555 2428 3606 τῶν
2481 3550 2656 3607 αὐτῶν
2737 3556 2860 3614 τοῖς
2917 3550 2976 3608 ἐκ
3024 3552 3281 3624 νεότητος
3337 3554 3771 3632 ἀγωνισάμενοις

2115 3639 2393 3716 ἀξιωθήσῃ
2418 3645 2617 3716 γερῶν.

2185 3729 2380 3787 Πολλὰ
2436 3729 2494 3788 δὲ
2549 3729 2639 3787 καὶ
2698 3728 2854 3809 ἕτερα
2909 3732 3034 3808 περὶ
3096 3733 3384 3806 μετανοίας
3436 3735 3684 3808 λαλήσας
3742 3739 3786 3794 6

2112 3821 2391 3884 θειότατας
2421 3821 2634 3884 νεανίας
2677 3825 2757 3895 τῷ
2802 3821 3170 3888 παλαιωθέντι
3203 3821 3256 3879 ὲν
3285 3830 3474 3888 κακοῖς
3532 3827 3773 3904 Ναχὼρ,

2110 3911 2202 3968 καὶ
2253 3909 2424 3966 ’ίΛεων
2479 3911 2720 3986 γενέσθαι
2777 3911 2869 3966 τὸν
2939 3911 3168 3988 Χρισνόν
3227 3912 3614 3990 ὑποσχόμενος
3677 3916 3768 3971 καὶ

2111 3999 2520 4077 ἐγγυησάμενος
2576 4001 2678 4070 τήν
2735 3997 2921 4079 ἄφεσιν
2957 4042 2972 4070 ,
3033 3999 3120 4057 καὶ
3179 3999 3548 4082 πληροφήσας
3601 4004 3760 4062 αὐτὸν

2111 4090 2186 4153 ὡς
2215 4086 2437 4164 ἕτοιμός
2471 4087 2610 4145 ἐστιν
2643 4089 2674 4144 6
2705 4087 2904 4166 ἀγαθὸς
2932 4089 3014 4145 ἀεὶ
3043 4093 3145 4146 τοῦ
3177 4087 3430 4167 δέχεσθαι
3459 4093 3559 4163 τήν
3591 4094 3764 4168 μετὰ·

2107 4177 2280 4250 νοίαν,
2311 4179 2412 4250 τήν
2441 4183 2796 4251 νενοσηκυῖαν
2828 4180 3012 4256 ψυχήν
3054 4181 3227 4236 αὐτοῦ
3280 4180 3368 4236 οἶά
3395 4203 3502 4238 τισι
3535 4185 3764 4260 φαρμά-

2105 4290 2224 4332 κοις
2267 4269 2674 4342 καταμαλάξας,
2732 4269 2971 4346 καθαρὰν
3027 4269 3320 4346 ἐχαρίσατο
3374 4272 3475 4342 τὴν
3533 4273 3758 4350 ὑγίειανέ

2106 4361 2249 4436 Ἔφη
2303 4359 2404 4434 γὰρ
2459 4357 2615 4423 εὐθὺς
2654 4358 2682 4415 6
2714 4358 2920 4434 Ναχὼρ
2968 4357 3106 4434 πρὸς
3164 4358 3349 4414 αὐτόν’
3412 4359 3488 4416 Σὺ
3545 4363 3661 4435 μὲν,
3721 4362 3766 4417 ὦ

2106 4445 2446 4524 εὐγενὲστατε
2491 4448 2592 4518 τήν
2649 4449 2836 4524 ψυχὴν
2899 4445 3115 4522 μᾶλλον
3147 4447 3277 4518 ἢτὸ
3335 4453 3517 4524 σῶμα,
3575 4449 3763 4517 καλῶς

343 4533 607 4606 quidem,
631 4555 665 4592 ο
686 4538 890 4593 animo
910 4539 1090 4596 etiam
1113 4557 1292 4612 quam
1309 4557 1555 4613 corpore
1588 4540 1867 4603 nobilior,
1898 4538 2000 4611 qui

2123 4535 2463 4612 ιεμυημένος
2522 4536 2590 4592 τὰ
2649 4536 2931 4611 θαυμαστὰ
2988 4539 3266 4613 μυστήρια
3319 4543 3506 4610 ταῦτα,
3569 4542 3758 4614 μένοις

343 4623 799 4683 admirabilibus
819 4628 912 4683 his
925 4630 1225 4702 mysteriis
1246 4631 1531 4702 prazclare
1545 4629 1810 4684 imbutus
1831 4628 1996 4693 es,ad

2123 4647 2154 4680 .v
2186 4628 2255 4699 τῇ
2285 4624 2430 4699 καλῇ
2459 4625 2735 4700 ὁμολογίᾳ
2781 4625 2949 4704 μέχρι
3007 4625 3226 4699 τὲλους,
3256 4627 3347 4682 καὶ
3408 4625 3602 4702 μηδεὶς
3630 4629 3761 4686 ταῦ-

342 4714 674 4769 extremum
715 4722 906 4787 usque
953 4717 1017 4772 in
1063 4719 1351 4790 praeclara
1393 4718 1770 4775 confessione
1819 4718 1998 4774 velim

339 4817 608 4873 maneas,
635 4819 747 4860 nec
769 4819 901 4861 eam
931 4811 1034 4862 aut
1056 4807 1249 4863 ullum
1277 4813 1535 4881 tempus,
1559 4813 1663 4864 aut
1682 4808 1844 4864 ullus
1865 4825 1997 4864 mo-

340 4889 452 4947 dus
476 4909 506 4948 e
530 4897 630 4949 tuo
654 4897 894 4965 pectore
922 4895 1154 4953 evellet.
1179 4899 1297 4970 Ego
1319 4903 1516 4954 autem
1549 4897 1662 4954 hac
1687 4897 1819 4970 ipsa
1850 4898 1998 4954 hora.

337 4982 707 5053 proficiscar,
731 4989 798 5039 ut
846 4984 1099 5042 salutem
1150 5002 1343 5042 meam
1392 5003 1678 5058 quaeram,
1725 4987 1994 5058 mihique

333 5071 546 5140 Deum,
576 5089 756 5144 quem
790 5073 865 5130 ad
893 5073 1044 5131 iram
1075 5078 1406 5148 provocavi,
1446 5093 1554 5148 per
1579 5076 1991 5148 pcenitentiam

331 5161 664 5234 prapitium
695 5180 762 5218 ac
791 5164 1030 5220 facilem
1067 5165 1334 5222 reddam.
1368 5167 1494 5221 Non
1525 5166 1687 5221 enim
1720 5166 1990 5238 posthac,

328 5249 446 5305 nisi
481 5251 590 5306 tibi
623 5251 800 5307 aliter
830 5254 1120 5322 videatur,
1167 5255 1323 5328 regis
1353 5254 1568 5309 faciem
1600 5255 1988 5328 conspiciam.

329 5338 558 5411 Ingenti
594 5345 796 5397 autem
832 5341 1019 5398 animi
1053 5343 1263 5400 laatitia
1305 5346 1553 5400 aﬂ’ectus
1600 5345 1757 5418 regis
1807 5345 1988 5414 filius,

2104 4737 2206 4786 την
2238 4714 2441 4791 χρόνος
2492 4715 2528 4784 ἢ
2575 4714 2782 4791 τρόπος
2810 4723 3044 4786 τῆς-σῆς
3100 4714 3321 4791 ἐκτέμοι
3380 4715 3764 4796 καρδίας·ἐγὼ

2107 4799 2164 4858 δὲ
2195 4801 2535 4878 πορεύσομαι
2566 4801 2618 4875 ἐξ
2643 4805 2817 4874 αὐτῆς
2871 4804 2973 4874 τήν
3033 4801 3172 4879 ἐμὴν
3231 4810 3408 4878 ζητῶν
3465 4807 3761 4884 σωτηρίαν,

2103 4891 2194 4948 καὶ
2227 4889 2316 4948 διὰ
2349 4891 2636 4966 μετανοίας
2673 4893 2766 4948 τὸν
2800 4894 2932 4949 Θεὸν
2989 4892 3414 4970 ἑξιλεωσόμενος
3446 4896 3504 4952 ’ὀν
3537 4899 3765 4974 παρώρ-

2101 5004 2247 5060 γισα.
2281 4981 2397 5040 Οὐκ
2425 4975 2502 5038 ἔτι
2534 4981 2635 5057 γὰρ
2666 4984 2730 5038 τὸ
2767 4986 2865 5039 τοῦ
2899 4983 3170 5060 βασιλέως
3200 4983 3409 5060 ὄψομαι
3440 4986 3758 5063 πρόσωπον,

2104 5071 2149 5127 εἰ
2182 5071 2244 5127 σὺ
2281 5072 2442 5146 μόνον
2476 5071 2784 5144 θελήσειας.
2827 5075 3148 5150 Περιχαρής
3199 5071 3256 5130 δὶ
3284 5075 3574 5152 γενόμενος
3608 5079 3637 5132 6
3665 5079 3762 5132 τοῦ

2106 5160 2376 5238 βασιλέως
2430 5161 2547 5225 υἱὸς
2600 5162 2689 5216 καὶ
2751 5160 3004 5236 ἀσμένως
3051 5163 3145 5218 τὸν
3196 5163 3364 5240 λόγον
3426 5162 3712 5240 δεξάμενος
3746 5208 3762 5237 ,

2099 5245 2414 5326 περιλαϐὼν
2466 5249 2624 5305 αὐτὸν
2685 5249 3009 5325 καταφιλεῖ,
3065 5253 3179 5324 καὶ,
3214 5253 3442 5318 ἐκτενῶς
3475 5255 3611 5333 πρὸς
3662 5256 3754 5311 τὸν

2099 5342 2228 5397 Θεὸν
2261 5339 2569 5414 εὐξάμενος,
2602 5340 2870 5414 ἐκπέμπει
2903 5346 3003 5397 τοῦ
3036 5342 3329 5402 παλατίου.

324 5431 507 5522 atque
529 5429 689 5486 hunc
717 5447 1060 5489 sermonem
1090 5433 1348 5490 libenter
1379 5433 1916 5508 excipiens,ipsum
1935 5433 2353 5522 complectitur
2381 5437 2441 5486 et
2471 5431 2872 5503 exosculatur,
2907 5436 3274 5510 attentisque
3297 5435 3372 5493 ad
3404 5437 3592 5496 Deum
3614 5437 3760 5496 fusis

325 5517 624 5589 precibus,
661 5536 801 5576 eum
830 5537 862 5575 e
892 5523 1113 5593 palatio
1146 5525 1384 5581 emittit.

403 5661 510 5806 E83)
539 5663 714 5787 ﬁnd
742 5666 948 5724 Matth.
980 5685 1062 5739 ιιι,
1089 5672 1142 5726 9.

429 5733 519 5805 84)
605 5735 758 5794 atth.
795 5753 893 5796 xx.
