4112 6406
300 436 449 497 1129

1485 432 1653 486 ἮΤΑ
1694 429 2049 486 BARLAAM
2085 429 2180 483 ET
2214 427 2562 483 JOASAPH.

3599 420 3740 481 1130

370 561 649 635 Ἐξελθὼν
684 558 743 616 δὲ
772 561 800 616 ὁ
828 559 1045 635 Ναχὼρ
1104 556 1562 631 κατανενυγμένος
1607 555 1710 623 τὴν
1758 552 1969 627 ψυχὴν,

2152 553 2436 625 Egressus
2468 556 2668 606 autem
2698 549 2951 618 Nachor,
2984 548 3187 605 animo
3247 552 3642 620 compunctus
3674 548 3739 603 in

297 654 389 711 ἐπὶ
420 655 521 723 τὴν
559 652 872 729 βαθυτάτην
935 647 1166 704 ἅλλεται
1224 647 1298 709 ὡς
1348 642 1552 718 ἔλαφος
1598 640 1832 718 ἔρημον,
1876 640 1966 695 καὶ

303 754 555 827 μοναχοῦ
586 770 761 818 τινος,
792 745 1101 817 ἱερωσύνης
1149 743 1534 820 περικειμένου
1583 740 1754 812 ἀξίαν,
1804 759 1967 794 κατα-

300 839 569 916 λαμϐάνει
599 841 901 909 σπήλαιον,
930 830 1055 899 ἔνθα
1113 835 1411 910 ἐκέκρυπτο
1473 830 1676 894 ἐκεῖνος
1732 827 1821 884 διά
1873 829 1965 883 τὸν

302 931 648 1005 ἐπικείμενον
687 922 881 1005 φόϐον.
918 924 1115 996 Τούτῳ
1149 921 1205 978 δὲ
1249 922 1554 997 θερμότατα
1612 918 1966 995 προσπίπτει,

308 1021 507 1078 πλύνει
545 1018 673 1081 τοὺς
728 1014 903 1079 πόδας
963 1012 1211 1089 δάκρυσι,
1268 1014 1369 1083 τήν
1429 1032 1563 1066 ποτε
1624 1008 1972 1083 μιμούμενος

313 1111 524 1187 πόρνην
559 1111 689 1181 (85),
716 1105 807 1161 καὶ
828 1106 890 1161 τὸ
916 1109 1059 1168 θεῖον
1084 1102 1369 1175 ἐξαιτεῖται
1396 1100 1695 1176 βάπτισμα.
1731 1101 1885 1156 ’ὶϐθ
1906 1098 1968 1154 Ὁ

313 1200 496 1257 τοίνυν
531 1196 726 1272 ἱερεὺς,
760 1194 909 1256 θείας
942 1191 1013 1247 ὢν
1048 1194 1276 1268 χάριτος
1309 1188 1775 1264 πεπληρωμένος,
1823 1187 1966 1257 ἥσθη

309 1310 368 1345 τε
401 1288 546 1357 λίαν,
578 1285 691 1353 καὶ,
722 1288 1093 1360 παραχρῆμα,
1127 1280 1307 1354 ὥσπερ
1367 1277 1488 1341 ἔθος
1540 1282 1669 1351 (86),
1715 1277 1971 1350 κατηχή-

310 1399 406 1438 σας
438 1376 627 1443 αὐτὸν,
661 1371 733 1428 δι’
764 1375 988 1447 ἡμερῶν
1020 1370 1119 1425 οὐκ
1149 1369 1358 1444 ὀλίγων
1387 1369 1594 1422 τελειοῖ
1644 1370 1724 1437 τῷ
1772 1362 1972 1440 βαπτί-

311 1489 474 1542 σματι
513 1466 590 1527 εἶς
620 1460 802 1537 ὄνομα
829 1466 927 1518 τοῦ
970 1461 1180 1537 Ηατρὸς
1241 1459 1331 1515 καὶ
1388 1463 1486 1514 τοῦ
1544 1458 1672 1512 Υἱοῦ
1728 1456 1819 1511 καὶ
1876 1458 1975 1509 τοῦ

311 1559 467 1634 ἁγίου
531 1553 868 1628 Πνεόματος.
928 1553 1153 1625 Ἔμεινε
1213 1547 1271 1604 δὲ
1328 1548 1533 1624 Ναχὼρ
1622 1546 1739 1619 μετ’
1806 1542 1972 1598 αὐτοῦ

316 1648 591 1721 μετανοῶν
626 1642 709 1698 ἀεὶ
741 1642 825 1716 ἐφ’
854 1643 940 1704 οἷς
970 1640 1209 1713 ἥμαρτε,
1257 1639 1348 1692 καὶ
1408 1636 1654 1710 εὐλογῶν
1698 1635 1791 1689 τὸν
1843 1632 1974 1687 Θεὸν

312 1738 409 1794 τὸν
444 1736 519 1811 μή
554 1733 894 1810 βουλόμενον
929 1730 1228 1794 ἀπολέσθαι
1261 1727 1403 1801 τινὰ,
1436 1726 1581 1783 ἀλλὰ
1609 1727 1827 1781 πάντων
1866 1724 1967 1793 τήν

316 1826 647 1903 ἐπιστροφὴν
688 1820 1052 1897 ἐκδεχόμενον
1112 1824 1222 1893 (87)
1277 1818 1366 1875 καὶ
1428 1819 1823 1892 μετανοοῦντας
1883 1833 1973 1889 φι-

315 1915 656 1992 λανθρώπως
689 1911 1013 1987 δεχόμενον.

2077 642 2497 697 densissimam
2516 638 2906 695 solitudinem
2921 639 3080 694 cervi
3098 638 3287 693 instar
3298 637 3536 709 prosilit
3561 642 3739 707 atque

2078 733 2141 787 in
2162 730 2439 786 monachi
2461 729 2905 800 cujusdam,qui
2927 727 3247 784 sacerdotii
3262 727 3549 799 dignitate
3564 743 3737 781 orna-

2078 827 2175 876 tus
2208 825 2352 884 erat,
2387 818 2733 889 speluncam
2768 835 2830 872 se
2862 818 3093 872 confert
3122 818 3184 871 in
3216 833 3334 887 qua
3360 815 3463 870 ille
3494 820 3740 887 propter

2078 912 2498 967 imminentem
2518 915 2743 963 metum
2762 908 3364 978 delitescebat.Atque
3388 906 3737 977 anteipsum

2078 1000 2519 1058 ferventissimo
2536 1004 2772 1069 pectore
2788 998 2953 1051 humi
2971 1014 3098 1052 sese
3114 996 3737 1068 provolvit,ipsiusque

2080 1090 2481 1163 pedes,instar
2498 1086 2778 1141 videlicet
2794 1086 3010 1140 veteris
3026 1087 3187 1141 illius
3202 1085 3533 1140 meretricis
3556 1087 3737 1155 (Lucae

2078 1182 2196 1251 vn),
2230 1178 2514 1250 lacrymis
2556 1175 2883 1247 perfundit,
2943 1191 3011 1229 ac
3060 1174 3323 1229 divinum
3370 1174 3737 1245 baptismum

2084 1270 2369 1342 exposcit.
2423 1265 2711 1321 Sacerdos
2760 1266 2984 1335 itaque,
3049 1269 3255 1335 utpote
3306 1263 3503 1319 divina
3550 1264 3740 1335 gratia

2082 1360 2319 1431 plenus,
2356 1356 2660 1429 ingentem
2684 1353 2883 1409 animo
2903 1353 3266 1423 voluptatem
3286 1353 3461 1423 cepit,
3483 1369 3738 1423 eumque

2083 1448 2421 1513 confestim,
2453 1450 2520 1500 ut
2549 1461 2680 1500 mos
2713 1442 2963 1508 ferebat,
2997 1458 3105 1513 per
3135 1441 3265 1496 dies
3308 1441 3468 1496 haud
3517 1458 3739 1512 paucos

2082 1537 2433 1594 Christiana)
2494 1534 2609 1590 fide
2676 1532 3034 1587 rudimentis
3102 1531 3465 1599 institutum,
3544 1530 3739 1585 divino

2082 1628 2439 1700 baptismate
2471 1624 2706 1695 perﬁcit
2738 1622 2799 1677 in
2821 1621 3065 1677 nomine
3097 1620 3287 1676 Patris
3312 1620 3515 1675 etFilii
3540 1625 3598 1675 et
3619 1620 3743 1691 Spi-

2080 1718 2230 1773 ritus
2263 1715 2453 1771 sancti
2502 1716 2698 1786 (Marc.
2744 1712 2894 1783 ιλιι).
2939 1710 3152 1765 Mansit
3199 1715 3398 1765 autem
3451 1726 3585 1764 cum
3634 1709 3739 1764 illo

2083 1808 2334 1873 Nachor,
2368 1809 2657 1876 perpetua
2679 1801 2752 1857 ob
2782 1818 2852 1856 ea
2899 1805 3143 1871 peccata
3189 1816 3319 1869 quae
3369 1803 3743 1871 perpetrarat

1997 1883 2045 1947 B
2079 1894 2449 1969 paenitudine
2466 1892 3016 1960 ductus,l)eumque
3030 1888 3145 1942 ben
3156 1887 3529 1959 edicens,qui
3555 1889 3743 1944 nemi-

314 2026 457 2065 nem
490 2006 683 2080 perire
714 2004 857 2072 vult,
885 2019 1089 2057 verum
1121 2000 1392 2057 omnium
1422 1996 1900 2070 resipiscentiam
1942 1991 2266 2061 exspectat,
2298 1989 2476 2055 atque
2509 1998 2609 2037 eos
2641 1980 2745 2052 qui
2792 1979 3207 2051 paenitentiam
3251 1982 3433 2050 agunt
3478 1978 3739 2034 humane

318 2116 388 2155 ac
410 2099 664 2169 benigne
695 2093 914 2165 excipit
938 2094 1017 2164 (II
1043 2095 1193 2148 Petr.
1223 2107 1282 2145 ιιι
1309 2107 1323 2155 ς
1355 2089 1548 2144 Ezech.
1580 2089 1750 2157 xvm).

393 2188 598 2249 ’Ἑωθεν
631 2181 688 2239 δὶ
719 2183 904 2257 μαθὼν
936 2180 1006 2235 τὰ
1060 2179 1196 2234 κατά
1242 2176 1336 2232 τὸν
1385 2175 1598 2251 Ναχὼρ
1626 2175 1654 2229 ὁ
1690 2170 1972 2249 βασιλεὺς,

316 2276 409 2332 καὶ
440 2272 716 2350 ἀπογνοὺς
743 2275 811 2342 ἧς
866 2272 1011 2346 εἶχεν
1037 2265 1265 2332 ἐλπίδος
1306 2266 1388 2321 ἐπ’
1419 2266 1587 2337 αὐτῷ,
1619 2263 1751 2319 ἰδὼν
1795 2261 1853 2318 δὲ
1880 2262 1973 2317 καὶ

313 2367 446 2429 τοὺς
472 2365 671 2444 σοφοὺς
725 2364 895 2419 αὐτοῦ
954 2361 1046 2417 xui
1104 2361 1454 2437 παράφρονας
1513 2356 1753 2433 ῥήτορας
1802 2352 1977 2415 οὕτως

314 2457 416 2512 ἀνά
446 2441 645 2532 κράτος
665 2453 1025 2524 ἡττηθέντας,
1064 2448 1118 2505 ἐν
1178 2447 1470 2522 ἀμηχανίᾳ
1526 2447 1617 2515 ἦν.
1674 2444 1775 2499 Καὶ
1828 2441 1975 2498 ἐκεί-

317 2568 447 2611 νους
481 2529 577 2619 μὶν
610 2539 799 2617 ὕϐρεσι
832 2539 1034 2601 δειναῖς
1087 2540 1177 2593 καὶ
1238 2536 1485 2611 ἀτιμίαις
1540 2533 1746 2611 βαλὼν,
1793 2532 1886 2594 οὕς
1920 2529 1978 2586 δὲ

316 2637 407 2692 καὶ
473 2632 792 2713 βουνεῦροις
853 2628 1104 2709 σφοδρῶς
1168 2628 1515 2702 μαστιγώσας
1602 2622 1691 2678 καὶ
1761 2618 1976 2695 ἀσϐόλῃ

317 2727 411 2789 τὰς
442 2722 595 2800 ὄψεις
631 2720 977 2799 περιχρίσας,
1036 2713 1255 2792 ἐξέϐαλε
1306 2720 1402 2771 τοῦ
1449 2712 1596 2769 ἰδίου
1653 2712 1975 2788 προσώπου·

331 2817 487 2877 αὐτὸς
518 2811 577 2869 δὲ
607 2810 1036 2886 καταγινώσκειν
1070 2809 1271 2880 ἤρξατο
1303 2812 1403 2875 τῆς
1445 2807 1553 2859 τῶν
1602 2799 1978 2876 ψευδωνύμων

330 2910 463 2971 θεῶν
493 2901 791 2974 ἀσθενείας,
825 2899 873 2955 εἲ
901 2899 992 2954 καὶ
1028 2899 1105 2971 μή
1136 2894 1362 2958 τελείως
1415 2898 1496 2966 τῷ
1544 2891 1683 2971 φωτὶ
1742 2889 1979 2964 Χριστοῦ

324 2989 669 3069 προσϐλέψαι
699 2992 837 3052 τέως
866 2988 1126 3060 ἠθέλησε.
1161 2987 1231 3040 Τὸ
1286 2984 1387 3060 γὰρ
1445 2987 1542 3048 τῆς
1594 2981 1979 3058 περικειμένης

323 3085 481 3155 αὑτῷ
512 3082 724 3158 ἀχλύος
754 3079 907 3155 παχὺ
954 3079 1115 3151 νέφος
1174 3081 1426 3151 κατεῖχεν
1483 3071 1561 3128 ἔτι
1615 3074 1710 3133 τάς
1768 3069 1984 3147 ὁράσεις

326 3174 499 3230 αὐτοῦ
527 3180 629 3241 τῆς
660 3168 908 3247 καρδίας.
944 3166 1106 3223 Ἀλλ’
1138 3164 1227 3221 οῦν
1259 3164 1357 3220 οὐκ
1386 3163 1464 3220 ἔτι
1492 3162 1621 3224 τοὺς
1680 3160 1986 3235 νεωκόρους

323 3266 509 3338 ἐτίμα,
542 3259 665 3319 οὕτε
727 3263 835 3335 μὴν
894 3262 1085 3338 ἑορτὰς
1142 3258 1241 3333 ἦγε
1296 3257 1388 3311 καὶ
1447 3252 1680 3315 σπονδὰς
1740 3250 1982 3307 ἐπέτέλει

321 3361 447 3418 τοῖς
479 3350 753 3413 εἰδώλοις·
791 3349 938 3406 ἀλλά
996 3346 1365 3421 σαλευομένην
1419 3345 1536 3420 εἶχε
1581 3344 1680 3412 τήν
1742 3339 1982 3397 διάνοιαν

321 3443 741 3521 ἀμφοτέρωθεν,
775 3437 922 3497 ἔνθεν
959 3440 1054 3512 μέν
1086 3445 1187 3507 τῆς
1235 3436 1510 3491 ἀσθενείας
1560 3432 1985 3507 καταγινώσκων

320 3519 435 3589 τῶν
470 3534 606 3587 θεῶν
638 3531 834 3599 αὐταῦ,
868 3527 1068 3591 ἐκεῖθεν
1126 3524 1184 3581 δὲ
1228 3527 1329 3594 τὴν
1389 3519 1668 3599 ἀκρίϐειαν
1726 3519 1987 3580 δεδοικὼς

325 3630 433 3693 τῆς
466 3619 834 3699 εὐαγγελικῆς
872 3616 1158 3679 πολιτείας
1213 3614 1305 3668 καὶ
1365 3610 1828 3671 δυσαποσπάστως
1880 3612 1989 3662 τῶν

329 3716 483 3773 261
522 3694 784 3784 πονηρῶν
815 3701 960 3781 ἔχων
996 3703 1128 3759 ἐθῶν
1163 3705 1298 3777 (88).
1328 3702 1474 3756 Πάνυ
1524 3702 1627 3775 γὰρ
1670 3704 1789 3759 ταῖς
1846 3694 1992 3784 ἡδο-

332 3808 449 3864 ναῖς
484 3796 885 3857 κατεδουλοῦτο
916 3798 1013 3850 τοῦ
1063 3794 1343 3865 σώματος,
1403 3788 1493 3844 καὶ
1552 3785 1682 3847 ὅλος
1734 3788 1800 3855 ἦν
1856 3783 1993 3855 πρὸς

333 3893 405 3948 τὰ
434 3890 580 3960 πάθη
616 3886 979 3964 αἷχμαλώτον
1014 3881 1167 3954 δίκην
1212 3881 1503 3956 ἀγόμενος,
1558 3876 1647 3931 καὶ
1704 3872 1939 3947 μεθύων,
1965 3869 1996 3925 ὅ

338 4001 504 4057 φησιν
535 3980 761 4038 Ἡσαῖας
792 3976 930 4049 (89),
964 3970 1083 4026 ἄνευ
1116 3966 1290 4039 οἷ’νου,
1321 3966 1411 4022 καὶ
1444 3964 1625 4037 ὥσπερ
1661 3961 1764 4017 ὑπὸ
1811 3960 1997 4030 κημοῦ

340 4070 441 4138 τῆς
468 4072 714 4141 πονηρᾶς
746 4061 1031 4133 συνηθείας
1065 4058 1386 4130 ἑλκόμενος.

2152 2168 2277 2221 Rex
2304 2169 2679 2229 autem,cum
2702 2160 2774 2215 de
2798 2158 3081 2215 Nachoris
3111 2158 3289 2213 rebus
3312 2175 3487 2214 mane
3519 2158 3739 2214 certior

2083 2258 2273 2313 factus
2303 2253 2535 2319 fuisset,
2579 2267 2645 2305 ac
2672 2266 2775 2321 spe
2817 2266 2924 2304 sua
2962 2247 3303 2315 excidisset,
3354 2252 3413 2301 et
3452 2254 3743 2318 praeterea

2087 2347 2387 2419 sapientes
2422 2358 2562 2396 suos
2594 2356 2660 2395 ac
2696 2337 2944 2393 stolidos
2972 2343 3237 2393 oratores
3286 2337 3454 2392 nnllo
3504 2338 3738 2409 negotio

2089 2431 2592 2509 superatosfuisse
2607 2427 3103 2500 conspexisset,in
3121 2443 3336 2499 magna
3347 2426 3533 2481 animi
3547 2426 3746 2481 anxie-

2088 2533 2207 2582 tate
2230 2522 2605 2587 versabatur;
2634 2534 2873 2589 eosque,
2894 2534 3027 2572 cum
3041 2532 3243 2588 graves
3258 2516 3423 2588 prius
3436 2522 3747 2571 contume-

2090 2617 2203 2671 lias
2221 2630 2287 2668 ac
2311 2610 2604 2665 dedecora
2624 2608 2770 2679 ipsis
2795 2606 3116 2671 intulisset,
3140 2622 3207 2659 ac
3225 2605 3550 2660 nonnullos
3569 2605 3750 2660 etiam

2088 2703 2325 2760 babulis
2350 2699 2546 2755 nervis
2565 2703 2823 2752 atrocem
2848 2696 2910 2749 in
2934 2694 3179 2749 modum
3203 2694 3546 2761 lacerasset,
3593 2696 3755 2766 ipso-

2090 2807 2344 2861 rumque
2361 2787 2567 2843 oculos
2584 2785 2834 2857 fuligine
2857 2783 3207 2849 illevisset,a
3222 2799 3282 2837 se
3301 2782 3751 2855 ablegavit.lpse

2091 2888 2292 2939 autem
2310 2879 2599 2935 falsorum
2616 2875 2864 2930 deorum
2882 2872 3356 2927 imbecillitatem
3372 2872 3657 2927 damnare
3674 2872 3758 2927 in-

2094 2966 2513 3042 cmpitetiamsi
2529 2962 3033 3035 alioquinondum
3048 2961 3123 3016 ad
3135 2961 3351 3016 Christi
3368 2961 3560 3017 lucem
3576 2961 3754 3033 plene

2095 3079 2161 3117 ac
2180 3059 2440 3132 perfecte
2465 3055 2668 3110 oculos
2692 3051 2991 3123 conjicere
3026 3052 3087 3105 in
3121 3052 3388 3106 animum
3420 3051 3753 3106 induceret.

2096 3150 2330 3205 Etenim
2363 3146 2549 3200 densa
2581 3141 2851 3214 caliginis
2882 3140 3073 3195 nubes
3105 3140 3219 3210 ipsi
3249 3139 3516 3209 undique
3566 3141 3758 3195 affusa

2016 3250 2059 3315 ο
2099 3239 2295 3297 cordis
2326 3236 2514 3308 ipsius
2541 3233 2746 3289 oculos
2778 3231 2973 3285 adhuc
3001 3229 3259 3285 tenebat.
3311 3230 3603 3284 Caeterum
3635 3247 3757 3285 non

2089 3333 2216 3405 jam
2242 3327 2583 3386 sacerdotes
2606 3342 2746 3381 suos
2768 3323 2829 3378 in
2854 3324 3143 3377 honorem
3166 3321 3443 3388 habebat,
3465 3338 3576 3376 nec
3605 3321 3758 3377 festa

2100 3428 2158 3477 et
2177 3418 2468 3476 libamina
2482 3413 2820 3471 simulacris
2840 3412 2963 3467 suis
2977 3410 3315 3483 peragebat,
3333 3426 3536 3464 verum
3555 3412 3757 3466 animo

2100 3514 2161 3568 in
2184 3516 2499 3577 utramque
2522 3508 2753 3576 partem
2782 3500 3097 3555 vacillabat
3119 3517 3131 3552 :
3152 3500 3293 3553 hinc
3316 3500 3600 3553 nimirum
3617 3500 3759 3555 deo—

2101 3616 2234 3656 rum
2250 3612 2489 3653 suorum
2512 3590 2985 3646 imbecillitatem
3006 3588 3544 3661 improbans,illinc
3562 3594 3763 3643 autem

2102 3689 2467 3760 Evangelica)
2483 3686 2612 3739 vita)
2629 3682 3033 3738 sinceritatem
3050 3679 3765 3753 reformidans,pravaque

2103 3775 2538 3835 consuetudine
2566 3773 2649 3826 ita
2671 3771 3053 3835 constrictus,
3080 3770 3230 3824 utab
3253 3769 3423 3824 eavix
3437 3771 3609 3825 avelli
3631 3789 3767 3844 pos-

2106 3863 2531 3936 set.Siquidem
2548 3858 3354 3932 corporearumvoluptatum
3370 3860 3637 3914 servituti
3652 3876 3772 3915 ma-

2101 3959 2299 4030 jorem
2323 3954 2383 4007 in
2407 3949 2651 4006 modum
2674 3947 2950 4003 addictus
2974 3946 3475 4017 erat,vitiosisque
3500 3949 3767 4005 affectio-

2110 4045 2289 4102 nibus
2308 4056 2553 4115 prorsus
2585 4054 2829 4111 operam
2861 4035 3058 4105 dabat,
3091 4036 3304 4107 captivi
3323 4037 3513 4092 instar
3532 4038 3767 4110 ductus,

344 4124 522 4231 atque
555 4124 780 4227 absque
801 4124 962 4218 vino,
992 4154 1058 4206 ut
1086 4124 1256 4205 Isaia:
1285 4145 1479 4201 verbis
1508 4148 1644 4198 utar
1663 4143 1841 4212 (Isaia:
1870 4140 1967 4211 LI),
1999 4135 2221 4202 ebrius,
2254 4130 2409 4187 etab
2450 4126 2726 4199 improba
2778 4124 3214 4181 consuetudine
3264 4129 3549 4196 tanquam
3598 4127 3766 4185 freno

347 4247 605 4320 quodam
635 4248 949 4300 retractus.

420 4332 611 4395 Οὕτως
657 4330 751 4386 οῦν
806 4333 907 4384 τοῦ
968 4326 1238 4403 βασιλέως
1296 4322 1416 4378 δυσὶ
1473 4320 1797 4382 παλαίοντος
1844 4318 2002 4391 λογι-

2184 4314 2329 4367 Cum
2355 4309 2537 4381 igitur
2566 4323 2670 4361 rex
2701 4323 2839 4361 cum
2870 4303 3095 4377 duplici
3129 4305 3485 4377 cogitatione
3516 4307 3591 4363 ad
3612 4309 3773 4365 hunc

351 4426 538 4491 σμοῖς,
571 4417 1005 4491 ὁεύγενέστατος
1038 4415 1206 4470 αὐτοῦ
1252 4413 1393 4482 υἱὸς,
1459 4410 1549 4467 καὶ
1600 4414 1680 4482 τῷ
1730 4406 1847 4464 ὄντι
1907 4409 1985 4483 βαι

2116 4402 2361 4459 modum
2393 4399 2743 4463 luctaretur,
2780 4394 3197 4450 nobilissimus
3246 4396 3432 4467 ipsius
3480 4398 3660 4465 ﬁlius,
3707 4416 3777 4456 ac

353 4506 727 4575 σιλικωτάτην
766 4504 1102 4576 κεκτημένος
1159 4502 1370 4576 ψυχὴν,
1427 4502 1651 4572 ἠρεμῶν
1709 4498 1776 4567 ἦν
1838 4495 1888 4552 ἐν
1931 4500 2009 4565 τῷ

352 4594 610 4665 παλατίῳ
637 4592 830 4657 αὐτοῦ,
860 4590 925 4645 τὸ
980 4597 1083 4658 τῆς
1138 4588 1350 4667 φύσεως
1406 4587 1572 4642 αὐτοῦ
1631 4590 1877 4661 γενναῖον
1917 4584 2011 4639 κό-

356 4683 517 4757 σμιόν
549 4703 607 4737 τε
637 4682 726 4736 καὶ
764 4675 1000 4756 βεϐηκὸς
1033 4676 1124 4733 διὰ
1168 4682 1278 4733 τῶν
1312 4674 1486 4753 ἔργων
1534 4682 1664 4731 πᾶσι
1711 4679 2010 4751 παριστῶν.

353 4775 564 4848 Θέατρα
594 4770 697 4847 γὰρ
726 4767 818 4824 καὶ
864 4768 1075 4843 ἀγῶνες
1124 4764 1311 4823 ἵππων
1371 4767 1460 4822 καὶ
1515 4764 1851 4841 κυνηγεσίων
1917 4783 2014 4839 με·

354 4864 517 4934 λέτη,
546 4860 636 4916 καὶ
668 4863 832 4915 πᾶσαι
876 4858 932 4913 αἱ
988 4863 1091 4928 τῆς
1148 4858 1407 4928 νεότητος
1457 4856 1607 4912 κεναὶ
1659 4853 1865 4931 σχολαὶ
1923 4854 2011 4909 καὶ

355 4950 580 5017 ἀπάται,
617 4948 686 5005 τά
739 4952 847 5003 τῶν
910 4948 1162 5024 ἀφρόνων
1218 4950 1413 5021 ψυχῶν
1471 4944 1832 5018 δελεάσματα,
1890 4944 2018 5019 παρ’

360 5042 519 5097 οὐδὲν
553 5038 868 5114 ἐλογίζοντο
904 5037 1068 5109 αὐτῷ·
1104 5036 1233 5092 ἀλλ’
1284 5036 1418 5098 ὅλος
1460 5039 1565 5090 τῶν
1624 5038 1719 5089 τοῦ
1778 5038 2019 5109 Χριστοῦ

360 5124 628 5198 ἐξήρτητο
696 5116 961 5185 ἐντολῶν,
1019 5117 1110 5173 καὶ
1170 5117 1329 5173 αὐτὸν
1382 5116 1563 5171 ἐπόθει
1632 5118 1861 5191 τρωθεὶς
1918 5120 2019 5187 τὴν

363 5212 548 5287 φυχήν
583 5207 747 5285 ἔρωτι
780 5208 933 5281 θείῳ·
973 5206 1133 5263 αὐτὸν
1168 5206 1349 5262 ἐπόθει
1406 5207 1499 5262 τὸν
1542 5200 1713 5269 ὅντως
1757 5208 2019 5282 ποθητὸν,

2118 4509 2251 4547 vere
2284 4490 2444 4560 regio
2477 4486 2679 4543 animo
2712 4484 3023 4557 prmditus,
3057 4484 3119 4540 in
3151 4502 3257 4541 suo
3289 4485 3509 4557 palatio
3541 4488 3779 4559 quietus

2122 4580 2633 4653 degebat,naturae
2649 4592 2770 4630 suae
2796 4573 3280 4647 generositatem,
3304 4575 3782 4651 modestiamque

2124 4677 2183 4727 et
2208 4667 2609 4726 constantiam
2640 4682 2747 4737 per
2780 4681 2963 4737 opera
2995 4663 3228 4719 cunctis
3276 4665 3607 4723 declarans.
3640 4672 3787 4726 Nam

2126 4761 2360 4816 theatra
2381 4762 2441 4813 et
2470 4771 2762 4828 equorum
2783 4753 3599 4824 certamina,etvenationum
3619 4775 3787 4814 exer-

2126 4848 2749 4922 citationes,etinania
2771 4847 2975 4903 omnia
2979 4847 3002 4918 j
3014 4848 3272 4904 uvenilis
3286 4849 3476 4905 aetatis
3499 4850 3712 4920 studia,
3729 4856 3788 4907 et

2127 4945 2488 5015 imposturas
2521 4938 2739 5011 quibus
2773 4936 2939 4993 stulti
2956 4937 3138 4991 animi
3165 4937 3606 4995 deliniunturet
3626 4940 3790 4996 ines-

2129 5037 2361 5099 cantur,
2386 5029 2559 5085 nihili
2591 5027 2838 5083 omnino
2872 5026 3163 5093 ducebat;
3196 5043 3397 5082 verum
3449 5044 3519 5083 ex
3569 5029 3787 5086 Christi

2130 5120 2431 5179 mandatis
2445 5118 2695 5173 omnino
2715 5114 3111 5187 pendebat,ac
3132 5114 3328 5169 divino
3342 5132 3545 5172 amore
3564 5118 3788 5173 saucia-

2130 5214 2248 5279 tus,
2274 5225 2411 5264 eum
2433 5206 2768 5278 expetebat,
2790 5204 2892 5276 qui
2916 5220 3071 5283 vere.
3088 5204 3456 5276 expetendus
3488 5212 3598 5279 est,
3630 5212 3790 5265 totus

435 5342 548 5413 (85)
580 5341 719 5395 Luc.
750 5354 844 5399 vn,
878 5339 969 5408 37,
1002 5340 1069 5393 38
1100 5353 1114 5394 :
1144 5335 1289 5405 Γυνή
1322 5334 1376 5391 ἐν
1404 5334 1471 5411 τῇ
1501 5334 1684 5407 πόλει,
1738 5336 1861 5407 ἣτις
1918 5338 1985 5408 ἦν

2099 5334 2439 5415 ιαρτωλὸς...
2494 5332 2698 5407 ἤρξατο
2756 5327 2979 5407 βρέχειν
3036 5328 3166 5392 τοὺς
3224 5327 3398 5393 πόδας
3454 5333 3622 5390 αὐτοῦ
3676 5339 3797 5397 τοῖς

369 5409 618 5485 δάκρυσι.

465 5473 533 5542 86
591 5486 638 5539 Α
673 5482 803 5538 sine
834 5477 1018 5553 ὥσπερ
1050 5473 1192 5542 ἔθος.

439 5487 784 5631 28:7;Ezech:
818 5570 981 5631 xvn},
1011 5555 1114 5610 23:
1149 5558 1192 5610 Μ

439 5560 558 5631 (87)
578 5560 784 5611 Ezech.
818 5570 981 5619 xvm,
1011 5560 1114 5610 23:
1149 5560 1241 5621 Μὴ
1276 5560 1496 5622 θελήσει
1528 5560 1748 5621 θελήσω
1776 5560 1846 5608 τὸε

368 5627 464 5682 τὸν
499 5626 558 5682 ἐκ
587 5622 852 5699 τῆς-,ὁδοῦ
874 5629 985 5699 ,τῆς
1010 5624 1304 5698 πονηρίας.
1326 5656 1397 5669 --
1426 5626 1486 5696 C,
1520 5620 1846 5699 δεχόμενον.

472 5702 561 5771 88)
588 5701 650 5772 C,
684 5695 832 5773 ἔχων
865 5698 1023 5773 θεῶνζ

472 5704 561 5771 88)
588 5704 650 5772 C,
684 5704 832 5773 ἔχων
865 5704 1023 5753 θεῶν.

453 5704 575 5846 (89)
607 5776 720 5830 Isa.
750 5788 825 5840 LI,
860 5773 922 5826 21
953 5785 969 5828 :
999 5767 1291 5833 Μεθόουσα
1321 5768 1424 5827 οὐκ
1451 5767 1561 5825 ἀπὸ
1591 5765 1765 5829 οἴνου.

667 5891 942 5955 Pauor.
990 5888 1103 5951 Gn.
1149 5887 1360 5955 XCVI.

578 5555 784 5626 Ezech.
818 5542 1114 5619 xvm,'23:
1149 5552 1241 5626 Μὴ
1276 5548 1496 5622 θελήσει
1525 5550 1748 5626 θελήσω
1776 5552 1869 5608 τὸν
1897 5550 2125 5610 θάνατον
2155 5555 2253 5609 τοῦ
2313 5547 2545 5624 ἀνόμου,
2605 5542 2758 5622 λέγει
2811 5546 3040 5624 Κύριος,
3087 5548 3161 5610 ὡς
3204 5546 3269 5603 τὸ
3311 5545 3649 5626 ἀποστρέψαι
3707 5550 3805 5605 αὖ·
