4112 6424
367 425 502 518 iis!

1896 455 2268 512 ADDENDA.

3659 457 3802 516 1132

366 589 562 645 suavis
592 604 662 646 ac
683 591 842 645 totus
868 585 1284 644 desiderabilis
1312 584 1499 656 (Cant.
1543 584 1620 651 v),
1674 587 1852 652 atque
1898 580 2008 652 ejus

2142 576 2200 638 ὃς
2231 575 2373 632 ἐστιν
2405 575 2536 641 ὅλος
2565 577 2886 655 γλυκασμὸς
2915 581 3006 636 καὶ
3057 578 3342 656 ἐπιθυμία,
3373 581 3464 638 καὶ
3502 580 3800 660 ἀκόρεστος

365 678 552 750 modi,
584 683 654 734 ut
681 680 809 734 sine
839 677 963 733 ulla
993 675 1299 731 saturitate
1334 677 1698 744 expectatur.

438 769 505 823 In
535 767 889 824 memoriam
919 769 1118 820 autem
1145 762 1383 819 rediens
1418 761 1689 834 magistri
1742 759 1833 815 sui
1884 761 2022 816 Bar-

367 856 549 925 laam,
573 862 750 927 atque
764 854 951 927 ipsius
965 853 1145 907 vitam
1159 852 1269 906 sibi
1290 857 1426 907 ante
1441 851 1645 906 oculos
1659 866 2024 922 proponens,

365 946 556 1019 ipsius
587 961 788 1000 amore
819 944 1092 999 animum
1128 959 1301 997 suum
1332 941 1659 997 demulceri
1709 939 2021 1006 sentiebat,

367 1052 434 1092 ac
468 1051 730 1106 quonam
782 1039 952 1106 pacto
1004 1034 1199 1105 ipsum
1247 1031 1494 1099 videret,
1543 1048 1775 1086 summo
1827 1029 2024 1085 studio

365 1124 640 1191 curabat;
673 1129 852 1195 atque
884 1122 1074 1196 ipsius
1099 1139 1407 1178 sermones
1441 1122 1569 1177 sine
1584 1121 1707 1176 ulla
1728 1120 2028 1176 intermis-

365 1214 531 1270 sione
563 1213 625 1268 in
657 1212 832 1268 corde
865 1229 970 1267 suo
1003 1211 1451 1281 circumferens,
1477 1216 1603 1266 erat
1624 1216 1906 1282 tanquam
1928 1227 2025 1266 ar-

363 1303 476 1359 bor
497 1319 669 1358 secus
686 1318 978 1374 aquarum
1001 1301 1287 1357 decursus
1305 1302 1592 1373 plantata,
1616 1305 2022 1373 perpetuoque

366 1393 630 1467 irrigata,
661 1409 730 1448 ac
761 1392 1141 1465 tempestivos
1175 1391 1415 1446 domino
1464 1391 1690 1446 fructus
1743 1391 2020 1446 afferens.

362 1483 577 1540 Multas
609 1482 770 1538 enim
803 1482 1033 1538 animas
1065 1480 1286 1538 diaboli
1309 1481 1540 1552 laqueis
1565 1480 1807 1552 eripuit,
1832 1480 2024 1535 Chris-

361 1577 543 1644 toque
575 1577 834 1628 servatas
865 1570 1101 1638 obtulit,
1125 1570 1423 1642 siquidem
1445 1570 1617 1626 multi
1639 1570 1713 1625 ad
1736 1587 1871 1625 eum
1892 1587 2020 1625 sese

361 1661 759 1730 conferentes,
808 1660 1170 1716 salutaribus
1224 1660 1598 1716 sermonibus
1646 1659 2017 1716 fruebantur.

357 1751 444 1806 Ex
475 1751 690 1822 quibus
725 1767 844 1806 non
876 1751 1070 1822 pauci,
1103 1749 1239 1823 fuga
1269 1750 1478 1806 relicto
1513 1766 1712 1805 errore
1750 1749 1824 1805 ad
1856 1750 2021 1805 salu-

2135 685 2336 730 εφεσις.

2232 687 2262 720 σ
2325 710 2336 724 .

2163 687 2313 819 cfmilii:
2336 757 2564 830 μνήμην
2596 755 2654 813 δὲ
2682 757 2982 834 ἐρχόμενος
3011 764 3110 815 τοῦ
3141 758 3481 817 διδασκάλου
3500 758 3796 837 Βαρλαάμ,

2137 845 2230 899 καὶ
2281 847 2373 902 τὸν
2434 845 2640 902 ἐκείνου
2697 846 3161 926 ἐνοπτριζόμενος
3222 851 3369 926 βίον,
3456 844 3621 926 ἔρωτι
3693 851 3795 921 τήν

2135 934 2320 1010 ψυχήν
2357 933 2637 1010 ἐθέλγετυ,
2667 936 2756 992 καὶ
2791 936 2943 1003 ὅπως
2973 937 3134 994 αὑτὸν
3168 935 3280 994 ἴδοι
3320 938 3632 1016 ἐφρόντιζεν
3665 939 3796 995 ἐπι-

2138 1024 2464 1098 μελέστατα,
2515 1026 2628 1096 καὶ,
2684 1027 2814 1091 τοὺς
2875 1027 3075 1104 λόγους
3135 1028 3301 1086 αὑτοῦ
3360 1028 3413 1084 ἐν
3469 1032 3539 1104 τῇ
3597 1027 3796 1106 καρδίᾳ

2133 1116 2440 1192 περιφέρων
2479 1117 2754 1189 ἀλήστως,
2814 1119 2981 1174 οἱονεὶ
3042 1117 3203 1191 ξύλον
3264 1122 3330 1190 ἦν
3389 1121 3793 1198 πεφυτευμένον

2132 1205 2279 1279 παρὰ
2307 1210 2425 1269 τοῖς
2457 1204 2762 1281 ψαλμικοῖς
2811 1204 3001 1263 ὕδασιν
3048 1211 3180 1284 (90),
3223 1206 3586 1286 ἀρδευόμενον
3639 1208 3797 1265 ἀδια-

2132 1293 2372 1358 λείπτως
2403 1295 2495 1350 καὶ
2529 1296 2768 1372 ὡραίους
2802 1296 3083 1374 προσάγον
3113 1300 3224 1371 (9i)
3276 1297 3521 1372 καρποὺς
3565 1303 3646 1372 τῷ
3699 1305 3798 1354 Ku-

2134 1382 2257 1460 ρίῳ.
2287 1383 2513 1448 Πολλὰς
2543 1385 2644 1462 γὰρ
2677 1387 2864 1462 ψυχὰς
2891 1391 2999 1442 τῶν
3058 1391 3160 1442 τοῦ
3212 1383 3481 1444 διαϐόλου
3529 1385 3793 1465 ἐρῥὺσατο

2132 1475 2287 1532 262
2314 1473 2529 1551 ἀρκύων
2563 1476 2652 1531 καὶ
2684 1481 2765 1550 τῷ
2795 1482 3014 1552 Χριστῷ
3053 1480 3371 1554 προσήγαγε
3425 1475 3788 1553 σεσωσμένας’

2129 1563 2338 1621 πολλοὶ
2367 1565 2472 1640 γὰρ
2506 1563 2578 1629 ei;
2611 1565 2772 1622 αὐτὸν
2802 1571 3096 1646 φοιτῶντες
3129 1567 3313 1643 λόγων
3343 1569 3630 1640 ἀπήλαυον
3678 1592 3790 1626 σω-

2129 1655 2358 1732 τηρίων,
2393 1656 2444 1730 ἐξ
2476 1659 2550 1713 ὧν
2581 1657 2679 1714 οὐκ
2709 1658 2914 1736 ὀλίγοι,
2963 1667 3063 1732 τήν
3110 1657 3327 1732 πλάνην
3377 1661 3659 1740 φυγόντες,
3710 1668 3792 1737 τῷ

2131 1747 2392 1822 σωτηρίῳ
2421 1744 2806 1824 προσέδραμον
2831 1745 3008 1824 λόγῳ·
3059 1747 3223 1805 ἄλλοι
3274 1747 3352 1819 δὲ,
3411 1751 3618 1826 μακρὰν
3669 1759 3793 1816 τοῖς

356 1847 547 1897 tarem
580 1839 914 1896 doctrinam
941 1841 1355 1896 accurrebant.
1392 1841 1506 1895 Alii
1566 1846 1788 1908 autem,
1835 1840 2008 1896 rebus

2127 1840 2225 1890 τοῦ⁹
2255 1837 2383 1911 βίου
2417 1837 2630 1912 χαίρειν
2667 1837 2931 1909 εἰπόντες,
2953 1839 3055 1908 τήν
3095 1838 3400 1911 ἀπητικὴν
3449 1839 3785 1908 ὑπεισῆλθον

355 1931 537 2002 hujus
566 1930 698 1985 vitae
719 1929 966 2003 longum
995 1930 1191 1986 valere
1215 1931 1427 2004 jussis,
1461 1931 1857 1986 monasticam
1907 1948 2008 2002 pa~

2127 1923 2495 2001 παλαίστραν.
2535 1927 2714 1989 Αὐτὸς
2749 1925 2807 1982 δὲ
2838 1928 3029 2004 εὐχαῖς
3060 1927 3329 2006 ἐσχόλαζε
3357 1929 3447 1985 καὶ
3491 1931 3782 2004 νηστείαις,

356 2019 622 2075 laestram
653 2019 1066 2091 capessebant.
1116 2022 1247 2092 Ipse
1294 2026 1493 2076 autem
1545 2019 1916 2076 orationibus
1977 2037 2005 2074 e

2137 2019 2227 2071 καί
2258 2021 2475 2092 συχνῶς
2504 2017 2705 2088 ταύτην
2755 2017 3033 2092 ἀνέπεμπε
3080 2020 3179 2090 τήν
3225 2020 3432 2098 φωνὴν,
3479 2022 3546 2074 Ὦ
3595 2020 3781 2096 Κύριε,

351 2108 606 2181 jejuniis
637 2125 881 2181 operam
913 2109 1112 2178 dabat,
1147 2109 1600 2181 identidemque
1626 2109 1783 2166 hanc
1823 2127 2008 2170 vocen

2137 2103 2336 2182 λέγων,
2367 2105 2520 2182 κύριέ
2553 2128 2663 2180 μου
2692 2109 2782 2162 καὶ
2845 2106 3088 2183 βασιλεῦ,
3122 2110 3168 2182 ᾧ
3201 2107 3304 2186 ἐγορ
3363 2107 3671 2181 ἐπίστευσα,
3704 2111 3785 2188 ἐφ’

362 2199 436 2256 ad
468 2201 654 2256 Deum
687 2201 999 2256 mittebat:
1034 2203 1077 2258 Ο
1112 2202 1362 2257 Domine
1389 2201 1497 2271 mi,
1520 2219 1552 2257 ο
1586 2203 1835 2258 Domine
1856 2206 1937 2259 mi
1962 2223 2008 2262 a1

2135 2193 2193 2249 δν
2227 2193 2333 2272 ἐγὼ
2373 2194 2674 2274 κατέφυγον
2727 2198 2815 2251 καὶ
2873 2203 2976 2267 τῆς
3023 2197 3240 2269 πλάνης
3297 2197 3587 2276 ἐρῥόσθην,
3643 2199 3786 2254 ἀπό-

361 2293 507 2359 Rex,
541 2291 638 2345 cui
669 2307 774 2362 ego
807 2291 1059 2361 credidi,
1092 2290 1168 2346 ad
1192 2309 1371 2362 quem
1404 2307 1508 2366 ego
1562 2293 1815 2366 profugi,
1849 2299 2008 2366 atqui

2135 2281 2226 2346 δος
2259 2285 2451 2358 μισθὸν
2486 2282 2633 2356 ἄξιον
2680 2290 2760 2359 τῷ
2818 2287 3110 2362 θεράποντι
3168 2309 3263 2343 σου
3320 2286 3609 2363 Βαρλαᾶμ,
3669 2289 3785 2344 ἀνθ’

363 2397 566 2436 errore
587 2381 877 2437 liberatus
900 2400 1055 2452 sum,
1087 2382 1326 2456 dignam
1347 2384 1572 2456 famulo
1599 2391 1697 2440 tuo
1720 2385 2008 2442 Barlaam<

2133 2375 2209 2429 ὧν
2240 2396 2337 2448 μοι
2388 2379 2466 2448 τῷ
2522 2375 2859 2448 πλανηθέντι
2914 2379 2973 2433 σὲ
3032 2375 3293 2450 ὑπέδειξε,
3343 2380 3443 2450 τὴν
3503 2376 3631 2435 ὁδὸν
3685 2383 3785 2450 τῆς

360 2471 703 2527 mercedem
737 2471 1022 2543 repende,
1058 2490 1162 2544 pro
1197 2490 1266 2528 eo
1318 2473 1476 2545 quod
1525 2475 1672 2530 mihi
1720 2475 2008 2551 oberrant

2131 2463 2393 2534 ἀληθείας
2417 2465 2504 2520 καὶ
2538 2468 2639 2532 τῆς
2673 2471 2836 2537 ζωῆς·
2894 2466 2984 2522 καὶ
3041 2468 3116 2542 μὴ
3177 2469 3447 2544 στερήσῃς
3504 2490 3570 2544 με
3627 2467 3782 2536 αὗθις

353 2563 434 2628 te,
471 2560 573 2632 qui
604 2562 715 2633 via,
751 2561 865 2617 vita
896 2568 954 2617 et
984 2563 1199 2618 veritas
1232 2580 1293 2618 es
1325 2564 1510 2634 (Joan.
1546 2567 1685 2635 xiv),
1741 2549 2008 2623 demons.

2131 2549 2264 2608 ἰδεῖν
2296 2555 2386 2609 τὸν
2422 2554 2474 2610 ἐν
2509 2555 2723 2628 σώματι
2755 2553 3022 2633 Ἀγγελον
3060 2555 3287 2629 ἐκεῖνον,
3317 2559 3380 2613 οὗ
3431 2557 3531 2614 οὐκ
3575 2555 3717 2616 ἔστιν
3751 2560 3778 2615 6

348 2649 548 2704 travit.
584 2651 664 2704 Ac
695 2649 842 2705 mihi
874 2651 987 2706 hoc
1018 2651 1300 2718 concede,
1333 2658 1400 2708 ut
1451 2669 1693 2709 rursum
1735 2653 1908 2709 illum
1958 2653 2008 2708 in

2124 2641 2335 2716 κόσμος
2364 2641 2606 2716 ἐπάξιος,
2639 2644 2730 2700 καὶ
2771 2644 2863 2701 σὺν
2897 2644 3045 2719 αὐτῷ
3073 2644 3287 2702 τελέσαι
3318 2645 3382 2703 τὰ
3431 2646 3628 2704 λοιπὸν
3678 2656 3776 2720 τῆς

345 2754 596 2810 corpore
649 2740 952 2812 angelum,
999 2758 1117 2812 quo
1169 2741 1432 2798 mundus
1490 2742 1705 2816 dignus
1753 2761 1873 2800 non
1932 2760 2008 2818 es,

2129 2737 2275 2803 ζωῆς
2311 2755 2439 2807 μου,
2466 2731 2579 2805 ἵνα,
2611 2735 2729 2790 κατ’
2763 2733 2917 2812 ἴχνος
2943 2742 3045 2806 τῆς
3074 2735 3240 2793 αὐτοῦ
3296 2739 3578 2802 πολιτείας
3621 2760 3778 2816 περι-

344 2828 502 2899 (Heb.
537 2831 638 2898 xi),
673 2829 1064 2902 conspiciam,
1122 2837 1303 2903 atque
1356 2849 1492 2888 cum
1535 2849 1603 2889 eo
1654 2833 1814 2905 quod
1867 2834 2008 2891 mihi

2122 2820 2390 2890 πατήσας,
2424 2818 2682 2896 εὐαρεστή
2693 2841 2770 2875 σω
2801 2842 2886 2876 σοι
2915 2826 2996 2896 τῷ
3028 2827 3147 2896 Θεῷ
3173 2822 3263 2879 καὶ
3291 2823 3561 2900 Δεσπότῃ.

340 2915 479 2971 vita;
519 2923 794 2990 superest
832 2920 1169 2989 conﬁciam,
1221 2926 1290 2976 ut
1335 2922 1462 2977 vitae
1515 2922 1705 2994 ipsius
1756 2923 2017 2997 vestigiis

349 3005 660 3076 insistens,
696 3007 803 3062 tibi
843 3009 962 3064 Deo
995 3025 1062 3064 ac
1093 3011 1343 3065 Domino
1375 3011 1666 3083 placeam.

425 3095 557 3151 CAP.
582 3096 775 3152 XXIX.
797 3127 866 3137 -—
883 3098 963 3152 Eo
987 3103 1187 3154 autem
1211 3105 1480 3172 tempore
1495 3101 1805 3172 publicum
1825 3102 1976 3159 falso
1992 3136 2007 3144 -

343 3199 483 3240 rum
500 3183 755 3240 deorum
782 3185 1002 3242 festum
1028 3188 1088 3242 in
1119 3189 1267 3244 urbe
1299 3189 1404 3245 illa
1425 3196 1569 3246 erat.
1595 3194 1810 3264 Regem
1835 3210 2011 3264 porro

342 3272 488 3328 huic
518 3273 671 3329 festo
705 3275 998 3332 interesse
1027 3293 1095 3332 ac
1127 3278 1555 3351 copiosissimis
1587 3281 2009 3338 victimisillud

344 3377 632 3418 exornare
666 3364 995 3436 Oportebat.
1022 3368 1236 3422 Verum
1267 3384 1404 3424 cum
1437 3371 1776 3426 sacerdotes
1804 3371 1998 3444 ipsum

341 3449 406 3504 in
427 3449 676 3505 deorum
699 3451 862 3507 cultu
886 3469 1127 3526 segnem
1159 3471 1228 3510 ac
1252 3455 1518 3527 tepidum
1543 3473 1673 3512 esse
1697 3460 2001 3530 conspice-

338 3543 499 3607 rent,
532 3539 591 3593 id
623 3539 1001 3610 verebantur,
1027 3559 1102 3598 ne
1125 3543 1198 3598 ad
1223 3544 1512 3616 templum
1526 3547 1726 3601 venire
1745 3549 1999 3621 neglige-

337 3633 454 3697 ret,
489 3628 695 3700 sicque
726 3629 841 3702 ipsi
872 3631 1224 3688 muneribus
1256 3633 1328 3688 iis
1356 3650 1486 3705 quas
1509 3651 1542 3690 a
1570 3652 1706 3708 rege
1728 3637 1997 3709 accipere

338 3725 792 3791 consueverant,
825 3721 1176 3792 caeterisque
1208 3724 1594 3794 proventibus
1617 3726 1992 3784 orbarentur.

337 3804 659 3878 Surgentes
683 3807 907 3880 itaque,
933 3809 1007 3864 ad
1023 3810 1370 3882 speluncam
1387 3814 1706 3885 quamdam
1721 3816 1783 3872 in
1794 3818 1997 3874 vastis-

335 3894 490 3950 sima
509 3896 830 3953 solitudine
860 3898 1033 3955 sitam
1056 3901 1609 3974 proﬁciscuntur,in
1633 3922 1750 3977 qua
1768 3907 1857 3961 vir
1870 3910 1997 3980 qui-

335 3983 476 4040 dam
504 3986 753 4060 magicis
777 3988 1008 4044 artibus
1036 3989 1293 4059 deditus,
1328 3998 1506 4064 atque
1535 3993 1672 4050 falsi
1695 3995 1996 4054 idolorum

333 4074 531 4132 cultus
561 4077 890 4134 acerrimus
921 4085 1326 4153 prOpugnator
1356 4081 1683 4152 habitabat,
1725 4086 1996 4145 Theudas

333 4164 602 4235 nomine,
626 4182 804 4237 quem
839 4168 1020 4223 etiam
1043 4185 1146 4224 rex
1177 4170 1464 4243 singulari
1487 4172 1714 4230 honore
1738 4178 1997 4250 comple-

333 4253 1004 4328 ctebatur,charumque
1024 4259 1374 4332 magistrum
1399 4262 1996 4338 existimabat,ipsius

329 4343 622 4400 nimirum
653 4347 948 4402 vaticiniis
980 4365 1232 4419 regnum
1265 4367 1438 4405 suum
1485 4354 1764 4409 omnium
1795 4373 1995 4412 rerum

333 4432 506 4502 copia
518 4433 941 4508 florere,atque
956 4437 1018 4492 in
1031 4437 1161 4494 dies
1175 4441 1376 4512 augeri
1397 4441 1624 4498 dicens.
1655 4446 1797 4500 Cum
1819 4447 1998 4519 igitur

331 4522 713 4578 sacerdotum
736 4526 999 4582 cultores
1022 4526 1096 4582 ad
1127 4529 1322 4600 ipsum
1345 4532 1808 4607 venissent,ejus
1822 4554 1996 4609 opem

2188 3095 2360 3146 ΚΕΦ·
2396 3091 2519 3147 ΚΘ’.
2550 3123 2620 3132 —
2649 3091 2776 3146 Κατ’
2807 3090 2980 3147 ἐκεῖνο
3014 3089 3072 3149 δὲ
3128 3098 3318 3169 καιροῦ
3365 3097 3665 3171 πανήγυρις
3696 3097 3761 3164 ἦν

2113 3183 2224 3236 τῶν
2277 3176 2652 3254 ψευδωνύμων
2715 3185 2850 3245 θεῶν
2927 3179 3245 3257 δημοτελὴς
3318 3183 3370 3238 ἐν
3450 3188 3518 3258 τῇ
3601 3184 3762 3241 πόλει

2116 3266 2292 3342 ἐκείνῃ
2323 3271 2457 3342 (92)·
2493 3267 2600 3323 ἔδει
2661 3265 2719 3324 δὲ
2761 3269 2854 3324 τὸν
2896 3268 3126 3346 βασιλέα
3174 3275 3421 3346 παρεῖναι
3467 3275 3537 3346 τῇ
3597 3272 3762 3348 ἑορτῇ

2113 3357 2203 3412 καὶ
2236 3357 2434 3421 θυσιῶν
2469 3353 2726 3431 δαψιλείᾳ
2753 3357 2955 3430 ταύτην
3011 3365 3306 3432 κοσμῖσαι.
3359 3357 3520 3416 Ἀλλ’
3570 3359 3771 3417 ἐδεδίε-

2109 3467 2206 3500 σαν
2243 3447 2294 3500 οἱ
2325 3444 2614 3521 νεωκόροι,
2647 3447 2881 3521 ὁρῶντες
2909 3445 3067 3502 αὐτὸν
3099 3445 3322 3521 ἀμελῶς
3352 3449 3480 3523 περὶ
3511 3450 3573 3504 τὸ
3608 3445 3772 3511 σέϐας

2109 3534 2287 3590 αὐτῶν
2323 3533 2412 3590 καὶ
2449 3532 2700 3610 χλιαρῶς
2741 3531 3101 3611 διακείμενον,
3160 3539 3237 3611 μὴ
3283 3559 3420 3595 ποτε
3468 3536 3774 3613 ἀμελήσειε

2106 3627 2206 3694 τῆς
2241 3623 2292 3679 ἐν
2325 3625 2403 3697 τῷ
2434 3628 2546 3696 ναῷ
2584 3626 2906 3698 παρουσίας,
2952 3626 3044 3681 καὶ
3105 3629 3408 3703 στερηθεῖεν
3468 3627 3622 3684 αὐτοὶ
3669 3634 3771 3698 τῆς

2108 3713 2407 3788 διδομένης
2441 3713 2624 3776 αὐτοῖς
2660 3713 2952 3790 βασιλικῆς
2996 3713 3206 3791 δωρεᾶς
3251 3719 3343 3773 καὶ
3389 3724 3498 3774 τῶν
3557 3725 3768 3777 Αοιπῶν

2106 3802 2417 3880 προσόδων.
2478 3807 2630 3862 263
2691 3804 3046 3869 Ἀναστάντες
3104 3806 3196 3862 οὗν
3247 3805 3764 3883 καταλαμϐάνουσιν

2107 3893 2300 3970 ἄντρον
2359 3893 2412 3948 ἐν
2474 3891 2747 3969 βαθυτάτῃ
2804 3892 3145 3968 διακείμενον
3203 3899 3272 3970 τῇ
3356 3895 3570 3972 ἐρήμῳ,
3639 3899 3764 3956 ἔνθα

2105 3986 2338 4059 κατῴκει
2373 3985 2510 4058 ἀνήρ
2567 4005 2650 4042 τις
2711 3991 2973 4062 μαγικαῖς
3027 3986 3316 4064 σχολάζων
3373 3991 3614 4066 τέχναις,
3669 3995 3758 4049 καὶ

2104 4082 2206 4146 τῆς
2236 4073 2533 4138 είδωλικῆς
2565 4075 2782 4146 πλάνης
2812 4077 3147 4150 θερμότατος
3185 4077 3448 4156 ὑπάρχων
3486 4101 3758 4156 προασπι-

2105 4175 2257 4245 στής·
2293 4171 2494 4236 Θευδᾶς
2522 4168 2702 4247 ὄνομα
2731 4171 2900 4246 αὐτῷ·
2951 4173 3010 4229 ὅν
3059 4174 3150 4231 καὶ
3203 4176 3232 4231 6
3286 4177 3540 4252 βασιλεὺς
3599 4179 3759 4255 ἐτίμα

2107 4260 2497 4341 διαφερόντως,
2525 4262 2616 4316 καὶ
2666 4260 2827 4340 φίλον
2875 4265 3064 4340 ἠγεῖτο
3114 4263 3205 4320 καὶ
3268 4263 3619 4339 διδάσκαλον,
3672 4267 3760 4324 διὰ

2103 4359 2206 4422 τῆς
2226 4352 2391 4407 αὐτοῦ
2450 4348 2628 4426 λέγων
2682 4353 2934 4424 μαντείας
2985 4352 3382 4427 εὐθυνουμένην
3427 4358 3756 4432 προκόπτειν

2104 4445 2204 4514 τήν
2239 4441 2403 4496 αὐτοῦ
2466 4439 2765 4515 βασιλείαν’
2826 4442 2918 4505 Ὦς
2977 4443 3052 4506 είς
3112 4442 3273 4499 αὐτὸν
3330 4445 3510 4500 τοίνυν
3563 4448 3616 4502 oi
3680 4449 3755 4522 μή

2105 4536 2272 4609 ἱερεῖς
2304 4536 2416 4605 (93)
2447 4537 2555 4587 τῶν
2576 4530 2823 4589 εἰδώλων
2852 4532 3198 4614 ἀφικόμενοι,
3247 4542 3440 4594 τοῦτον
3485 4539 3561 4602 είς
3617 4541 3759 4618 βοή-

325 4614 508 4681 atque
522 4613 1422 4690 auxiliumimplorabant,eique
1442 4619 2001 4697 deorumimproba-

2121 4636 2250 4689 )suv
2284 4620 2748 4699 προσεκαλοῦντο,
2779 4623 2869 4678 καὶ
2902 4613 3019 4694 τὴν
3067 4623 3421 4702 ἐγγενομένην
3471 4633 3551 4701 τῷ
3605 4613 3760 4706 βασι-

321 4700 551 4757 tionem
574 4701 639 4757 in
669 4719 851 4774 quam
874 4721 975 4760 rex
999 4705 1294 4764 inciderat
1313 4711 1715 4781 exponebant,
1741 4731 1993 4788 qumque

2121 4717 2197 4771 λεῖ
2224 4717 2332 4768 τῶν
2367 4715 2502 4776 θεῶν
2563 4715 2898 4789 κατάγνωσιν
2956 4711 3134 4787 δήλην
3191 4714 3435 4790 ἐποίουν,
3498 4719 3588 4774 οἷά
3643 4722 3760 4776 τεὸ
3810 4791 3816 4796 _

322 4790 480 4880 regis
511 4790 672 4847 filius
702 4792 963 4862 fecisset,
998 4800 1058 4850 et
1089 4798 1594 4868 quemadmodum
1652 4805 1884 4862 Nachor
1914 4808 1987 4863 ad

2121 4810 2195 4861 εοῦ
2231 4800 2504 4880 βασιλέως
2561 4805 2854 4873 πεποιήκει
2911 4803 3049 4873 υἱὸς,
3097 4807 3189 4860 οἷα
3237 4803 3294 4862 δὲ
3349 4808 3468 4862 κατ’
3517 4807 3695 4865 αὐτῶν
3729 4811 3756 4865 6

315 4879 513 4951 ipsius
538 4883 908 4940 voluntatem
932 4890 1110 4957 atque
1131 4888 1492 4945 sententiam
1512 4892 1864 4951 concionem
1887 4897 1987 4952 ha-

2121 4893 2308 4970 ῧαχὼρ
2343 4887 2817 4966 δεδημηγορήκει.
2851 4893 2954 4950 Καὶ
2988 4894 3088 4964 ὡς,
3127 4897 3190 4951 Ei
3225 4897 3301 4968 μή
3335 4896 3522 4967 αὐτὸς,
3573 4899 3757 4976 φησὶν,

315 4966 566 5027 buisset.
596 4973 676 5028 Ac
694 4972 810 5028 nisi
839 4977 900 5029 tu
917 4975 1044 5047 ipse
1072 4976 1982 5059 venias,inquiebant,nobisque

2125 4966 2292 5058 λεόση
2330 4981 2620 5058 βοηθήσων
2655 4983 2816 5054 ἡμῖν,
2862 4986 3009 5038 πᾶσα
3056 4966 3300 5055 ἐξέλιπεν
3353 4966 3536 5057 ἐλπὶς,
3584 4966 3758 5044 πάντα

315 5073 495 5130 opem
522 5062 759 5131 offeras,
795 5081 931 5136 spes
967 5065 1164 5121 omnis
1197 5067 1490 5124 exstincta
1519 5076 1628 5141 est,
1663 5075 1978 5148 omnisque

2127 5069 2356 5131 πόλωλε
2384 5069 2450 5124 τε)
2478 5073 2586 5125 τῶν
2619 5070 2756 5125 θεῶν
2789 5065 3128 5146 σεϐάσματα·
3163 5071 3227 5127 σὺ
3255 5073 3359 5151 γὰρ
3394 5075 3562 5149 μόνος
3615 5078 3752 5151 ἡμῖν

389 5186 505 5258 (90)
537 5188 828 5262 Respectu
854 5190 928 5246 ad
955 5192 1110 5248 Psal.
1145 5211 1185 5262 1,
1217 5196 1248 5248 3
1275 5209 1288 5250 :
1323 5195 1511 5249 Ἔσται
1543 5196 1618 5258 ὡς
1647 5194 1710 5252 to‘
1744 5197 1905 5269 ξύλον
1936 5201 2000 5257 τὸ

389 5258 526 5314 ρπὸν
559 5257 723 5314 αὐτοῦ
755 5256 914 5314 δώσει
944 5260 996 5314 ἐν
1026 5269 1206 5314 καιοῶ
1235 5264 1423 5314 αὐτοῦ-

2122 5195 2456 5278 φυτευμένον
2515 5199 2663 5272 παρὰ
2713 5200 2812 5263 τὰς
2863 5198 3141 5274 διεξόδους
3179 5207 3288 5260 τῶν
3333 5201 3566 5278 ὑδάτων,
3599 5204 3630 5262 6'
3659 5207 3751 5263 τὸν

315 5260 526 5329 καρπὸν
559 5260 723 5314 αὐτοῦ
755 5260 914 5316 δώσει
944 5260 996 5316 ἐν
1026 5260 1206 5339 καιρῷ
1235 5264 1424 5322 αὑτοῦ.
1755 5260 1767 5269 ’

315 5330 992 5424 ὣςθέιζξὶϐὼπροσᾴγων,
1021 5337 1181 5424 (ξμορ
1212 5338 1565 5394 mutandum
1596 5341 1925 5424 videbatur,
1961 5365 2008 5424 sc

2121 5353 2192 5402 :et
2224 5343 2482 5424 relatu-In
2510 5342 2584 5398 ad
2611 5339 3062 5424 56lov..Passim
3096 5366 3170 5400 ων
3197 5353 3256 5404 et
3312 5368 3372 5424 ον
3411 5357 3750 5424 permutata

312 5396 578 5499 fuerunt.
613 5396 1008 5499 Pliilp‘striatus
1038 5396 1190 5497 νβ.
1225 5427 1471 5499 prognta.
1843 5396 2008 5499 is;de

2121 5396 3051 5499 {appellatione:‘njaxivn¢_xxi
3108 5396 3464 5499 Δημοσθένξς
3507 5422 3747 5499 προνξφε-

313 5486 407 5549 ρον
442 5471 554 5566 μὲνβ
573 5471 1528 5566 αῇτξηάλλήλοιςκοὐχκῶςδὸχειδοξ
1566 5481 1642 5552 δὲ,
1675 5471 1803 5540 ἀλλ’
1835 5471 2008 5550 ὡξ¹δὶὶ

2121 5471 2376 5560 ῗλημένοι
2403 5490 2524 5566 τοῖς
2555 5471 3120 5566 δικάζοὺκσι-νΐῼοάθχ
3169 5471 3354 5550 Vatis.
3389 5471 3750 5566 apudrOléa-

310 5540 492 5637 riu/121‘,
525 5540 1001 5637 διαϐεϐλημένων·
1024 5540 1649 5637 ’ίηέξξξαϐεϐλημένονὲ
1673 5564 1741 5614 ut
1770 5565 1860 5615 est

2121 5540 2177 5618 m
2202 5540 2367 5637 :recte
2399 5559 2459 5612 in
2487 5540 3078 5637 codice‘regio3059.

381 5613 935 5706 ιθξμτίερωιεςέιιθε,
989 5641 1026 5689 ι,
1203 5613 1571 5706 μεχηγέέξιρς
1619 5613 2008 5706 emanat

2424 5613 2822 5706 τελουμένηςσ
2846 5635 2946 5690 ubi
3005 5637 3123 5706 vid.
3182 5643 3343 5706 nota.
3405 5638 3754 5696 Theodorus

308 5681 714 5784 Eﬁohd‘romxin
748 5681 934 5778 Noti}.
955 5681 1097 5781 m's‘s.
1203 5681 1443 5784 VlIICp.‘
1469 5681 1572 5754 244
1595 5681 2008 5784 Eretrici:

2121 5681 2416 5784 έῖδέέατῆ
2435 5685 2691 5784 δέσποτα,
2721 5681 2804 5761 ’ἐκ
2850 5685 2952 5776 τῆς
2999 5681 3343 5781 δημοτελής.

443 5753 468 5764 ν
1035 5748 1038 5749 ν
1137 5748 1166 5750 η
1222 5748 1344 5762 ,ηη
1422 5748 1569 5754 __,_
1599 5748 1612 5754 ,
1652 5748 1747 5757 ,,,
1848 5748 1899 5757 η
2021 5748 2378 5760 νηηνηη.--
2441 5748 2670 5755 ---.---..
2745 5748 2804 5761 ..η
2861 5748 2950 5768 ...ς
3001 5748 3050 5762 ν.
3123 5748 3139 5762 ε

305 5748 525 5848 una?)
545 5756 645 5848 Δκαὶ
678 5757 940 5848 λαμπρᾶς
968 5764 1058 5815 καὶ
1089 5769 1169 5836 τῷ
1203 5748 1619 5848 μεγαλῖπρεπεῖ
1645 5748 1742 5826 σοί)
1773 5748 2090 5848 πᾜεπῚόύσης
2113 5774 2462 5831 παλινοστῶν
2489 5748 2709 5846 ἑορτῆς.
2907 5753 2917 5776 ⁸
3055 5748 3139 5847 ut;

382 5821 600 5926 (93)-Α,
636 5821 863 5900 μιερέῖέ.
899 5821 1152 5891 Forsan:
1175 5821 1226 5890 oi
1263 5821 1670 5916 ᾀιάρόῗῖὲρὲῒᾴ
1686 5821 1750 5899 ὀἰ

1268 5427 1450 5466 Γοωιη
1465 5457 1471 5463 .
