4112 6374
317 392 467 452 1133

1507 391 1681 445 ΥΙΤΔ
1716 388 2072 445 BABLAAM
2107 390 2202 444 ΕΤ
2235 389 2579 444 JOASAPH.

3614 390 3755 449 1134

316 520 625 597 ὖπελείφης
652 523 755 587 τῆς
789 519 1074 593 συμφορᾶς
1114 514 1484 592 παραμύθιον,
1515 514 1606 569 καὶ
1652 512 1741 569 έπὶ
1773 513 1857 568 σοὶ
1888 515 1974 567 τὰς

2101 514 2351 570 deorum
2381 514 2574 570 cultus
2606 532 2674 570 ac
2704 514 3005 571 veneratio
3023 514 3221 587 periit.
3250 518 3397 573 Nam
3423 519 3750 578 tuunicum

318 608 552 672 έλπίδας
586 608 842 681 ἐθέμεθα.

398 787 742 862 Ἐκτρατεύει
796 781 978 839 τοίνυν
1040 784 1068 837 6
1128 787 1326 857 Θευγᾶς
1389 782 1524 855 μετὰ
1576 786 1677 850 τῆς
1732 800 1986 853 συμπαρ-

324 878 495 948 ούσης
525 878 636 949 (94)
668 873 815 946 αὐτῷ
865 879 1157 941 σατανικῆς
1218 877 1493 945 στρατιᾶς,
1547 872 1636 925 καί
1692 871 1831 925 κατά
1885 875 1985 938 τῆς

320 965 584 1037 ἀληθείας
636 962 943 1031 ὄπλίζεται,
977 960 1165 1016 πολλὰ
1192 965 1298 1015 τῶν
1345 964 1606 1035 πονηρῶν
1658 958 1982 1032 πνευμάτων

317 1054 576 1124 καλέσας,
636 1051 669 1107 ἃ
724 1052 863 1125 πρός
920 1050 987 1105 τὰ
1043 1048 1223 1127 φαῦλα
1280 1054 1549 1125 συνεργεῖν
1606 1046 1719 1103 οἶδε
1777 1048 1981 1123 προθύ-

327 1167 466 1220 μως,
500 1143 592 1198 καὶ
624 1142 708 1203 οἷς
762 1139 969 1202 ἐκεῖνος
997 1138 1079 1194 ἀεῖ
1131 1135 1406 1202 διακόνοις
1457 1138 1684 1215 ἐχρῆτο·
1740 1139 1856 1211 μεθ’
1905 1138 1978 1191 ὧν

319 1232 670 1309 παραγίνεται
703 1231 840 1305 πρὸς
867 1229 959 1285 τὸν
998 1227 1246 1304 βασιλέα.

386 1413 475 1473 Ὠς
539 1407 597 1464 δὶ
656 1407 909 1481 ἐμηνύθη
967 1411 1047 1480 τῷ
1110 1407 1393 1484 βασιλεῖ-ἦ
1427 1408 1605 1486 ἄφιξις
1656 1406 1842 1473 αὐτοῦ,
1886 1408 1976 1461 καὶ

318 1501 563 1571 εἰσῆλθε,
594 1493 796 1576 ῥάϐδον
831 1499 925 1572 μὶν
949 1498 1198 1573 κατέχων
1229 1499 1444 1573 βαῖνην,
1473 1495 1828 1574 μηλωτάριον
1864 1504 1975 1567 (95)

318 1588 377 1647 δὶ
433 1588 894 1663 περιεζωσμένος,
952 1586 1146 1657 ἀνέστη
1210 1587 1238 1641 6
1292 1586 1546 1656 βασιλεὺς
1604 1591 1700 1641 τοῦ
1757 1587 1971 1662 θρόνου,

322 1680 412 1735 καὶ
468 1682 658 1735 τοῦτον
716 1679 1173 1751 προσυπαντήσας
1232 1680 1387 1734 264
1443 1678 1774 1747 ἠσπάσατο,
1832 1677 1972 1749 καί,

326 1770 515 1844 θρόνον
548 1766 809 1842 ὶνεγχὼν,
840 1765 1076 1836 πλησίον
1128 1766 1292 1821 αὐτοῦ
1332 1763 1695 1840 συνεδριάζειν
1727 1766 1971 1837 πεποίη-

316 1877 450 1913 κεν.
504 1857 631 1913 Εἶτα
688 1854 835 1931 λέγει
885 1853 1084 1917 Θευδᾶς
1139 1860 1217 1927 τῷ
1274 1854 1525 1930 βασιλεῖ·
1586 1854 1836 1925 Βασιλεῖ),
1895 1856 1971 1919 εἷς
2004 1887 2049 1953 Β

307 1944 438 2007 τοὺς
470 1943 673 2007 αἷῶνας
734 1950 880 2014 ζῆθι,
936 1948 1004 2018 τῇ
1060 1948 1168 1999 τῶν
1225 1944 1493 2019 μεγίστων
1530 1949 1665 2008 θεῶν
1724 1945 1971 2019 εὐμενείᾳ

305 2037 667 2109 σκεπόμενος.
726 2036 973 2089 ἠκουσα
1024 2034 1126 2111 γὰρ
1177 2035 1363 2109 ἀγῶνά
1421 2056 1479 2090 σε
1541 2035 1707 2109 μέγαν
1770 2036 1969 2111 ἀγωνί-

312 2138 503 2191 σασθαι
559 2127 697 2181 κατά
744 2130 850 2180 τῶν
907 2124 1216 2180 Γαλιλαίων
1253 2126 1342 2180 καὶ
1391 2126 1803 2202 λαμπρότάτοις
1848 2125 1967 2181 δια-

315 2213 525 2288 δήμασι
573 2214 726 2284 νίκης
780 2217 1235 2293 καταστεφθῆναι.
1299 2216 1392 2270 Διὸ
1445 2214 1710 2287 ἐλήλυθα,
1754 2218 1848 2271 ἳνα
1880 2218 1967 2272 εύ-

312 2307 676 2380 χαριστήριον
730 2305 922 2379 ἑορτὴν
985 2306 1127 2378 ὁμοῦ
1183 2304 1516 2379 τελέσωμεθ,
1574 2307 1884 2368 νεανίσκους
1912 2329 1970 2363 τε

302 2393 540 2470 ὡραίους
598 2393 689 2449 καὶ
740 2393 906 2468 κόρας
984 2393 1249 2456 εύόπτους
1304 2400 1424 2457 τοῖς
1483 2395 1770 2459 ἀθανάτοις
1825 2398 1970 2459 Θεοῖς

297 2482 719 2556 καταθύσωμεν,
776 2482 1011 2557 ταύρους
1064 2504 1123 2538 τε
1178 2484 1365 2538 ἑκατὸν
1426 2486 1514 2539 καὶ
1579 2489 1690 2554 ζῶα
1749 2484 1969 2547 τούτοις

301 2578 508 2627 πλεῖσα
565 2573 1036 2648 προσενέγκωμεν,
1098 2572 1175 2635 ὡς
1235 2569 1296 2626 ἃν
1351 2567 1583 2647 ἔχοιμεν
1638 2574 1835 2636 αὐτοὺς
1878 2573 1967 2628 καὶ

302 2661 382 2724 εἷς
410 2661 474 2716 τὸ
506 2660 627 2733 έξῆς
659 2661 991 2737 συμμάχους
1024 2661 1350 2734 ἀηττήτους,
1387 2660 1517 2716 ὅλον
1548 2664 1682 2735 ἡμῖν
1715 2664 1808 2718 τὸν
1847 2663 1963 2738 βίον

303 2749 751 2826 ἰξομαλίζοντας.

381 2932 523 3007 Πρὸς
565 2933 732 2987 ταῦτά
789 2933 818 2986 6
876 2929 1156 3008 βασιλεὺς,
1216 2931 1293 2990 Ού
1350 2933 1731 3005 νενικήκαμεν,
1762 2928 1888 3011 ἔφη,
1921 2934 1965 2986 ὦ

306 3015 603 3096 πρεσϐύτα·
641 3020 702 3075 ού
754 3022 1139 3094 νενικήκαμεν,
1181 3020 1309 3077 ἀΛΛ“
1354 3021 1450 3075 ἀνὰ
1494 3024 1695 3095 κράτος
1749 3021 1963 3094 μᾶλλον

304 3112 615 3183 ἡττήμεθα.
671 3111 741 3166 Οἱ
800 3111 905 3187 γὰρ
940 3110 1069 3185 ὑπὲρ
1126 3113 1284 3184 ἡμῶν
1345 3113 1464 3175 καθ’
1494 3113 1654 3184 ἡμῶν
1716 3110 1967 3189 ἐξαίφνης

306 3199 578 3277 γεγόνασι.
644 3195 1005 3274 Παρᾶὅακχόν
1065 3221 1122 3255 τε
1173 3201 1260 3255 καὶ
1327 3201 1559 3273 μανικὴν
1618 3202 1709 3255 καὶ
1768 3201 1962 3271 ἀσθενῆ

2094 604 2267 660 nobis
2299 604 2655 660 calamitatis
2691 605 2966 660 solatium
2999 605 3245 662 relictus
3276 622 3359 675 es,
3392 612 3570 680 atque
3601 610 3663 667 in
3693 617 3750 667 te

2091 709 2212 748 uno
2244 711 2380 765 spes
2412 711 2619 749 omnes
2646 698 2879 750 nostras
2910 694 3136 765 positas
3168 694 3481 753 habemus.

2164 784 2434 839 Theudas
2456 785 2655 855 itaque
2683 801 2819 839 cum
2853 785 3117 839 satanico
3150 801 3219 839 eo
3269 786 3534 842 exercitu
3565 804 3745 858 quem

2092 890 2292 929 secum
2316 874 2574 929 habebat
2594 875 2655 928 in
2678 873 3116 945 expeditionem
3130 875 3525 947 pergit,atque
3539 877 3743 933 adver-

2090 980 2190 1020 sus
2212 964 2518 1018 veritatem
2545 980 2712 1018 arma
2724 969 3027 1034 comparat
3046 964 3269 1019 :accitis
3283 965 3573 1021 nimirum
3586 968 3741 1024 mul~

2086 1052 2163 1106 tis
2186 1053 2380 1123 pravis
2405 1053 2735 1124 spiritibus,
2760 1069 2909 1123 quos
2932 1052 3006 1107 ad
3030 1069 3127 1107 res
3152 1052 3454 1125 improbas
3466 1062 3740 1127 prompte

2086 1160 2154 1199 ac
2186 1143 2446 1198 libenter
2485 1143 2837 1199 auxiliarem
2883 1158 3128 1197 manum
3174 1145 3388 1199 afferre
3439 1150 3631 1213 norat,
3684 1152 3743 1201 et

2086 1248 2234 1302 quos
2266 1232 2391 1303 ipse
2425 1248 2663 1303 semper
2692 1232 3002 1287 ministros
3033 1230 3404 1301 adhibuerat,
3427 1233 3522 1289 his
3553 1234 3739 1290 comi-

2084 1325 2241 1376 tatus
2272 1322 2345 1377 ad
2380 1338 2579 1394 regem
2614 1321 2866 1377 accedit.

2156 1412 2228 1466 Ut
2247 1416 2445 1465 autem
2468 1411 2656 1483 ipsius
2683 1410 2969 1465 adventus
2982 1410 3103 1481 regi
3125 1411 3433 1465 nuntiatus
3447 1416 3738 1483 est,atque

2081 1499 2209 1572 ipse
2232 1501 2565 1572 palmarum
2586 1502 2807 1573 virgam
2834 1516 3015 1554 manu
3038 1500 3567 1571 tenens,ovinaque
3582 1502 3738 1573 pelle

2082 1589 2330 1645 indutus
2354 1592 2659 1657 ingressus
2682 1594 2792 1656 est,
2815 1606 2918 1643 rex
2943 1604 2972 1643 e
2998 1590 3210 1644 throno
3245 1606 3351 1644 suo
3385 1589 3624 1657 exsiliit,
3650 1591 3740 1661 ip-

2083 1679 2251 1750 sique
2267 1679 2498 1735 obviam
2514 1680 2706 1752 prodii
2718 1685 3022 1750 t,eumque
3038 1679 3341 1735 osculatus
3355 1680 3737 1751 est.Cumque

2081 1769 2426 1825 cathedram
2448 1770 2648 1824 afferri
2663 1769 3170 1840 jussisset,ipsum
3194 1785 3377 1841 prope
3402 1787 3464 1824 se
3488 1768 3739 1825 colloca-

2079 1859 2179 1913 vit.
2200 1860 2530 1930 Posteaque
2554 1859 2825 1914 Theudas
2844 1859 2937 1913 his
2959 1859 3032 1914 ad
3056 1876 3253 1932 regem
3284 1859 3478 1914 verbis
3510 1860 3693 1914 utitur
3719 1877 3733 1914 :

2081 1952 2223 2019 Rex,
2258 1951 2317 2005 in
2352 1956 2647 2005 zeternum
2676 1950 3237 2019 vive,maximorum
3270 1950 3518 2005 deorum
3540 1950 3736 2007 favore

2082 2057 2148 2095 ac
2166 2039 2583 2095 benevolentia
2605 2044 2827 2110 septus.
2863 2038 2948 2092 Ad
2974 2056 3066 2093 me
3085 2040 3247 2093 enim
3280 2039 3527 2095 allatum
3560 2045 3650 2094 est
3679 2044 3735 2095 te

2080 2129 2290 2201 ingens
2309 2134 2613 2184 certamen
2632 2128 2915 2183 adversus
2937 2128 3212 2183 Galilaeos
3240 2129 3543 2194 iniisse,ac
3567 2129 3736 2184 lucu-

2080 2217 2483 2273 lentissimam
2515 2217 2776 2288 palmam
2807 2216 3105 2271 retulisse.
3129 2219 3327 2288 quue
3360 2219 3604 2272 nomine
3620 2218 3737 2274 huc

2080 2306 2237 2373 veni,
2270 2312 2353 2375 ut,
2390 2305 2465 2360 ad
2506 2306 2798 2361 edendam
2825 2306 2973 2377 grati
3000 2305 3183 2359 animi
3218 2306 3737 2377 significationem,

2079 2395 2299 2450 festum
2331 2410 2451 2450 uua
2472 2395 3051 2465 celebremus,atque
3085 2394 3343 2466 eleganti
3364 2394 3558 2450 forma
3588 2413 3738 2466 pra;-

2081 2484 2238 2539 ditos
2252 2484 2665 2540 adolescentes
2678 2500 2744 2539 ac
2757 2484 3049 2539 formosas
3065 2484 3294 2554 puellas
3308 2484 3423 2539 diis
3437 2484 3741 2541 immorta-

2078 2573 2236 2628 libus
2251 2574 2985 2643 immolemus,taurosque
3000 2578 3337 2639 centum,ac
3350 2574 3611 2644 plurima
3621 2574 3740 2629 alia

2078 2662 2364 2717 animalia
2386 2663 2533 2733 ipsis
2555 2663 2899 2726 offeramus,
2927 2678 3043 2732 quo
3070 2679 3172 2717 eos
3194 2678 3431 2732 quoque
3452 2662 3513 2717 in
3536 2668 3736 2733 poste-

2076 2769 2210 2807 rum
2231 2751 2479 2806 invictos
2501 2751 2807 2822 adjutores
2830 2749 3176 2814 habeamus,
3193 2751 3293 2821 qui
3310 2750 3483 2805 nobis
3496 2750 3736 2805 univer—

2078 2858 2208 2896 sum
2240 2841 2371 2893 vitae
2403 2839 2771 2895 curriculum
2792 2839 3037 2910 planum
3067 2845 3125 2893 et
3146 2838 3437 2909 aequabile
3455 2839 3731 2895 reddant.

2148 2930 2236 2985 Ad
2259 2930 2384 2984 haac
2406 2946 2508 2983 rex
2535 2945 2547 2983 :
2584 2928 2823 2983 Minime
2856 2945 3014 2993 vero,
3048 2928 3262 2999 inquit,
3294 2945 3328 2983 ο
3358 2945 3561 2997 senex,
3593 2929 3734 2984 vici-

2076 3019 2784 3089 mus,minime,inquam,
2812 3018 3061 3072 vicimus
3084 3036 3097 3084 ;
3119 3035 3321 3073 verum
3348 3018 3513 3073 nullo
3536 3020 3736 3090 potius

2077 3110 2316 3182 negotio
2341 3108 2480 3164 victi
2513 3124 2737 3163 sumus.
2774 3110 2920 3163 Nam
2955 3108 3055 3178 qui
3088 3124 3122 3162 a
3152 3107 3325 3162 nobis
3355 3108 3611 3175 stabant,
3644 3124 3738 3163 re-

2082 3205 2262 3271 pente
2285 3198 2600 3253 adversum
2615 3214 2723 3252 nos
2736 3198 3187 3267 exstiterunt,ac
3200 3196 3570 3253 velutfurore
3585 3197 3740 3252 etin-

307 3259 407 3358 ·ίήν
469 3259 742 3364 ἡμετέραν
801 3259 1050 3365 εὖρξντες
1106 3259 1443 3363 παράταξιν,
1519 3259 1707 3345 ἰτέλεον
1766 3259 1967 3361 ταύτην

2089 3290 2255 3346 sania
2277 3288 2649 3344 laborantem
2672 3287 3037 3343 imbecillam
3061 3294 3327 3343 nostram
3349 3292 3527 3359 atque
3548 3288 3738 3344 aciem

309 3374 636 3434 κατέϐαλον.
673 3377 808 3434 Νυνὶ
841 3376 920 3449 δὲ,
953 3377 1007 3432 εἷ’
1038 3378 1119 3441 τίς
1153 3399 1236 3433 σοι
1291 3376 1518 3452 δύναμις
1574 3381 1830 3456 πρόσεστι
1879 3382 1968 3436 καὶ

310 3468 472 3543 ἰσχὺς
529 3468 604 3524 είς
663 3469 725 3522 τὸ
784 3468 1054 3543 βοηθῆσαι
1105 3472 1173 3542 τῇ
1232 3468 1379 3524 κάτω
1431 3470 1655 3544 κειμένῃ
1710 3472 1971 3546 θρησκείᾳ

308 3562 470 3631 ἡμῶν
512 3556 602 3613 καὶ
650 3557 850 3627 ταύτην
903 3555 1055 3619 αὖθις
1108 3556 1436 3631 ἀνορθῶσαι,
1496 3557 1819 3633 ἀνάγγειλόν
1852 3580 1967 3631 μοι.

309 3649 373 3707 Ὀ
431 3645 488 3703 δὶ
540 3644 743 3708 Θευδᾶς
800 3644 1053 3707 τοιαύτας
1135 3643 1319 3700 ἐδίδου
1374 3646 1469 3708 τὰς
1530 3647 1846 3723 ἀποκρίσεις
1893 3653 1972 3719 τῷ

317 3734 555 3813 βασιλεῖ’
586 3736 699 3797 Τὰς
735 3734 833 3808 μὶν
892 3738 999 3787 τῶν
1064 3732 1369 3789 Γαλιλαίων
1431 3734 1702 3797 ἐνστάσεις
1748 3735 1837 3791 καὶ
1869 3759 1974 3809 μα-

312 3824 631 3899 ταιοδογίας
687 3825 763 3897 μὴ
818 3818 991 3901 φοϐοῦ
1026 3865 1041 3893 ,
1091 3822 1350 3897 βασιλεῦ’
1412 3824 1530 3878 τίνα
1585 3826 1691 3899 γάρ
1750 3824 1850 3879 είσι
1906 3826 1974 3880 τὶ

313 3919 441 3991 παρ’
476 3916 650 3971 αὐτῶν
698 3910 971 3991 λεγόμενα
1002 3915 1139 3987 πρὸς
1190 3910 1388 3989 ἄνδρας
1422 3913 1683 3989 λογικοὺς
1725 3914 1812 3969 καί
1850 3913 1973 3990 ἐχέ-

316 4026 517 4083 φρονας
552 4026 567 4075 ;
610 4004 821 4071 Ἀτινα,
866 4001 995 4076 ἐμοὶ
1030 4001 1208 4076 δόξαν,
1242 4000 1445 4078 ῥᾳδίως
1495 3999 1971 4075 καταϐληθήσεται

322 4094 534 4170 μᾶλλον
568 4092 605 4164 ἢ
640 4092 851 4168 φύλλον
904 4090 1092 4165 ἀνέμῳ
1142 4094 1509 4157 κατασεισθέν.
1551 4090 1686 4147 Ούδὶ
1705 4094 1807 4169 γὰρ
1838 4094 1975 4149 κατά

317 4184 614 4262 πρόσωπόν
648 4204 752 4256 μου
782 4180 960 4246 ἐλθεῖν
996 4183 1331 4255 ὑπομενοῦσι
1366 4183 1442 4255 μὴ
1477 4181 1559 4237 ὅτι
1591 4204 1654 4257 γε
1683 4182 1773 4238 καὶ
1806 4179 1971 4259 λόγόν

318 4278 543 4349 συνᾶραι
574 4271 663 4326 καὶ
695 4271 773 4335 εἷς
821 4273 1114 4345 προτάσεις
1150 4292 1244 4345 μοι
1290 4271 1382 4325 καὶ
1439 4272 1737 4336 ἀντιθέσεις
1786 4275 1975 4347 χωρῆ-

323 4384 433 4418 σαι.
480 4358 664 4429 Ἀλλ’,
688 4358 779 4414 ’ίνα
836 4363 997 4414 τοῦτό
1054 4382 1113 4415 τε
1163 4362 1225 4415 τὸ
1283 4360 1646 4436 προκείμενον
1696 4361 1977 4437 ἀγώνισμα

322 4448 413 4504 καὶ
445 4452 550 4502 πᾶν
581 4450 733 4505 265
794 4449 975 4502 ὁτιοῦν
1036 4449 1094 4503 ἃν
1159 4448 1565 4525 βουληθείημεν
1626 4449 1708 4504 ἐπ’
1767 4452 1978 4515 εὐθείας

322 4542 459 4613 ἡμῖν
494 4538 707 4613 γένοιτο
737 4538 829 4594 καὶ
879 4540 1014 4595 κατά
1058 4539 1186 4615 ῥοῦν
1226 4540 1290 4595 τά
1339 4542 1630 4616 πράγματα
1680 4544 1976 4616 χωρήσειε,

2078 3384 2512 3453 nocti,prorsus
2541 3396 2670 3435 eam
2690 3380 2999 3452 fregerunt
3012 3396 3079 3435 ac
3097 3382 3739 3451 prostraverunt.Nunc

2079 3480 2300 3537 autem,
2323 3472 2371 3525 si
2396 3487 2513 3541 qua
2563 3469 2668 3523 tibi
2711 3469 2963 3525 facultas
2987 3475 3045 3523 et
3088 3470 3173 3523 vis
3204 3469 3485 3540 suppetit,
3520 3486 3638 3539 qua
3674 3476 3734 3525 tu

2080 3560 2498 3632 humijacenti
2531 3559 2805 3630 religioni
2856 3564 3075 3612 nostra;
3122 3558 3424 3628 opitulari,
3476 3573 3731 3628 eamque

2079 3667 2319 3708 rursum
2339 3650 2595 3705 excitare
2619 3647 3007 3718 queas,velim
3034 3662 3317 3717 exponas.
3333 3645 3603 3703 Theudas
3633 3664 3729 3702 au-

2082 3744 2202 3795 tem
2235 3738 2357 3810 regi
2389 3736 2462 3793 ad
2490 3737 2649 3790 hunc
2676 3735 2922 3790 modum
2967 3734 3315 3805 respondit:
3350 3734 3728 3790 Galilmorum

2080 3827 2497 3885 contentiones
2524 3830 2701 3895 atque
2733 3824 2944 3879 inanes
2974 3839 3304 3891 sermones,
3337 3840 3370 3877 o
3401 3841 3526 3894 rex,
3560 3824 3733 3880 mini-

2081 3935 2176 3974 me
2209 3915 2586 3989 pertimesce.
2620 3915 2759 3978 Qum
2791 3913 2952 3968 enim
2999 3918 3139 3967 sunt
3168 3929 3238 3967 ea
3282 3929 3413 3983 quae
3463 3914 3535 3968 ab
3585 3914 3733 3984 ipsis

2083 4010 2436 4070 aﬂ‘eruntur,
2471 4008 2763 4074 quantum
2796 4002 3037 4073 quidem
3078 4001 3153 4057 ad
3199 4003 3355 4057 viros
3402 4002 3637 4057 ratione
3666 4018 3735 4057 ac

2083 4095 2402 4171 prudentia
2421 4092 2704 4165 praeditos
2726 4092 2980 4146 attinet?
2994 4093 3118 4147 Meo
3141 4092 3381 4163 quidem
3392 4091 3620 4163 judicio
3645 4091 3734 4147 fa-

2085 4188 2257 4244 cilius
2289 4184 2665 4255 dejicientur,
2700 4197 2878 4253 quam
2909 4180 3121 4235 folium
3145 4197 3179 4236 a
3198 4186 3372 4236 vento
3396 4196 3732 4237 excussum.

2085 4279 2286 4348 Neque
2300 4274 2461 4329 enim
2474 4272 2565 4327 vel
2580 4275 2963 4342 conspectum
2978 4287 3178 4325 meum
3194 4271 3738 4337 sustinebunt,tan-

2084 4372 2213 4422 tum
2236 4365 2403 4420 abest
2422 4368 2486 4417 ut
2509 4377 2816 4417 sermones
2839 4366 3177 4427 conserant,
3206 4365 3383 4431 atque
3406 4361 3478 4416 ad
3502 4377 3736 4416 mecum

2086 4453 2514 4527 disputandum
2537 4450 2751 4522 pedem
2776 4450 3511 4515 conserant.Caeterum,ut
3532 4455 3589 4504 et
3609 4466 3739 4521 pro-

2086 4546 2347 4619 positum
2373 4540 2531 4595 istud
2548 4545 2875 4603 certamen,
2901 4544 2955 4593 st
2972 4538 3264 4609 quidquid
3286 4538 3449 4594 aliud
3465 4539 3523 4595 in
3541 4542 3739 4595 animo

453 4606 646 4701 éo'ptﬁv
692 4631 974 4704 κόσμησον
1021 4606 1225 4701 ταύτην
1269 4606 1719 4705 τὴνίδήμοτελῖίξ
1746 4606 1837 4688 καί
1885 4606 1974 4703 τήί

2089 4606 2501 4695 habuerimus,
2534 4634 2695 4683 recto
2736 4644 2917 4682 cursu
2950 4626 3194 4691 feratur,
3223 4644 3440 4698 resque
3471 4628 3644 4683 nobis
3673 4644 3745 4682 ex

324 4720 604 4795 εὐμένειαν
654 4725 763 4775 τῶν
825 4723 960 4776 θεῶν
1019 4722 1199 4797 ὥσπερ
1257 4742 1309 4777 τι
1361 4723 1616 4798 κραταιὸν
1677 4718 1985 4798 περιϐαλοῦ

325 4810 522 4868 ὅπλον·
556 4812 648 4868 καὶ
680 4813 738 4868 εὗ
780 4833 865 4869 σοι
916 4812 1159 4890 γένηται.
1218 4813 1373 4870 Οὕτω
1419 4817 1845 4891 καυχησάμενος
1873 4817 1900 4870 ὁ
1932 4814 1983 4870 έν

321 4900 488 4974 κακίᾳ
520 4898 744 4964 δυνατὸς
792 4904 929 4957 εἶναι
972 4903 1205 4977 ἀνομίαν
1230 4924 1292 4958 τε
1320 4902 1458 4973 ὅλην
1502 4905 1605 4973 τὴν
1636 4907 1845 4980 ἡμέραν
1879 4908 1988 4978 (96)

328 4989 636 5066 μελετήσας
698 4992 1141 5069 (συμφθεγγέσθω
1197 4994 1297 5068 γὰρ
1330 4995 1466 5066 ἡμῖν
1514 4994 1542 5047 6
1592 4991 1799 5065 Δανΐδ),
1862 4994 1988 5049 ἀνα-

320 5082 537 5155 τροπὴν
571 5078 629 5135 δὶ
664 5078 913 5156 θολεράν,
950 5083 1090 5137 καθά
1120 5103 1284 5159 φησιν
1334 5080 1555 5145 Ἠσαίας
1585 5085 1699 5157 (97)
1728 5088 1808 5155 τῷ
1837 5081 1989 5155 πλη-

324 5171 445 5226 σίον
504 5171 735 5234 ποτίσας
768 5213 781 5238 ,
874 5171 1127 5247 συνεργίᾳ
1197 5176 1305 5227 τῶν
1375 5172 1989 5249 συμπαρομαρτούντων

325 5259 476 5332 αὐτῷ
525 5261 782 5335 πονήρῶν
834 5262 1159 5334 πνευμάτων
1218 5261 1564 5317 ἐπιλαθέσθαι
1616 5263 1707 5316 τὸν
1766 5261 1993 5335 βασιλέα

2094 4721 2269 4779 animi
2296 4717 2595 4775 sententia
2615 4714 3062 4783 succedunt,fac
3079 4716 3386 4787 publicum
3406 4716 3745 4772 hocfestum

2097 4827 2369 4874 exornes,
2403 4808 2772 4877 deorumque
2807 4806 3304 4877 benevolentiam,
3336 4813 3623 4879 tanquam
3656 4807 3751 4862 ﬁr-

2096 4901 2369 4959 missima
2381 4897 2655 4969 quaedam
2678 4912 2847 4951 arma
2863 4895 3176 4965 induas,ac
3198 4902 3321 4952 tum
3342 4898 3536 4953 fausta
3546 4898 3752 4954 omnia

2099 4990 2413 5047 habiturus
2444 5004 2529 5042 es.
2560 4987 2694 5042 Haec
2725 5002 2860 5041 cum
2893 4985 2994 5040 illé
3019 4987 3329 5058 jactasset,
3362 4988 3487 5059 qui,
3518 4992 3586 5042 ut
3614 5004 3751 5043 cum

2102 5079 2321 5137 Davide
2343 5076 2648 5148 loquar,in
2661 5075 2889 5130 malitia
2902 5080 3114 5147 potens
3129 5081 3456 5147 erat,atque
3477 5076 3756 5147 iniquita-

2103 5179 2224 5228 tem
2254 5176 2378 5225 tota
2409 5167 2503 5221 die
2533 5165 2935 5221 meditabatur
2967 5166 3117 5236 (Psal
3162 5166 3259 5235 LI),
3308 5166 3751 5238 turbidamque,

2103 5270 2171 5319 ut
2192 5259 2379 5318 Isaiaa‘
2401 5256 2594 5313 verbis
2618 5260 2771 5322 utar,
2808 5255 3253 5311 subversionem
3274 5256 3467 5311 amico
3486 5273 3592 5313 suo
3616 5275 3757 5329 pro-

400 5387 516 5457 (94)
548 5390 617 5473 ιδ’,
649 5384 954 5460 παρούσης,
985 5388 1231 5443 absente
1265 5389 1707 5476 praapositione.
1743 5389 1974 5445 Libani:

400 5477 540 5508 nato:
572 5477 745 5508 ονομα
776 5458 941 5508 αύτῶ.
978 5458 1313 5508 Καλλινικου
1341 5479 1441 5508 van
1466 5458 1691 5508 ἐνταῦθα
1716 5459 1974 5508 σωανὲνκο

2089 5389 2260 5460 Epist.
2291 5388 2360 5438 20
2391 5400 2404 5437 :
2440 5377 2694 5451 Σταθμός
2719 5377 2807 5440 τίς
2832 5376 2946 5433 ἐστι
2980 5380 3105 5452 περὶ
3135 5379 3225 5434 τὸν
3260 5378 3375 5457 Εύφ
3417 5380 3572 5448 ἄτην.
3610 5380 3758 5438 Kal-

2089 5461 2102 5508 ἃ
2135 5456 2400 5508 συωιστῆς
2422 5452 2626 5508 γίνεται
2658 5448 3001 5508 προσηγορία
3029 5455 3108 5508 τῶ
3153 5450 3326 5508 τόπω.
3374 5400 3598 5508 Ιξοῐθΐίι
3633 5471 3758 5508 res-

326 5448 540 5537 λίνικός
572 5448 745 5528 ὄνομά
768 5448 952 5537 ἀύτῷί
978 5448 1313 5537 Καλᾼλινικδυ
1341 5448 1441 5533 γάρ
1466 5458 1691 5524 ἐνταῦθα
1716 5448 2040 5537 σφαγένκοςξ
2074 5460 2102 5515 ὁ
2124 5448 2400 5535 ¹συεξρδιστής
2422 5448 2626 5528 γίνεται
2658 5448 3001 5527 προσηγορία
3029 5448 3108 5523 τῷ
3153 5450 3326 5524 τόπῳ.

330 5530 479 5587 cribi
504 5528 911 5603 ἀποσφαγέντος
933 5548 964 5586 e
997 5533 1129 5588 cod.
1162 5534 1321 5588 3035.

428 5605 519 5667 95)
550 5603 634 5657 Cf.
668 5620 724 5669 p.
763 5606 886 5669 154,
919 5620 979 5656 n.
1013 5608 1102 5658 77.

3420 5454 3598 5509 oterit
3633 5471 3761 5510 res-

550 5663 809 5749 Ρειειίκιιξἶ
843 5663 914 5728 1ἐ
949 5673 1016 5729 Τί
1044 5675 1288 5749 έγκαυχᾶ
1315 5672 1367 5749 έν
1397 5673 1559 5749 κακίᾳ
1589 5675 1616 5730 6
1644 5670 1871 5749 δυνατὸς
1902 5674 2129 5749 ᾀνομίαν
2163 5695 2177 5744 ;
2211 5672 2350 5749 ὅλην
2383 5668 2482 5749 τὴν
2511 5666 2720 5749 ἡμέραν
2734 5663 2962 5749 ’ἀδεκίειν
2994 5663 3283 5749 έλογίσατο
3315 5669 3350 5736 ἡ
3383 5664 3613 5743 γλῶσσά
3642 5688 3761 5725 σου.

403 5734 520 5818 (97)
549 5747 673 5802 Imo
708 5736 852 5803 Hab.
887 5762 947 5801 ll.
984 5750 1048 5802 15
1076 5734 1094 5803 ἶ
1120 5747 1178 5805 Ὀ
1207 5734 1446 5815 ποτίζων
1477 5734 1570 5803 τὸν
1601 5744 1840 5818 πλησίον
1859 5734 2036 5804 ἀὐτοὶ
2065 5734 2346 5823 ἀνατροπῇ
2378 5734 2599 5815 θολερᾷ.
2627 5734 2697 5781 '—
2728 5740 2790 5811 C,
2826 5734 3080 5815 δολερὰν.
