4112 6386
319 449 461 506 1135
527 494 530 497 .

1841 443 2216 498 ADDENDA.

3609 467 3754 526 1136

314 575 834 649 Ρίιιᾶὶιαιλφαὸαοι
877 576 959 642 ιι),
1007 571 1415 644 improborum
1447 569 1788 642 spirituum,
1820 584 1971 640 quos

2088 564 2392 624 παντάπασι
2417 573 2524 626 τῶν
2552 574 2689 649 πρὸς
2725 577 3000 655 σωτηρίαν
3055 583 3595 659 ὑπομιμνησκόντων
3651 591 3754 651 λο-

312 667 441 738 ipse
463 666 712 722 comites
735 663 1127 733 habebat,ope
1140 667 1316 732 atque
1335 660 1430 732 adj
1440 664 1684 716 umento
1698 659 1969 732 perfecit,

311 761 380 812 ut
398 769 504 811 rex
523 755 912 828 cogitationes
942 769 1042 807 eas
1075 767 1208 823 quas
1239 751 1436 823 ipsum
1485 750 1696 806 salutis
1727 749 1969 805 submo-

315 843 546 899 nebant
571 857 816 914 prorsus
865 857 897 894 e
943 839 1236 894 memoria
1281 839 1545 910 ejiceret,
1599 838 1969 909 eisdemque,

317 932 533 1004 quibus
556 930 786 986 solebat
806 927 1018 983 studiis
1049 928 1258 984 sedulo
1301 928 1576 984 haereret.
1608 931 1691 984 Ac
1721 927 1971 1000 proinde

318 1038 456 1076 cum
469 1020 645 1092 regiae
658 1019 870 1073 litteras
885 1031 1365 1089 quaquaversum
1377 1017 1974 1089 commeassent,qui-

314 1110 429 1166 bus
456 1124 665 1164 omnes
686 1108 760 1162 ad
783 1107 1215 1163 exsecrandum
1247 1109 1496 1164 deorum
1517 1103 1737 1164 festum
1760 1123 1976 1162 conve-

2077 661 2294 755 γισμῶν
2322 658 2592 731 πεποίηκε
2629 665 2718 719 καὶ
2763 671 2872 722 τῶν
2933 671 3176 742 συνήθων
3236 658 3404 732 πάλιν
3458 676 3746 755 ἰπιμελῶς

2080 739 2324 821 ἔχεσθαι.
2369 754 2551 815 ’Ἑνθεν
2593 752 2680 808 τοὶ
2711 760 2800 810 καί
2847 761 3188 834 γραμμάτων
3255 739 3571 841 βασιλικῶν.
3606 792 3748 828 παν-

2079 841 2258 912 ταχοῦ
2316 835 2824 918 διαπεφοιτηκότων
2864 852 2961 904 τοῦ
3016 858 3292 918 συνελθεῖν
3347 855 3551 922 πάντας
3592 857 3646 917 ἒν
3672 866 3748 936 τῇ

2086 932 2303 1023 μυσαρᾷ
2365 931 2666 1023 πανηγύρει
2726 935 2902 992 αὐτῶν
2939 983 2953 1009 ,
3003 941 3071 1010 ἧν
3139 940 3272 998 ἴδεῖν
3333 946 3627 1023 συρῥὲοντα
3685 952 3758 1008 τά

2083 1013 2303 1113 πληθη,
2336 1014 2584 1094 πρόϐατά
2614 1044 2673 1079 τε
2701 1025 2791 1080 καὶ
2829 1026 2960 1102 βόας
3006 1029 3096 1085 καὶ
3150 1013 3546 1113 διάφορα-γένη
3584 1040 3754 1110 ζώων

2087 1125 2352 1182 αγομενα.

317 1199 448 1254 nire
472 1197 859 1271 jubebantur,
885 1213 1130 1254 cernere
1162 1204 1292 1254 erat
1319 1200 1622 1271 ingentem
1652 1197 1968 1253 hominum
2016 1195 2469 1256 multitudinem
2500 1203 2925 1264 conﬂuentem.
2957 1214 3136 1282 atque
3186 1229 3323 1271 oves
3355 1221 3415 1273 et
3441 1217 3620 1276 boves
3651 1238 3758 1280 va-

315 1289 526 1360 riaque
557 1287 842 1343 animalia
873 1303 1075 1343 secum
1105 1288 1523 1344 adducentem.

389 1379 537 1440 Cum
558 1377 738 1450 igitur
757 1393 966 1434 omnes
999 1377 1560 1452 coiissent,surgens
1576 1394 1827 1447 rex,una
1842 1392 1980 1434 cum

314 1469 644 1542 impostore
677 1467 922 1524 Theuda
967 1466 1040 1522 ad
1092 1469 1382 1540 templum
1414 1468 1714 1540 profectus
1763 1473 1874 1536 est,
1915 1471 1984 1522 ut

316 1564 520 1614 tauros
550 1573 618 1613 ac
640 1557 942 1630 permulta
970 1557 1299 1614 animantia
1328 1558 1735 1615 immolarent.
1762 1558 1980 1629 Sicque

314 1648 613 1704 nefarium
645 1651 706 1703 et
730 1647 1138 1703 exsecratione
1169 1646 1416 1720 dignum
1461 1648 1682 1704 festum
1712 1646 1982 1704 celebra-

315 1738 481 1804 bant;
508 1736 656 1793 adeo
672 1742 738 1791 ut
750 1742 808 1791 et
819 1737 1130 1792 brutorum
1143 1737 1540 1793 animantium
1552 1736 1877 1811 mugitibus
1892 1742 1982 1792 to-

314 1832 376 1882 ta
385 1825 528 1882 urbs
540 1825 1364 1898 personaret,etvictimarum
1377 1826 1586 1882 nidore
1601 1826 1728 1898 ipse
1742 1841 1979 1897 quoque

316 1913 796 1970 aerinflceretur.
822 1913 922 1968 His
945 1912 1019 1968 ad
1042 1913 1202 1970 hunc
1222 1913 1469 1970 modum
1500 1914 1809 1981 confectis,
1843 1930 1980 1970 cum

316 2001 573 2073 improbi
591 2001 837 2074 spiritus
853 2000 925 2058 de
938 2003 1194 2059 Theudae
1209 2003 1456 2060 victoria
1467 2005 1759 2078 majorem
1773 2003 1834 2059 in
1848 2020 1980 2060 mo-

2091 1373 2316 1472 ΙΙάντων
2372 1379 2553 1472 τοίνυν
2614 1382 3092 1459 συνεληλυθότων,
3150 1389 3380 1457 ἀναστὰς
3423 1395 3454 1451 6
3497 1397 3758 1472 βασιλεὺς

2095 1465 2230 1538 μετὰ
2257 1470 2353 1522 τοῦ
2407 1467 2723 1537 ἀπατεῶνας
2783 1472 2978 1549 Θευδᾶ,
3026 1479 3165 1554 πρὸς
3218 1503 3311 1537 τον
3367 1465 3755 1565 ναὸν-ἐχώρει,

2087 1552 2325 1632 ταύρους
2381 1561 2677 1617 καταθῦσαι
2734 1565 2911 1642 φέρων
2973 1567 3163 1626 δκατὸν
3248 1571 3419 1630 εἴκοσι
3486 1552 3597 1634 καῖ.
3640 1552 3760 1650 ξῶά

2091 1644 2299 1704 πολΛά.
2334 1649 2436 1744 limi
2469 1651 2690 1744 ὲτέλουν
2719 1656 2824 1732 τηρ
2867 1655 3136 1736 ἐπάρατον
3187 1661 3362 1720 αὐτῶν
3423 1644 3756 1744 ἕορτήνξὼς

2089 1742 2480 1836 περιηχεῖσθαι
2534 1743 2630 1815 μὶν
2677 1745 2780 1836 τήν
2831 1747 2995 1805 πόλιν
3060 1751 3165 1808 ὑπὸ
3218 1761 3320 1824 τῆς
3373 1742 3494 1812 τῶν
3530 1742 3754 1836 ἀλόγων

2093 1823 2247 1921 ζώων
2282 1836 2494 1905 φωνῆς,
2542 1836 2612 1907 τῇ
2672 1831 2731 1890 δὲ
2787 1840 2896 1894 τῶν
2949 1845 3152 1904 θυσιῶν
3209 1844 3399 1921 κνίσση
3450 1847 3541 1904 καὶ
3593 1850 3758 1908 αὐτὸν

2093 1913 2423 1988 μολύνεσθαι
2451 1921 2544 1976 τὸν
2589 1921 2742 1999 άέρα.
2791 1928 3008 1987 Τούτων
3056 1929 3201 1988 οὕτω
3249 1934 3627 2010 τελεσθέντων,
3657 1942 3751 1997 καὶ

2087 2006 2197 2103 ⁶τῶν
2230 2011 2330 2076 τῆς
2381 2010 2651 2086 πονηρίας
2678 2016 3003 2090 πνευμάτων
3064 2019 3188 2078 λίαν
3247 2021 3766 2103 ἐγκαυχησαμένων

318 2093 462 2150 dum
474 2092 1361 2166 gloriarentur,sacerdotesque
1376 2096 1722 2168 gratiasipsi
1735 2093 1975 2150 habuis-

2092 2091 2181 2197 ἐπὶ
2210 2097 2278 2169 τῇ
2310 2097 2434 2172 νίκῃ
2467 2100 2564 2154 τοῦ
2613 2101 2810 2178 Θευδᾶ,
2838 2108 2930 2162 καὶ
2989 2109 3219 2186 χάριτας
3279 2091 3762 2194 αὐτῷνόμοιλογη-

319 2187 474 2251 sent,
499 2200 604 2238 rex
625 2199 866 2239 rursum
888 2183 962 2239 ad
984 2184 1274 2256 palatium
1308 2201 1370 2240 se
1393 2185 1640 2257 recepit,
1674 2185 1875 2255 aitque
1907 2182 1985 2238 ad

317 2271 622 2328 Theudam
649 2274 755 2327 :En
779 2273 1292 2343 quemadmodum
1307 2273 1986 2346 jussisti,nihilomnino

320 2361 502 2416 studii
526 2377 561 2416 a
577 2377 672 2416 me
694 2362 1166 2433 praetermissum
1185 2364 1463 2435 est,quod
1485 2363 1730 2435 quidem
1754 2363 1828 2419 ad
1849 2362 1986 2418 festi

321 2449 795 2521 splendorem,et
815 2451 1251 2507 sacriﬁciorum
1273 2453 1783 2525 magnificentiam
1798 2451 1985 2524 perti-

319 2540 642 2595 neret.Jam
661 2539 862 2611 itaque
884 2545 1119 2612 tempus
1143 2545 1233 2596 est
1250 2547 1316 2596 ut
1338 2559 1469 2612 quae
1490 2543 1639 2597 mihi
1653 2534 1988 2614 promisisti

319 2628 902 2700 expleas,ﬁliumque
917 2647 1140 2698 meum,
1161 2630 1313 2700 quia
1325 2631 1617 2704 religione
1631 2638 1835 2689 nostra
1849 2634 1986 2691 des~

319 2717 478 2786 civit,
493 2733 526 2772 a
555 2717 1033 2775 Christianorum
1047 2736 1250 2775 errore
1263 2719 1550 2791 vindices,
1582 2739 1650 2777 ac
1664 2739 1799 2778 cum
1811 2723 1984 2779 beni-

320 2807 454 2879 gnis
468 2807 583 2862 diis
600 2807 661 2862 in
675 2809 925 2880 gratiam
940 2809 1368 2866 reducas.Nam
1383 2827 1489 2884 ego
1503 2828 1640 2866 cum
1653 2819 1843 2868 artem
1859 2830 1984 2869 om-

321 2912 461 2952 nem
474 2896 871 2966 adhibuerim,
895 2904 1073 2970 atque
1104 2916 1346 2954 omnem
1375 2899 1637 2972 lapidem
1666 2904 1979 2971 moverim,

322 2985 554 3042 nullam
568 2991 771 3042 tamen
800 2988 994 3044 morbi
1025 2989 1390 3045 medicinam
1420 2991 1638 3062 reperi,
1671 2993 1979 3065 sedipsius

321 3081 586 3131 mentem
617 3077 898 3133 omnibus
923 3077 1104 3133 rebus
1121 3079 1492 3150 superiorem
1520 3097 1649 3138 esse
1676 3083 1975 3154 perspexi.

319 3167 466 3220 Nam
479 3165 528 3220 si
542 3164 763 3221 blande
777 3183 846 3222 ac
859 3166 1076 3222 leniter
1087 3185 1222 3224 cum
1237 3185 1305 3224 eo
1321 3186 1496 3242 agere
1509 3170 1765 3240 institui,
1792 3188 1868 3228 ne
1891 3173 1975 3230 sic

319 3253 562 3325 quidem
579 3271 716 3310 eum
728 3256 875 3311 mihi
892 3256 1016 3312 ullo
1033 3258 1207 3314 modo
1228 3259 1498 3316 animum
1522 3259 1782 3333 adjicere
1805 3279 1972 3318 com-

316 3343 467 3414 peri.
490 3345 748 3400 Rursum
769 3345 819 3400 si
843 3363 1044 3402 severe
1065 3354 1243 3420 atque
1264 3351 1476 3408 acerbe
1500 3368 1637 3407 eum
1659 3354 1882 3426 accepi,
1907 3354 1971 3410 in

313 3433 710 3505 pervicaciam
722 3436 920 3507 potius
935 3437 1073 3492 inde
1087 3439 1283 3510 ipsum
1297 3440 1486 3496 attolli
1503 3444 1967 3514 conspexi.Qua-

313 3522 586 3578 mobrem
599 3524 1002 3582 calamitatem
1019 3543 1149 3583 eam
1163 3545 1295 3599 quas
1310 3530 1457 3584 mihi
1469 3531 1708 3601 accidit,
1729 3534 1970 3605 sapien-

315 3617 412 3672 tiae
429 3622 545 3674 tum
559 3617 977 3672 committo.Ac
995 3618 1293 3688 siquidem
1305 3635 1395 3687 ea,
1417 3638 1528 3692 ope
1552 3626 1653 3678 tua
1674 3629 1734 3677 et
1753 3623 1973 3679 auxilio

316 3707 627 3774 liberatus,
647 3707 837 3763 filium
851 3724 1052 3764 meum
1066 3725 1300 3765 mecum
1314 3727 1521 3767 rursus
1534 3711 1678 3769 deos
1690 3731 1858 3770 meos
1869 3731 1976 3770 co-

318 3797 568 3866 lentem,
589 3802 768 3869 atque
779 3797 1167 3870 voluptuariaa
1189 3799 1368 3871 hujus
1390 3801 1521 3857 vitae
1545 3803 1973 3874 cupiditatibus

323 3902 391 3942 ac
421 3885 591 3959 regni
617 3885 1017 3958 voluptatibus
1045 3886 1346 3943 fruentem
1376 3889 1567 3961 video,
1599 3907 1842 3949 auream
1864 3892 1971 3950 tibi

314 3979 577 4032 statuam
595 3975 838 4049 erigam,
849 3975 1228 4048 efﬁciamque
1241 3982 1306 4032 ut
1317 3979 1564 4050 posthac
1577 3981 1640 4036 in
1654 3983 1972 4055 sempiter-

311 4081 461 4120 num
492 4064 653 4121 idem
683 4066 791 4121 tibi
818 4065 934 4121 diis
966 4067 1160 4122 honor
1191 4083 1227 4122 a
1255 4069 1486 4124 cunctis
1514 4070 1832 4128 tribuatur.

361 4155 634 4211 Theudas
651 4156 831 4228 igitur
843 4160 1130 4211 attentam
1143 4173 1344 4212 aurem
1363 4158 1602 4215 diabolo
1617 4161 1725 4216 sub
1725 4163 1966 4234 jicieus,

2101 2181 2307 2240 σάντων
2338 2192 2444 2242 τῶν
2493 2193 2803 2268 νεωκόρων,
2834 2195 2910 2259 εἷς
2967 2197 3030 2254 τό
3088 2198 3358 2259 παλάτιον
3410 2205 3565 2269 αὖθις
3597 2205 3764 2264 ἐπαν-

2097 2279 2226 2367 ῇκεν
2280 2275 2308 2330 6
2363 2277 2647 2367 βασιλεὺς.
2707 2286 2861 2343 286
2915 2287 3014 2343 Καὶ
3062 2297 3303 2367 φησιτῷ
3359 2292 3549 2367 Θευδᾷ’
3614 2295 3756 2355 Ἰδοὺ

2098 2359 2191 2459 θοὴ,
2247 2366 2385 2430 καθά
2442 2367 2749 2444 ἐκέλευσας,
2806 2359 3084 2452 οὐδεμίαν.
3129 2379 3447 2458 ἐνελίπομεν
3502 2385 3749 2459 σπουδὴν

2095 2451 2183 2552 ἐπὶ
2213 2458 2282 2530 τῇ
2315 2453 2712 2552 λαμπροφορίᾳ
2759 2471 2862 2534 τῆς
2911 2469 3265 2546 πανηγύρεως
3320 2451 3410 2530 καὶ
3469 2451 3748 2552 δαιψιλείᾳ

2091 2547 2199 2599 τῶν
2244 2551 2468 2639 θυσιῶν.
2523 2550 2720 2626 Καίρὸς
2750 2554 2842 2611 οὖν
2903 2554 3012 2629 ἤδη
3069 2559 3138 2615 τά
3191 2547 3748 2639 ἐπηγγελμένανπληλ

2093 2639 2264 2708 ρῶσαι
2295 2637 2390 2693 καὶ
2443 2639 2534 2695 τὸν
2591 2641 3045 2716 άποστατήσαντα
3094 2654 3201 2707 τῶν
3258 2637 3542 2728 ἡμετέρων
3581 2637 3746 2714 σεϐα-

2090 2723 2313 2799 σμάτων
2340 2727 2456 2783 υἱόν
2492 2752 2596 2804 μου
2625 2736 2726 2799 τῆς
2768 2732 2980 2807 πλάνης
3025 2723 3442 2816 άναῤῥύσασθαί
3467 2747 3574 2802 τῶν
3605 2751 3746 2821 Χρι-

2088 2820 2338 2890 στιανῶν,
2387 2819 2478 2875 καὶ
2534 2827 2654 2886 τοῖς
2711 2824 2961 2897 εὐμενέσι
3011 2827 3346 2902 καταλλάξαι
3404 2839 3567 2898 θεοῖς.
3597 2819 3747 2912 Ἐγὼ

2088 2903 2192 2981 γάρ
2214 2904 2414 2982 τέχνην
2459 2913 2634 2967 πᾶσαν
2689 2912 2778 2969 καὶ
2838 2920 3000 2991 χεῖρα
3055 2920 3304 2994 κινήσας,
3337 2919 3594 2996 οὐδεμίαν
3651 2903 3744 2981 ειδ-

2089 3014 2182 3070 ρον
2223 3000 2324 3051 τοῦ
2376 3003 2547 3054 κακοῦ
2605 3003 2886 3078 θεραπείαν
2915 3025 2928 3038 ·
2988 3003 3140 3064 ἀλλὰ
3192 3009 3405 3068 πάντων
3455 3015 3739 3088 κρείττονα

2084 3085 2184 3175 τὴν
2213 3085 2379 3142 αὐτοῦ
2434 3089 2664 3164 γνώμην
2720 3091 3051 3170 ἐθεασάμην.
3104 3097 3172 3156 Εἴ
3226 3102 3413 3175 πράως
3469 3085 3614 3174 αύτῷ
3644 3102 3732 3157 ἑν-

2085 3173 2282 3250 ἑτυχον
2313 3177 2403 3232 καὶ
2433 3178 2638 3254 ἠπίως,
2665 3179 2791 3238 οὐδὲ
2819 3184 2912 3240 τὸν
2939 3189 3063 3242 νοῦν
3099 3202 3197 3261 μοι
3224 3173 3564 3266 προσέχοντα
3581 3173 3728 3256 ὅλως

2083 3263 2352 3354 ῗῧρισκοψ
2386 3267 2434 3322 εἲ
2463 3268 2752 3346 αὐστηρῶς
2797 3272 3124 3351 ἐχρησάμην
3176 3277 3265 3332 καὶ
3316 3263 3617 3354 έμείθίθῶς’
3650 3281 3728 3346 εἷς

2080 3351 2336 3410 ἀπόνοιαν
2371 3354 2586 3430 μᾶλλον
2638 3359 2927 3436 αἰρόμενον
2983 3365 3265 3440 ἐθεώρουν.
3300 3351 3386 3443 Τῇ
3530 3367 3730 3427 λοιπὸν

2081 3443 2252 3534 σοφίᾳ
2279 3445 2345 3500 τὰ
2380 3453 2482 3517 τῆς
2541 3448 2880 3525 ἐπελθούσης
2937 3475 3034 3528 μοι
3064 3462 3348 3532 συμφορᾶς
3410 3458 3730 3534 ἀνατίθημι.

2084 3533 2150 3588 Ei‘
2175 3533 2291 3604 οὖν,
2321 3536 2524 3608 ταύτης
2575 3539 2917 3617 ἀπαλλαγεὶε
2972 3541 3064 3602 διὰ
3118 3549 3235 3618 σοῦ,
3272 3548 3366 3603 τὸν
3421 3545 3552 3621 ἐμὸν
3583 3551 3735 3614 αὖθις

2083 3618 2293 3698 ὄψομαι
2326 3627 2440 3682 υἱὸν
2469 3627 2562 3684 σὺν
2596 3630 2722 3703 ἐμοὶ
2771 3639 2890 3696 τοῖς
2944 3637 3091 3698 θεοῖς
3145 3657 3251 3710 μου
3283 3618 3614 3716 λατρεύοντα
3641 3640 3734 3696 καὶ

2079 3719 2188 3806 τῶν
2221 3714 2527 3806 ἐπιθυμιῶν
2556 3727 2657 3790 τῆς
2701 3720 2962 3794 ἑνηδόνου
2996 3731 3144 3795 ζωῆς
3191 3714 3400 3800 ταύτης
3435 3728 3524 3784 καὶ
3577 3731 3733 3806 βασι-

2084 3801 2236 3895 λείας
2292 3805 2682 3881 ἀπολαυοντα,
2736 3810 2945 3883 στήλην
2998 3835 3084 3870 σοι
3141 3815 3421 3893 ἀνεγείρας
3472 3801 3731 3895 χρυσῆν,

2081 3891 2168 3948 ἴσα
2222 3896 2366 3960 θεοῖς
2426 3900 2666 3972 θήσομαι
2723 3902 2870 3978 παρᾶ
2924 3902 3138 3960 πάντων
3194 3909 3456 3981 τιμᾶσθαι
3511 3909 3590 3973 είς
3638 3911 3730 3966 τὸν

2079 3983 2302 4041 ἐπιόντα
2331 3986 2690 4061 ἀτελεύτητον
2722 3991 2950 4067 χρόνον.

2146 4168 2207 4224 Ὁ
2235 4166 2437 4232 Θευδᾶς
2494 4171 2674 4227 τοίνυν
2737 4169 2832 4236 οὖς
2889 4173 3119 4246 εὖήκοον
3183 4175 3479 4240 ὑποκλίνας
3513 4184 3596 4252 τῷ
3624 4201 3729 4236 πο-

301 4254 480 4315 atque
512 4243 586 4300 ab
615 4245 719 4300 illo
751 4245 1092 4316 improbum
1128 4261 1195 4300 ac
1244 4247 1596 4318 pestiferum
1645 4253 1966 4311 consilium

2088 4263 2248 4332 μηρῷ,
2278 4259 2368 4313 καὶ
2400 4263 2528 4334 παρ’
2557 4261 2766 4318 ἐκείνοῦ
2813 4243 3041 4336 μυηθεὶς
3071 4267 3186 4339 (98)
3246 4263 3454 4341 βουλὴν
3485 4243 3727 4344 πονηράν

303 4333 571 4404 edoctus,
596 4333 830 4405 ipsique
853 4333 1070 4404 lingua)
1107 4338 1286 4405 atque
1308 4337 1429 4392 oris
1450 4354 1694 4410 operam
1717 4359 1962 4414 navans,

2071 4349 2158 4404 καὶ
2219 4346 2494 4424 ὀλέθριον,
2548 4349 2775 4426 γλῶσσά
2827 4374 2886 4409 τε
2935 4352 3027 4409 καί
3087 4355 3263 4429 στόμα
3320 4355 3466 4428 αὖτῷ
3493 4360 3723 4434 γενόμε-

301 4421 376 4477 ad
398 4438 599 4496 regem
647 4423 760 4478 ait:
786 4423 841 4478 Si
865 4422 1058 4478 filium
1101 4428 1271 4480 tuum
1301 4425 1365 4481 in
1411 4433 1764 4498 potestatem
1800 4439 1962 4490 tuam

2088 4459 2164 4503 νος
2191 4442 2323 4513 (99),
2355 4421 2489 4517 ιρησι
2530 4421 2678 4500 έϐτ
2713 4442 2851 4518 πρὸς
2909 4443 3001 4499 τὸν
3057 4421 3304 4522 βασιλέα·
3356 4421 3728 4524 Εἶχέιρώσα-

303 4510 596 4584 redigere,
631 4511 938 4583 ipsiusque
971 4513 1033 4568 in
1061 4515 1384 4586 pugnando
1407 4520 1802 4588 pervicaciam
1832 4524 1961 4580 ina~

299 4617 440 4657 nem
455 4600 705 4657 reddere
721 4602 908 4674 cupis,
919 4618 1014 4658 ars
1027 4619 1061 4660 a
1074 4619 1170 4659 me
1183 4605 1512 4679 excogitata
1523 4611 1734 4680 est,cui
1751 4611 1960 4671 obluc-

2088 4639 2154 4674 τιν
2187 4624 2382 4692 θεῖναι,
2416 4600 2642 4696 εἶέρηταί
2676 4643 2771 4695 μοι
2799 4600 2972 4698 τ’ἐχνη
3027 4600 3165 4698 πρός
3196 4623 3263 4694 ἢν
3314 4600 3440 4681 όύδὲ
3467 4600 3724 4704 ⁷άντὲχειν

297 4691 410 4746 tari
433 4689 602 4747 nullo
613 4689 790 4747 modo
812 4691 1054 4763 poterit,
1076 4710 1281 4750 verum
1303 4695 1488 4753 durus
1510 4697 1700 4770 ipsius
1720 4703 1957 4761 animus

2088 4710 2297 4771 ῖυνατὸς
2329 4689 2501 4777 ἔσται’,
2538 4689 2694 4765 am}
2738 4689 2906 4785 650v"
2926 4689 3344 4784 FGAG‘XOISGSTIL
3377 4714 3405 4768 6
3437 4689 3722 4790 (intepuing

291 4781 532 4838 facilius
556 4781 1106 4854 emollietur,quam
1125 4801 1263 4841 cera
1282 4785 1509 4858 ingenti
1532 4805 1672 4863 rogo
1695 4792 1952 4851 admota.

2088 4799 2153 4854 ιαὶ
2207 4797 2532 4872 ἀμείλικτος
2562 4781 2746 4854 αὐτοῦ·
2766 4781 3038 4875 λογισμὸς
3065 4781 3303 4878 κηρὸς
3331 4781 3571 4880 πυρκα’έᾷ
3600 4781 3726 4884 σφο-

288 4871 412 4926 Rex
432 4871 634 4942 itaque
655 4888 872 4928 vanum
894 4871 1199 4929 hominem
1224 4874 1390 4931 inani
1414 4880 1645 4936 tumore
1667 4881 1945 4942 inﬂatum
1974 4932 1976 4941 .

2089 4871 2290 4966 ροτάτη
2324 4885 2626 4961 ὁμιλήσας.
2659 4890 2721 4946 Ὁ
2751 4886 2810 4945 δὶ
2838 4871 3120 4965 βασιλεὺς,
3174 4871 3270 4947 τόν
3316 4871 3723 4964 μάταιονοίίτω

287 4959 599 5031 videns,ad
611 4961 974 5036 voluptatem
991 4963 1190 5019 statim
1205 4964 1512 5037 animique
1531 4968 1800 5028 laetitiam
1814 4991 1946 5031 sese

2089 4959 2313 5050 ἰακενῆς
2347 4959 2600 5056 ιρυσῶντα
2631 4976 2786 5049 ἰδών,
2832 4959 2971 5055 πρὸς
3027 4959 3239 5050 ἡδονὴν
3273 4979 3428 5043 εὐθύς
3456 4982 3547 5038 καὶ
3596 5003 3725 5061 φαι-

287 5051 599 5122 convertit,
633 5068 881 5122 sperans
929 5051 1223 5122 videlicet,
1253 5054 1623 5124 petulantem
1673 5061 1840 5118 illam
1889 5071 1950 5120 et

2092 5066 2296 5143 ρότητα
2328 5051 2720 5142 μετεϐάλλετο,
2751 5051 2981 5132 ἐλπίσας
3034 5069 3138 5138 τὴν
3170 5069 3476 5126 ἀκόλαστον
3509 5051 3718 5142 ἐκείνην

287 5138 575 5196 audacem
599 5138 866 5211 linguam
898 5140 1170 5195 animum
1219 5139 1504 5198 divinitus
1551 5146 1827 5207 edoctum
1875 5173 1944 5214 ac

2092 5138 2144 5214 αἱ
2187 5138 2438 5232 θρασεῖαν
2494 5138 2750 5234 γλῶσσαν
2800 5164 2902 5228 τῆς
2952 5155 3306 5224 θεοδιδάκτου
3352 5161 3444 5215 καὶ
3490 5159 3722 5240 φιλοσο-

2071 4530 2190 4584 σθαι
2221 4530 2313 4586 τὸν
2338 4529 2428 4584 σὸν
2467 4527 2657 4606 βούλει
2701 4530 2846 4604 υἱὸν,
2875 4531 2966 4588 καὶ
2997 4533 3160 4603 κενήν
3217 4534 3365 4609 αὐτῷ
3409 4536 3510 4607 τὴν
3543 4534 3727 4595 ἔνστα-

356 5291 471 5385 (99)
505 5293 567 5385 (Ξ,
602 5288 880 5385 μζησρρίς.
916 5291 1424 5385 Permutatipnem
1459 5309 1592 5385 eain
1626 5301 1876 5385 tractavi
1932 5323 1976 5362 ω

2088 5309 2328 5385 ςὶοοῐειῐῐι
2357 5327 2414 5382 p.
2453 5312 2572 5366 143.
2604 5310 2730 5366 Vid.
2789 5317 2847 5385 et
2900 5313 3161 5385 Xyland.
3216 5313 3288 5370 ad
3321 5314 3476 5369 Plut.
3513 5318 3590 5369 De
3620 5331 3717 5370 su-

285 5369 470 5432 perst.
526 5364 553 5430 ἓ
610 5364 695 5418 18.
751 5365 917 5417 Nunc
975 5369 1064 5417 est
1123 5361 1351 5433 μυηθείς
1378 5380 1508 5477 ΑΡΓο
1564 5361 1866 5447 διδαχθεὶς,

286 5451 341 5477 τι,
376 5436 519 5477 279.:
550 5433 608 5477 Ὦ
639 5433 824 5477 τοίνυν
855 5431 1131 5477 Ἣοαγλῆε
1213 5431 1369 5477 δίκην
1415 5454 1576 5477 "sumo
1631 5439 1706 5477 e3.-
1737 5445 1835 5477 ιρὰ..
1885 5452 1976 5477 ηπ-.

2088 5383 2195 5467 bv,‘
2221 5387 2286 5436 ut
2442 5385 2566 5477 ὶ155
2648 5383 2908 5470 Isaacius
2960 5361 3382 5477 JPprpbyr.‘De
3413 5393 3714 5477 prae'tgrm.

285 5451 342 5503 P-
376 5436 519 5487 272:
550 5433 608 5520 ’ρ
639 5433 824 5487 τοίνυν
855 5431 1153 5518 ’ξρακλῆςν
1213 5431 1576 5519 διερχὸμξνος
1631 5431 2081 5523 εἶέντήνηΓροίαν
2109 5431 2196 5506 καὶ
2262 5431 2488 5523 μυηθεὶς
2537 5473 2605 5507 τα
2657 5451 2940 5528 γινόμενα,
2991 5431 3194 5528 ἠριίξτάι
3236 5456 3330 5511 τὸν
3365 5431 3722 5530 Λάομὲδοντα

285 5501 333 5583 Ἐξ
364 5501 791 5583 ᾃζικαλον,πρρς
814 5525 1010 5583 Ἐουτον
1038 5507 1313 5583 ,ποιήσεὲο
1350 5505 1394 5559 εἶ
1424 5527 1499 5583 το,
1545 5516 1715 5577 κῆτος
1775 5516 2059 5583 ἀναιρήσει
2114 5523 2201 5577 καὶ
2262 5523 2364 5583 τήν
2423 5523 2592 5580 παῖδα
2642 5533 2743 5583 τῆς
2801 5526 3000 5582 τούτου
3063 5530 3232 5583 Boni:
3284 5526 3719 5583 ἐκλυτοώσηται.

280 5523 333 5556 τι
364 5523 427 5555 αν
451 5523 617 5558 itaon
651 5524 788 5578 προς
814 5525 1010 5558 τουτον
1071 5523 1313 5574 ποιησει,
1350 5523 1394 5559 ει
1424 5527 1486 5560 το
1545 5523 1715 5577 κῆτος
1775 5523 1971 5592 ἀναιρή

282 5575 491 5630 Melius
521 5576 707 5631 codex
736 5579 838 5631 817
868 5594 880 5631 :
916 5577 1122 5650 ποιήσῃ
1157 5586 1216 5632 et
1262 5577 1683 5651 ἐκλυτρώσεται.
1718 5588 1976 5648 Heliodm

280 5644 556 5686 rﬂwanrtl‘l
584 5646 684 5686 ιβ’λῇ
711 5647 882 5686 animum
916 5646 993 5686 :3;-
1025 5645 1211 5686 ηκνυηυ
1251 5651 1504 5686 ηιιιΔ-Ᾱκιλ
1561 5654 1754 5686 ρΛᾸΛ-
1790 5663 1902 5686 υ-..
1925 5673 1969 5686 ,ι

2114 5523 2201 5577 καὶ
2262 5523 2364 5592 τήν
2423 5523 2592 5580 παῖδα
2642 5523 2743 5596 τ’ἧς
2787 5523 3232 5605 τούτου-’βορᾶς
3284 5523 3719 5602 ἐκλυτρῶσηται.

2088 5595 2385 5686 ’ἔξωωῆ
2430 5615 2489 5665 ιι,
2523 5601 2584 5653 31
2615 5616 2628 5653 :
2662 5599 3064 5686 :I‘é'cayé‘c‘repa
3122 5599 3184 5686 δξ
3210 5602 3298 5656 καὶ
3363 5596 3720 5686 ἀκριϐέστερα

282 5615 491 5630 Altus-uo
522 5615 707 5631 vvuu‘
736 5615 796 5631 υι
820 5615 831 5630 l
868 5619 880 5631 σ
923 5615 1033 5630 ηνῑι
1058 5615 1081 5628 υ
1157 5615 1216 5632 νυ
1262 5615 1420 5632 ῠσιηυι
1468 5615 1683 5638 υυνδιιῑι,

278 5644 558 5699 τῶν-κατὰ
584 5646 684 5712 τὴν
711 5647 882 5722 κόρην
916 5646 993 5708 εἷς
1025 5615 1211 5723 άῦξόιον
1249 5615 1526 5724 μυηθηῐσῃ.
1561 5615 1976 5722 Codeuxlc\l’l¢301;leotJ

279 5717 399 5773 lius
431 5719 748 5773 convenire
779 5719 1032 5775 videtur.

2125 5615 2378 5721 mimos.
2430 5615 2489 5665 ιι,
2523 5615 2584 5653 61
2615 5616 2628 5653 Ξ
2662 5615 2744 5655 Td
2766 5619 3064 5684 σαφεστερα
3122 5615 3182 5656 οε
3210 5615 3298 5656 καὶ
3363 5615 3719 5686 ακριῠεστερα

2088 5670 2205 5738 109,
2240 5687 2317 5738 μα
2352 5669 2482 5742 vim,
2525 5673 2684 5743 quod
2715 5672 3014 5729 Heliodori
3055 5673 3260 5747 probas
3301 5679 3559 5732 orationi
3589 5691 3719 5732 me-

353 5789 472 5860 (99)
501 5787 667 5846 Conf.
692 5806 750 5862 p.
781 5793 908 5846 275.
