4112 6372
438 342 582 439 μετ

1607 348 1781 404 VITA
1818 348 2173 405 ΒΔΒΕΔΔΜ
2208 350 2303 405 ΒΤ
2336 346 2686 405 JOASAPH.

3726 348 3869 406 1138

436 438 563 548 φίας
604 464 890 545 γεμούσης
944 468 1317 545 περιγενὲσθαι
1368 472 1442 544 (1)
1495 469 1699 545 ψυχῆς.
1761 469 1859 527 Kal
1914 468 1999 535 τίς
2038 472 2093 542 ’ἠ

2222 472 2605 547 phi1050phiaa
2660 472 2905 545 plenum
2941 474 3357 544 superaturam
3404 490 3553 532 esse.
3599 462 3872 548 cumque

434 560 612 634 τὲχνη
651 561 844 633 μαθεῖν
869 556 1059 631 ἤρετο.
1087 558 1223 614 Τότε
1253 556 1454 621 Θευδᾶς
1509 560 1639 615 ὡσεὶ
1694 559 1851 632 ξυρὸν
1905 563 2105 633 ἠκονη-

445 650 609 724 μὲνον
642 650 722 723 (2)
750 647 961 726 ὑφαίνει
994 649 1057 703 16
1107 648 1470 723 κακούργημα
1524 649 1615 705 καὶ
1672 649 1861 713 δεινῶς
1920 650 2103 727 ἀρτύει

439 742 510 796 τὰ
541 740 824 817 φάρμακα.
854 736 962 795 Καὶ
1012 734 1113 813 ὅρα
1145 739 1385 817 σόφισμα
1429 740 1761 815 κακότεχνον
1821 739 1912 795 καὶ
1970 742 2103 796 ὑπο-

442 824 627 898 ϐολήν
658 832 757 884 τοῦ
788 831 1053 903 πονηροῦ.
1096 829 1329 899 Πάντας,
1363 828 1553 908 φησὶν,
1612 830 1656 884 ὧ
1701 830 1945 905 βασιλεῦ,
1976 829 2104 893 τοὺς

441 917 886 993 παρισταμένους
937 921 1019 990 τῷ
1076 918 1181 990 υἰῷ
1238 939 1334 973 σου
1389 919 1480 973 καὶ
1534 920 1936 994 ὑπηρετοῦντας
1998 941 2107 993 μα-

441 1007 647 1083 κρύνας
681 1008 773 1063 ἀπ’
798 1005 986 1076 αὐτοῦ,
1016 1012 1274 1081 γυναῖκας
1314 1006 1542 1071 εὐειδεῖς
1595 1009 1686 1064 καὶ
1745 1010 1871 1065 λίαν
1949 1030 2108 1085 περι-

443 1095 699 1167 καλλεῖς,
722 1096 811 1152 καί
872 1096 1292 1171 κεκοσμημένας
1380 1097 1456 1161 εἰς
1530 1100 1593 1154 τὸ
1668 1099 2104 1176 ἐπαγωγότερον,

448 1192 686 1241 συνεῖναι
720 1186 868 1258 αύτῷ
914 1183 1190 1257 διηνεκῶς
1246 1186 1336 1242 καὶ
1392 1194 1810 1263 καθυπηρετεῖν,
1871 1187 2107 1245 συνδιαιο

444 1274 641 1341 τᾶσθαί
694 1295 754 1331 τε
809 1274 901 1331 καὶ
956 1275 1395 1347 συναυλίζεσθαι,
1446 1276 1766 1354 πρόσταξον.
1827 1281 1967 1355 Ἐγὼ
2024 1279 2103 1351 δὲ,

439 1368 554 1419 τῶν
586 1363 916 1437 πνευμάτων
949 1358 1004 1419 ἕν
1033 1368 1141 1419 τῶν
1168 1364 1245 1429 εἰς
1290 1364 1358 1420 τὰ
1411 1366 1637 1422 τοιαῦτά
1697 1389 1790 1441 μοι
1839 1369 2105 1443 τεταγμέ-

440 1475 546 1509 νων
581 1451 986 1516 ἐπαποστείλας
1025 1452 1194 1527 αύτῷ,
1260 1454 1566 1532 βιαιότερον
1622 1458 1686 1511 τὸ
1741 1460 1841 1527 τῆς
1898 1455 2109 1529 ἡδονης

445 1547 555 1617 πῦρ
589 1542 795 1617 ἀνάψω.
832 1542 935 1599 Καὶ
969 1540 1081 1617 ἅμα
1108 1548 1188 1615 τῷ
1247 1544 1588 1621 συγγενέσθαι
1646 1545 1807 1602 αὐτὸν
1864 1551 1963 1619 μιᾷ
2016 1548 2105 1602 καὶ

457 1630 593 1703 μόνῃ
620 1634 727 1684 τῶν
754 1629 1022 1685 τοιούτων
1080 1635 1372 1703 γυναικῶν,
1430 1630 1476 1686 εἰ
1540 1633 1616 1705 μή
1650 1635 1823 1688 πάντα
1879 1628 1981 1707 ἕξει
2020 1654 2105 1688 σοι

454 1719 589 1775 κατὰ
616 1719 871 1794 γνώμην,
902 1717 1210 1795 παροπτέος
1242 1719 1347 1795 ἐγὼ
1376 1721 1439 1776 τὸ
1462 1720 1657 1777 λοιπόν
1689 1744 1775 1777 σοι
1805 1723 1894 1778 καὶ
1927 1720 2105 1799 ἄχρη-

457 1829 599 1879 στος,
620 1809 709 1863 καὶ
745 1810 901 1867 288
929 1814 1217 1882 τιμωριῶν
1254 1810 1547 1886 μεγίστων,
1580 1812 1642 1867 οὐ
1700 1818 1900 1886 τιμῶν,
1933 1813 2104 1884 ἄξιος.

453 1894 622 1954 Οὐδὲν
652 1897 754 1973 γὰρ
790 1898 867 1961 ὡς
918 1895 1044 1972 ὄψις
1076 1904 1349 1974 γυναικῶν
1410 1900 1705 1977 ἐπάγεσθαι
1761 1907 1852 1957 καὶ
1897 1902 2106 1979 θέλγειν

459 1986 595 2052 τοὺς
646 1986 887 2065 ἀρῥένων
947 1988 1255 2063 λογισμοὺς
1309 1988 1535 2069 πέφυκε.
1594 1993 1693 2046 Καὶ
1741 1990 1971 2047 ἄκουσον
2025 1990 2111 2048 δι-

461 2080 715 2157 ηγήσεως
734 2082 817 2152 τῷ
837 2077 955 2153 ἐμῷ
985 2079 1484 2155 συμμαρτυρούσης
1598 2103 1750 2155 ματι.

530 2348 690 2403 ΚΕΦ.
726 2347 805 2404 Α“.
837 2380 907 2391 -
937 2346 1206 2411 Βασιλεύς
1234 2369 1319 2411 τις
1350 2347 1547 2412 παιδὸς
1608 2350 1856 2426 ἀμοιρῶν
1889 2348 2113 2427 ἐίρῥενος

456 2436 672 2507 ἠνιᾶτο,
734 2434 859 2492 λίαν
930 2439 1033 2507 τήν
1087 2439 1274 2514 ψυχὴν
1326 2438 1657 2515 ἀχθόμενος,
1711 2440 1801 2495 καὶ
1850 2439 2115 2516 ἀτύχημα

454 2530 619 2582 τοῦτο
649 2527 715 2582 οὐ
748 2526 941 2603 μικρὸν
983 2525 1361 2601 λογιζόμενος.
1419 2530 1513 2587 Ἕν
1566 2528 1781 2593 τούτοις
1841 2531 1932 2585 οὗν
1965 2530 2112 2603 αὐτῷ

458 2615 575 2671 ὄντι
607 2620 853 2691 γεννᾶται
886 2617 1027 2680 υἱός·
1060 2617 1151 2672 καὶ
1209 2623 1386 2693 χαρᾶς
1433 2616 1522 2673 ἐπὶ
1552 2618 1731 2692 τούτῳ
1755 2621 1856 2689 τήν
1886 2618 2111 2695 καρδίαν

459 2704 824 2782 ἐπεπλήρωτο
856 2706 884 2761 ὁ
919 2706 1195 2783 βασιλεὺς.
1229 2710 1401 2763 Εἶπον
1435 2705 1492 2763 δὲ
1519 2708 1667 2781 αὐτῷ
1697 2710 1750 2763 οἱ
1779 2714 1887 2764 τῶν
1914 2709 2112 2785 ἰατρῶν

461 2794 854 2870 ἐπιστήμονες,
888 2795 987 2866 ὡς,
1040 2795 1089 2852 εἰ
1145 2796 1295 2859 ἐντὸς
1350 2801 1461 2852 τῶν
1521 2795 1732 2853 δώδεκα
1764 2800 1838 2871 (3)
1890 2798 2112 2873 χρόνων

461 2882 697 2957 ἤλιονῆ
746 2889 855 2960 πῦρ
904 2887 969 2942 τὸ
1021 2883 1241 2941 παιδίον
1300 2890 1462 2941 τοῦτο
1526 2884 1664 2957 ’ίδοι,
1722 2889 2111 2962 στερηθήσεται

460 2977 769 3031 παντάπασι
798 2980 898 3032 τοῦ
946 2976 1148 3055 φωτός*
1206 2980 1369 3031 τοῦτο
1425 2978 1530 3051 γὰρ
1587 2979 1622 3046 ἠ
1678 2982 1788 3032 τῶν
1847 2979 2115 3051 ὀμμάτων

460 3065 629 3122 αὐτοῦ
661 3067 809 3131 θέσις
842 3064 1028 3137 δηλοῖ.
1061 3071 1239 3122 Ταῦτα
1262 3067 1354 3121 τὸν
1412 3064 1640 3143 βασιλέα
1669 3066 1970 3122 ἀκούσαντα
2020 3064 2111 3121 λέ-

2212 580 2489 633 quamam
2506 563 2608 620 illa
2620 580 2716 619 ars
2733 568 2971 618 essetex
2988 578 3055 617 eo
3074 561 3507 631 sciscitaretur,
3526 568 3653 620 tum
3674 568 3869 624 Theu-

2214 652 2340 717 das,
2361 658 2644 724 tanquam
2677 651 2969 707 novacula
2998 656 3174 706 acuta
3197 651 3398 706 dolum
3412 654 3677 709 contexit
3700 658 3869 725 (Psal.

2212 741 2747 811 Lxxn),callideque
2764 742 3092 811 pharmaca
3104 744 3629 813 comparat.Atque
3643 743 3869 815 impro-

2212 830 2348 885 bam
2365 831 2661 897 technam,
2682 830 3023 900 diabolique
3042 830 3613 901 consilium,quaeso,
3641 834 3870 904 perspi-

2214 936 2299 975 ce.
2326 920 2635 988 Omnibus,
2660 919 2877 989 inquit,
2902 937 2935 973 o
2952 936 3075 987 rex,
3100 919 3199 990 qui
3238 919 3359 974 ﬁlio
3373 926 3758 993 astantatque
3776 924 3871 977 in-

2213 1008 2579 1075 serviunt,ab
2599 1024 2667 1063 eo
2682 1007 2888 1079 procul
2904 1007 3012 1078 disj
3024 1007 3498 1078 unctis,pulchra
3511 1014 3871 1081 etperquam

2214 1097 2471 1170 eleganti
2495 1098 2688 1153 forma
2714 1097 2995 1169 praeditas
3038 1097 3345 1165 mulieres,
3379 1103 3555 1169 atque
3586 1098 3661 1154 ad
3693 1100 3873 1171 pelli-

2213 1187 2455 1243 ciendos
2478 1188 2711 1243 animos
2732 1187 3214 1254 adornatas,cum
3227 1204 3296 1242 eo
3319 1193 3607 1260 perpetuo
3622 1189 3869 1258 versari,

2212 1278 2446 1349 ipsique
2470 1277 2836 1345 ministrare,
2858 1277 3110 1347 vitaeque
3133 1277 3629 1335 consuetudinem
3652 1284 3871 1336 etcon-

2217 1367 2555 1423 tubernium
2574 1384 2707 1423 cum
2741 1384 2810 1423 eo
2841 1367 3061 1423 habere
3072 1366 3241 1439 jube.
3272 1369 3389 1439 Ego
3421 1374 3620 1424 autem
3650 1386 3772 1425 uno
3794 1385 3867 1425 ex

2213 1456 2285 1510 iis
2309 1457 2636 1528 spiritibus,
2664 1474 2812 1529 quos
2835 1456 2910 1512 ad
2930 1473 3027 1512 res
3050 1456 3770 1529 hujusmodicomparavi,
3793 1458 3871 1513 ad

2215 1562 2349 1600 eum
2367 1552 2573 1617 postea
2593 1546 3212 1613 submisso,acriorem
3229 1546 3548 1617 voluptatis
3563 1547 3759 1618 ignem
3774 1564 3874 1601 ex-

2214 1635 2430 1692 citabo.
2463 1637 2546 1691 Ac
2561 1636 2741 1691 simul
2771 1641 2948 1707 atque
2979 1636 3070 1691 vel
3092 1652 3363 1692 cumuna
3380 1635 3506 1691 sola
3530 1636 3875 1708 hujusmodi

2213 1726 2567 1781 muliercula
2590 1742 2716 1781 rem
2739 1725 3159 1793 habuerit,nisi
3188 1725 3294 1780 tibi
3328 1726 3531 1781 omnia
3574 1743 3644 1782 ex
3686 1727 3873 1782 animi

2137 1837 2184 1900 Β
2214 1816 2511 1871 sententia
2532 1816 2743 1883 ﬂuant,
2768 1816 2881 1870 erit
2894 1816 3023 1888 jam
3048 1833 3155 1872 cur
3176 1832 3270 1871 me
3295 1822 3668 1883 contemnas,
3694 1822 3871 1887 atque

2216 1910 2281 1959 ut
2303 1906 2530 1960 nullius
2552 1922 2696 1960 usus
2714 1906 3170 1972 hominem,non
3194 1905 3542 1976 honoribus,
3564 1905 3667 1961 sed
3680 1907 3873 1962 maxi-

2217 1994 2329 2049 mis
2344 1994 2655 2066 suppliciis
2674 1993 3056 2050 afﬁciendum
3072 1994 3439 2049 ducas.Nihil
3458 1995 3617 2050 enim
3632 2011 3869 2051 mascu-

2216 2083 2413 2139 lorum
2434 2084 2667 2139 animos
2692 2084 2940 2155 perinde
2962 2084 3204 2140 allicere
3231 2101 3300 2139 ac
3333 2084 3673 2141 demulcere
3692 2086 3867 2153 solet,

2216 2178 2285 2229 ut
2311 2173 2673 2228 feminarum
2720 2178 3095 2244 conspectus.
3146 2175 3338 2244 Atque
3378 2179 3444 2229 ut
3494 2174 3873 2231 sermonibus

2217 2263 2369 2319 meis
2402 2262 2581 2318 fidem
2611 2261 3239 2329 adhibeas,historiam
3262 2263 3417 2319 hanc
3437 2262 3617 2318 velim
3643 2263 3874 2318 audias.

2290 2354 2423 2409 CAP.
2473 2351 2651 2408 XXX.
2701 2383 2771 2392 —
2820 2354 2941 2407 Rex
2971 2351 3215 2422 quidam
3250 2368 3383 2407 cum
3417 2352 3686 2410 mascula
3709 2352 3876 2423 prole

2220 2447 2452 2499 careret
2471 2442 2855 2497 vehementer
2874 2440 3074 2497 animo
3092 2440 3699 2514 angebatur,eamque
3719 2441 3877 2497 cala-

2219 2533 2489 2587 mitatem
2515 2530 2674 2587 haud
2692 2548 2931 2601 parvam
2958 2530 3355 2587 existimabat.
3389 2532 3510 2587 Hoc
3539 2531 3719 2604 igitur
3738 2548 3875 2587 cum

2220 2627 2375 2677 statu
2398 2626 2574 2689 esset,
2601 2620 2793 2676 filium
2844 2621 2905 2675 in
2953 2620 3150 2676 lucem
3174 2620 3381 2686 edidit,
3414 2637 3602 2693 eoque
3629 2620 3874 2677 nomine

2218 2726 2451 2765 summa
2472 2709 2773 2781 voluptate
2796 2708 3072 2780 perfusus
3095 2714 3203 2763 est.
3240 2709 3529 2764 Dixerunt
3573 2714 3773 2766 autem
3800 2708 3875 2764 ad

2218 2816 2353 2855 eum
2377 2798 2594 2854 eruditi
2627 2796 2869 2867 quidam
2902 2797 3141 2864 medici,
3170 2796 3296 2852 fore
3326 2802 3392 2853 ut
3423 2798 3471 2853 si
3517 2815 3666 2870 puer
3714 2799 3875 2853 intra

2216 2888 2531 2945 duodecim
2564 2904 2753 2943 annos
2783 2887 2970 2942 solem
3004 2891 3109 2942 aut
3156 2886 3358 2959 ignem
3392 2887 3871 2954 videret,1umine

2218 2994 2461 3051 prorsus
2478 2977 2807 3042 orbaretur,
2842 2976 2902 3031 id
2933 2977 3094 3031 enim
3117 2993 3187 3031 ex
3208 2976 3518 3032 oculorum
3541 2977 3729 3049 ipsius
3751 2978 3871 3033 situ

2220 3067 2683 3140 designari.Quaa
2705 3083 2838 3121 cum
2862 3071 3029 3137 pater
3041 3065 3674 3137 audisset,cubiculum
3690 3066 3876 3137 quod-

457 3178 607 3234 γεται
640 3157 882 3213 οἰκίσκον
914 3155 1185 3233 ἂντρῶδες
1217 3160 1293 3231 (4)
1352 3157 1413 3213 ἐκ
1467 3159 1667 3228 πὲτρας
1714 3160 1864 3223 τινὸς
1918 3158 2110 3231 λαξεῦ-

2222 3158 2357 3213 dam
2381 3157 2701 3213 obscurum
2727 3172 2797 3212 ex
2818 3172 2966 3227 rupe
2988 3155 3246 3226 quadam
3259 3154 3625 3223 condidisse,
3652 3155 3880 3211 ﬁlium-

461 3268 573 3319 σαι,
603 3247 820 3304 κάκεῖσε
848 3249 938 3303 τὸν
973 3245 1142 3303 παῖδα
1172 3248 1309 3321 μετά
1361 3252 1469 3304 τῶν
1526 3244 1891 3320 τιθηνούντων
1942 3249 2105 3304 αὐτὸν

459 3336 911 3409 κατακλείσαντα,
949 3336 1235 3412 μηδόλως,
1272 3336 1437 3413 μέχρι
1498 3339 1953 3414 συμπληρώσεως
2001 3343 2111 3395 τῶν

462 3424 673 3483 δώδεκα
733 3427 1013 3497 ἐνιαυτῶν,
1074 3427 1254 3503 φωτὸς
1311 3426 1586 3498 ὑποδεῖξαι
1648 3430 2010 3504 μαρμαρυγήν
2049 3428 2113 3483 τὸ

461 3516 734 3594 παράπαν.
768 3518 920 3575 Μετὰ
950 3514 1007 3571 δὶ
1034 3519 1135 3586 τήν
1168 3516 1569 3591 συμπλήρωσιν
1599 3522 1708 3573 τῶν
1742 3516 1952 3574 δώδεκα
1982 3518 2116 3573 ἐτῶν

464 3606 639 3683 ἐξάγει
668 3611 765 3663 τοῦ
797 3606 1042 3662 οἰκίσκου
1089 3606 1181 3661 τὸν
1211 3604 1381 3661 παῖδα
1443 3604 1610 3680 μηδὲν
1665 3606 1811 3670 ὅλως
1868 3612 1966 3662 τοῦ
2021 3608 2116 3661 κό-

464 3718 608 3770 σμου
637 3697 989 3770 Θεασάμενον,
1019 3695 1109 3750 καὶ
1140 3694 1349 3751 κελεύει
1385 3697 1414 3750 ὁ
1439 3694 1693 3771 βασιλεὺς
1748 3698 1923 3751 πάντα
1980 3696 2117 3750 κατά

370 3858 373 3859 ν
465 3788 625 3865 γένος
684 3789 1139 3863 παραστήσαντας
1202 3784 1483 3858 ὑποδεῖξαι
1542 3786 1709 3859 αύτῷ,
1760 3785 1959 3863 ἄνδρας
2018 3787 2113 3859 μὶν

467 3878 519 3934 ἐν
561 3877 640 3934 ἐνὶ
669 3877 844 3951 τόπῳ,
877 3874 1135 3934 ἀλλαχοῦ
1167 3874 1225 3932 δὲ
1270 3882 1546 3953 γυναῖκας,
1605 3875 1827 3951 ἒτέρωθι
1886 3877 2116 3953 χρυσὸν,

467 3966 1061 4046 ἅργυρον,ἀλλαχόθεν
1123 3967 1457 4043 μαργαρίτας
1510 3987 1569 4022 τε
1626 3968 1717 4021 καί
1774 3964 1960 4029 λίθους
2015 3988 2119 4021 πο-

467 4057 745 4127 λυτελεῖς,
775 4057 970 4129 ἱμάτια
1018 4054 1249 4131 λαμπρά
1276 4055 1367 4112 καὶ
1398 4056 1623 4129 κόσμια,
1682 4053 1911 4129 ἅμματα
1965 4075 2122 4131 περι-

464 4145 652 4217 καλλῆ
688 4146 823 4221 μετὰ
850 4144 1038 4201 ’ίππων
1066 4145 1368 4223 βασιλικῶν
1420 4145 1845 4223 χρυσοχαλίνων
1904 4144 1999 4201 σὺν
2026 4146 2122 4200 τά·

466 4257 635 4308 πησιν
657 4235 983 4313 ἁλουργοῖς,
1044 4236 1133 4291 καὶ
1166 4230 1437 4298 ἀναϐάτας
1496 4234 1577 4290 ἐπ’
1631 4234 1821 4299 αὐτοῖς
1875 4233 2120 4311 ὁπλοφό-

471 4344 622 4399 ρους,
660 4325 928 4400 βουκόλιά
954 4346 1013 4381 τε
1048 4326 1191 4400 βοῶν
1223 4324 1313 4380 καὶ
1364 4325 1595 4399 ποίμνια
1650 4319 1965 4398 προϐάτων.
1998 4324 2121 4393 Καὶ,

472 4413 663 4476 ἁπλῶς
695 4414 888 4487 εἰπεῖν,
918 4416 1089 4470 πάντα
1113 4412 1411 4490 στοιχηδὸν
1446 4412 1790 4471 ὑπεδείκνυον
1818 4419 1900 4487 τῷ
1944 4411 2122 4473 παιδί.

471 4503 884 4579 ΙΙυνθανομένου
914 4504 971 4561 δὶ
991 4506 1156 4561 αὐτοῦ
1186 4508 1339 4564 269
1392 4502 1447 4560 τί
1501 4503 1710 4560 τούτων
1768 4501 1991 4560 ἕκαστον
2024 4525 2123 4559 κα-

472 4593 673 4665 λεῖται,
735 4595 789 4649 οἳ
834 4599 932 4652 τοῦ
986 4594 1257 4671 βασιλέως
1314 4594 1645 4650 ὑπασπισταὶ
1685 4594 1775 4650 καὶ
1828 4592 2125 4672 δορυφόροι

467 4685 570 4756 τὴν
602 4683 836 4741 ἑκάστου
863 4683 1060 4755 κλῆσιν
1094 4683 1352 4756 ἐδήλουν.
1386 4686 1475 4747 Ὦς
1531 4683 1589 4740 δὲ
1638 4685 1738 4753 τὴν
1792 4681 1991 4749 κλῆσιν
2018 4688 2127 4739 τῶν

470 4778 746 4848 γυναικῶν
790 4776 975 4850 ἤρετο,
1041 4780 1250 4848 μαθεῖν,
1311 4774 1405 4829 τὸν
1463 4773 1759 4849 σπαθάριον
1817 4778 1914 4828 τοῦ
1976 4774 2128 4848 βασι-

472 4860 615 4925 λέως
654 4866 730 4937 (5)
786 4864 1093 4941 χαριέντως
1151 4862 1349 4931 εἰπεῖν,
1408 4861 1670 4937 δαίμονας
1718 4862 1883 4927 αὐτὰς
1935 4862 2129 4918 καλεῖ-

470 4962 617 5023 σθαι,
652 4949 709 5007 αἵ
766 4952 897 5017 τοὺς
931 4954 1253 5031 ἀνθρώπους
1283 4951 1585 5011 πλανῶσιν.
1643 4955 1707 5010 Ἡ
1740 4951 1798 5008 δὲ
1848 4956 1947 5008 τοῦ
1990 4974 2127 5007 παι-

470 5038 563 5105 δὸς
591 5039 791 5118 καρδία
817 5048 897 5117 τῷ
927 5042 1149 5100 ἐκείνων
1181 5046 1337 5118 πόθῳ
1368 5042 1536 5100 πλέον
1591 5047 1703 5099 τῶν
1734 5042 1948 5099 λοιπῶν
1977 5041 2131 5108 ἐθέλ-

2221 3265 2335 3320 que
2358 3247 2483 3303 illic
2502 3263 2625 3303 una
2653 3262 2791 3302 cum
2820 3245 3159 3301 nutricibus
3192 3245 3505 3301 inclusisse
3532 3246 3740 3313 fertur,
3766 3262 3880 3301 nec

2216 3342 2354 3393 ante
2376 3336 2689 3393 duodecim
2709 3352 2899 3391 annos
2922 3341 3159 3391 exactos
3176 3335 3368 3392 ullum
3391 3335 3637 3391 omnino
3654 3335 3765 3408 ipsi
3781 3335 3878 3391 lu-

2218 3428 2302 3483 cis
2326 3426 2706 3499 splendorem
2730 3425 3086 3483 ostendisse.
3120 3425 3398 3481 Confecto
3430 3431 3630 3481 autem
3663 3425 3880 3497 hujus-

2217 3518 2378 3575 modi
2392 3517 2678 3588 temporis
2693 3516 3342 3585 curriculo,ﬁlium,qui
3357 3515 3508 3569 nihil
3528 3514 3773 3569 omnino
3790 3530 3879 3569 re-

2217 3625 2349 3663 rum
2372 3607 2813 3663 mundanarum
2832 3605 2905 3661 ad
2920 3606 3079 3660 hunc
3096 3621 3285 3675 usque
3301 3603 3457 3659 diem
3473 3607 3880 3675 perspexerat,

2219 3714 2289 3753 ex
2318 3697 2432 3752 hoc
2462 3694 2739 3751 cubiculo
2771 3695 3008 3762 educit;
3036 3710 3104 3750 ac
3128 3700 3258 3750 tum
3308 3692 3423 3764 ipsi
3460 3691 3881 3763 omnia,juxta

2221 3804 2395 3842 suum
2411 3785 2686 3858 quodque
2700 3801 2887 3857 genus
2902 3783 3166 3841 exhiberi
3181 3800 3248 3839 ac
3263 3781 3661 3838 demonstrari
3674 3780 3875 3853 jubet,

2221 3878 2375 3931 viros
2398 3875 2684 3931 nimirum
2707 3875 2767 3929 in
2790 3891 2910 3930 uno
2930 3874 3081 3943 loco,
3111 3873 3171 3928 in
3194 3872 3312 3928 alio
3326 3871 3606 3943 feminas,
3631 3870 3873 3928 aliunde

2222 3985 2455 4037 aurum,
2491 3968 2607 4023 alia
2629 3984 2699 4023 ex
2729 3972 2895 4038 parte
2930 3971 3264 4038 argentum,
3296 3965 3550 4021 uniones
3573 3963 3877 4036 etlapides

2226 4057 2504 4128 exquisiti
2532 4057 2928 4129 pretii.vestes
2950 4055 3287 4111 luculentas
3311 4060 3370 4109 et
3390 4054 3716 4126 elegantes,
3749 4070 3883 4108 cur-

2224 4164 2326 4202 rus
2351 4147 2573 4219 insigni
2590 4144 3035 4217 pulchritudine
3052 4144 3229 4199 simul
3244 4160 3377 4199 cum
3395 4143 3574 4214 regiis
3591 4142 3761 4213 equis
3784 4158 3892 4197 au-

2228 4255 2329 4293 reo
2354 4238 2524 4293 freno
2541 4236 3014 4304 instructis,cum
3032 4234 3239 4291 aulaeis
3256 4233 3593 4305 purpureis,
3614 4249 3682 4289 ac
3696 4248 3893 4288 sesso-

2230 4329 2396 4383 ribus
2419 4327 2871 4392 armatis,boum
2897 4326 3039 4381 item
3065 4330 3358 4391 armenta,
3377 4330 3435 4379 et
3451 4324 3747 4395 pecudum
3762 4339 3893 4395 gre-

2228 4435 2365 4491 ges;
2390 4423 2588 4488 atque,
2615 4422 2679 4471 ut
2701 4415 3046 4472 summatim
3063 4414 3487 4482 dicam,omnia
3503 4418 3667 4469 certo
3681 4412 3893 4468 ordine

2234 4524 2421 4580 puero
2437 4505 3311 4562 demonstrabat.Percontante
3325 4508 3524 4560 autem
3539 4520 3607 4559 eo
3631 4518 3897 4574 quonam

2238 4597 2486 4669 singula)
2508 4612 2605 4651 res
2619 4595 2860 4651 nomine
2874 4593 3505 4666 appellarentur,regis
3528 4592 3816 4649 satellites
3830 4608 3897 4647 ac

2240 4688 2560 4757 stipatores
2583 4685 3060 4757 uniuscujusque
3093 4700 3314 4739 nomen
3346 4682 3893 4755 exponebant.Cum

2240 4782 2437 4831 autem
2464 4775 2785 4830 mulierum
2809 4790 3030 4829 nomen
3050 4774 3200 4829 scire
3216 4778 3613 4844 cuperet,tum
3632 4772 3785 4843 regis
3798 4787 3897 4825 ar-

2239 4866 2427 4938 miger
2448 4864 2643 4936 lepide
2666 4880 2735 4920 ac
2756 4862 3295 4931 festive,daemones
3310 4879 3408 4918 eas
3422 4860 3711 4933 appellari
3725 4860 3894 4928 dixit,

2240 4972 2274 5010 a
2300 4955 2517 5025 quibus
2545 4955 2857 5009 hominum
2870 4958 3102 5009 mentes
3130 4954 3190 5007 in
3204 4968 3469 5007 errorem
3499 4950 3897 5005 traherentur.

2241 5045 2417 5099 Pueri
2450 5050 2650 5101 autem
2683 5049 2892 5117 pectus
2915 5060 3120 5099 earum
3152 5058 3355 5097 amore
3373 5046 3549 5112 atque
3575 5039 3903 5112 cupiditate

544 5272 621 5348 (ᾇ)
648 5270 925 5348 ,Syntaxis
956 5273 1151 5330 verbis
1180 5270 1437 5348 Dariqu
1455 5292 1591 5348 cum
1623 5274 1845 5348 aoristg
1879 5280 2027 5348 este
2057 5274 2592 5348 frequentissimis,
2628 5291 2882 5348 eamque
2915 5281 3167 5333 tractare
3216 5274 3463 5331 memini
3514 5272 3901 5348 adAristmn.

470 5357 529 5412 p.
549 5341 1024 5421 ;496.'Appianus
1056 5364 1150 5416 νη,
1187 5348 1252 5401 14
1286 5364 1299 5403 :
1331 5341 1463 5403 Οὐδ’
1490 5345 1694 5416 ⁴ἢλπιζζε
1721 5341 1930 5401 Φάϐιον
2018 5345 2116 5421 τοὺ

2222 5346 2295 5421 ἐπὶ
2334 5350 2443 5401 τῶν
2503 5349 2705 5421 στενῶν
2765 5341 3065 5421 βιάσεσθαι.
3099 5349 3184 5403 Ibi
3216 5364 3534 5421 monemur
3562 5346 3636 5402 ab
3671 5345 3905 5402 editore

472 5415 786 5492 vulsa-Eum:
810 5415 1094 5492 βιάσασθαι
1126 5425 1484 5492 mutassese
1514 5415 1659 5492 cum
1682 5419 2006 5492 Musgravio
2042 5420 2116 5492 in

2222 5418 2436 5482 iaeaemt-
2474 5419 2577 5475 sed
2607 5415 2931 5477 mutandus
2960 5438 3080 5477 non
3107 5425 3235 5477 erat
3264 5420 3539 5476 aoristus.

646 5486 905 5566 138311;”,
938 5494 973 5545 2
1001 5509 1014 5548 :
1047 5489 1361 5566 Qqsiﬁupt‘iv
1392 5488 1734 5564 ήσονημένον
1769 5486 2029 5561 ἐποίησας
2060 5486 2250 5547 δόλον.

571 5556 625 5628 3)
650 5560 713 5628 C,
746 5556 901 5631 δὲκα,
926 5567 996 5618 ut
1027 5568 1085 5619 et
1112 5556 1289 5620 infra:

571 5631 627 5710 ᾖ)
650 5632 742 5710 S_ic
771 5630 885 5690 AC.
909 5635 1526 5710 Ignoraturpeu‘trum
1556 5632 1619 5689 16
1646 5632 1910 5690 οἰκίσκον.
1944 5637 2092 5691 Puto

2226 5651 2256 5691 e
2286 5630 2538 5710 ἀντρώδη
2571 5634 2643 5692 ab
2676 5639 2919 5691 auctore
2949 5635 3079 5708 ipso
3113 5634 3423 5708 scriptum.

548 5703 617 5777 (5)
650 5706 718 5773 Α,
752 5722 782 5760 e
805 5703 1194 5776 correctione,
1228 5705 1415 5784 βασιλ.
1448 5704 1681 5781 λέγεται.
