4112 6396
378 364 519 424 1147

1907 359 2274 420 ADDINDA.

3707 353 3878 418 υιε

379 489 531 558 (Luc.
570 489 645 563 Iv)
665 491 693 548 ?
715 491 869 558 Quid
897 492 1076 565 igitur
1105 495 1159 545 te
1191 488 1456 552 adduxit,
1485 493 1698 544 utrem
1726 488 2040 560 hujusmo-

2164 483 2309 539 Πάνυ
2339 503 2434 556 μοι
2467 480 2670 555 δοκεῖς,
2703 481 2962 555 δέσποτα,
2985 485 3086 555 τῆς
3106 482 3368 556 ἀληθείας
3387 488 3494 542 τῶν
3521 481 3866 560 δογμάτων

378 576 435 632 di
468 581 817 650 spurcitiem
849 580 1178 653 appellares
1204 577 1231 633 ‘I
1254 581 1633 651 Margnopere
1665 594 1808 633 sane
1838 576 1986 632 mihi
2011 591 2048 631 a

381 665 727 740 dogmatum
757 675 1084 726 vestrorum
1116 667 1362 722 veritate
1394 667 1673 722 aberrare
1703 665 1943 721 videris.

454 757 559 811 Cui
582 757 685 813 ille
737 758 1082 830 respondit:
1115 758 1202 811 Ita
1231 757 1521 828 profecto,
1555 756 1795 824 mulier,
1823 755 1951 810 haec
1983 771 2046 810 se

379 843 1258 917 habent,quemadmodumabs
1272 852 1329 900 te
1343 845 1568 901 dictum
1593 843 2046 901 est.Licetenim

381 935 748 1006 quibuslibet
770 935 1156 990 matrimonio
1179 935 1738 1008 copulari,exceptis
1760 933 2046 990 tameniis

381 1023 484 1092 qui
516 1023 918 1095 virginitatem
967 1025 1199 1080 Christo
1253 1024 1440 1080 semel
1488 1025 1894 1096 promiserint.
1929 1025 2045 1095 Ego

381 1111 539 1166 enim
559 1110 632 1166 ab
651 1128 719 1166 eo
740 1112 835 1167 die
849 1129 958 1184 pro
976 1129 1084 1185 per
1096 1112 1282 1168 divini
1296 1113 1577 1186 baptismi
1595 1113 1893 1169 lavacrum
1908 1113 2048 1183 aju-

377 1201 636 1256 ventutis
668 1201 1099 1274 etignorantiae
1120 1219 1268 1259 meai
1298 1204 1558 1275 peccatis
1577 1207 1862 1275 purgatus
1891 1217 2045 1268 sum,

378 1305 597 1360 purum
631 1291 929 1362 meipsum
976 1291 1206 1347 Christo
1241 1291 1522 1347 exhibere
1553 1291 1859 1363 pollicitus
1890 1304 2045 1344 sum.

380 1379 649 1444 Quonam
673 1379 852 1452 igitur
871 1380 1049 1437 modo
1080 1387 1253 1454 pacta
1285 1398 1355 1436 ea
1385 1398 1517 1453 quae
1557 1398 1694 1437 cum
1727 1381 1846 1436 Deo
1879 1394 2051 1451 sanxi

382 1467 706 1526 dissolvere
737 1475 914 1542 atque
945 1470 1270 1544 infringere
1303 1471 1534 1527 audebo
1556 1471 1585 1526 ?

453 1561 711 1615 Rursum
734 1565 935 1616 autem
956 1560 1030 1616 ad
1055 1576 1192 1617 eum
1215 1561 1432 1617 mulier
1450 1560 1545 1616 his
1567 1559 1764 1616 verbis
1792 1575 1901 1616 usa
1918 1563 2009 1615 est
2033 1572 2048 1615 :

383 1647 470 1702 Sit
491 1664 632 1704 sane
655 1649 728 1704 de
750 1649 860 1705 hac
881 1666 944 1705 re
976 1655 1042 1705 ut
1067 1649 1194 1722 ipse
1228 1650 1343 1719 vis,
1377 1652 1450 1705 At
1472 1650 1743 1723 exiguam
1776 1649 2050 1705 alteram.

385 1753 452 1793 ac
478 1737 1004 1795 nulliusmomenti
1022 1739 1410 1811 cupiditatem
1432 1755 1627 1795 meam
1652 1737 2052 1811 exple,siqui-

385 1826 522 1882 dem
554 1828 768 1883 anima;
800 1845 949 1884 mea;
973 1828 1227 1884 salutem
1254 1830 1467 1885 afferre
1489 1829 1595 1884 tibi
1622 1828 1786 1884 cordi
1811 1829 2049 1885 est.Hac

385 1915 674 1973 duntaxat
700 1923 876 1975 nocte
908 1935 1144 1974 mecum
1168 1934 1294 1973 rem
1313 1917 1674 1990 habe,atque
1708 1918 1878 1973 effice
1904 1922 1972 1973 ut
1993 1922 2052 1972 et

384 2021 488 2079 ego
521 2011 623 2062 tua
652 2007 1098 2080 pulchritudine
1129 2008 1315 2079 fruar,
1350 2025 1417 2064 ac
1450 2013 1512 2063 tu
1543 2024 1794 2064 rursum
1843 2007 2052 2063 forma:

379 2110 529 2152 mete
557 2095 852 2170 elegantia
888 2097 1208 2170 explearis,
1252 2099 1417 2164 Quod
1450 2099 1498 2153 si
1530 2098 1766 2168 feceris,
1795 2098 1908 2153 hoc
1942 2096 2051 2152 tibi

377 2185 790 2257 polliceor,me
813 2187 993 2243 simul
1015 2193 1192 2259 atque
1207 2187 2051 2253 diesilluxerit,Christianam

378 2275 728 2349 religionem
744 2283 1156 2350 suscepturam
1175 2283 1354 2350 atque
1368 2295 1612 2334 omnem
1630 2277 1879 2334 deorum
1893 2294 2055 2333 meo-

376 2380 514 2420 rum
529 2365 757 2422 cultum
775 2365 914 2439 fuga
927 2367 1272 2423 relicturam
1286 2370 1637 2440 esse.Atque
1650 2368 1724 2424 ob
1740 2367 2056 2440 hujusmo-

378 2452 438 2508 di
451 2454 929 2524 consilium,non
944 2454 1121 2511 modo
1133 2456 1503 2525 veniam,sed
1527 2455 1706 2512 etiam
1729 2456 2050 2512 beneficia,

383 2542 594 2598 salutis
617 2560 764 2599 meaa
788 2559 988 2612 causa,
1009 2562 1042 2600 a
1063 2545 1181 2600 Deo
1204 2550 1306 2600 tuo
1329 2545 1738 2616 consequeris.
1759 2545 2051 2601 Gaudium

386 2631 570 2701 enim,
618 2632 815 2702 inquit
851 2633 1153 2704 Scriptura
1179 2637 1299 2701 tua,
1336 2634 1508 2689 estin
1539 2634 1686 2690 caelo
1721 2650 1902 2705 super
1929 2651 2052 2690 uno

383 2721 695 2786 peccatore
711 2715 1126 2787 poenitentiam
1151 2720 1548 2790 agente(Lucm
1569 2719 1863 2788 x1x).Nam
1883 2718 1930 2773 si
1973 2717 2049 2773 ob

382 2803 658 2860 scelerati
672 2805 934 2860 hominis
948 2805 1424 2878 resipiscentiam
1438 2806 1646 2862 laetitia
1663 2807 1724 2862 in
1739 2807 1886 2862 coelo
1901 2807 2053 2863 exci-

379 2898 561 2962 tatur,
596 2894 738 2966 quid
771 2895 971 2951 afferri
999 2900 1196 2967 potest
1226 2896 1373 2967 quin
1403 2897 1587 2968 hujus
1619 2897 2050 2968 resipiscentim

383 2985 578 3040 autori
608 3000 893 3058 magnum
924 2986 1241 3057 praemium
1273 2985 1566 3042 debeatur
1585 2985 1613 3042 ?
1640 2987 1727 3042 Ita
1756 2991 1916 3043 certe
1955 3003 2050 3042 res

382 3090 445 3130 se
475 3073 677 3142 habet,
710 3091 820 3130 nec
851 3080 944 3130 est
973 3075 1132 3146 quod
1154 3075 1414 3131 dubites.
1446 3075 1597 3142 Quid
1621 3076 1649 3132 ‘I
1676 3078 1896 3132 Annon
1916 3093 2053 3148 apo-

382 3162 522 3219 stoli
552 3179 811 3234 quoque,
867 3163 1176 3236 religionis
1214 3169 1422 3221 vestra;
1477 3165 1681 3236 duces,
1740 3165 2051 3238 complura

2160 573 2315 645 ὑμῶν
2346 569 2787 638 ἀποπλανᾶσθαι.

2226 751 2290 808 Ὀ
2331 748 2411 820 δὲ,
2463 750 2594 822 Nati,
2656 751 2842 827 φησὶν,
2905 752 2949 806 ὦ
3002 751 3178 826 γύναι⁶
3243 751 3420 816 οὕτως
3474 749 3604 830 ἔχει
3671 755 3864 808 ταῦτα

2155 842 2331 897 πάντα
2385 842 2569 906 καθὼς
2619 839 2864 915 εἴρηκας.
2897 844 3141 919 Ἐφεῖται
3200 841 3304 917 γὰρ
3353 849 3470 906 τοῖς
3537 839 3857 919 βουλομὲ-

2153 951 2269 993 νοις
2292 933 2455 1008 γάμῳ
2483 936 2792 986 κοινωνεῖν·
2825 930 2952 988 ἀλλ’
2983 931 3046 986 οὐ
3100 936 3221 995 τοῖς
3277 933 3415 1004 ἅπαξ
3467 931 3854 1008 ἐπαγγελλοο

2160 1021 2344 1095 μὲνοις
2372 1025 2454 1093 τῷ
2483 1021 2705 1096 Χριστῷ
2724 1019 3095 1096 παρθενεύειν.
3159 1021 3299 1096 Ἐγὼ
3356 1021 3483 1098 γὰρ,
3547 1021 3718 1095 ἐξότε
3767 1023 3854 1094 τῷ

2157 1107 2377 1185 λουτρῷ
2409 1108 2769 1185 ἐκαθαρίσθην
2789 1114 2888 1166 τοῦ
2929 1109 3079 1175 θείου
3114 1109 3514 1186 βαπτίσματος,
3571 1114 3702 1166 τῶν
3743 1116 3852 1181 τῆς

2156 1197 2416 1267 νεότητος
2443 1197 2533 1252 καὶ
2563 1197 2780 1275 ἀγνοίας
2813 1219 2920 1272 μου
2948 1199 3305 1272 πταισμάτων
3363 1200 3608 1277 καθαρὸν
3666 1197 3857 1274 ἐμαυ-

2155 1285 2249 1342 τὸν
2303 1293 2646 1363 παραστῆσαι
2699 1291 2778 1360 τῷ
2816 1291 3038 1362 Χριστῷ
3094 1288 3488 1362 συνεταξάμηνο
3550 1289 3664 1346 καὶ
3726 1292 3854 1354 πῶς

2157 1375 2226 1432 τὰ
2248 1374 2663 1454 ὡμολογημένα
2693 1380 2814 1450 Θεῷ
2836 1374 3091 1433 διαλῦσαι
3120 1374 3394 1452 τολμήσω
3428 1397 3445 1448 ς

2232 1557 2374 1634 Ἔφη
2410 1552 2469 1611 δὶ
2497 1555 2655 1620 αὗθις
2714 1555 2750 1626 ἡ
2809 1557 2972 1631 γυνή·
3000 1555 3186 1612 Ἔστω
3242 1556 3332 1612 καὶ
3388 1557 3552 1614 τοῦτό
3609 1579 3717 1614 σου
3775 1559 3846 1614 τὸ

2163 1643 2403 1718 θέλημα,
2435 1645 2618 1710 καθὼς
2651 1643 2904 1721 βούλοιο.
2926 1642 3141 1716 Ἀλλην
3199 1643 3258 1701 δὶ
3320 1646 3519 1722 μικράν
3548 1669 3686 1704 τινα
3746 1649 3846 1704 καὶ

2161 1731 2465 1807 οὐδαμινήν
2490 1733 2788 1810 πλήρωσον
2819 1732 3108 1809 ἐπιθυμίαν
3165 1757 3294 1808 μου,
3348 1735 3498 1809 εἳπερ
3541 1734 3734 1801 ἄντως
3789 1737 3844 1794 ἐν

2079 1859 2128 1925 Β
2163 1823 2397 1925 ἀληθείᾳ
2423 1827 2522 1896 τὴν
2555 1828 2742 1925 ψιυχήν
2780 1845 2884 1925 μου
2917 1822 3094 1925 θέλεις
3163 1830 3354 1885 σῶσαι.
3404 1833 3683 1904 Συγγενοῦ
3740 1849 3844 1925 μοι

2157 1915 2326 1989 ταύτῃ
2353 1918 2424 1990 τῇ
2454 1914 2606 1970 νυκτὶ
2627 1916 2716 1970 καὶ
2755 1915 2945 1990 μόνον,
2974 1915 3062 1970 καὶ
3095 1919 3193 1970 τοῦ
3251 1919 3353 1971 σοῦ
3409 1916 3847 1996 κατατρυφῆσαί

2165 2025 2232 2078 με
2259 2003 2502 2068 κάλλους
2530 2003 2788 2076 ποίησον,
2817 2010 2920 2074 τῆς
2949 2002 3088 2079 ἐμῆς
3134 2025 3194 2060 τε
3242 2004 3404 2068 αὐτὸς
3461 2004 3840 2080 ἐμπλήσθητι

2161 2094 2532 2168 ὡραιότητὸς.
2574 2095 2674 2150 Καὶ
2707 2093 2870 2170 λόγον
2904 2115 2990 2150 σοι
3040 2091 3269 2169 δίδωμι,
3319 2096 3434 2170 ἅμα
3483 2095 3635 2173 πρῶΐ
3690 2099 3844 2174 Χρι-

2163 2184 2385 2253 πιανήν
2432 2184 2804 2260 γενέσθαικαὶ
2835 2189 3009 2238 πᾶσαν
3057 2183 3307 2262 ἐκφυγεῖν
3359 2185 3460 2254 τὴν
3518 2190 3631 2241 τῶν
3684 2190 3833 2251 θεῶν

2164 2293 2272 2346 μου
2333 2269 2611 2349 λατρείαν.
2673 2272 2780 2331 Καὶ
2837 2271 2988 2328 ἔσται
3035 2295 3120 2329 σοι
3173 2273 3236 2330 οὐ
3299 2275 3466 2348 μόνον
3521 2277 3831 2353 συγγνώμη

2160 2360 2336 2418 ἕνεκεν
2366 2370 2470 2433 τῆς
2502 2363 2823 2436 οἰκονομίας
2854 2361 3077 2435 ταύτης,
3110 2361 3258 2420 ἀλλὰ
3283 2364 3377 2419 καὶ
3437 2361 3659 2441 δωρεῶν
3691 2365 3833 2421 ἀντ-

2161 2450 2388 2526 άμειψις
2439 2452 2586 2528 παρὰ
2635 2456 2716 2525 τῷ
2769 2456 2887 2524 Θεῷ
2917 2473 3015 2508 σου
3071 2448 3224 2508 ἕνεκα
3269 2459 3372 2523 τῆς
3440 2453 3580 2528 ἐμῆς
3637 2476 3831 2526 σωτη-

2162 2540 2299 2616 ρίας·
2336 2542 2492 2616 Χαρᾶ
2531 2541 2664 2618 γὰρ,
2722 2541 2886 2620 φησὶν
2947 2543 2983 2612 ἡ
3042 2542 3228 2621 Γραφή
3289 2563 3386 2599 σου
3443 2545 3578 2618 (30),
3610 2542 3823 2620 γίνεται

2161 2633 2316 2690 278
2349 2630 2402 2686 ἐν
2437 2630 2654 2704 οὐρανῷ
2683 2629 2765 2709 ἐφ’
2794 2630 2874 2688 ivi
2933 2629 3253 2707 ἁμαρτωλῷ
3313 2637 3686 2707 μετανοοῦντι.
3743 2632 3820 2691 Εἰ

2161 2719 2254 2776 οὖν
2285 2722 2432 2798 χαρά
2461 2721 2670 2798 γίνεται
2701 2722 2752 2777 ἐν
2787 2721 3002 2798 οὐρανῷ
3033 2718 3103 2777 δι’
3160 2719 3493 2801 ἐπιστροφὴν
3554 2726 3819 2800 ἁμαρτω-

2161 2808 2284 2879 λοῦ,
2316 2814 2396 2883 τῷ
2424 2809 2670 2884 προξένῳ
2697 2815 2798 2880 τῆς
2857 2808 3190 2886 ἐπιστροφῆς
3248 2809 3312 2866 οὐ
3372 2812 3544 2887 μέγας
3595 2811 3819 2891 ἐποιρεί-

2163 2903 2316 2955 λεται
2350 2898 2545 2972 μισθός
2573 2918 2588 2969 ;
2621 2897 2751 2971 Nai,
2785 2893 2958 2958 οὕτως
2989 2894 3134 2974 ἔχει,
3187 2897 3278 2954 καὶ
3339 2901 3416 2974 μὴ
3473 2895 3814 2977 ἀμφίϐαλλε.

2163 2989 2240 3047 Οὐ
2273 2987 2467 3044 πολλὰ
2497 2987 2555 3044 δὲ
2599 2988 2691 3044 καὶ
2751 2989 2804 3043 οἱ
2865 2989 3109 3065 ἀρχηγοὶ
3164 2995 3264 3059 τῆς
3321 2989 3610 3064 θρησκείας
3662 2990 3814 3063 ὑμῶν

2157 3077 2459 3134 ἀπόστολοι
2518 3078 2637 3134 κατ’
2697 3076 3018 3152 οἰκονομίαν
3073 3077 3314 3151 ἐποίουν,
3392 3073 3812 3152 παραϐαίνοντες

2161 3164 2272 3224 ἔσθ’
2311 3167 2402 3224 ὅτε
2459 3166 2712 3240 ἐντολὴν,
2768 3163 2927 3223 ἓνεκα
2988 3167 3232 3242 μείζονος
3279 3164 3506 3237 ἐντολῆς
3537 3187 3552 3236 ;
3584 3167 3658 3223 Οὐ
3712 3166 3802 3222 τὸν

383 3256 546 3308 certo
579 3252 830 3308 consilio
861 3253 1181 3322 faciebant,
1237 3255 1502 3312 divinum
1529 3261 1895 3329 praeceptum
1921 3272 2048 3313 ma-

2164 3257 2384 3314 Παῦλον
2415 3229 2998 3333 λέγεταίπέριτεμεῖν,
3025 3229 3116 3313 τὸν
3170 3257 3432 3330 Τιμόθεον
3651 3253 3810 3312 ἓνεκα

376 3343 534 3417 joris
560 3344 843 3416 praecepti
898 3361 1075 3401 causa
1105 3345 1412 3402 interdum
1441 3347 1734 3403 violantes
1755 3347 1782 3402 '?
1835 3350 2051 3404 Annon

383 3432 606 3490 Paulus
635 3433 1074 3503 Thimotheum,
1107 3436 1540 3508 praestantioris
1570 3436 1806 3492 consilii
1847 3453 2048 3506 causa,

382 3523 832 3581 circumcidisse
863 3524 1085 3581 dicitur
1105 3526 1255 3596 (Act.
1283 3526 1398 3599 xvx)
1423 3527 1451 3582 ?
1471 3527 1649 3598 Atqui
1673 3527 2048 3583 circumcisio

383 3613 544 3686 apud
572 3613 942 3671 Christianos
973 3616 1036 3671 in
1063 3615 1314 3672 crimine
1345 3622 1662 3687 censetur;
1707 3635 1816 3673 nec
1849 3623 2049 3674 tamen

382 3703 489 3760 ille
519 3703 632 3762 hoc
662 3705 858 3762 facere
916 3705 1225 3763 dubitavit.
1285 3709 1477 3779 Atque
1535 3707 1652 3764 alia
1705 3695 2050 3782 hujusmodi

383 3795 685 3867 permulta
716 3796 778 3851 in
811 3796 1130 3868 Scripturis
1172 3796 1291 3852 tuis
1338 3798 1626 3869 reperies.
1661 3799 1967 3868 Quocirca,
2003 3799 2052 3854 si

387 3885 542 3941 serio
574 3887 789 3942 animas
815 3903 964 3943 mea)
997 3887 1253 3943 salutem
1286 3889 1499 3943 afferre
1549 3889 1740 3961 cupis,
1780 3890 2052 3962 exiguam

389 3976 546 4033 hanc
577 3993 772 4034 meam
809 3977 1198 4051 cupiditatem
1231 3979 1436 4051 exple:
1469 3984 1529 4034 et
1547 3997 1675 4053 ego,
1708 3997 2054 4053 quanquam

387 4067 612 4140 alioqui
643 4068 906 4140 perfecto
938 4069 1310 4126 matrimonii
1340 4086 1498 4126 nexu
1540 4076 1738 4127 tecum
1783 4070 2052 4144 copulari

384 4158 654 4230 cupiens,
691 4164 893 4215 tamen
945 4159 1234 4231 quoniam
1283 4159 1343 4216 id
1400 4160 1507 4216 tibi
1540 4161 1786 4218 minime
1817 4167 2054 4234 gratum

387 4252 499 4317 est,
530 4266 650 4305 non
677 4250 808 4322 jam
843 4249 949 4305 tibi
999 4250 1116 4306 vim
1171 4251 1441 4320 afferam,
1499 4267 1703 4306 verum
1761 4251 2054 4324 quidquid

386 4339 590 4396 animo
621 4345 720 4396 tuo
755 4340 1065 4410 insederit,
1099 4341 1348 4413 posthac
1389 4340 1625 4398 faciam.
1659 4343 1743 4397 Tu
1775 4342 1954 4415 igitur
1978 4359 2053 4398 ne

389 4446 487 4486 me
518 4448 754 4504 quoque
784 4448 1031 4505 prorsus
1061 4431 1309 4503 abjicias
1350 4437 1408 4487 et
1468 4432 1815 4499 exsecreris,
1846 4449 2053 4488 verum

2160 3348 2475 3422 κρείττονος
2531 3347 2897 3420 οἶκονομίαςς
2948 3344 3124 3403 καίτοι
3178 3347 3496 3420 παράνομον
3553 3346 3812 3420 Χριστια-

2155 3441 2274 3500 νοῖς
2304 3437 2643 3514 ἠπεριτομή
2701 3435 3044 3514 λεΛόγεσταν
3106 3433 3229 3491 ἀλλ’
3279 3431 3432 3509 ὅμως
3491 3433 3699 3496 ἐκεῖνος
3749 3432 3808 3489 οὐ

2157 3531 2514 3606 παρῃτήσατο
2545 3533 2712 3585 τοῦτο
2768 3532 3018 3599 ποιῆσαι,
3075 3527 3182 3585 Καὶ
3231 3524 3419 3583 πολλά
3470 3525 3701 3583 τοιαῦτα
3749 3522 3798 3579 ἐν

2159 3625 2279 3684 ταῖς
2317 3624 2554 3696 Γραιραῖς
2606 3640 2701 3675 σου
2732 3618 3005 3694 εὐρήσεις.
3065 3616 3130 3675 Εἰ
3190 3615 3282 3673 οῦν
3342 3613 3478 3672 κατὰ
3528 3613 3805 3686 ἀλήθειαν,

2159 3711 2341 3776 καθὼς
2372 3708 2570 3784 λέγεις,
2603 3707 2771 3764 σῷσαί
2804 3729 2909 3782 μου
2939 3709 3037 3778 τὴν
3071 3707 3258 3784 ψυχὴν
3316 3710 3520 3776 ζητεῖς,
3577 3706 3676 3774 τὴν
3730 3726 3811 3778 μι-

2161 3798 2292 3872 κράν
2329 3819 2434 3873 μου
2463 3797 2662 3869 ταύτην
2697 3797 2984 3872 ἐπιθυμίαν
3038 3794 3362 3870 πλήρωσον.
3390 3795 3495 3854 Καὶ
3554 3795 3660 3872 ἐγὼ
3717 3795 3808 3868 μὲν

2157 3889 2344 3961 τελείᾳ
2375 3909 2462 3943 σοι
2487 3886 2747 3960 κοινωνίᾳ
2772 3889 2955 3964 γάμου
3007 3893 3346 3963 συναφθῆναι
3396 3887 3654 3956 ζητοῦσα,
3703 3882 3816 3940 ὲπεί

2163 4001 2250 4036 σοι
2282 3981 2344 4036 οὐ
2376 3977 2710 4053 καταθύμιόν
2743 3977 2853 4034 ἐστι
2893 3975 3078 4048 τοῦτο,
3143 3977 3244 4033 οὐκ
3301 3971 3380 4032 ἔτι
3440 3996 3498 4032 σε
3549 3996 3820 4051 καταναγ-

2163 4070 2337 4140 κάζω,
2383 4070 2451 4124 τά
2507 4069 2704 4146 ἀρεστά
2753 4089 2840 4124 σοι
2897 4067 3071 4124 πάντα
3144 4071 3403 4123 ποιοῦσα·
3478 4065 3675 4122 λοιπὸν
3728 4065 3817 4121 καὶ

2754 4156 2835 4181 δνῒ
2863 4157 2972 4181 υ..-
3044 4156 3163 4181 1‘19
3253 4158 3271 4181 3

2164 4250 2302 4321 ἅπαξ
2351 4253 2536 4322 τοῦτο,
2595 4251 2789 4313 σώσεις
2848 4269 2936 4322 με,
2993 4253 3093 4317 τῆς
3143 4243 3547 4320 δεισιδαίμονος
3603 4244 3820 4315 πλάνης

2166 4339 2493 4417 ῥυσάμενος,
2523 4339 2592 4394 τά
2620 4335 2927 4414 δεδογμένα
2957 4334 3015 4394 δέ
3046 4358 3133 4393 σοι
3175 4335 3252 4400 εἷς
3308 4336 3373 4392 τὸ
3417 4335 3543 4408 ἑξῆς
3573 4336 3823 4406 ποιήσεις

2165 4427 2256 4485 διὰ
2289 4429 2420 4505 βίου
2453 4430 2673 4492 παντός.

392 4518 459 4575 in
490 4520 600 4576 hac
630 4535 755 4578 una
774 4537 838 4576 re
869 4521 1017 4577 mihi
1049 4519 1388 4594 obsequens
1420 4520 1676 4578 salutem
1707 4521 1857 4577 mihi
1879 4523 2048 4589 all‘er,
2072 4525 2249 4593 atque
2292 4538 2327 4577 a
2359 4520 2776 4593 superstitioso
2827 4534 3030 4576 errore
3086 4534 3182 4576 me
3232 4517 3444 4586 libera,
3499 4521 3564 4573 tu
3619 4521 3818 4574 autem

394 4617 681 4692 deinceps
711 4636 818 4691 per
846 4620 1243 4677 omnemvvitaa
1277 4636 1521 4676 cursum
1541 4637 1672 4692 quae
1707 4618 1812 4675 tibi
1842 4619 1964 4676 visa
1990 4619 2216 4676 fuerint
2243 4619 2428 4675 facias
2457 4619 2686 4677 licebit.

467 4708 568 4764 His
589 4707 784 4764 verbis
802 4713 1146 4777 utens(nam
1165 4714 1224 4766 et
1242 4709 1502 4766 habebat
1517 4710 1620 4781 qui
1640 4709 1755 4782 ipsi
1777 4725 2048 4783 suggere-

2232 4705 2392 4766 Οὕτω
2423 4705 2658 4784 λέγουσα
2687 4706 2799 4779 (καὶ
2848 4704 2950 4782 γὰρ
2981 4705 3098 4782 εἶχε
3149 4703 3242 4760 τὸν
3298 4702 3714 4780 εἰσηγούμενον,
3771 4703 3816 4776 ᾧ

390 4798 606 4866 ret,cui
631 4799 811 4854 etiam
830 4814 1005 4854 aures
1023 4799 1178 4855 clam
1201 4798 1757 4871 admovebat,atque
1788 4799 2055 4871 Scriptu-

391 4904 600 4946 rurum
621 4888 848 4960 peritus
867 4895 956 4945 est
980 4888 1083 4944 ille
1107 4888 1233 4945 vitii
1257 4887 1470 4944 artifex
1493 4887 1932 4961 diabolus),his,
1959 4889 2051 4943 in-

392 4979 795 5051 quam,verbis
815 4985 1284 5052 utens,eumque
1307 4978 1682 5048 demulcens,
1714 4996 1783 5036 ac
1812 4978 1966 5036 retia
1995 4984 2056 5036 et

391 5069 642 5143 laqueos
664 5071 779 5143 ipsi
802 5075 927 5126 tum
949 5087 984 5126 a
1005 5069 1253 5138 dextris,
1277 5075 1404 5125 tum
1435 5085 1470 5125 a
1500 5069 1760 5126 sinistris
1788 5069 2055 5142 undique

392 5165 644 5217 nectens
660 5161 848 5216 animi
869 5160 1055 5232 ipsius
1069 5161 1279 5215 turrim
1291 5157 1816 5229 labefactare,insti
1825 5159 2054 5230 tutique

393 5249 586 5323 ipsius
598 5267 810 5306 nervos
824 5249 1234 5320 debilitare,ac
1245 5247 1611 5304 voluntatem
1625 5249 2054 5305 etsententiam

395 5339 668 5397 emollire
690 5339 1032 5412 incipiebat.
1064 5339 1202 5394 Vitii
1229 5342 1429 5395 autem
1454 5343 1709 5406 sator,ac
1729 5339 2054 5411 proborum

391 5429 655 5486 virorum
670 5428 862 5486 hostis
875 5427 1177 5484 labantem
1193 5427 1383 5501 ipsius
1395 5428 1664 5485 animum
1679 5428 2057 5502 conspiciens

470 5546 584 5618 (30)
616 5545 754 5604 Luc.
788 5561 883 5618 xv,
906 5548 963 5603 ’7.

469 5615 585 5687 (31)
617 5619 746 5674 Act.
772 5615 867 5672 ad.
892 5633 1001 5681 xvr,
1027 5617 1080 5670 3.

2161 4795 2252 4852 καὶ
2308 4796 2378 4852 τὰ
2433 4796 2547 4852 ὦτα
2605 4794 2832 4872 ὑπεῖχεν
2891 4793 3026 4866 αὕτη
3105 4790 3371 4870 κρυφίωςο
3447 4791 3539 4848 καὶ
3588 4793 3815 4870 Γραφῶν

2162 4882 2430 4962 ἔμπειρος
2463 4885 2492 4941 ὁ
2516 4885 2725 4960 λῃστὴς
2755 4884 2849 4956 ἦν,
2883 4884 2912 4938 ὁ
2941 4889 3043 4953 τῆς
3075 4879 3268 4944 κακίας
3314 4877 3483 4944 ὄντως
3543 4878 3820 4958 δημιουρ-

2161 4979 2255 5052 γὸς
2288 4975 2380 5031 καὶ
2412 4971 2790 5048 διδάσκαλος),
2816 4977 3045 5029 τοιαῦτα
3097 4974 3388 5048 τοιγαροῦν
3445 4969 3679 5047 λέγουσα
3733 4972 3822 5028 καὶ

2166 5063 2556 5136 ὑποσαίνουσα,
2615 5061 2804 5120 δίκτυᾶ
2860 5084 2919 5119 τε
2967 5061 3060 5118 καὶ
3118 5057 3354 5137 παγίδας
3408 5058 3468 5116 ἐκ
3524 5057 3710 5132 δεξιῶν
3767 5079 3826 5115 τε

2163 5158 2255 5212 καὶ
2308 5155 2360 5230 ἕξ
2410 5153 2709 5228 εὐωνύμων
2771 5153 2920 5226 αὐτῷ
2974 5150 3406 5229 περιπλέκουσα,
3465 5151 3557 5206 τὸν
3617 5149 3825 5228 πύργον

2164 5245 2329 5302 αὐτοῦ
2353 5252 2453 5315 τῆς
2489 5245 2677 5319 ψυχῆς
2738 5241 3076 5298 διασαλεύειν
3125 5237 3359 5316 ἤρχετο,
3404 5240 3497 5296 τὸν
3553 5238 3711 5295 τόνον
3770 5258 3826 5293 τε

2167 5334 2456 5411 ὑποχαλᾷν
2491 5337 2601 5407 (32)
2632 5333 2802 5388 αὐτοῦ
2857 5338 2959 5402 τῆς
3011 5329 3348 5408 προθέσεως,
3377 5328 3468 5384 καὶ
3526 5330 3626 5399 τὴν
3677 5329 3822 5404 γνώ-

2171 5447 2278 5501 μην
2310 5427 2465 5483 279
2502 5422 2896 5500 μαλακωτέραν
2944 5424 3146 5478 ποιεῖν.
3205 5420 3269 5478 Ὁ
3327 5416 3387 5476 δὶ
3443 5417 3678 5497 σπορεὺς
3729 5424 3827 5488 τῆς

617 5689 899 5761 Georgius
931 5674 1204 5758 Acropol.
1237 5686 1453 5743 Histor.
1479 5706 1536 5761 p.
1589 5692 1655 5747 53
1691 5705 1708 5748 ;
1765 5687 1842 5745 Τὸ
1893 5690 2001 5742 τῶν

2164 5686 2365 5761 ιμάτων
2420 5681 2599 5758 χαλᾷν
2659 5674 3022 5780 εὐεπήϐολον.
3083 5680 3225 5740 Cod.
3280 5681 3445 5752 3041,
3517 5681 3804 5762 ὑποχαλᾷν

399 5757 637 5818 melius.
