4112 6430
406 411 549 471 ιίιο

1578 410 1753 464 ἮΤΔ
1788 406 2141 464 ΒΑΕΙΔΔἊ
2177 407 2273 462 ΒΤ
2304 406 2648 465 ΙΟΔΒΔΡΗ.

3693 366 3838 466 ιίδο

405 534 597 595 κακίας
626 530 715 587 καὶ
746 534 854 587 τῶν
916 529 1143 586 δικαίων
1202 527 1424 606 ἐχθρὸς,
1476 528 1847 603 σαλευομένην
1899 528 2063 584 αὐτοῦ

2199 549 2246 587 ιο
2279 548 2513 589 summa
2533 533 2671 588 inde
2702 531 2909 587 laetitia
2938 532 3237 605 perfusus,
3276 533 3473 590 statim
3517 533 3836 606 pestiferos

406 626 511 694 τὴν
568 619 794 697 καρδίαν
855 618 989 674 ἰδὼν
1048 624 1225 695 χαρᾶς
1297 617 1555 693 ἔμπλεως
1610 619 1848 695 γεγονὼς
1900 622 2070 697 φωνεῖ

409 711 651 788 παρευθὺ
703 710 771 766 τὰ
828 708 923 764 σὺν
979 709 1125 782 αὐτῷ
1183 710 1598 784 παραγενόμενα
1651 715 1752 777 τῆς
1802 708 2069 781 πονηρίας

408 803 714 876 πνεύματα,
780 802 994 875 Ὀρᾶτε,
1050 798 1281 871 κράζων,
1342 796 1728 873 ὅποιςήκόρη
1788 797 1922 867 αὕτη
1987 794 2066 850 δι-

411 897 605 948 ανῦσαι
658 889 927 965 ἐπείγεται
988 888 1019 942 ἄ
1069 887 1169 941 οὐκ
1226 884 1579 959 ἠδυνήθημεν
1639 890 1804 959 ἡμεῖς
1858 886 2068 943 ἀνῦσαι.

410 986 575 1036 Δεῦτε
608 981 723 1050 οὗν,
776 979 1018 1053 ἰσχυρῶς
1066 980 1157 1030 νῦν
1210 974 1550 1048 ἐπιπέσωμεν
1604 974 1770 1047 αὐτῷ⁸
1825 974 1931 1051 οὐχ
1980 974 2071 1029 εὐ-

417 1071 663 1146 ρήσομεν
696 1068 799 1143 γὰρ
833 1063 1002 1121 ἄλλον
1036 1067 1224 1142 καιρὸν
1278 1065 1480 1120 οὑτωσὶ
1531 1062 1841 1134 ἐπιτήδειον
1890 1064 1953 1119 τὸ
1985 1062 2071 1118 θέ-

415 1158 575 1231 λημα
606 1155 901 1231 πληρῶσαι
931 1158 1029 1210 τοῦ
1075 1156 1391 1229 πέμψαντος
1439 1157 1611 1227 ἡμᾶς.
1653 1158 1833 1210 Ταῦτα
1864 1150 2073 1208 συλλαο

415 1247 589 1317 λήσας
621 1247 649 1300 ὁ
680 1240 994 1320 δολιόφρων
1039 1248 1158 1306 τοῖς
1205 1244 1400 1299 ἑαυτοῦ
1450 1245 1627 1316 κυσὶν,
1682 1238 2070 1316 έπεμῦαίνουσι

408 1340 488 1407 τῷ
518 1338 756 1412 Χριστοῦ
809 1334 1133 1409 στρατιώτῃ,
1184 1335 1357 1395 πάσας
1408 1332 1572 1388 αὐτοῦ
1615 1340 1715 1403 τῆς
1765 1336 1952 1409 ψυχῆς
1979 1332 2074 1394 τὰς

411 1422 668 1498 δυνάμεις
726 1424 1077 1499 ταράξαντες,
1135 1423 1223 1477 καὶ
1287 1419 1462 1478 δεινὸν
1516 1417 1693 1499 ἔρωτα
1750 1429 1848 1492 τῆς
1904 1423 2073 1498 κόρης

414 1513 766 1588 ὑποθέμενοι,
798 1516 905 1589 πῦρ
935 1534 994 1569 τε
1033 1510 1399 1593 σφοδρότατον
1456 1511 1747 1587 ἐπιθυμίας
1780 1512 2076 1567 ἐκκαύσαν-

416 1624 507 1668 τες
537 1603 588 1657 έν
622 1602 786 1675 αὐτῷ.

495 1693 668 1768 Ὁρῶν
700 1690 757 1747 δὲ
785 1692 973 1746 ἑαυτὸν
1030 1690 1233 1755 ἐκεῖνος
1294 1692 1537 1768 ἰσχυρῶς
1596 1690 1935 1771 φλεγόμενον
1983 1689 2073 1746 καὶ

430 1783 565 1859 πρὸς
592 1783 687 1850 τήν
734 1781 999 1857 ἁμαρτίαν
1059 1781 1639 1859 αίχμαλωτιζόμενον,
1684 1784 1775 1837 καὶ
1816 1782 1944 1844 τοὺς
1978 1781 2073 1836 λο-

428 1870 660 1947 γισμοὺς
713 1871 880 1926 αὐτοῦ
934 1873 1034 1942 τὴν
1089 1874 1365 1943 σωτηρίαν
1421 1877 1521 1938 τῆς
1578 1868 1747 1947 κόρης
1807 1871 2073 1944 καὶπρὸς

426 1965 553 2017 Θεὸν
614 1962 936 2040 έπιστρφήν,
994 1963 1070 2028 ὡς
1127 1963 1405 2041 ἀγκίστρῳ
1465 1962 1681 2039 δέλεαρ,
1738 1968 1806 2039 τῇ
1858 1984 2081 2037 προκει-

430 2054 566 2128 μένῃ
594 2055 782 2127 πράξει
834 2056 1299 2128 περιτιθεμένους,
1331 2054 1421 2110 καὶ
1475 2054 1785 2130 όχλοῦντας
1835 2054 1982 2127 αὐτῷ
2012 2056 2080 2127 τῇ

435 2148 533 2199 τοῦ
566 2143 766 2219 ἐχθροῦ
810 2139 1063 2219 ὑποϐολῇ
1100 2146 1176 2219 μή
1209 2145 1474 2222 ἁμαρτίαν
1509 2146 1734 2201 εἶναιτὸ
1784 2146 1871 2199 ἐπὶ
1903 2167 2083 2215 σωτη-

432 2234 524 2308 ρίᾳ
580 2238 765 2310 ψυχῆς
822 2236 958 2306 ἅπαξ
1011 2236 1221 2312 γυναικί
1272 2237 1660 2312 συγγενέσθαι,
1720 2238 1969 2307 στενάξας
2029 2235 2081 2290 ἐν

427 2322 633 2398 ἀπορίᾳ
679 2327 866 2401 ψυχῆς
902 2325 1088 2400 βύθιόν
1146 2346 1199 2379 τι
1255 2325 1344 2379 καὶ
1397 2326 1649 2396 τετηκὸς,
1690 2326 1875 2379 ἑαυτὸν
1934 2323 2086 2387 εὐθὺς

428 2414 568 2488 πρὸς
624 2414 798 2489 εὐχὴν
855 2414 1164 2484 συντείνει,
1239 2415 1329 2470 καὶ
1407 2414 1635 2490 ὀχετοὺς
1708 2412 1955 2490 δαιιρόων
2032 2413 2082 2485 ἐξ

429 2501 697 2580 όφαλμῶν
733 2500 981 2578 δαψιλῶς
1022 2505 1301 2581 προχέων,
1338 2499 1470 2560 ἐϐόα
1512 2506 1647 2580 πρὸς
1704 2505 1795 2559 τὸν
1848 2501 2084 2576 δυνάμε-

426 2613 519 2647 νον
580 2591 769 2662 σώζεῖν
828 2591 957 2655 τοὺς
1015 2592 1099 2647 ἐπ’
1155 2592 1301 2664 αὐτῷ
1350 2592 1697 2656 πεποιθότας·
1759 2591 1880 2648 Ἑπί
1953 2591 2084 2660 σοὶ,

430 2682 593 2756 Κύριε
627 2726 641 2752 ,
699 2680 949 2751 ἤλπισαο
1015 2684 1089 2756 μή
1149 2683 1602 2757 καταισχυνθείην
1664 2681 1738 2743 εἰς
1795 2682 1889 2735 τὸν
1947 2680 2083 2735 αἰῶ-

428 2793 495 2826 να
522 2776 654 2846 (33),
690 2769 831 2845 μηδὲ
853 2771 1367 2847 καταγελασάτωσιὶν
1406 2794 1472 2846 με
1504 2773 1555 2826 οἱ
1586 2771 1781 2847 ἐχθροί
1813 2792 1918 2844 μου
1950 2773 2083 2843 (34),

428 2861 522 2916 τὸν
563 2868 663 2931 τῆς
716 2868 813 2931 σῆς
846 2860 1114 2936 ἐχόμενον
1174 2859 1369 2931 δεξῖἆςο
1430 2859 1575 2917 ἀλλά
1628 2859 1936 2934 παράστηθί
1990 2881 2084 2933 μοι

431 2949 485 3006 ἐν
517 2954 586 3025 τῇ
615 2952 731 3025 ὥρᾳ
758 2950 949 3025 ταύτῃ,
982 2952 1069 3006 καὶ
1119 2950 1256 3006 κατά
1307 2952 1370 3005 τὸ
1428 2951 1517 3004 σὸν
1548 2952 1701 3008 280
1754 2948 1973 3022 Θέλημα
1999 2944 2087 3003 εὕ-

431 3042 592 3095 Ουνον
619 3041 714 3103 τάς
747 3039 905 3103 ὁδούς
950 3061 1056 3114 μου
1100 3043 1236 3114 (3ὕ),
1268 3039 1356 3094 ἳνα
1388 3038 1621 3114 δοξασθῇ
1668 3040 1730 3095 τὸ
1776 3038 1951 3113 ὅνομά
1991 3059 2086 3092 σου

431 3130 496 3184 τὸ
527 3124 739 3203 ἔνδοξον
771 3130 861 3185 καὶ
904 3125 1136 3206 φοϐερὸν
1193 3128 1275 3183 ἐπ’
1334 3128 1458 3203 ἐμοὶ
1513 3133 1592 3202 τῷ
1623 3128 1803 3204 οἰκέτῃ
1852 3150 1969 3199 σου,
2003 3130 2085 3183 ὅτι

435 3219 737 3297 εὐλογητὸς
768 3220 817 3275 εἶ
845 3219 919 3281 εἷς
952 3218 1077 3280 τοὺς
1113 3218 1330 3281 αἰῶνας,
1367 3220 1572 3292 Ἀμήν.

507 3310 625 3386 Ἐφ’
657 3311 843 3371 ἱκανὰς
893 3307 950 3363 δὶ
981 3308 1125 3385 ὥρας
1188 3308 1321 3381 μετᾶ
1379 3304 1624 3383 δακρύων
1683 3307 1970 3382 εὐξάμενος
1997 3308 2086 3362 καὶ

432 3398 624 3454 πολλά
679 3397 1106 3474 γονυκλιτήσας,
1160 3399 1397 3467 καθῆκεν
1457 3397 1641 3452 ἑαυτὸν
1686 3397 1774 3453 ἐπὶ
1830 3402 1926 3452 τοῦ
1960 3395 2090 3453 ἐδά-

434 3511 588 3567 φους.
646 3487 751 3544 Καὶ
811 3489 1061 3549 ὑπνώσας
1122 3488 1338 3561 μικρὸν,
1384 3486 1485 3561 ὁρᾷ
1541 3487 1728 3543 ἑαυτὸν
1766 3487 1869 3543 ὑπό
1926 3508 2089 3542 τινων

437 3580 682 3662 φοϐερῶν
745 3583 1091 3662 ἁρπαγέντα,
1141 3576 1231 3639 καὶ
1278 3584 1479 3643 τόπους
1528 3581 1619 3647 οὕς
1670 3579 1931 3636 οὐδέποτε
1987 3583 2091 3636 ἓω-

443 3676 586 3751 ράκει
647 3672 951 3744 διελθόντα,
982 3674 1072 3728 καὶ
1130 3668 1182 3728 ἕν
1242 3696 1349 3729 τινι
1380 3673 1673 3749 γενόμενον
1738 3672 1964 3747 μεγίστῃ
1995 3692 2094 3726 πε-

444 3762 586 3819 διάδι
617 3764 847 3840 ὠραιοις
876 3761 1057 3828 ἄνθεσι
1111 3763 1201 3818 καὶ
1233 3762 1355 3820 λίαν
1399 3760 1622 3818 εὐώδεσι
1670 3762 1922 3836 κομώσῃ,
1971 3757 2093 3825 ἔνθα

439 3855 579 3932 φυτά
642 3854 737 3926 μὲν
794 3852 940 3928 ἑώρα
1013 3849 1332 3908 παντοδαπὰ
1385 3853 1473 3907 καὶ
1532 3851 1804 3923 ποικίλα,
1861 3854 2095 3927 καρποῖς

438 3945 614 4016 ξένοις
656 3944 769 3999 τισὶ
825 3943 914 3997 καὶ
977 3940 1299 4015 Θαυμασίοις
1365 3943 1644 4017 βρίθοντα,
1678 3939 1806 3996 ἰδεῖν
1855 3960 1914 3996 τε
1964 3938 2093 4010 ἡδί-

439 4054 589 4096 στοις
630 4032 721 4087 καὶ
780 4033 1015 4105 ἅψασθαι
1062 4038 1360 4097 ποθεινοῖς.
1406 4034 1488 4089 Τά
1516 4053 1574 4087 τε
1617 4030 1800 4109 φύλλα
1836 4034 1945 4087 τῶν
1980 4027 2093 4085 δέν-

440 4121 583 4195 δρων
614 4122 844 4199 λιγυρὸν
878 4122 1083 4198 ὑπήχει
1117 4126 1225 4193 (36)
1284 4118 1422 4196 αὔρᾳ
1475 4122 1581 4176 τινὶ
1640 4120 1970 4195 λεπτοτάτῃ,
2000 4118 2089 4174 καὶ

440 4213 732 4288 ἀκόρεστον
765 4211 855 4266 καὶ
915 4213 1278 4287 χαριεστάτην
1336 4210 1687 4284 ἐκπέμποντα
1741 4207 1973 4265 εὐωδίαν
2006 4231 2091 4264 κι-

441 4301 699 4375 νούμενα,
745 4302 942 4378 Θρόνοι
998 4322 1057 4356 τε
1107 4302 1369 4356 ἀνέκειντο
1428 4301 1487 4356 ἐκ
1542 4300 1923 4376 καθαρωτάτου
1956 4318 2092 4375 χρυ-

451 4390 568 4445 σίου
619 4390 709 4446 καὶ
766 4389 935 4454 λίθων
992 4389 1189 4464 τιμίων
1250 4391 1775 4463 κατεσκευασμένοι,
1837 4390 2094 4463 λαμπρὰν

451 4481 566 4535 οἳαν
627 4478 823 4555 αἶγλῆν
880 4479 1146 4558 ἀφιέντες,
1195 4481 1284 4535 καὶ
1342 4478 1525 4535 κλῖναι
1587 4478 1638 4535 έν
1700 4478 1951 4550 έξάλλοις
1982 4479 2092 4535 τισὶ

446 4575 757 4645 στρωμναῖς
800 4570 887 4625 καὶ
920 4574 999 4642 τῷ
1027 4569 1224 4625 κάλλει
1252 4570 1350 4640 τήν
1385 4566 1639 4643 διήγησιν
1671 4569 1931 4631 νικώσαις
1961 4589 2092 4623 κατ-

2182 623 2424 694 spiritus
2442 624 2543 694 qui
2574 640 2694 678 una
2726 640 2859 678 cum
2894 623 3000 679 illo
3052 623 3305 678 aderant
3352 623 3647 695 appellat:
3698 624 3835 677 Cer-

2181 711 2323 779 nite,
2359 713 2657 783 inquiens,
2694 730 2953 784 quonam
2988 719 3159 784 pacto
3193 713 3396 785 puella
3438 713 3552 768 ista
3602 728 3670 767 ea
3698 728 3834 783 per-

2183 803 2360 857 ﬁcere
2395 802 2717 858 contendat
2748 821 2877 875 quae
2910 821 2941 858 a
2972 803 3145 857 nobis
3179 803 3384 875 perﬁci
3417 801 3818 873 nequiverunt

2182 893 2347 963 Agite
2370 893 2567 965 igitur,
2603 893 2818 947 acriter
2848 910 3006 947 nunc
3038 894 3097 947 in
3146 909 3283 947 eum
3320 894 3609 963 impetum
3657 889 3841 945 facia-

2182 999 2336 1036 mus.
2371 985 2569 1053 Neque
2601 984 2760 1037 enim
2792 983 2866 1037 ad
2892 982 3247 1054 explendam
3282 982 3411 1054 ejus
3443 999 3477 1037 a
3506 999 3623 1053 quo
3669 979 3838 1036 missi

2183 1089 2390 1127 sumus
2423 1073 2787 1127 voluntatem
2822 1072 2983 1127 aliud
3011 1090 3178 1144 mque
3233 1077 3635 1144 Opportunum
3688 1076 3836 1125 tem-

2181 1179 2293 1234 pus
2316 1164 2749 1218 nanciscemur.
2792 1163 2924 1217 Haec
2952 1179 3086 1217 cum
3121 1161 3455 1233 versipellis
3500 1161 3601 1216 ille
3631 1159 3707 1216 ad
3742 1177 3839 1216 so-

2183 1253 2305 1307 cios
2327 1252 2594 1320 dixisset,
2622 1252 2682 1307 in
2727 1251 2942 1307 Christi
2996 1252 3247 1307 militem
3294 1251 3589 1319 insiliunt,
3625 1266 3836 1305 omnes

2183 1342 2366 1397 animi
2400 1342 2585 1413 ipsius
2618 1342 2769 1397 vires
2802 1341 3241 1414 perturbantes,
3265 1346 3440 1411 atque
3475 1340 3834 1396 acerrimum

2183 1432 2398 1504 puellm
2445 1449 2709 1487 amorem
2758 1432 2946 1503 ipsius
2988 1430 3212 1503 pectori
3263 1430 3616 1499 inserentes,
3658 1427 3837 1483 vehe-

2182 1521 2745 1593 mentissimumque
2777 1520 3045 1577 libidinis
3096 1521 3293 1593 ignem
3335 1520 3397 1573 in
3430 1520 3559 1591 ipso
3602 1517 3837 1573 inﬂam-

2184 1617 2439 1668 mantes.

2256 1704 2361 1757 Ille
2394 1708 2591 1757 autem
2616 1719 2751 1758 cum
2785 1701 3047 1774 seipsum
3096 1701 3479 1757 vehementer
3503 1699 3619 1765 uri,
3652 1696 3838 1769 capti-

2184 1810 2439 1865 vumque
2472 1792 2544 1848 ad
2568 1798 2877 1864 peccatum
2897 1791 3049 1847 trahi
3074 1790 3654 1863 perspiceret,atque
3690 1786 3842 1858 cogi-

2112 1903 2159 1968 Β
2187 1884 2444 1938 taliones
2467 1900 2623 1947 suas,
2650 1882 2865 1954 puella)
2888 1881 3140 1936 salutem
3174 1880 3741 1948 conversionemque
3765 1874 3842 1931 ad

2189 1975 2372 2028 Deum
2396 1973 2507 2044 ipsi
2531 1978 2950 2044 proponentes,
2977 1970 3267 2042 flagitium
3290 1975 3577 2040 tanquam
3598 1968 3843 2021 hamum

2190 2063 2508 2135 quemdam
2524 2079 2657 2117 esca
2675 2062 2961 2129 ocultare,
2976 2061 3281 2131 hostisque
3296 2060 3582 2114 instinctu
3605 2056 3720 2111 sibi
3741 2072 3844 2111 ne-

2189 2154 2413 2226 gotium
2429 2151 2995 2222 facessere,perinde
3012 2150 3286 2205 videlicet
3302 2166 3369 2204 ac
3382 2147 3576 2203 scelus
3590 2144 3840 2201 minime

2192 2248 2349 2299 esset
2362 2240 2663 2297 servanda)
2676 2241 2892 2296 animm
2908 2256 3085 2295 causa
3098 2255 3232 2293 cum
3250 2238 3502 2293 muliere
3515 2234 3699 2292 semel
3713 2250 3842 2290 rem

2190 2331 2411 2386 habere
2430 2331 2491 2385 in
2507 2330 2853 2401 bujusmodi
2868 2329 3052 2384 animi
3067 2328 3364 2383 anxietate
3381 2325 3733 2395 consiliique
3748 2340 3845 2394 pe-

2193 2422 2367 2476 nuria
2390 2421 2506 2476 alto
2528 2426 2769 2492 pectore
2793 2419 3214 2491 ingemiscens,
3239 2417 3502 2488 seipsum
3542 2414 3741 2469 statim
3772 2412 3848 2468 ad

2194 2512 2525 2567 orationem
2560 2510 2809 2576 confert,
2835 2514 3012 2579 atque
3035 2508 3251 2563 uberes
3277 2507 3676 2577 lacrymarum
3691 2503 3845 2557 rivos

2194 2619 2263 2657 ex
2294 2601 2483 2656 oculis
2504 2599 2893 2672 profundens,
2914 2598 2988 2653 ad
3011 2614 3147 2653 eum
3170 2596 3270 2667 qui
3290 2596 3544 2651 salutem
3567 2594 3639 2647 iis
3663 2593 3761 2663 qui
3786 2593 3850 2647 in

2193 2692 2322 2762 ipso
2338 2690 2649 2745 conﬁdunt
2661 2691 2873 2744 afferre
2886 2693 3081 2760 potest
3096 2686 3419 2742 clamabat:
3438 2686 3500 2739 In
3517 2683 3851 2751 te,Domine

2194 2780 2443 2851 speravi,
2463 2796 2583 2833 non
2607 2778 2938 2833 confundar
2960 2777 3021 2831 in
3044 2774 3508 2844 mternumﬂ’sal.
3542 2772 3679 2843 xxx)
3706 2789 3719 2838 ;
3744 2787 3853 2825 ne-

2195 2886 2308 2939 que
2323 2869 2718 2923 irrideantme
2737 2866 2963 2922 inimici
2982 2866 3098 2921 mei
3121 2865 3339 2921 dextra}
3357 2869 3471 2918 tuae
3488 2863 3848 2931 haerentem;

2193 2975 2396 3013 verum
2410 2960 2517 3013 hac
2532 2959 2676 3012 hora
2688 2974 2793 3028 pro
2810 2962 2910 3011 tua
2922 2956 3220 3010 voluntate
3236 2954 3381 3009 mihi
3398 2952 3673 3021 asta,vias
3686 2967 3851 3006 meas

2195 3048 2477 3121 dirigens,
2506 3054 2571 3102 ut
2592 3053 2863 3103 sanctum
2903 3052 3069 3099 tuum
3095 3050 3152 3100 et
3173 3043 3497 3117 gloriosum
3535 3059 3601 3097 ac
3640 3039 3851 3095 formi-

2196 3137 2459 3193 dandum
2483 3153 2703 3192 nomen
2726 3137 2789 3191 in
2816 3152 2910 3190 me
2940 3134 3165 3190 famulo
3200 3139 3300 3189 tuo
3331 3133 3685 3199 illustretur,
3711 3146 3853 3201 quo-

2201 3229 2362 3283 niam
2386 3226 2736 3282 benedictus
2758 3242 2819 3281 es
2857 3226 2918 3280 in
2958 3224 3193 3280 saacula.
3231 3226 3443 3279 Amen.
3477 3221 3648 3294 (Psal.
3680 3220 3856 3291 xxiv).

2274 3320 2417 3373 Cum
2433 3321 2629 3373 autem
2644 3315 2992 3387 perjaliquot
3010 3314 3187 3369 horas
3205 3330 3341 3367 cum
3358 3311 3637 3384 lacrymis
3650 3325 3857 3381 preces

2202 3408 2476 3475 fudisset,
2500 3422 2809 3479 genuaque
2829 3420 3096 3476 persaepe
3131 3403 3415 3468 ﬂexisset,
3437 3401 3499 3456 in
3542 3406 3760 3455 terram
3794 3414 3855 3453 se

2203 3498 2505 3569 prostavit,
2521 3497 2887 3568 paulumque
2919 3492 3369 3549 obdormiscens
3384 3491 3647 3562 seipsum
3671 3507 3705 3544 a
3723 3489 3856 3560 qui-

2203 3586 2454 3642 busdam
2477 3585 2795 3641 horrendis
2826 3584 2964 3639 viris
2986 3582 3169 3654 arripi
3198 3580 3376 3648 videt,
3395 3579 3859 3652 regionibusque

2204 3674 2583 3747 quibusdam,
2618 3691 2764 3745 quas
2792 3689 3101 3743 nunquam
3132 3670 3379 3737 viderat,
3412 3667 3760 3739 peragratis,
3795 3667 3859 3721 in

2203 3764 2640 3837 amplissimum
2666 3779 2940 3835 campum
2956 3756 3737 3834 perducipulchrisﬂoribus
3761 3761 3859 3811 at-

2204 3872 2317 3926 que
2335 3854 2558 3927 ingenti
2578 3854 2862 3909 suavitate
2881 3849 3326 3924 prmditum,ubi
3344 3854 3401 3904 et
3413 3848 3649 3920 plantas
3664 3845 3861 3902 omnis

2201 3943 2436 4016 generis
2450 3941 2731 3997 cernebat
2743 3940 3043 3996 inusitatis
3058 3937 3477 4010 quibusdamet
3491 3932 3861 3990 admirandis

2200 4032 2650 4097 fructibus,tum
2664 4026 3260 4099 visujucundissimis
3279 4032 3403 4080 tum
3418 4027 3701 4096 perceptu
3721 4038 3857 4076 sua-

2200 4120 2458 4176 vissimis
2471 4117 3197 4174 redundantes.Arborum
3211 4131 3386 4186 porro
3401 4113 3543 4168 folia
3557 4129 3625 4166 ex
3638 4110 3857 4166 tenuis-

2204 4210 2353 4265 sima
2372 4208 2629 4279 quadam
2658 4224 2802 4263 aura
2821 4206 3055 4261 dulcem
3080 4221 3292 4260 sonum
3325 4201 3600 4270 edebant,
3624 4215 3691 4255 ac
3714 4198 3860 4253 dum

2200 4286 3860 4370 impellerentur,inexp1ebilemodorisfragrantiamemi-

2204 4387 2426 4443 tebant.
2445 4388 2595 4452 Quin
2616 4386 2794 4442 etiam
2818 4385 2988 4440 sedes
3011 4384 3133 4439 illic
3150 4383 3275 4438 sitm
3292 4385 3480 4449 erant,
3514 4395 3657 4435 auro
3680 4380 3861 4448 atque

2203 4478 2463 4551 ingentis
2484 4476 2658 4549 pretii
2682 4475 2982 4548 lapidibus
3004 4478 3265 4542 struetaa,
3305 4471 3677 4527 luculentum
3715 4483 3860 4523 sane

2206 4564 2593 4638 splendorem
2608 4566 2955 4633 afferentes;
2983 4562 3239 4633 lectique
3256 4561 3400 4617 item
3412 4559 3679 4615 illustres
3694 4557 3863 4614 miris

443 4657 834 4735 ηγλαῖσμέναι.
893 4658 1094 4714 Ὕδατά
1152 4680 1210 4714 τε
1267 4658 1523 4735 παρέρρει
1582 4656 1778 4734 διαυγῆ
1839 4655 1961 4712 λίαν
2006 4658 2086 4712 καῖ

2210 4656 2566 4728 quibusdam
2586 4656 3069 4728 stragulis.atque
3084 4652 3377 4725 elegantia
3393 4665 3634 4706 omnem
3652 4647 3867 4703 oratio-

444 4749 606 4813 αὐτὰς
664 4747 1021 4827 εὐφραίνοντα
1075 4747 1171 4811 τὰς
1230 4750 1463 4824 ὁράσεις.
1496 4750 1608 4818 Τήν
1669 4745 1726 4803 δὲ
1784 4748 2095 4821 θαυμαστὴν

438 4839 643 4909 ταύτην
675 4838 767 4893 καὶ
821 4836 1069 4913 μεγάλην
1119 4835 1349 4893 πεδιάδα
1399 4838 1451 4892 οἱ
1481 4832 1706 4915 φοϐεροὶ
1765 4836 1960 4893 ἐκεῖνοι
2017 4835 2102 4892 δι-

442 4928 735 5005 αγαγόντες
793 4927 954 4982 αὐτὸν
1016 4925 1090 4989 είς
1144 4925 1308 4982 πόλιν
1360 4927 1653 5002 εἰσήγαγον
1716 4926 1940 5004 ἆρῥητῳ
1991 4926 2099 4983 τινὶ

443 5014 797 5092 λαμπρότητι
846 5011 1312 5086 ἀποστίλϐουσαν,
1345 5015 1404 5071 ἐκ
1453 5016 1686 5093 χρυσίου
1716 5016 1810 5089 μὲν
1847 5015 2099 5093 διαυγοῦς

1017 5103 1059 5123 Ἁκ

438 5108 505 5162 τὰ
532 5106 721 5182 τείχη,
784 5106 954 5162 λίθων
1014 5104 1071 5161 δὲ
1126 5108 1199 5161 ὧν
1248 5104 1423 5167 οὐδεὶς
1479 5108 1703 5161 πώποτε
1744 5105 1951 5180 ἒώραγε
2004 5106 2099 5169 τὰς

441 5196 694 5268 ἐπάλξεις
754 5191 987 5271 ἔχουσαν
1059 5196 1500 5271 ἀνεγηγερμένας
1567 5198 1680 5269 (37)
1716 5238 1729 5253 .
1789 5197 1854 5249 Ὠ
1895 5195 1975 5259 τίς
2036 5194 2095 5251 ἂν

535 5352 627 5417 33)
656 5349 811 5406 Psal.
844 5367 978 5417 xxx,
1014 5354 1062 5406 1.
1098 5350 1181 5405 Cf.
1214 5366 1364 5417 xxxv,
1397 5354 1486 5405 20.

2210 4746 2304 4801 nis
2316 4746 2659 4801 facultatem
2673 4749 2990 4816 superante
3003 4742 3290 4798 coornati.
3306 4740 3395 4797 Ad
3407 4755 3577 4811 aqua:
3602 4736 3867 4810 proﬂue-

2209 4833 3280 4908 bantperquamlimpidae,oculosque
3293 4832 3455 4903 ipsos
3473 4828 3863 4885 oblectantes.

2209 4928 2355 4981 Tum
2381 4931 2578 4981 autem
2597 4942 2703 4997 per
2725 4925 3023 4997 ingentem
3057 4927 3236 4993 atque
3256 4917 3671 4977 admirandum
3703 4916 3863 4970 hunc

2210 5032 2485 5087 campum
2508 5014 2791 5071 horrendi
2818 5014 2905 5068 illi
2923 5013 3029 5068 viri
3054 5029 3189 5068 eum
3212 5011 3271 5066 in
3302 5010 3512 5066 urbem
3540 5004 3863 5077 quamdam

2209 5108 2689 5176 introduxerunt,
2723 5104 3111 5162 inenarrabili
3146 5101 3461 5175 splendore
3492 5097 3864 5164 rutilantem,

2211 5216 2279 5254 ex
2300 5198 2598 5270 pellucido
2613 5196 2857 5269 quidem
2871 5210 3014 5252 auro
3028 5210 3251 5261 muros,
3263 5208 3332 5249 ex
3349 5188 3647 5262 lapidibus
3663 5190 3864 5243 autem

514 5488 627 5566 (35)
659 5495 815 5566 Psal.
845 5510 896 5559 ν,
930 5488 1001 5549 8έ
1038 5490 1367 5566 Κατεόθυνον
1404 5488 1634 5547 ἐνώπιόν
1668 5512 1764 5546 σου
1793 5492 1892 5561 τὴν
1926 5488 2049 5549 ὁδόν
2082 5513 2206 5565 μου.

536 5352 627 5423 33)
656 5352 811 5406 Psal.
844 5367 978 5417 xxx,
1014 5354 1062 5406 l.

536 5426 627 5495 34)
660 5422 815 5478 Psal.
851 5438 1005 5489 xxiv,
1038 5426 1090 5477 2.

537 5498 627 5565 35)
659 5495 815 5550 Psal.
845 5510 896 5559 ν,
930 5495 1001 5549 8:
1038 5499 1090 5547 Κ‹

615 5568 632 5638 )

518 5564 632 5638 (36)
663 5568 723 5635 C,
758 5564 999 5640 λιγυρῶς
1032 5565 1124 5622 ὑπ.
1158 5566 1546 5622 Aristaenetus
1576 5566 1619 5633 Ι,
1670 5566 1854 5637 Epist.
1889 5570 1941 5634 3,
1982 5584 2039 5639 p.

486 5642 555 5692 ῶν
583 5637 848 5693 τεττίγων
880 5640 1058 5693 γοοῶ’
1092 5638 1192 5693 ubi
1224 5637 1446 5693 similia
1476 5638 1626 5693 loca.
1660 5654 1791 5693 quas
1816 5638 1877 5692 in
1908 5646 2050 5693 nota
2081 5659 2086 5693 :

2199 5586 2202 5622 :
2260 5567 2337 5623 Τὸ
2368 5564 2606 5638 ἔμπνουν
2638 5570 2737 5633 τῆς

2199 5639 2534 5693 tannosita.
2568 5635 2748 5693 Λιγῦοί

444 5644 555 5694 τῶν
583 5644 848 5712 τεττίγων
880 5644 1058 5763 χορῖιν
1092 5644 1192 5693 ubi
1224 5644 1446 5693 similia
1477 5644 1626 5703 loca,
1660 5654 1791 5708 quea
1816 5644 1877 5692 in
1908 5646 2050 5694 nota
2081 5659 2086 5693 :

452 5784 495 5793 η
525 5712 636 5783 (37)
667 5714 735 5777 Α,
921 5710 1048 5793 Eine.
1084 5711 1145 5778 C,
1177 5706 1262 5767 ἐπ.
1293 5703 1382 5782 ἕχ.
1415 5708 1897 5793 ἀναγεγραμμένας
1932 5712 2025 5793 Den
2041 5708 2086 5763 ὲτ

2199 5644 2218 5695 ι
2243 5644 2534 5712 apposita,
2568 5644 2793 5711 Λιγῦρὺν
2820 5644 3077 5693 ﬁrmant.

2199 5718 2292 5783 ξεσι
2322 5711 2451 5793 vide
2501 5715 2674 5793 notas
2703 5709 3074 5793 ad.N‘icetam
3128 5710 3352 5793 Euge-39,

525 5712 636 5783 (37)
667 5703 1048 5791 Αξάπάλξέις.
1084 5711 1145 5778 C,
1177 5706 1262 5767 ἐπ.
1293 5703 1382 5782 ἔχ.
1415 5708 1610 5791 ἀναγεγ

2260 5567 2337 5623 Τὸ
2368 5560 2606 5641 ἔμπνουν
2638 5570 2745 5641 τῆς.
2770 5560 2936 5641 αὔρας
2966 5563 3196 5641 λιγυρὸν
3248 5562 3458 5639 ὑπηχεῖ
3510 5563 3590 5633 τῷ
3622 5557 3869 5635 μουσικῷ

3397 5726 3456 5780 p.
3490 5709 3579 5775 22,
3610 5705 3701 5780 ad
3715 5702 3869 5780 Phil.

525 5727 636 5783 (δι)
667 5727 735 5777 Α,
769 5727 1048 5792 απαΛξεις.
1084 5727 1145 5778 u,
1177 5728 1262 5767 επ.
1293 5727 1382 5782 εχ.
1415 5727 1897 5838 αναγεγραμμενας
1934 5727 2010 5766 ue
2041 5727 2292 5794 επαλξεσι
2322 5727 2451 5793 Viae
2502 5727 2674 5793 nouis
2703 5727 3072 5791 amnigenam
3129 5727 3211 5764 nu
3255 5727 3352 5765 en.
3397 5727 3456 5780 p.
3490 5727 3579 5775 zz,
3610 5727 3685 5762 aa
3715 5727 3770 5760 ι’]

452 5784 589 5843 Her.
623 5798 752 5857 pag.
783 5785 907 5839 569.
940 5782 1028 5837 11η
1058 5797 1176 5856 quo
1204 5795 1349 5841 usus
1380 5798 1515 5845 sum
1545 5780 1607 5838 L1
1653 5798 1774 5839 anu
1802 5782 1971 5839 locus
1998 5782 2234 5840 faeilius
2261 5786 2594 5856 reperietur
2622 5798 2684 5839 in
2707 5780 3031 5840 Reiskiana
3058 5727 3329 5854 tom.glV,
3360 5796 3493 5854 pag.
3525 5781 3654 5851 777,
3680 5778 3770 5835 32.
