4112 6416
333 401 336 410 ,
379 335 534 420 Δ1ζ51
1911 329 2291 432 ὶωοιιιιοι.
3617 397 3642 432 (ἢ
3658 331 3836 432 ‘11'52

391 458 635 519 nemine
674 474 941 533 unquam
975 456 1114 514 visis
1150 456 1365 530 pinnas
1387 472 1455 512 ac
1475 457 1923 529 propugnacula
1949 471 2042 511 ex-
2072 489 2083 521 λ

2195 448 2367 523 ιείνης
2398 456 2542 510 εῖποι
2599 455 2663 510 τὸ
2718 451 2929 520 κάλλος
2977 461 3079 526 τῆς
3140 453 3362 520 πόλεως
3419 455 3566 514 281
3603 454 3696 512 καὶ
3724 458 3834 528 τὴν

392 554 622 606 structa
635 549 1056 606 habentem.Et
1073 546 1204 619 quis
1218 545 1458 602 tandem
1478 549 1568 600 est
1585 545 1684 616 qui
1703 545 1869 601 urbis
1887 544 2053 600 illius

2195 540 2505 617 ναιδρότητα
2533 565 2548 617 ;
2583 549 2712 609 Φῶς
2746 537 2954 610 ἄνωθεν
2981 543 3159 602 πυκνᾶ
3202 550 3324 602 ταῖς
3381 544 3558 602 ἀκτῖσι
3610 543 3834 619 διᾷττον

392 638 908 713 pulchritudinem
939 654 1006 692 ac
1042 635 1421 709 splendorem
1460 652 1736 691 sermone
1767 633 2054 705 consequi

2195 632 2338 695 πάσας
2393 632 2559 705 αὐτῆς
2608 633 2705 698 τὰς
2764 632 3032 697 πλατείας
3083 632 3354 712 ἐπλήρου·
3387 634 3474 690 καὶ
3532 634 3843 714 ὖπόπτεροί

393 729 626 802 possit?
648 730 768 784 Lux
788 743 962 800 porro
987 741 1244 798 superne
1265 723 1448 780 radiis
1471 724 1799 781 identidem
1825 724 2057 780 micans

2203 742 2310 785 ινες
2349 723 2619 798 στρατιαὶ,
2679 723 2818 800 αὐτῇ
2878 723 3076 796 ἑκάστη
3135 729 3251 804 φῶς
3314 722 3491 795 οὖσαῖ,
3543 723 3714 800 ταύτῃ
3741 725 3844 783 ἐπ-

397 836 606 874 omnes
629 818 815 890 ipsius
831 816 986 872 vicos
1008 813 1499 887 implebat,atque
1522 815 1661 870 alati
1686 814 1929 886 quidam
1956 830 2055 868 ex-

2198 810 2432 888 δήμουν,
2469 815 2636 890 μέλος
2664 812 2892 887 ᾄδουσαι
2924 817 3063 892 ἀκοῇ
3101 813 3323 893 βροτείᾳ
3361 813 3640 890 μηδέποτε
3669 816 3842 873 ἀκουο

395 907 815 965 ercituslucidi
855 923 1065 962 omnes
1087 907 1149 960 in
1196 923 1266 961 ea
1300 905 1709 974 morabantur,
1759 902 2056 977 ejusmodi

2195 903 2312 966 θεν.
2347 903 2449 960 Καὶ
2507 912 2696 983 φωνῆς
2745 902 2950 976 ἤκουσε
3009 903 3298 982 λεγεύσηςο
3342 903 3491 976 Αὕτη
3523 908 3560 977 ἡ
3593 904 3845 962 ἀνάπαυ-

394 1003 635 1055 cantum
660 997 924 1060 edentes,
950 1011 1128 1067 quem
1150 1012 1461 1067 nunquam
1483 995 1752 1051 mortalis
1770 994 1932 1050 auris
1954 1010 2058 1049 au-

2195 1011 2252 1053 τις
2278 995 2389 1047 τῶν
2443 990 2688 1050 δικαίων·
2751 993 2886 1066 αῧιη
2938 995 2973 1065 ἦ
3023 993 3328 1073 εὐφροσύνη
3373 998 3482 1050 τῶν
3542 992 3844 1071 εὐαρεστη-

396 1085 781 1143 divit.Vocem
791 1101 906 1156 que
919 1084 1218 1142 dicentem
1231 1084 1440 1142 audiit:
1462 1086 1595 1141 Haac
1610 1101 1813 1141 eorum
1828 1083 1928 1155 qui
1935 1081 2063 1155 jus-

2195 1079 2376 1136 πάντων
2425 1087 2505 1155 τῷ
2552 1082 2758 1160 Κυρίῳ.
2813 1085 3048 1148 Ἐκεῖθεν
3084 1081 3176 1140 οὖν
3234 1082 3586 1162 ἐξαγαγόντες
3619 1083 3673 1140 οἱ
3707 1106 3843 1164 φρι-

394 1176 589 1232 titiam
610 1173 907 1230 coluerint
929 1179 1019 1229 est
1039 1174 1416 1246 requies,hoc
1442 1191 1649 1230 eorum
1668 1172 1771 1245 qui
1798 1171 2060 1228 Domino

2195 1166 2499 1227 ιωδὲστατοι
2531 1171 2719 1250 ἄνδρες
2776 1173 3000 1245 ἐκεῖνοι,
3035 1173 3112 1237 εἷς
3143 1173 3396 1229 τούπίσω
3446 1172 3591 1251 ἄγειν
3621 1163 3838 1252 ἔλεγον.

394 1283 518 1324 sua:
540 1264 672 1319 vitae
698 1262 965 1319 rationes
988 1262 1300 1335 probarint
1329 1263 1858 1320 oblectamentum.
1893 1261 2061 1315 Hunc

2195 1259 2233 1316 Ο
2265 1255 2345 1329 δὲ,
2401 1266 2504 1332 τῆς
2557 1261 2895 1340 τερπότητος
2955 1262 3165 1334 ἐκείνης
3222 1262 3314 1318 καὶ
3370 1260 3647 1337 θυμηδίας
3706 1261 3842 1328 ὅλος

397 1358 596 1410 autem
619 1370 688 1408 ex
703 1352 808 1408 illo
831 1351 963 1408 loco
983 1351 1265 1408 eductum
1284 1352 1580 1408 terribiles
1603 1351 1692 1406 illi
1710 1349 1818 1405 viri
1840 1354 2060 1405 retror-

2195 1347 2489 1426 (evdpevoc,
2523 1353 2616 1424 Μὴ
2678 1353 2978 1428 στερήσητὲ
3018 1373 3107 1428 με,
3166 1351 3342 1429 ἔλεγε,
3405 1353 3482 1427 μὴ
3516 1353 3848 1428 στερήσητε,

395 1459 530 1499 sum
558 1440 775 1498 ducere
805 1441 956 1498 velle
989 1441 1369 1498 dicebant.At
1399 1441 1525 1514 ipse
1546 1439 1926 1513 jucunditate
1959 1437 2064 1493 illa

2195 1439 2435 1512 ῐυσωπῶ,
2467 1443 2565 1511 τῆς
2612 1440 2854 1520 ἂῤῥήτου
2906 1446 3082 1518 χαρᾶς
3137 1440 3362 1514 ταύτης’
3419 1439 3566 1498 ἀλλὰ
3597 1439 3719 1498 δότε
3742 1441 3846 1499 κά-

396 1531 726 1604 lmtitiaque
747 1531 934 1586 animi
978 1531 1222 1587 omnino
1274 1537 1513 1603 raptus:
1549 1532 1629 1586 Ne
1675 1547 1793 1598 me,
1834 1544 2062 1600 quaaso,

2195 1526 2273 1583 ιοὶ
2305 1525 2357 1582 ἐν
2393 1533 2492 1603 μιᾷ
2520 1537 2621 1602 τῆς
2671 1531 2937 1608 μεγίστης
2993 1529 3199 1604 ταύτης
3247 1528 3464 1594 πόλεως
3494 1529 3666 1608 γωνίᾳ
3695 1528 3846 1587 διαι-

398 1621 732 1695 inquiebat,
753 1638 829 1676 ne
848 1637 965 1690 me,
988 1620 1255 1692 inquam,
1276 1621 1389 1677 hac
1427 1619 1658 1689 laetitia,
1701 1636 1833 1691 quae
1876 1616 2066 1674 nullis

2195 1618 2385 1681 τᾶσθαι.
2444 1619 2512 1677 Οἱ
2567 1617 2647 1694 δὶ,
2708 1617 3006 1677 Ἀδύνατόν
3051 1619 3162 1677 ἐστι
3204 1624 3323 1693 νῦν,
3353 1615 3565 1698 ἔλεγον,
3600 1618 3737 1676 εἶναί
3785 1641 3849 1676 σε

401 1711 600 1768 verbis
623 1710 874 1782 exprimi
889 1715 1102 1782 potest,
1119 1711 1378 1782 private;
1400 1725 1602 1766 verum
1624 1710 1736 1765 hoc
1757 1707 1907 1764 mihi
1930 1723 2068 1763 con-

2195 1709 2406 1771 ινταῦθα
2437 1711 2566 1782 (38).
2601 1706 2779 1766 ’Λλλᾶ
2825 1711 2984 1784 κόπῳ
3043 1708 3242 1783 πολλῷ
3272 1710 3361 1766 καὶ
3388 1707 3580 1787 ἱδρῶτι
3641 1707 3844 1787 ἐλεύσῃ

405 1801 700 1869 cedite,ut
724 1799 784 1855 in
818 1815 939 1855 uno
971 1798 1361 1871 amplissima:
1391 1799 1644 1872 hujusce
1675 1797 1929 1854 civitatis
1961 1812 2070 1852 an-

2195 1791 2303 1864 ὖδε,
2339 1796 2490 1874 εἴπερ
2523 1797 2710 1855 ἑαυτὸν
2749 1801 2932 1875 βιάσῃ.

405 1889 543 1962 gulo
575 1889 804 1962 degam.
838 1889 930 1943 Illi
961 1892 1160 1944 autem
1188 1888 1262 1944 ad
1295 1889 1455 1944 hunc
1474 1888 1720 1945 modum
1749 1884 2228 1960 respondebant:
2256 1886 2409 1944 Fieri
2433 1906 2593 1948 nunc
2616 1891 2865 1948 minime
2894 1895 3090 1965 potest
3116 1895 3185 1948 ut
3211 1891 3310 1949 hic
3340 1891 3422 1948 sis
3449 1909 3463 1947 :
3497 1891 3613 1948 hoc
3643 1896 3848 1949 autem

410 1979 618 2036 multis
647 1977 951 2034 laboribus
983 1994 1052 2034 ac
1082 1977 1400 2034 sudoribus
1427 1977 1670 2034 tandem
1701 1974 2110 2048 consequeris,
2138 1974 2187 2029 si
2219 1977 2461 2048 quidem
2479 1979 2587 2035 tibi
2617 1980 2730 2053 ipsi
2761 1981 2880 2037 vim
2910 1980 3208 2037 intuleris.

483 2071 603 2125 Hoc
616 2084 893 2124 sermone
915 2067 1216 2139 habito,ac
1228 2068 1489 2124 maximo
1504 2068 1610 2124 illo
1631 2083 1840 2140 campo
1862 2081 2072 2122 rursus

405 2162 883 2232 peragrato,cum
899 2157 960 2214 in
976 2158 1456 2227 tenebrosaloca,
1473 2157 1788 2230 omnisque
1800 2155 2073 2212 maeroris

405 2248 609 2322 plena,
642 2252 821 2320 atque
853 2265 994 2305 cum
1025 2265 1094 2304 eo
1117 2247 1458 2320 splendore,
1492 2264 1672 2320 quem
1701 2246 1869 2320 prius
1897 2261 2073 2301 cons-

406 2342 674 2410 pexerat,
706 2355 774 2393 ac
803 2337 1014 2394 lastitia
1032 2337 1138 2393 illa
1163 2354 1193 2393 e
1217 2336 1508 2393 diametro
1533 2335 2075 2410 pugnantia,duxe—

409 2432 572 2485 runt.
597 2426 832 2483 Etenim
861 2427 1115 2484 obscura
1153 2445 1400 2500 prorsus
1426 2444 1495 2483 ac
1526 2425 1844 2484 tenebrosa
1881 2425 2071 2497 caligo

413 2524 562 2588 erat,
594 2522 771 2590 atque
813 2518 1140 2574 afflictione
1173 2535 1240 2574 ac
1271 2518 1534 2574 tumultu
1584 2523 1744 2574 totus
1776 2517 1877 2573 ille
1908 2515 2076 2572 locus

413 2608 810 2667 redundabat.
825 2609 955 2665 Illic
968 2609 1121 2683 ignis
1132 2609 1342 2666 fornax
1353 2609 1848 2679 accendebatur,e
1859 2612 1878 2662 t
1888 2605 2080 2663 carni-

415 2700 618 2756 ﬁcium
632 2698 921 2756 vermium
936 2717 1122 2773 genus
1135 2699 1428 2772 serpebat,
1449 2700 1812 2772 ultricesque
1831 2697 2076 2753 virtutes

319 2859 324 2862 ί
411 2790 641 2846 fornaci
671 2789 1092 2846 imminebant.
1134 2791 1216 2845 Ac
1240 2789 1519 2846 nonnulli
1550 2791 1839 2846 miserum
1861 2788 1924 2844 in
1947 2804 2078 2843 mo-

413 2879 557 2936 dum
589 2879 710 2953 igni
742 2878 1444 2953 conﬂagrabant,voxque
1486 2879 1830 2953 hujusmodi
1870 2876 2076 2934 audie-

412 2969 622 3025 batur:
657 2969 762 3025 Hic
783 2969 1214 3026 sceleratorum
1236 2968 1401 3025 locus
1435 2975 1544 3038 est,
1577 2969 1674 3026 hic
1713 2985 1919 3024 eorum
1943 2983 2077 3024 cru-

415 3059 607 3115 ciatus
660 3059 763 3130 qui
808 3058 982 3114 fuadis
1012 3059 1253 3132 ﬂagitiis
1309 3059 1535 3131 seipsos
1567 3058 2073 3115 contaminarunt.

2251 2067 2436 2123 Ταῦτα
2492 2070 2668 2124 εἷπον·
2726 2067 2866 2142 καὶ,
2922 2071 3020 2138 τὴν
3083 2068 3339 2145 μεγίστην
3395 2067 3551 2134 αὖθις
3607 2065 3842 2126 πεδιάδα

2182 2151 2492 2221 διελθόντες
2525 2205 2542 2231 ,
2601 2157 2679 2224 εἷς
2727 2159 2936 2224 τόπους
2992 2158 3304 2235 ἀπήνεγκαν
3367 2157 3677 2222 σκοτεινοὺς
3745 2156 3838 2215 καὶ

2181 2245 2362 2320 πάσης
2413 2247 2610 2322 ἀηδίας
2666 2249 3158 2328 πεπληρωμένους,
3193 2247 3492 2327 ἰσόρροπον
3551 2251 3655 2320 τῆς
3709 2248 3837 2326 ὅρα-

2185 2339 2370 2410 θείσης
2395 2338 2765 2417 φαιδρότητος
2799 2340 2863 2397 τὸ
2903 2341 3152 2418 λυπηρὸν
3199 2339 3593 2415 κεκτημένους.
3630 2339 3840 2403 Σκότος

2184 2426 2288 2504 γὰρ
2320 2431 2386 2500 ἦν
2433 2429 2665 2509 ἀφεγγὲς
2720 2431 2809 2486 καὶ
2865 2431 3091 2509 ζοφερὸν
3147 2428 3450 2492 παντελῶς’
3510 2428 3751 2503 Θλίψεως
3783 2424 3844 2483 δὲ

2183 2517 2274 2573 καὶ
2324 2527 2575 2596 ταραχῆς
2631 2520 2695 2576 τὸ
2752 2524 2854 2575 πᾶν
2915 2517 3326 2596 ἐπεπλήρωτο.
3385 2520 3554 2584 Ἔνθα
3604 2519 3840 2593 κάμινος

2183 2605 2380 2681 ἐξῆπτε
2437 2611 2551 2683 (39)
2607 2609 2778 2687 πυρὸς
2866 2608 3275 2689 ἀναφλεγομένη
3311 2627 3326 2642 '
3385 2607 3478 2664 καὶ
3532 2605 3839 2679 σκωλήκων

2182 2697 2334 2772 γένος
2367 2699 2434 2768 ἦν
2465 2697 2796 2756 κολαστιλὸν
2826 2696 2992 2776 ἕρπον
3038 2701 3230 2758 ἐκεῖσε.
3285 2701 3549 2773 Δυνάμεις
3580 2694 3638 2754 δὲ
3661 2719 3843 2771 τιμω-

2185 2789 2405 2863 ρητικαὶ
2435 2787 2732 2868 ἐφεστῶσαι
2791 2792 2903 2866 (40)
2961 2792 3029 2864 τῇ
3085 2788 3323 2864 καμίνῳ,
3370 2789 3460 2845 καὶ
3516 2789 3671 2848 282
3699 2807 3846 2850 τινες

2184 2875 2438 2941 ἐλεεινῶς
2469 2883 2549 2948 τῷ
2596 2880 2726 2958 πυρὶ
2783 2879 3228 2954 κατακαιόμενοι.
3287 2878 3392 2937 Καὶ
3423 2879 3575 2958 φωνή
3609 2875 3844 2948 ἠκούετο

2188 2967 2446 3042 Λέγουσα’
2506 2969 2680 3032 Οὗτος
2726 2969 2754 3024 ὁ
2811 2968 2980 3033 τόπος
3029 2976 3139 3028 τῶν
3189 2967 3556 3044 ἁμαρτωλῶν·
3607 2966 3742 3038 αὕτη
3801 2967 3836 3035 ἡ

2184 3054 2414 3121 κόλασις
2444 3062 2552 3113 τῶν
2587 3058 2835 3135 οράξεσιν
2896 3057 3152 3134 αίσχραῖς
3208 3056 3428 3120 ἑαυτοὺς
3459 3054 3834 3132 μολυνάντων·

418 3149 560 3202 Post
589 3152 790 3203 autem
821 3147 893 3203 ab
925 3148 1018 3204 his
1053 3148 1154 3219 qui
1178 3165 1314 3203 eum
1336 3148 1481 3204 illuc
1513 3148 1988 3217 introduxerant,
2013 3162 2083 3202 ex

2195 3147 2308 3204 Ἐπὶ
2367 3147 2588 3211 τούτοις
2647 3147 2909 3225 ἐξήγαγον
2988 3146 3149 3204 αὐτὸν
3207 3146 3405 3212 ἐκεῖθεν
3464 3146 3515 3200 οἱ
3571 3143 3662 3199 καὶ
3720 3142 3837 3199 εἷσ-

423 3252 492 3292 eo
509 3236 642 3291 loco
666 3236 915 3293 eductus
932 3242 1042 3294 est.
1077 3238 1405 3310 Statimque
1427 3237 1501 3294 ad
1521 3255 1651 3294 sese
1673 3237 1934 3307 rediens,
1957 3240 2080 3291 toto

421 3342 670 3399 corpore
683 3326 1610 3399 contremiscebat,lacrymaeque
1625 3327 1943 3383 ﬂuminum
1957 3326 2082 3382 ins-

421 3420 516 3472 tar
545 3432 618 3471 ex
643 3415 832 3488 ipsius
869 3416 1060 3472 oculis
1085 3416 1392 3477 ﬂuebant:
1443 3422 1621 3489 atque
1661 3416 1856 3472 omnis
1887 3415 2082 3488 impu-

420 3504 569 3561 dicas
599 3505 766 3561 illius
794 3505 1036 3578 puellae,
1099 3506 1590 3579 reliquarumque
1633 3507 1908 3574 aliarum,
1949 3504 2086 3578 pul-

422 3595 700 3652 chritudo
719 3596 927 3668 quovis
946 3613 1114 3654 cceno
1143 3602 1202 3653 et
1222 3597 1389 3654 sanie
1407 3597 1647 3654 fetidior
1665 3595 1781 3669 ipsi
1812 3596 1936 3652 visa
1956 3600 2082 3666 est;

423 3685 900 3758 memoriamque
931 3703 1002 3743 ea
1026 3703 1158 3758 quas
1181 3687 1408 3743 viderat
1433 3687 1725 3756 recolens,
1750 3691 1874 3742 tum
1904 3685 2088 3740 bono-

424 3790 561 3829 rum
591 3773 836 3830 illorum
855 3773 1179 3847 cupiditate
1208 3781 1333 3831 tum
1356 3775 1628 3832 dolorum
1652 3775 1896 3831 illorum
1922 3779 2086 3830 metu

428 3869 758 3938 correptus,
789 3863 852 3920 in
899 3865 1054 3922 lecto
1078 3866 1340 3939 jacebat,
1391 3867 1476 3922 sic
1525 3869 1792 3935 aﬂ‘ectus,
1825 3871 1892 3923 ut
1920 3865 2089 3922 nulla

424 3953 543 4026 ipsi
575 3955 930 4029 exsurgendi
962 3961 1224 4029 potestas
1265 3963 1441 4014 esset.

501 4045 575 4099 Ut
594 4050 794 4102 autem
807 4045 880 4101 de
894 4046 1139 4102 adversa
1156 4046 1266 4102 ﬂlii
1287 4047 1627 4104 valetudine
1641 4047 1714 4104 ad
1737 4064 1935 4121 regem
1949 4045 2090 4103 alla-

427 4138 548 4190 tum
564 4135 882 4207 est,statim
905 4136 979 4192 ad
1005 4153 1140 4193 eum
1163 4137 1462 4210 profectus
1487 4137 1775 4210 quidnam
1797 4137 1911 4210 ipsi
1934 4136 2089 4193 acci-

2193 3237 2507 3314 αγαγὸντες,
2541 3238 2667 3310 Καὶ,
2713 3239 2790 3303 εἰς
2823 3239 3008 3296 ἑαυτὸν
3058 3237 3209 3302 εὐθὺς
3253 3236 3447 3306 ἐλθὼν,
3482 3234 3745 3312 ἔντρομος
3772 3232 3843 3302 ἦν

2193 3325 2348 3391 ὅλος*
2412 3324 2617 3404 δάκρυα
2671 3325 2728 3384 δὲ
2784 3325 3108 3402 ποταμηδὸν
3158 3323 3411 3383 κατέδυον
3459 3323 3512 3380 οἱ
3559 3319 3847 3401 ὀφθαλμοὶ

2192 3415 2380 3476 αὐτοῦ.
2432 3423 2583 3474 Πᾶσα
2641 3415 2700 3473 δὲ
2755 3420 2790 3489 ἡ
2825 3417 3101 3491 ὦραιότης
3156 3423 3254 3486 τῆς
3308 3413 3621 3471 ἀκολάστου
3677 3409 3850 3486 κόρης

2194 3505 2405 3579 ἐκείνης
2431 3506 2522 3563 καὶ
2577 3512 2687 3564 τῶν
2750 3507 2964 3565 λοιπῶν
3022 3503 3394 3581 δυσωδεστέρα
3455 3496 3731 3579 βορϐόρου
3759 3497 3840 3555 καί

2195 3599 2428 3675 σαπρίας
2456 3597 2602 3671 αὐτῷ
2633 3595 2951 3675 λελόγιστο.
2989 3599 3241 3676 Στρέφων
3275 3592 3332 3650 δὲ
3370 3591 3422 3649 ἐν
3461 3595 3530 3668 τῇ
3561 3593 3717 3666 ψυχῇ
3743 3593 3840 3644 τῶν

2196 3688 2499 3763 ὁραθὲντων
2557 3687 2657 3758 τὴν
2719 3689 2970 3763 μνήμην,
3026 3693 3108 3760 τῶ
3137 3685 3294 3758 πόθῳ
3349 3686 3458 3739 τῶν
3513 3679 3840 3757 ἀγαθῶνκαὶ

2193 3782 2274 3851 τῷ
2303 3771 2460 3857 φόϐῳ
2499 3781 2605 3833 τῶν
2640 3777 2873 3853 ἀνιαρῶν
2935 3774 3151 3832 ἐκείνων
3213 3773 3300 3830 ἐπὶ
3347 3779 3449 3844 τῆς
3502 3767 3695 3842 κλίνης
3721 3789 3842 3825 κατ-

2196 3865 2369 3924 ἐκειτο
2400 3866 2599 3938 ἥκιστα
2624 3865 2912 3944 ἐγερθῆναι
2946 3863 3263 3940 δυνάμενος.

2269 4046 2617 4126 Ἀνηγγέλθη
2679 4045 2737 4104 δὲ
2786 4051 2866 4121 τῷ
2928 4044 3330 4123 βασιλεῖὴτοῦ
3387 4041 3508 4097 υἱοῦ
3557 4037 3844 4118 ἀρρωστία.

2198 4139 2303 4196 Καὶ
2330 4137 2391 4203 ’ὀς
2410 4137 2584 4194 ἐλθὼν
2631 4135 2891 4213 ἐπηρώτα
2944 4133 3000 4192 τί
3043 4135 3108 4192 τὸ
3166 4128 3404 4210 συμϐάν.
3448 4131 3510 4189 Ὀ
3541 4127 3600 4186 δὲ
3627 4130 3694 4186 τὰ
3723 4129 3846 4205 ὀρα-

428 4224 617 4280 disset
648 4224 1131 4299 percontabatur.
1164 4226 1270 4282 Ille
1299 4232 1499 4283 autem
1531 4226 1818 4300 quidnam
1846 4226 2083 4282 vidisset

2201 4229 2360 4284 θέντα
2430 4227 2579 4302 αὐτῷ
2655 4225 2978 4303 διηγεῖται,
3035 4226 3128 4282 καί
3177 4240 3386 4301 φησιν’
3441 4218 3604 4279 Ἱνατί
3659 4215 3850 4294 παγίδα

430 4313 694 4388 exponit,
713 4314 913 4388 aitque
941 4332 954 4371 :
979 4316 1095 4370 Cur
1115 4314 1367 4388 pedibus
1378 4317 1819 4388 meislaqueum
1842 4313 2083 4388 parasti,

2199 4317 2506 4392 ἡτοίμασας
2563 4322 2682 4383 τοῖς
2737 4316 2868 4373 ποσί
2901 4337 3030 4390 μου,
3086 4313 3177 4370 καὶ
3228 4313 3579 4385 κατέκαμψας
3629 4310 3729 4379 τήν
3756 4310 3849 4382 ψυ-

431 4407 833 4463 etincurvasti
877 4406 1139 4464 animam
1187 4425 1382 4465 meam
1407 4407 1575 4482 (Psal.
1603 4407 1899 4478 va)?Nisi
1933 4407 2083 4462 enim

2201 4413 2314 4486 χὴν
2368 4430 2474 4482 μου
2542 4411 2705 4483 (4Ι);
2765 4407 2811 4463 εί
2869 4409 2945 4481 μή
3005 4405 3108 4482 γὰρ
3159 4402 3363 4478 Κύριος
3413 4395 3686 4472 ἐϐοήθησὲ
3741 4416 3849 4486 μοι,

430 4495 720 4554 Dominus
743 4496 1071 4569 adjuvisset
1089 4515 1206 4566 me,
1235 4499 1412 4571 paulo
1440 4499 1641 4554 minus
1675 4497 2004 4553 habitasset
2032 4497 2083 4551 in

2204 4483 2536 4575 παραϐραχὺ
2567 4497 2894 4574 παρῴκησεν
2928 4496 2986 4551 ἂν
3036 4499 3116 4568 τῷ
3147 4492 3250 4570 ᾃδῃ
3284 4494 3319 4562 ὴ
3353 4491 3506 4566 ψυχή
3545 4510 3671 4563 μου.
3701 4483 3851 4546 Ἀλλ’

430 4585 664 4643 inferno
681 4588 883 4643 anima
901 4605 1033 4643 mea
1049 4589 1219 4662 (Psal.
1236 4591 1454 4662 XXXIX).
1472 4592 1689 4645 Verum
1705 4605 1882 4660 quam
1900 4587 2083 4644 bonus

2206 4589 2283 4651 ὡς
2330 4588 2532 4662 ἀγαθὸς
2565 4589 2592 4644 ὁ
2624 4586 2756 4650 Θεὸς
2811 4590 2892 4660 τῷ
2951 4581 3199 4660 Ἰσραὴλ,
3229 4587 3345 4643 τοῖς
3401 4579 3577 4636 εύθέσι
3631 4582 3699 4653 τῇ
3730 4596 3850 4652 καρο

395 4661 414 4682 .
427 4675 614 4731 Israel
630 4678 783 4732 Deus
802 4677 897 4732 his
916 4677 1016 4748 qui
1029 4661 1190 4734 recto
1205 4661 1662 4751 suntcOrde,qui
1685 4677 1863 4734 etiam
1879 4677 2083 4749 eripuit

2206 4675 2296 4750 δίᾳ
2325 4678 2480 4751 (42)Ῑ
2535 4678 2597 4740 ὃς
2641 4678 2734 4732 καὶ
2783 4677 2884 4745 τήν
2939 4673 3079 4749 ἐμὴν
3138 4671 3400 4750 ἐρῥύσατο
3458 4669 3781 4724 ταπείνωσιν
3801 4665 3854 4721 ἐκ

427 4764 833 4822 humilitatem
866 4783 1063 4822 meam
1096 4767 1168 4823 de
1218 4768 1416 4824 medio
1447 4767 1782 4825 catulorum
1827 4767 2083 4836 leonum,

2209 4763 2376 4841 μέσου
2406 4764 2681 4840 σκύμνων.
2732 4765 3078 4838 Ἐκοιμήθην
3135 4763 3239 4839 γὰρ
3297 4756 3696 4835 τεταραγμένος
3730 4758 3852 4832 (43).

429 4854 680 4912 dormivi
725 4855 1116 4913 conturbatus
1148 4857 1260 4931 (Ps.
1294 4859 1486 4930 Lxxn).
1534 4857 1647 4914 Sed
1686 4857 1943 4913 visitavit
1998 4872 2083 4913 me

2207 4854 2367 4911 Ἀλλ’
2422 4853 2752 4932 ἐπεσκέψατό
2808 4875 2876 4928 με
2934 4852 2986 4925 ἐξ
3035 4850 3206 4927 ὕψους
3237 4850 3265 4906 ὁ
3297 4848 3428 4910 Θεός
3463 4868 3568 4922 μου
3624 4845 3714 4902 καὶ
3745 4853 3852 4900 Σω-

429 4946 586 5005 Deus
617 4946 874 5005 salvator
901 4962 1095 5016 meus,
1114 4947 1382 5022 mihique
1407 4949 1647 5022 quantis
1668 4948 1709 5004 ii
1733 4946 1834 5022 qui
1852 4965 1987 5004 eum
2019 4945 2083 5003 ad

2203 4945 2308 5020 τήρ
2368 4966 2496 5020 μου,
2540 4945 2633 5001 καὶ
2690 4941 2860 5017 ἔδειξέ
2912 4963 3007 5019 μοι
3047 4940 3181 4998 οίίων
3228 4939 3442 5018 ἀγαθῶν
3494 4937 3853 5012 ἀπεστέρησαν

509 5186 623 5258 (38)
654 5187 724 5253 Α,
756 5181 821 5238 ἀδ
847 5182 981 5239 εἶναι
1011 5185 1103 5237 νῦν
1135 5177 1322 5310 ἔλεγόν
1355 5203 1414 5238 σε
1443 5181 1550 5240 ἐντ.
1582 5185 1645 5258 C,
1676 5178 1764 5238 ἀδ.
1798 5176 1935 5235 εἶναί
1964 5200 2022 5235 σε
2052 5177 2159 5238 ἐντ.

510 5259 624 5310 (39)
652 5259 721 5310 A.
754 5255 953 5310 ἐξῆπτε
981 5257 1204 5310 Forsan
1261 5257 1519 5310 ἕήπτετο.

510 5255 624 5328 (39)
652 5259 721 5325 Α,
754 5255 953 5328 ἐξῆπτε
981 5257 1204 5313 Forsan
1235 5255 1519 5328 ἐξήπτετο.

504 5347 618 5418 (40)
649 5345 906 5402 Verbum
960 5345 1347 5403 desiderater.
1392 5345 1620 5417 Billyus
1670 5343 1904 5418 videtur
1960 5343 2274 5418 meliorem
2329 5342 2610 5399 habuisse
2641 5341 2986 5418 lectionem,
3018 5340 3121 5418 qui
3153 5338 3438 5418 verterit:
3498 5337 3860 5418 dqvqntqgeg

435 5409 831 5502 avoit'esprits,
865 5419 965 5490 qui
992 5422 1267 5475 servaient
1296 5418 1363 5474 de
1395 5409 1711 5473 bourreaux
1750 5415 2040 5472 au-dessus
2086 5415 2151 5471 de
2200 5415 2256 5470 la
2300 5417 2605 5484 foumaise.
2645 5417 2712 5472 In
2743 5409 3526 5486 versione'Trapezuntiana
3555 5415 3681 5468 tota
3709 5409 3864 5466 deest

441 5495 810 5700 δθῖὲξξὶὲἓέῖ.
841 5578 952 5631 LVI,
982 5563 1014 5617 6
1095 5557 1334 5637 Παγίδας
1361 5555 1667 5634 ἡτοίμασαν
1697 5561 1819 5621 τοῖς
1850 5554 1980 5614 ποσί
2013 5577 2140 5632 μου,
2169 5557 2264 5613 καὶ
2293 5555 2643 5634 κατὲκαμψαν
2675 5557 2778 5628 τήν
2808 5557 2996 5634 ψυχήν
3021 5577 3142 5633 μιυ.

703 5649 770 5690 sa
798 5676 813 5692 .
839 5649 1014 5700 Lxxn,
1078 5677 1091 5691 .
2336 5699 2341 5700 ,

515 5633 627 5774 (42;
655 5633 813 5692 Psal.
839 5649 1014 5702 Lxxn,
1041 5638 1091 5691 1.
1192 5633 1202 5637 ⁷
1498 5633 1503 5634 “
2557 5633 2563 5634 “

515 5703 606 5774 (43
655 5705 812 5761 Psal.
843 5721 955 5774 LVI,
984 5706 1059 5760 4:
1092 5704 1194 5762 Καὶ
1221 5701 1484 5783 ἐρρύσατο
1511 5701 1612 5772 τὴν
1640 5702 1832 5777 ψυχήν
1866 5722 1972 5777 μου
2001 5699 2085 5762 ἐκ.
2118 5721 2178 5778 μ.
2211 5720 2297 5762 σκ.
2328 5699 2408 5763 ἐκ.
2433 5720 2616 5779 τεταρ.
