4112 6382
253 390 399 499 1153
438 398 445 405 ’
1446 440 1622 497 Vin
1655 410 1955 495 mm

2067 440 2141 495 ετ
2175 439 2518 498 manu.
3542 436 3685 498 1155
3728 416 3731 417 ί

252 560 482 626 ὶαυτοὺς
510 560 564 618 οἱ
620 558 1053 637 παροργίζοντες
1103 557 1287 634 αὑτὸν,
1338 556 1472 616 ο’ίων
1526 557 1584 615 δὶ
1629 556 1955 633 κολάσεων,

2067 562 2408 620 racundiam
2430 566 2751 635 provocant
2777 561 2955 619 bonis
2987 578 3117 618 sese
3139 560 3391 635 privent,
3424 564 3687 635 quantis-

257 652 589 718 ὑπευθύνους
623 648 982 727 εἰργάσαντο.

2067 670 2153 726 [ue
2186 670 2425 709 rursum
2447 654 2759 708 tormentis
2782 652 3068 709 obnoxios
3091 670 3153 709 se
3176 652 3433 709 reddant
3452 653 3693 709 demon-

2041 744 2271 799 stravit.

2110 835 2186 887 At
2213 848 2394 901 nunc,
2432 849 2464 886 0
2498 836 2685 904 pater,
2719 831 3002 903 quoniam
3034 836 3098 887 tu
3129 849 3305 887 aures
3338 836 3470 889 tuas
3494 831 3696 888 occlu-

272 922 353 996 μὴ
384 919 617 976 ἀκοῦσαί
652 940 759 993 μου
786 921 887 983 τῆς
947 924 1135 996 φωνῆς
1188 924 1289 987 τῆς
1345 918 1412 971 τὰ
1470 917 1644 993 ἀγαθά
1696 937 1780 971 σοι
1835 914 1935 971 ἰπ-

2067 922 2194 990 .isti,
2227 939 2303 977 ne
2332 938 2535 978 vocem
2569 938 2766 977 meam
2798 922 2955 977 bona
2984 926 3162 994 atque
3188 922 3360 978 utilia
3391 923 3497 977 tibi
3538 922 3696 977 occi-

268 1010 710 1085 ᾳδούσης,288
738 1004 834 1063 κᾶν
866 1005 966 1081 ἐμὶ
1018 1004 1095 1081 μη
1136 1004 1320 1062 κώλοε
1364 1007 1462 1076 τήν
1518 1005 1724 1070 εὐθεῖαν
1775 1003 1934 1081 βαδί-

2067 1017 2288 1067 lentem
2311 1011 2571 1080 audires,
2604 1028 2678 1065 ne
2711 1028 2804 1065 me
2838 1011 3048 1067 saltem
3082 1029 3198 1083 quo
3232 1013 3431 1067 minus
3470 1016 3697 1069 rectam

339 832 446 889 Καὶ
475 827 888 906 νῦν,ὧπάτερ,
950 828 1067 884 ἐπεί
1124 849 1220 883 σου
1278 829 1348 883 τὰ
1407 825 1523 883 ὦτα
1578 821 1775 892 ἕϐυσας
1830 830 1929 883 τοῦ

275 1123 366 1156 σαι
399 1098 547 1156 ὁδόν.
577 1095 751 1153 Τοῦτο
780 1096 886 1173 γὰρ
919 1100 1098 1166 ποθῶ,
1127 1096 1325 1151 τούτου
1358 1094 1601 1174 ἐφίεμαι,
1640 1099 1739 1150 τοῦ
1792 1094 1933 1149 πάν-

273 1213 386 1246 των
408 1187 822 1263 ἀπαλλαγῆναι,
852 1186 941 1242 καὶ
1001 1185 1204 1249 τόπους
1243 1180 1570 1240 καταλαϐεῖν
1626 1178 1747 1240 ἔνθα
1795 1191 1936 1260 Βαρ-

275 1279 431 1353 λαᾶμ
462 1279 490 1332 6
519 1280 617 1332 τοῦ
650 1281 888 1351 Χριστοῦ
922 1275 1171 1351 θεράπων
1214 1276 1310 1338 τὰς
1362 1274 1609 1348 οῗκήσεις
1661 1272 1797 1351 ἔχει,
1847 1274 1937 1328 καὶ

278 1369 369 1424 σὺν
406 1369 558 1439 αύτῷ
585 1366 648 1421 τὸ
682 1364 880 1421 λοιπὸν
913 1373 1014 1436 τῆς
1045 1364 1329 1440 παρούσης
1364 1385 1468 1438 μου
1491 1362 1737 1418 διανῦσαι
1772 1369 1939 1433 ζωῆς.

278 1458 342 1516 El
374 1454 433 1513 δὲ
465 1456 557 1533 βίᾳ
586 1460 889 1531 κατασχεῖν
926 1476 994 1528 με
1024 1453 1331 1527 θελήσειας,
1378 1448 1501 1528 ὄψει
1536 1474 1603 1526 με
1652 1455 1845 1508 θᾶττον
1872 1456 1942 1527 τῇ

284 1546 437 1621 λύπῃ
466 1545 558 1600 καὶ
588 1541 865 1618 ἀδημονίᾳ
912 1544 1126 1620 νεκρόν·
1186 1545 1279 1598 καὶ
1337 1540 1461 1598 οὔτε
1504 1542 1567 1597 σὺ
1626 1543 1688 1598 τὸ
1746 1540 1941 1598 λοιπὸν

290 1637 470 1713 πατὴρ
500 1632 772 1710 κληθήσῃ,
806 1631 933 1690 οὔτε
964 1634 1085 1690 υἱόν
1120 1655 1189 1708 με
1219 1630 1297 1690 ἔτι
1329 1629 1486 1708 ἔξεις,

2045 1101 2201 1157 viam
2249 1117 2556 1173 capessam
2606 1099 2917 1172 impedias.
2967 1102 3085 1155 Hoc
3137 1100 3295 1156 enim
3344 1101 3540 1173 cupio,
3586 1101 3701 1155 hoc

2049 1196 2279 1263 expeto,
2312 1196 2378 1245 ut
2399 1189 2677 1245 omnibus
2697 1190 2875 1245 rebus
2902 1189 3208 1258 liberatus,
3233 1190 3307 1244 ad
3330 1208 3397 1245 ea
3418 1190 3550 1245 loca
3567 1207 3705 1245 con-

2048 1282 2313 1350 tendam,
2347 1281 2408 1335 in
2443 1281 2661 1353 quibus
2693 1279 2963 1335 Barlaam
2995 1280 3211 1335 Christi
3242 1280 3502 1336 famulus
3533 1279 3704 1335 habi-

2050 1376 2154 1440 tat,
2188 1387 2255 1425 ac
2287 1387 2423 1426 cum
2456 1387 2523 1426 eo
2557 1368 2717 1442 quod
2757 1369 2903 1424 mihi
2931 1369 3232 1439 reliquum
3282 1374 3373 1425 est
3400 1371 3531 1423 vitai
3562 1387 3709 1425 con-

2054 1461 2273 1516 ﬁciam.
2308 1459 2473 1525 Quod
2506 1461 2551 1514 si
2586 1477 2683 1514 me
2713 1476 2820 1531 per
2859 1458 2975 1513 vim
3022 1458 3282 1514 retinere
3332 1459 3394 1513 in
3442 1460 3711 1516 animum

2055 1550 2382 1606 induxeris.
2419 1566 2595 1621 quam
2646 1549 2908 1621 primum
2959 1564 3053 1602 me
3105 1565 3359 1603 mazrore
3414 1563 3481 1603 ac
3534 1549 3710 1605 taedio

2057 1640 2418 1695 exstinctum
2449 1639 2697 1695 videbis.
2734 1640 2820 1694 Ita
2852 1638 2955 1693 fiet
2991 1642 3058 1693 ut
3100 1654 3212 1693 nec
3260 1643 3324 1693 tu
3373 1643 3544 1710 pater
3582 1638 3713 1711 jam

2059 1728 2405 1802 appelleris,
2438 1745 2548 1784 nec
2579 1745 2674 1784 me
2703 1728 2896 1783 ﬁlium
2928 1726 3245 1783 habiturus
3276 1727 3379 1784 sis.

366 1905 526 1960 ΚΕΦ.
556 1904 681 1963 ΛΑ’.
715 1902 985 1959 -Πάλιν
1027 1901 1119 1958 οῦν
1173 1903 1378 1979 ἀθυμία
1424 1902 1660 1981 κατέσχε
1708 1906 1801 1960 τὸν
1852 1906 1949 1981 βα-

2132 1911 2264 1965 CAP.
2289 1909 2496 1964 XXXI.
2514 1939 2581 1948 —
2606 1910 2861 1964 Rursum
2887 1906 3068 1979 igitur
3090 1907 3299 1979 ingens
3323 1922 3523 1979 regem
3555 1924 3711 1964 mua-

294 1989 449 2046 σιλέα
478 1996 614 2068 (44)·
649 1992 816 2048 πάλιν
861 1993 1155 2069 ἀπελὲγετο
1215 1994 1354 2065 ’ὀλην
1412 1994 1577 2050 αὑτοῦ
1626 1996 1726 2065 τήν
1780 1996 1950 2066 ζωήν.

295 2079 410 2151 καῖ,
444 2079 587 2136 δεινᾶ
618 2084 859 2160 στρέφων
893 2080 944 2137 ἐν
978 2083 1177 2155 ἑαυτῷ,
1222 2082 1297 2147 είς
1338 2083 1402 2138 τὸ
1454 2081 1592 2137 ἴδιοι
1641 2083 1807 2158 ἀπῄει
1852 2104 1957 2138 πα-

300 2166 509 2227 λατιον.
571 2173 650 2228 Τὰ
708 2170 763 2226 δὲ
816 2171 963 2247 παρὰ
1017 2176 1113 2226 τοῦ
1172 2169 1343 2227 Θευδᾶ
1394 2171 1769 2228 ἀποσταλέντα
1855 2179 1958 2243 τῆς

295 2260 568 2335 πονηρίας
606 2262 887 2336 πνεύματα
934 2264 1070 2318 κατᾶ
1120 2267 1217 2317 τοῦ
1267 2263 1416 2327 θείου
1464 2261 1682 2333 παιδὸς,
1728 2260 1961 2318 ἐπανελ-

299 2350 466 2415 θόντα
520 2353 658 2428 πρὸς
716 2354 901 2423 αὐτὸν,
987 2354 1427 2429 κατῃσχυμμὲνά
1481 2354 1582 2423 τήν
1641 2358 1805 2424 ἧτταν
1864 2355 1961 2409 ἆν-

304 2442 587 2517 ωμολόγει
620 2446 754 2518 (45),
786 2442 963 2498 καίτοι
997 2441 1303 2521 φιλοψευδῆ
1337 2442 1484 2499 ὅντα’
1542 2439 1799 2518 σύμϐολα
1854 2446 1957 2522 γὰρ

301 2531 453 2607 σοιφῆ
480 2539 582 2603 τῆς
614 2534 782 2604 ἣττης
811 2528 1001 2611 ἔφερον
1036 2532 1116 2588 ἐκὶ
1139 2537 1239 2599 τῆς
1270 2539 1517 2610 πονηρᾶς
1548 2533 1723 2590 αὐτῶν
1757 2531 1958 2609 ὅψεως.

298 2620 360 2675 Ὀ
396 2618 475 2691 δὲ,
510 2622 614 2676 Καὶ
648 2618 814 2692 οὕτω,
876 2622 1061 2697 φησὶν,
1113 2620 1352 2687 ἀσθενεῖς
1414 2622 1570 2695 ὑμεῖς
1625 2624 1714 2677 καὶ
1766 2623 1959 2678 ταλαί-

295 2731 505 2786 πωροι,
538 2710 614 2775 ὡς
644 2710 761 2773 ἑνὸς
798 2710 1086 2789 μειρακίου
1136 2712 1212 2785 μὴ
1263 2711 1676 2788 περιγενέσθαιί
1730 2711 1867 2769 Τότε
1895 2712 1962 2767 τὰ

297 2801 521 2876 πονηρᾶ
573 2807 878 2875 πνεύματα,
939 2802 1057 2875 θείᾳ
1113 2798 1339 2875 δυνάμει
1407 2804 1822 2879 τιμωρούμενα,
1882 2801 1959 2865 εἷς

299 2894 420 2969 ιρῶς
476 2887 678 2945 ἄκοντα
729 2892 828 2960 τήν
882 2890 1143 2961 ἀλήθειαν
1197 2891 1351 2965 ἦγεν,
1409 2891 1535 2967 Οὐχ
1590 2890 1960 2966 ὑπομένομεν,

297 2981 557 3057 λέγοντα,
592 2979 716 3036 οὐδὲ
762 2982 1212 3060 ἀποφθαλμῆσαι
1264 2981 1412 3046 ’ὀλως
1461 2986 1530 3057 τῇ
1573 2980 1675 3038 τοῦ
1724 2985 1961 3058 Χριστοῦ

299 3070 533 3145 δυνάμει
563 3072 651 3126 καὶ
685 3069 765 3145 τῷ
796 3066 1068 3145 συμϐόλῳ
1095 3075 1192 3126 τοῦ
1224 3072 1428 3134 πάθους
1460 3071 1647 3143 αὐτοῦ,
1690 3070 1749 3127 6'v
1798 3093 1963 3127 σταυ-

304 3162 400 3239 ρὸν
454 3162 740 3220 καλοῦσιν.
827 3160 1066 3219 Ἐκείνου
1142 3160 1247 3237 γὰρ
1321 3162 1689 3235 τυπουμένου,
1760 3162 1962 3241 φθάνο-

311 3272 410 3325 μεν
464 3255 573 3325 (46)
634 3252 934 3328 ἀνακράτος
992 3250 1285 3331 φεύγοντές
1331 3273 1391 3307 τε
1447 3251 1537 3307 καὶ
1596 3249 1961 3326 διωθούμενοι

308 3343 465 3400 284
515 3340 706 3403 πάντες
753 3318 805 3395 οἱ
854 3345 952 3396 τοῦ
997 3318 1155 3417 ἐιέρος
1204 3338 1468 3417 ἄρχοντες
1516 3341 1606 3396 καὶ
1658 3318 2035 3417 κοσποκρά-σ·

304 3451 463 3508 τορες
491 3435 587 3485 τοῦ
622 3429 849 3494 σκότους
878 3432 1011 3505 (47),
1064 3428 1191 3505 πρὶν
1248 3428 1283 3500 ἤ
1327 3428 1552 3492 τελείως
1602 3431 1732 3485 αὑτὸ
1774 3452 1962 3486 τυπω-

306 3522 464 3591 θῆναι
498 3522 630 3593 (48).
666 3521 821 3576 ’Ὅθεν
853 3520 944 3575 καὶ
1001 3524 1083 3594 τῷ
1138 3517 1405 3593 νεανίσκῳ
1447 3518 1625 3594 τούτῳ
1674 3520 1960 3575 ἐπιπεσόν-

307 3632 395 3673 τες
453 3609 644 3673 δεινῶς
702 3608 1106 3687 ἐταρᾶξαμεν·ὁ
1147 3608 1226 3684 δὲ,
1284 3612 1375 3665 τὸν
1426 3611 1655 3687 Χριστὸν
1702 3609 1962 3667 ἐπικαλε-

310 3702 539 3774 σάμενος
573 3700 648 3764 είς
683 3701 1008 3777 συμμαχίαν
1064 3700 1153 3756 καὶ
1194 3705 1275 3773 τῷ
1318 3700 1533 3774 σημείῳ
1580 3704 1676 3755 τοῦ
1725 3705 1959 3777 σταυροῦ

302 3790 637 3853 καθοπλίσας
673 3791 887 3860 ἑαυτὸν,
918 3794 1066 3865 ἡμᾶς
1097 3812 1156 3846 τε
1204 3788 1440 3845 διώσατο
1493 3790 1608 3862 μετ’
1653 3790 1821 3867 ὀργῆς
1868 3790 1960 3845 καὶ

304 3882 603 3961 ἀσφάλειαν
633 3881 809 3953 ἑαυτῴ
861 3878 1029 3938 ἔθετο.
1086 3881 1173 3950 Νὴ
1236 3879 1611 3953 μελλήσαντες
1672 3883 1787 3955 (49)
1842 3878 1959 3953 οῦν,

304 3968 539 4046 εὕρομεν
573 3971 829 4048 ὃργανον,
865 3967 937 4025 δι’
985 3971 1045 4024 οὗ
1097 3968 1187 4024 καὶ
1233 3974 1312 4042 τῷ
1367 3966 1786 4045 πρωτοπλάστῳ
1832 3972 1963 4043 ὁμι-

307 4060 485 4132 λήσας
514 4062 646 4118 ποτὶ
678 4062 707 4116 6
738 4057 928 4139 ἅρχων
970 4062 1155 4134 ἡμῶν,
1201 4064 1394 4116 τοῦτον
1438 4063 1551 4133 (50)
1600 4059 1959 4137 ἐχειρώσατο.

307 4151 407 4206 Καὶ
441 4148 509 4220 δὴ
541 4152 671 4229 παρ’
703 4148 857 4207 οὐδὲν
891 4150 1118 4225 ἐθέμεθα
1148 4148 1207 4205 ἄν
1262 4149 1351 4205 καὶ
1400 4151 1565 4223 ἡμεῖς
1613 4149 1803 4219 καινὴν
1849 4152 1961 4224 (51)

304 4241 408 4310 τὴν
443 4237 644 4298 ἐλπίδα
669 4244 768 4298 τοῦ
799 4238 944 4296 νέου.
975 4237 1102 4296 ἀλλ’
1130 4236 1451 4310 ἐπικληθεὶς
1483 4236 1634 4300 αὖθις
1667 4239 1695 4292 6
1726 4240 1959 4312 Χριστὸς

309 4328 389 4391 εἷς
423 4329 765 4406 συμμαχίαν,
797 4329 928 4406 πυρὶ
976 4335 1078 4400 τῆς
1126 4326 1329 4393 ἄνωθεν
1380 4328 1549 4405 ὀργῆς
1595 4329 1746 4401 ἡμᾶς
1793 4350 1962 4385 κατα-

313 4416 536 4495 φλέξας,
596 4418 837 4497 φυγάδας
896 4418 1208 4497 εἰργάσατο.
1268 4416 1375 4475 Καὶ
1460 4411 1700 4494 ἔγνωμεν
1764 4418 1959 4493 μηκέτι

309 4506 618 4578 πλησιάσαι
657 4510 825 4584 αὐτῷ.
888 4508 1049 4567 Οὕτω
1111 4508 1205 4583 μὶν
1262 4505 1354 4562 οῦν
1408 4509 1476 4561 τὰ
1528 4509 1749 4584 πονηρὰ
1798 4508 1961 4564 πνεύ-

2063 2001 2224 2056 stitia
2240 2000 2453 2055 invasit
2469 2015 2725 2065 ;rursum
2749 2014 2986 2053 omnem
3005 1997 3134 2052 vita:
3150 2014 3269 2053 suae
3283 2015 3449 2069 spem
3464 1997 3714 2070 despon-

2064 2088 2204 2143 dere
2228 2088 2407 2160 caapit
2430 2105 2443 2154 ;
2469 2093 2647 2158 atque
2679 2086 2894 2141 acerba
2916 2103 3117 2141 secum
3144 2086 3344 2141 animo
3369 2087 3621 2160 agitans,
3649 2088 3716 2144 in

2064 2177 2353 2249 palatium
2388 2193 2561 2231 suum
2584 2176 2748 2231 abiit.
2784 2178 2857 2229 At
2887 2192 3022 2231 vero
3056 2175 3316 2246 improbi
3338 2175 3423 2230 illi
3449 2176 3718 2248 spiritus,

2066 2267 2167 2338 qui
2192 2266 2475 2321 adversus
2498 2264 2762 2319 divinum
2777 2266 3061 2337 juvenem
3084 2264 3373 2319 aTheuda
3398 2265 3564 2320 missi
3582 2265 3721 2320 fue-

2066 2355 2313 2424 rant,ad
2335 2372 2468 2410 eum
2493 2354 2716 2427 pudore
2741 2353 2949 2408 suffusi
2972 2352 3245 2421 redeunt,
3261 2357 3439 2423 atque
3452 2354 3721 2424 quamvis

2066 2445 2292 2516 alloqui
2306 2445 2616 2499 mendacio
2628 2442 2897 2516 gaudean
2907 2446 3257 2514 t,acceptam
3273 2446 3470 2497 tamen
3490 2442 3722 2499 cladem

2068 2535 2449 2590 conﬁtentur.
2466 2534 2692 2604 Quippe
2710 2532 3027 2603 perspicua
3048 2530 3235 2586 cladis
3260 2532 3427 2604 signa
3443 2531 3506 2586 in
3530 2531 3722 2588 scele-

2067 2629 2195 2680 rato
2221 2640 2326 2678 suo
2344 2621 2512 2677 vultu
2537 2621 2840 2694 gerebant.
2865 2621 2971 2676 Ille
2993 2625 3222 2676 autem:
3251 2621 3447 2691 Usque
3468 2621 3719 2691 adeone,

2067 2713 2284 2783 inquit,
2309 2710 2640 2766 imbecilles
2673 2727 2739 2765 ac
2770 2709 2974 2764 miseri
2999 2710 3161 2775 estis,
3196 2709 3721 2766 utadolescentem

2067 2818 2255 2856 unum
2276 2801 2515 2855 vincere
2534 2799 2779 2854 minime
2798 2816 2869 2870 po
2880 2798 3320 2853 tueritis?Tunc
3336 2798 3591 2871 improbi
3606 2801 3724 2871 spi-

2068 2892 2218 2946 ritus
2244 2890 2459 2944 virtute
2488 2888 2687 2944 divina
2717 2888 3056 2954 excruciati,
3100 2888 3406 2943 veritatem
3456 2889 3621 2943 inviti
3655 2889 3719 2945 in

2068 2982 2263 3037 lucem
2286 2996 2391 3051 pro
2401 2978 2786 3044 tulerunt,his
2798 2977 2992 3031 verbis
3004 2977 3486 3033 utentes:Christi
3503 2984 3715 3051 poten-

2071 3072 2163 3127 tiae
2178 3088 2245 3126 ac
2259 3069 2553 3143 passionis
2566 3068 2753 3141 ipsius
2769 3066 3374 3139 signo,quodCrucem
3386 3068 3713 3142 appellant,

2071 3178 2147 3216 ne
2167 3159 2469 3216 tantillum
2484 3157 2727 3229 quidem
2749 3155 3041 3211 obluctari
3065 3172 3407 3227 possumus.
3426 3159 3572 3213 Nam
3591 3175 3728 3216 cum

2073 3266 2143 3305 ea
2173 3247 2497 3320 efﬁngitur,
2531 3245 2733 3300 statim
2778 3248 3074 3315 quotquot
3112 3244 3267 3299 aeris
3306 3244 3609 3317 principes
3662 3264 3731 3304 ac

2072 3337 2281 3396 mundi
2303 3342 2564 3393 rectores
2581 3334 2966 3390 tenebrarum
2989 3350 3196 3389 sumus
3216 3334 3731 3407 (Ephes.vi),quam

2072 3429 2386 3486 celerrime
2407 3426 2688 3499 fugimus,
2710 3441 2776 3480 ac
2801 3425 2967 3496 prius
2992 3424 3173 3479 etiam
3187 3440 3365 3495 quam
3385 3441 3453 3479 ea
3469 3425 3646 3497 plane
3661 3444 3730 3483 ac

2071 3519 2331 3592 perfecte
2346 3532 2625 3589 expressa
2642 3514 2738 3577 sit,
2755 3513 3599 3585 propulsamur.Quamobrem
3617 3532 3727 3572 nos

2073 3609 2315 3681 quidem
2334 3608 2395 3661 in
2418 3605 2869 3676 huucjuvenem
2885 3604 3110 3673 impetu
3124 3601 3299 3670 facto,
3314 3603 3567 3675 graviter
3587 3620 3725 3661 eum

2070 3697 2578 3772 perturbavimus;
2602 3710 2807 3750 verum
2829 3693 2930 3748 ille
2953 3709 3088 3749 cum
3101 3693 3730 3766 Christiopemimplo-

2071 3793 2358 3856 rasset,ac
2380 3785 2574 3842 crucis
2597 3784 2767 3857 signo
2792 3783 3056 3855 seipsum
3068 3783 3557 3851 munivisset,nos
3574 3784 3724 3839 irato

2071 3878 2272 3935 animo
2294 3874 2579 3947 prOpulit,
2603 3877 2777 3944 atque
2807 3872 3216 3927 ﬁrmissimum
3242 3872 3351 3927 sibi
3380 3873 3727 3944 praesidium

2072 3965 2456 4038 comparavit.
2480 3966 2563 4019 Ac
2582 3961 2832 4035 proinde
2856 3961 3023 4017 nulla
3052 3962 3406 4034 interposita
3434 3979 3603 4019 mora
3622 3963 3723 4019 in-

2072 4059 2471 4113 strumentum
2503 4052 2653 4107 illud
2685 4052 3071 4123 arripuimus,
3114 4051 3285 4124 cujus
3317 4068 3499 4123 opera
3544 4051 3725 4108 etiam

2070 4148 2348 4221 princeps
2380 4148 2585 4199 noster
2636 4141 2897 4214 primum
2929 4141 3236 4196 hominem
3268 4158 3579 4214 aggressus
3610 4148 3721 4211 est,

2073 4251 2329 4309 eumque
2359 4230 2640 4307 potestati
2661 4247 2780 4285 sua;
2805 4230 3078 4301 subjecit.
3104 4233 3173 4285 Et
3193 4230 3435 4301 quidem
3459 4231 3724 4303 profecto

2072 4345 2182 4383 nos
2203 4340 2441 4397 quoque
2460 4337 2669 4376 vanam
2689 4319 3087 4375 adolescentis
3109 4336 3275 4391 spem
3292 4337 3398 4392 pro
3420 4320 3609 4376 nihilo
3623 4321 3728 4377 du-

2073 4416 2587 4483 cebamus;verum
2602 4410 2677 4465 ad
2689 4410 2980 4465 auxilium
2996 4425 3203 4465 rursus
3217 4410 3441 4464 accitus
3455 4410 3725 4468 Christus

2074 4505 2332 4566 cmlestis
2348 4504 2452 4558 irae
2475 4500 2596 4573 igni
2619 4515 2730 4554 nos
2752 4502 2993 4553 exustos
3011 4497 3074 4552 in
3098 4496 3299 4571 fugam
3320 4497 3515 4553 vertit.
3534 4498 3726 4564 Quare

376 4669 499 4741 (44)
517 4668 815 4741 Philostr.
834 4668 981 4741 Her.
1001 4685 1060 4741 p.
1094 4669 1163 4722 54
1188 4684 1201 4723 :
1234 4662 1572 4741 ἀθυμία-μὶνΔ
1597 4663 1690 4741 οῦν
1716 4664 1905 4741 αύτίκα
1934 4688 1955 4722 τ

2067 4661 2303 4741 Ξθλητὴν
2339 4654 2705 4741 ,ἔσχενλξθά
2747 4655 2947 4726 potius
2996 4653 3355 4710 meminerat
3395 4656 3727 4712 monachus

301 4728 540 4797 Davidis
572 4740 686 4813 sui,
720 4740 823 4812 qui
853 4728 1021 4813 Psal.‘
1044 4755 1238 4813 cxvm,
1272 4728 1363 4808 53,
1398 4728 1483 4793 ait
1493 4758 1523 4813 _;
1558 4736 1801 4813 Ἀθυμία
1828 4742 1955 4796 κατὲ

2096 4756 2163 4813 με
2187 4728 2297 4813 ἆπδ
2328 4728 2696 4813 ᾁμαρτωλῶν.
2760 4799 2791 4813 ﬁ
2955 4798 2967 4808 ⁹

378 4814 485 4884 (45.
522 4813 583 4881 C,
618 4799 1035 4888 ἀνωμολόγουν.
1071 4812 1165 4867 Sic
1195 4799 1360 4878 mox,
1387 4812 1456 4877 A,
1487 4799 1644 4938 ἧξεν,
1678 4799 1740 4879 C,
1769 4811 1925 4886 ἦγον.

378 4884 483 4938 κῦτά
513 4902 598 4937 σοι
628 4883 718 4938 καὶ
752 4884 880 4938 παρ’
909 4885 1071 4938 ἡμῶν
1101 4878 1337 4938 ἅπαντος
1365 4879 1424 4936 ἄν
1458 4884 1532 4938 μᾶ
1577 4888 1672 4936 λον
1703 4881 1888 4938 ἀληθῆ
1922 4888 1954 4938 λ

2067 4799 2182 4864 ctio
2216 4810 2305 4861 est
2324 4799 2454 4859 fere
2474 4817 2713 4927 anceps.
2759 4799 3045 4871 Synesius
3091 4800 3169 4853 De
3212 4815 3403 4869 regno,
3449 4817 3507 4870 p.
3558 4799 3610 4865 4,
3653 4802 3723 4854 2:

2067 4901 2186 4936 .wo.
2237 4876 2490 4934 Omnino
2536 4889 2630 4928 me
2659 4872 2751 4925 ius
2796 4876 2887 4926 est
2928 4867 3167 4938 λέγοιτο,
3201 4870 3359 4938 quod
3403 4872 3465 4926 in
3495 4870 3723 4926 duobus

302 4878 598 4958 Ταῦτα-σοι
628 4878 880 4958 καὶ-’παρ’
898 4878 945 4954 ’ἡ
957 4886 1071 4958 μῶν
1101 4878 1337 4944 ἅπαντος
1365 4879 1424 4936 ἄν
1457 4884 1532 4954 μᾶ

304 4956 615 5013 codicibus
644 4955 783 5012 vidi.

375 5028 491 5104 (46)
520 5029 583 5104 (ἓν
615 5025 904 5104 φεύγομενε

379 5100 489 5171 (47)
520 5099 688 5157 Conf.
719 5099 936 5172 p.218,
967 5116 1029 5155 n.
1060 5103 1149 5172 72.

1577 4867 1672 4936 λον
1703 4867 1889 4952 aliis
1922 4888 1954 4939 λ

2067 4901 2186 4936 .ντο.
2237 4876 2490 4934 Omnino
2536 4867 2751 4928 melius
2796 4867 2887 4926 est
2928 4867 3167 4944 λέγοιτο,
3201 4867 3359 4940 quod
3403 4867 3469 4926 in
3495 4870 3726 4926 duobus

378 5153 492 5240 (48)
515 5153 1236 5245 Sig’ihixﬁ'gﬁiéié'cyﬁil_o
1266 5169 1488 5245 dictum
1523 5174 1635 5245 est,
1669 5172 1906 5245 Catech.
1929 5188 1955 5245 ⁸ι

2092 5184 2225 5245 pag.
2260 5164 2386 5234 138,
2426 5153 2597 5245 φόξος
2641 5153 2944 5245 διαμόῼνιυν.
2993 5158 3170 5245 Et‘p.
3211 5159 3345 5245 μθ,
3390 5157 3575 5245 τοῦτο,
3618 5155 3725 5224 ait,

313 5239 482 5316 μέχρι
513 5239 756 5315 σήμερον
791 5239 1399 5316 δαίμοηξόιπελαύνει.
1426 5242 1788 5316 Prudentius
1821 5243 1955 5316 Cath

2077 5239 2226 5295 Ῐ134
2260 5251 2394 5316 sq._:

2441 5228 2470 5283 ἱ‹
2504 5228 2753 5287 Crucem
2795 5231 3029 5304 fugiunt
3073 5228 3354 5304 tenebras.
3389 5231 3432 5304 Q
3463 5234 3726 5304 tortuose

307 5300 859 5388 serpensxDiscede
938 5300 1215 5388 Christus,
1238 5315 1333 5369 hic
1365 5319 1474 5372 est.
1501 5314 1770 5387 Signum,
1805 5315 1965 5388 quod
1994 5316 2122 5386 ipse
2152 5300 2331 5376 nosti,
2366 5308 2623 5361 Damnat
2650 5309 2813 5359 tuam
2846 5300 3161 5360 catervam.
3200 5324 3229 5354 »
3262 5302 3387 5358 Alia
3414 5302 3546 5358 loca
3570 5300 3729 5357 indi-

307 5386 467 5442 cabit
498 5387 858 5460 Billyus._Cf.
895 5405 1075 5460 supra
1103 5406 1162 5459 p.
1195 5386 1321 5443 467.

381 5460 495 5529 (49)
528 5457 637 5526 AC,
674 5457 1027 5531 μελήσαντὲς.
1060 5457 1568 5531 Permutationem
1601 5458 1862 5531 similem
1890 5458 2021 5531 vide
2055 5457 2173 5531 t._I,_

2206 5472 2265 5526 p.
2299 5454 2423 5526 337i,
2457 5467 2516 5526 n.
2551 5453 2603 5505 2.
2637 5450 2781 5526 Bern
2812 5447 2977 5526 attigi
3008 5447 3088 5526 ad
3104 5447 3287 5526 Nice_t.
3317 5464 3376 5519 p.
3397 5447 3524 5500 284.
3545 5446 3728 5526 Theo-

305 5517 489 5604 dorus
517 5517 1036 5604 Pro'rdr._'l:‘etrast.
1070 5548 1200 5604 pag.
1233 5533 1301 5585 76
1330 5546 1344 5585 :
1375 5530 1482 5604 ’ζῆν
1515 5528 1776 5604 παρθένον
1812 5527 1955 5604 Μηδῑ

2067 5517 2277 5604 ιελήσας
2304 5525 2386 5593 τῷ
2418 5524 2543 5604 θεῷ·
2568 5518 2786 5604 σφάιζων
2834 5517 3000 5581 θύεις.
3051 5517 3381 5604 Rescripto,
3432 5517 3591 5600 quod
3615 5523 3727 5604 ,εει

301 5602 662 5676 legitimum,
700 5600 1004 5674 μελλήσας,
1035 5588 1252 5676 versus
1268 5588 1451 5676 paulo
1480 5588 1651 5676 pejer
1680 5603 1803 5661 ﬁet.
1840 5588 1952 5676 Sed
1983 5588 2379 5676 quantitatem
2403 5588 2874 5676 arithmeticam,
2904 5588 3413 5676 nominetricam,
3449 5588 3511 5647 in
3543 5588 3725 5663 sylla-

302 5661 676 5758 bi‘sjnqurlaba't
700 5661 1068 5758 Theodorus.
1091 5661 1367 5758 "Parilém‘
1390 5661 1522 5758 eju‘s
1549 5661 1713 5733 circa
1742 5676 1803 5733 id
1834 5661 2086 5733 verbum
2116 5666 2542 5744 negligentiam
2572 5663 2769 5721 notavi
2799 5662 2874 5719 ad
2903 5662 3087 5719 Nicet.
3115 5661 3158 5719 l.
3189 5664 3234 5721 Ι.

403 5746 494 5817 50)
524 5746 588 5819 C,
621 5744 879 5819 ὡμίλησε
906 5768 968 5805 π.
1001 5747 1051 5801 6.
1084 5747 1139 5817 ἃ,
1168 5747 1252 5816 ὴ.,
1280 5744 1371 5799 καὶ
1399 5744 1616 5808 τοῦτον.

378 5818 494 5892 (51)
524 5818 587 5891 C,
619 5818 807 5896 κενήν.
831 5821 916 5880 cr.
946 5838 1006 5895 p.
1043 5822 1128 5895 ιι,
1160 5836 1220 5878 n.
1253 5819 1342 5876 34.
