4112 6368
420 371 565 456 uss
597 424 602 434 .

1947 361 2315 419 ADDBNDA.

3702 370 3855 444 £1.56

414 505 532 556 stat
562 501 860 557 sententia
912 516 1034 558 non
1089 498 1249 556 ultra
1298 496 1373 552 ad
1434 511 1571 552 eum
1621 491 1926 549 accedere.
1977 489 2061 545 Ad

2184 508 2328 561 ματα
2385 492 2568 567 σαφῶς
2627 488 2890 567 ἐγνώρισε
2938 495 3020 565 τῷ
3076 489 3251 565 Θευδᾷ
3332 489 3400 550 τὰ
3483 496 3850 574 γεγενημένα.

411 591 572 646 hunc
605 591 835 646 scilicet
865 590 1104 645 modum
1139 586 1394 658 improbi
1426 585 1673 658 spiritus
1712 580 1968 637 Theudae
2002 596 2072 636 ea

414 697 546 752 qua)
578 681 952 751 contigerant
980 679 1294 750 perspicue
1329 675 1736 731 declararunt.

488 772 609 826 Rex
622 774 821 825 autem
837 768 996 824 omni
1014 784 1082 823 ex
1096 771 1261 839 parte
1285 765 1486 820 animo
1513 764 1768 831 haarens,
1789 760 2070 816 consilio-

417 877 532 932 que
556 856 1201 928 destitutus,Theudam
1217 873 1423 912 rursus
1445 851 1799 919 accersit,ad
1816 866 2071 921 eumque

415 952 535 1006 ait:
584 949 869 1006 Omnibus
914 949 986 1004 iis
1018 965 1149 1020 qum
1181 947 1456 1014 docuisti,
1488 947 1575 1000 vir
1605 942 2066 1016 sapientissime,

411 1039 690 1112 perfectis
706 1037 1246 1102 etabsolutis,nthil
1265 1042 1465 1092 tamen
1478 1034 1753 1090 utilitatis
1767 1031 2069 1088 consecuti

410 1145 635 1184 sumus.
663 1130 828 1184 Nunc
858 1127 1057 1200 igitur,
1092 1127 1139 1182 si
1177 1126 1335 1198 quod
1387 1126 1492 1180 tibi
1541 1123 1704 1180 aliud
1749 1121 2068 1178 consilium

406 1223 699 1290 superest,
733 1217 884 1272 illud
907 1217 1300 1288 experiamur.
1323 1217 1594 1271 Fortasse
1624 1213 1784 1270 enim
1804 1211 2068 1283 aliquam

409 1307 750 1381 depellendi
779 1307 923 1364 mali
951 1307 1244 1363 rationem
1267 1307 1705 1362 nanciscemur.

481 1399 627 1453 Cum
651 1401 850 1453 autem
878 1397 1168 1452 Theudas.
1191 1402 1257 1452 ut
1277 1413 1413 1451 cum
1436 1395 1623 1466 ipsius
1651 1393 1773 1448 {ilio
1796 1391 1858 1446 in
1882 1390 2068 1446 collo-

411 1489 620 1560 quium
643 1488 871 1543 veniret
891 1488 1158 1559 petisset,
1174 1503 1348 1541 mane
1368 1503 1490 1550 rex,
1521 1501 1587 1539 eo
1612 1499 1814 1538 secum
1833 1496 2062 1536 assum—

407 1577 613 1649 pto,ad
631 1577 941 1632 visendum
966 1576 1155 1632 ﬁlium
1179 1574 1869 1646 proﬁciscitur.Cumque
1883 1585 2065 1641 prope

405 1682 544 1722 eum
569 1665 960 1733 consedisset,
987 1682 1123 1721 eum
1148 1665 1478 1735 alloqui,ac
1500 1661 1735 1734 probris
1761 1659 2064 1726 insectari,

404 1760 584 1826 atque
600 1755 788 1826 ipsius
807 1753 1246 1809 contumaciam
1269 1752 1575 1822 animique
1589 1749 1951 1823 rigiditatem
1968 1763 2064 1803 ac-

397 1859 608 1900 cusare
625 1843 937 1915 ccepitJllo
955 1859 1088 1899 vero
1117 1847 1280 1898 recta
1293 1841 1569 1914 dogmata
1581 1855 1819 1894 rursum
1842 1837 2061 1893 conﬁr-
2095 1865 2143 1932 Β

403 1932 977 2004 mante,Christique
996 1947 1199 1987 amore
1221 1931 1370 1987 nihil
1395 1930 1698 2002 antiquius
1720 1927 2066 1984 habendum

403 2039 535 2078 esse
567 2022 892 2089 clamante,
931 2021 1206 2078 Theudas
1236 2022 1296 2076 in
1327 2020 1596 2076 medium
1637 2018 1940 2091 prodiens,
1974 2017 2067 2073 his

400 2111 596 2167 verbis
619 2128 764 2167 usus
795 2116 924 2167 est:
957 2111 1276 2180 Quidnam,
1309 2127 1341 2166 ο
1373 2110 1674 2181 Josaphat,
1701 2107 1858 2180 quod
1883 2107 1944 2162 in
1963 2107 2069 2162 im-

403 2201 758 2258 mortalibus
772 2200 886 2256 diis
898 2201 1119 2256 nostris
1133 2199 1688 2272 reprehendendum
1700 2199 1777 2254 sit
1791 2198 2068 2253 invenisti

399 2296 467 2346 ut
503 2295 567 2346 tu
589 2291 661 2346 ab
685 2307 893 2346 eorum
917 2290 1078 2346 cultu
1103 2290 1467 2360 discederes,
1497 2306 1565 2346 ac
1587 2291 1742 2362 regis
1763 2289 1947 2361 patris
1982 2289 2065 2343 tui

393 2381 668 2436 animum
695 2381 780 2436 ita
810 2379 1172 2435 offendendo
1234 2379 1414 2434 totius
1459 2379 1664 2452 populi
1708 2378 1910 2434 odium
1957 2376 2064 2432 tibi

393 2486 804 2526 commoveres
826 2470 854 2524 ?
871 2471 961 2524 An
981 2486 1102 2524 non
1118 2469 1188 2524 ab
1214 2469 1288 2524 iis
1302 2469 1480 2524 vitam
1501 2467 1824 2540 accepisti?
1839 2470 1928 2522 An
1942 2482 2064 2522 non

394 2561 512 2634 ipsi
532 2562 686 2634 patri
715 2566 769 2616 te
787 2561 943 2616 dono
965 2561 1279 2630 dederunt,
1313 2560 1534 2616 auditis
1569 2559 1848 2616 videlicet
1875 2559 2063 2631 ipsius

397 2650 897 2723 precibus,eoque
921 2650 1256 2706 sterilitatis
1277 2649 1532 2706 vinculis
1556 2649 1939 2704 soluto?Cum
1955 2665 2062 2704 au-

397 2745 515 2796 tem
531 2740 751 2796 multos
769 2741 979 2795 inanes
1002 2756 1404 2802 sermones.ac
1416 2739 1636 2795 multas
1651 2738 1893 2794 inutiles
1906 2755 2062 2810 quae-

391 2830 618 2886 stiones
631 2830 733 2885 ille
747 2822 1085 2885 inveteratae
1098 2829 1498 2901 improbitatis
1513 2829 1688 2884 homo
1703 2833 2064 2900 proponeret

392 2924 572 2991 atque
595 2920 667 2975 de
685 2919 982 2992 Evangelii
1016 2919 1440 2992 praedicatione
1458 2919 1825 2990 argumentis
1857 2923 2057 2973 necte-

393 3011 625 3078 ret,hoc
642 3009 919 3064 videlicet
939 3009 1379 3077 animo,uteam
1397 3009 1922 3082 suggilaret,atque
1937 3008 2060 3062 ido-

393 3099 591 3156 lorum
611 3100 837 3155 cultum
863 3101 1266 3166 confirmaret,
1283 3100 1386 3156 ille
1409 3100 1651 3172 superni
1676 3100 1849 3170 Regis
1874 3099 2056 3166 ﬁlius,

396 3194 576 3261 atque
597 3188 760 3244 illius
792 3188 976 3257 urbis,
1002 3205 1181 3260 quam
1204 3206 1325 3244 non
1357 3189 1557 3257 homo,
1592 3189 1695 3244 sed
1726 3189 1881 3243 Deus
1912 3205 2052 3243 con-

397 3279 816 3348 struxit(Hebr.
844 3279 984 3349 vm),
1010 3279 1172 3347 civis,
1197 3283 1587 3350 posteaquam
1601 3295 1730 3334 sese
1751 3277 2057 3350 paulisper

399 3369 818 3437 continuisset,
853 3373 976 3424 tum
1009 3369 1249 3424 demum
1281 3369 1354 3424 ad
1386 3370 1688 3426 Theudam
1717 3370 1837 3425 ait:

463 3457 638 3526 Audi,
670 3475 703 3513 o
727 3459 1077 3530 impostura)
1099 3475 1333 3531 vorago,
1361 3475 1428 3514 ac
1463 3459 1864 3531 palpabilibus
1887 3464 2054 3515 tene-

393 3545 518 3601 bris
552 3547 955 3620 caliginosior,
972 3564 1177 3604 semen
1200 3547 1624 3620 Babylonicum
1647 3554 1824 3620 atque
1846 3549 2052 3605 Chala-

399 3635 552 3691 nica)
583 3636 758 3691 torris
792 3641 1251 3702 exstructorum,
1286 3654 1541 3709 quorum
1574 3655 1753 3694 causa
1793 3639 2054 3694 mundus

396 3725 682 3781 confusus
704 3731 815 3793 est,
838 3743 1025 3798 nepos
1057 3727 1212 3798 (Gen.
1246 3728 1328 3800 χι)
1352 3745 1365 3795 ;
1395 3743 1560 3787 vane.
1585 3728 1851 3800 inquam,
1876 3734 2054 3801 atque

388 3814 606 3870 infelix
628 3817 936 3888 senex,qui
960 3816 1328 3890 gravioribus
1347 3834 1527 3888 quam
1551 3818 1816 3890 quinque
1839 3820 1957 3875 illm
1973 3819 2057 3874 di-

393 3905 536 3961 vino
562 3905 694 3978 igne
716 3911 1111 3961 concrematas
1134 3905 1314 3962 urbes
1334 3907 1659 3963 sceleribus
1683 3913 1737 3964 te
1760 3909 2056 3964 constrin-

398 3994 561 4050 xisti.
586 3995 810 4066 Ecquid
843 3995 1055 4050 salutis
1085 3995 1604 4069 'praadicationem,
1641 4015 1746 4069 per
1778 4015 1955 4070 quam
1988 4015 2059 4054 ea

401 4101 534 4156 quas
558 4083 820 4140 tenebris
853 4085 1214 4142 circumfusa
1234 4092 1423 4152 erant,
1447 4087 1643 4143 lucem
1673 4094 2054 4160 acceperunt,

397 4190 506 4246 per
529 4190 708 4245 quam
733 4179 1002 4230 errantes
1023 4175 1176 4230 viam
1196 4175 1572 4246 invenerunt,
1588 4193 1694 4248 per
1707 4194 1884 4249 quam
1901 4178 2054 4249 iiqui

401 4267 803 4340 perierant,ac
826 4267 1048 4322 misera
1070 4268 1352 4323 servitute
1372 4268 1818 4340 premebantur,
1844 4269 1904 4323 in
1929 4269 2053 4341 pri-

398 4359 624 4414 stinum
640 4363 860 4413 statum
874 4357 1133 4412 restituti
1153 4363 1311 4426 sunt,
1336 4358 1563 4413 cavillis
1577 4357 1854 4414 insectari
1873 4375 2053 4414 cona-

395 4447 522 4502 ris?
541 4446 694 4504 Cedo
717 4452 915 4502 utrum
940 4447 1180 4503 tandem
1206 4465 1276 4502 ex
1298 4449 1392 4502 his
1413 4447 1648 4504 duobus
1670 4451 2054 4520 prmstantius

399 4540 732 4608 est,nempe
751 4537 1222 4608 omnipotentem
1239 4539 1422 4592 Deum
1435 4555 1570 4592 cum
1584 4539 1888 4610 unigenito
1907 4539 2052 4594 Filio

2251 849 2312 907 Ὀ
2345 847 2402 905 δὲ
2437 847 2711 924 βασιλεὺς,
2775 851 3037 917 πάντοθεν
3097 853 3502 930 ἀπορούμενος,
3557 858 3654 914 τὸν
3717 865 3859 914 Θευ-

2180 937 2274 994 δᾶν
2308 938 2462 1005 αὖθις
2493 939 2907 1017 προσκαλεῖται,
2939 941 3028 997 καὶ
3059 962 3214 1021 φησι·
3259 945 3339 1003 Tu
3391 947 3485 1020 μὶν
3538 945 3850 1024 δεδογμένα

2179 1051 2286 1099 σοι,
2349 1031 2650 1107 σοφώτατε,
2711 1030 2886 1085 πάντα
2940 1029 3354 1107 πληρώσαντες,
3417 1034 3679 1110 οὐδεμίαν
3745 1040 3846 1108 τήν

2178 1117 2446 1196 ὠφέλειαν
2475 1123 2725 1192 εὕρομεν·
2761 1119 2877 1174 νυνί
2911 1117 2989 1190 δέ,
3050 1119 3106 1186 εἴ,
3155 1123 3242 1187 τίς
3291 1145 3376 1178 σοι
3426 1123 3580 1200 ἐτέρα
3632 1127 3847 1184 ὑπολέ-

2177 1204 2396 1263 λειπται
2449 1205 2662 1263 ἐπίνοια
2719 1209 2972 1280 κάκείνης
3029 1212 3178 1270 285
3243 1217 3434 1289 πεῖραν
3518 1211 3845 1290 ληψόμεθα,

2177 1295 2308 1360 ἴσως
2339 1294 2480 1374 εὕρω
2505 1299 2628 1354 τινὰ
2655 1301 2752 1354 τοῦ
2783 1303 2954 1354 κακοῦ
2985 1303 3092 1374 (52)
3123 1299 3299 1359 λύσιν.

2248 1476 2628 1551 Αἴτησαμένου
2659 1474 2717 1533 δέ
2745 1481 2842 1534 τοῦ
2873 1476 3045 1534 Θευδᾶ
3103 1479 3178 1544 εἷς
3230 1481 3458 1556 ὁμιλίαν
3511 1482 3694 1540 ἐλθεῖν
3739 1490 3836 1541 τοῦ

2177 1567 2320 1638 υἱοῦ,
2378 1564 2543 1623 ἕωθεν
2597 1564 3046 1645 συμπαραλαϐὼν
3110 1570 3295 1643 αὐτὸν,
3354 1573 3382 1629 6
3445 1574 3709 1649 βασιλεὺς
3761 1575 3835 1638 εἷς

2177 1654 2455 1732 ἐπίσκεψιν
2487 1657 2786 1732 ἀπέρχεται
2836 1662 2933 1713 τοῦ
2990 1659 3133 1717 υἱοῦ.
3195 1661 3295 1715 Καὶ
3348 1662 3568 1725 καθίσας
3629 1662 3838 1739 λόγους

2177 1745 2422 1817 ἐκίνησεν
2455 1747 2484 1801 6
2529 1745 2803 1821 βασιλεὺς,
2856 1744 3136 1818 ὀνειδίζων
3188 1748 3349 1805 αὐτὸι
3395 1751 3485 1806 καὶ
3540 1753 3835 1828 μεμφόμε-

2175 1857 2268 1900 νος
2298 1835 2386 1892 ἐπὶ
2416 1839 2486 1910 τῇ
2517 1835 2745 1909 ἀνηκοΐᾳ
2777 1837 2941 1892 αὐτοῦ
2973 1838 3061 1892 καὶ
3091 1837 3364 1914 ἀνενδότῳ
3395 1841 3618 1918 γνώμῃ.
3660 1843 3835 1900 Ἐκεί-

2173 1948 2269 1982 νου
2300 1924 2358 1982 δὲ
2387 1927 2454 1982 τὰ
2485 1925 2619 1982 αὐτά
2657 1926 2809 1992 αὖθις
2862 1923 3212 2003 βεϐαιοῦντος
3257 1931 3347 1985 καὶ
3406 1929 3576 2006 μηδὲν
3633 1953 3832 2008 προτι-

2177 2021 2279 2090 μᾷν
2335 2019 2434 2088 τῆς
2491 2018 2726 2088 Χριστοῦ
2784 2015 3000 2090 ἀγάπης
3065 2019 3329 2095 βοῶντος,
3412 2021 3709 2098 παρελθὼν
3761 2024 3834 2087 εἷς

2177 2107 2364 2181 μέσον,
2400 2105 2426 2161 ὁ
2460 2104 2659 2168 Θευδᾶς
2691 2103 2816 2185 ἔφη.
2849 2106 2916 2164 Τί
2968 2107 3264 2187 κατέγνως,
3317 2108 3361 2164 ὦ
3409 2112 3677 2185 Ἰωάσαφ,
3723 2118 3826 2169 τῶν

2174 2197 2450 2252 ἀθανάτων
2483 2198 2643 2270 ἡμῶν
2698 2197 2859 2267 θεῶν,
2920 2196 3006 2252 ἆτι
3056 2204 3158 2268 τῆς
3214 2199 3391 2254 αὐτῶν
3442 2199 3684 2272 ἆπέστης
3734 2201 3829 2259 λα-

2170 2287 2374 2363 τρείας,
2406 2286 2521 2357 xui,
2551 2287 2646 2341 τὸν
2676 2286 2766 2341 σὸν
2822 2287 3030 2363 πατέρα
3069 2286 3162 2342 καὶ
3213 2287 3442 2364 βασιλέα
3490 2289 3671 2356 οὕτως
3718 2295 3824 2366 (53)

2171 2376 2547 2452 παροργίζων,
2582 2376 2834 2449 μισητὸς,
2866 2376 3026 2431 παντὶ
3065 2372 3288 2453 γέγονας
3339 2383 3418 2452 τῷ
3465 2378 3625 2453 λαῷς
3675 2381 3817 2458 Οὐχὶ

2171 2467 2300 2542 παρ’
2328 2466 2502 2522 αὐτῶν
2535 2487 2620 2520 σοι
2649 2465 2711 2521 τὸ
2772 2469 2906 2538 ζῇν;
2953 2465 3053 2522 οὐκ
3097 2466 3251 2523 αὐτοὶ
3299 2468 3578 2547 παρέσχον
3628 2493 3684 2528 σε
3736 2479 3812 2546 τῷ

2170 2557 2358 2633 πατρὶ,
2416 2564 2517 2627 τῆς
2574 2556 2739 2612 αὐτοῦ
2797 2556 3121 2622 ἀκούσαντες
3179 2559 3354 2636 εὐχῆς
3412 2560 3501 2616 καὶ
3553 2567 3660 2618 τῶν
3715 2567 3812 2629 τῆς

2169 2648 2418 2711 ἀτεκνίας
2449 2646 2663 2722 δεσμῶν
2697 2647 3111 2724 λυτρωσάμενοι
3143 2651 3295 2723 (54);
3347 2649 3568 2715 Πολλὰς
3611 2651 3665 2708 δὲ
3712 2675 3813 2727 μα-

2167 2737 2488 2814 ταιολογίας
2541 2737 2632 2793 καὶ
2705 2737 3006 2817 ἀνωφελεῖς
3091 2738 3385 2814 προτάσεις
3442 2742 3470 2797 6
3529 2739 3584 2798 ἐν
3633 2749 3817 2808 κακοῖς

2166 2829 2411 2906 γηράσας
2464 2823 2943 2904 προϐαλλόμενος,
2992 2827 3082 2883 καὶ
3135 2827 3549 2905 συλλογισμοὺς
3601 2830 3810 2908 βάπτων

2167 2917 2294 2994 περὶ
2349 2922 2448 2974 τοῦ
2501 2917 2861 2994 κηρύγματος
2912 2922 3009 2973 τοῦ
3058 2917 3422 2994 Εὐαγγελίου,
3479 2920 3810 2997 βουλόμενος

2165 3013 2329 3064 τοῦτο
2365 3008 2460 3082 μὶν
2491 3005 2802 3082 χλευάζειν,
2833 3005 2900 3062 τὰ
2934 3004 2991 3062 δὶ
3045 3012 3153 3063 τῶν
3214 3006 3458 3066 εἰδώλων
3509 3008 3800 3083 κρατύνειν,

2169 3097 2354 3175 ὀλίγον
2384 3096 2630 3172 ἐπισχὼν
2661 3097 2689 3152 6
2719 3103 2818 3165 τῆς
2880 3093 2990 3152 ἅνω
3052 3095 3333 3173 βασιλείας
3391 3099 3526 3168 υἱὸς,
3570 3099 3653 3153 xui
3699 3100 3796 3166 τῆς

2167 3187 2386 3250 πόλεως
2416 3185 2624 3256 ἐκείνης
2653 3183 2889 3256 πολίτης
2922 3183 2988 3254 ἢν
3037 3183 3228 3260 ἔπηξεν
3260 3187 3287 3240 6
3317 3185 3518 3263 Κύριος
3565 3186 3647 3242 xxi
3700 3185 3802 3240 οὐκ

2168 3274 2454 3351 ἄνθρωπος
2489 3279 2626 3348 (55),
2660 3273 2792 3350 φησὶ
2829 3275 2966 3349 πρὸς
2995 3275 3087 3330 τὸν
3120 3272 3335 3332 Θευδᾶν.

2235 3457 2522 3526 Ἀκουσον,
2568 3455 2612 3510 ὧ
2668 3452 2885 3525 πλάνης
2947 3455 3098 3530 βυθὶ,
3155 3452 3245 3509 καὶ
3300 3457 3632 3532 ψηλαφητοῦ
3690 3453 3814 3509 σκό-

2162 3568 2290 3610 τους
2325 3550 2431 3621 (56)
2483 3541 2872 3621 ζοφωδέστερε,
2927 3544 2990 3599 τὸ
3049 3544 3407 3619 Βαβυλώνιον
3461 3545 3697 3618 σπέρμα,
3753 3545 3814 3599 τὸ

2162 3645 2263 3707 τῆς
2323 3634 2638 3705 Χαλανικῆς
2691 3637 2801 3706 (57)
2851 3631 3220 3709 πυργοποιίας
3274 3631 3516 3708 ἔκγονον,
3571 3630 3644 3688 δι’
3687 3636 3753 3703 ἧς
3786 3634 3813 3688 6

2162 3727 2372 3801 κόσμος
2406 3725 2703 3799 συνεχύθη,
2739 3723 3081 3798 ματαιὸφρον
3113 3723 3201 3778 καὶ
3235 3719 3392 3787 ἃθλιε
3442 3721 3624 3800 γέρον,
3652 3723 3817 3799 οὗπερ

2163 3817 2321 3887 καὶή
2353 3814 2483 3891 πυρῖ
2531 3814 2684 3873 280
2741 3810 2831 3868 καί
2885 3811 3013 3885 θείῳ
3070 3814 3464 3868 κατακαυθεῖσα
3523 3815 3636 3887 (58)
3693 3834 3822 3868 πεν-

2163 3903 2398 3967 τάπολις
2459 3906 2570 3973 (59)
2628 3899 2964 3979 ἐλαφροτέρα
3017 3905 3137 3964 τοῖς
3193 3900 3552 3976 ἁμαρτήμασι
3615 3904 3820 3976 γέγονε.

2167 3995 2234 4052 Τί
2261 3990 2552 4069 χλευάζειν
2582 3989 2884 4066 ἐπιχειρεῖς
2937 3987 3000 4044 τδ
3060 3995 3159 4059 τῆς
3220 3989 3497 4066 σωτηρίας
3537 3993 3821 4068 κήρυγμα,

2166 4082 2236 4140 δι’
2267 4087 2333 4153 ἧς
2366 4083 2434 4138 τὰ
2461 4079 2814 4153 ἐσκοτισμένα
2845 4078 3143 4152 ἐφωτίσθη,
3195 4075 3267 4132 δι’
3312 4081 3380 4148 ἧς
3429 4079 3482 4133 οἱ
3529 4079 3822 4152 πεπλανη-

2168 4175 2318 4249 μένοι
2349 4173 2448 4242 τήν
2484 4167 2608 4226 ὁδὸν
2641 4169 2822 4246 εὗρον,
2855 4166 2925 4223 δι’
2953 4169 3019 4237 ἧς
3051 4167 3102 4223 οἱ
3161 4165 3516 4231 ἆπολωλὸτες
3564 4171 3660 4225 καὶ
3715 4167 3824 4226 δει-

2163 4268 2271 4326 νῶς
2331 4258 2871 4337 αἰχμαλωτισθέντες
2955 4256 3376 4328 ἀνεκλήθησανς
3432 4259 3484 4312 τί
3545 4264 3822 4335 κρεῖττον,

2163 4351 2282 4409 εἶπέ
2315 4373 2432 4425 μοι,
2464 4355 2581 4422 Θεῷ
2611 4348 2890 4425 λατρεύειν
2923 4348 3321 4423 παντοκράτορι
3353 4345 3444 4402 σὺν
3478 4348 3596 4420 Υἱῷ
3659 4370 3823 4424 μονο-

2163 4448 2313 4520 γενεῖ
2340 4442 2432 4496 καὶ
2464 4439 2737 4514 Ηνεύματι
2769 4435 2935 4512 ἁγίῳ,
2967 4440 3082 4508 Θεῷ
3111 4435 3352 4509 ἆκτίστῳ
3403 4435 3492 4491 καὶ
3549 4438 3827 4513 ἀθανάτῳ,

2161 4537 2230 4606 τῇ
2262 4532 2414 4609 ἀρχῇ
2445 4529 2538 4585 καὶ
2571 4531 2727 4604 πηγῇ
2758 4532 2867 4584 τῶν
2899 4525 3140 4602 ἀγαθῶν,
3169 4526 3232 4581 οὗ
3261 4526 3324 4582 τὸ
3363 4525 3564 4600 κράτος
3611 4528 3828 4584 ἀνείκα-

398 4630 458 4682 et
477 4625 698 4696 Spiritu
715 4630 920 4681 sancto
943 4627 1162 4695 colere,
1185 4629 1393 4695 Deum,
1417 4626 1686 4698 inquam,
1720 4627 2053 4684 increatum

2175 4598 2436 4694 τῖον-(60)
2463 4617 2552 4673 καὶ
2584 4620 2619 4688 ἦ
2653 4616 2781 4691 δόξα
2812 4615 3222 4686 ἀκατάληπτος,
3273 4616 3318 4688 ᾧ
3371 4619 3831 4692 παρειστήκεισαν

395 4720 455 4772 et
473 4715 554 4772 im
565 4715 1197 4785 mortalem,bonorum
1217 4717 1488 4774 omnium
1501 4715 1844 4789 fontem,cuj
1855 4735 1924 4774 us
1942 4735 2054 4776 nec

460 4870 576 4935 (52)
610 4868 672 4932 Ο,
704 4863 900 4922 καλου.

462 4940 576 5012 (53)
681 4939 811 5012 sine
837 4938 1034 5001 οὕτως.

485 5011 576 5082 54)
607 5011 772 5066 Conf.
806 5029 864 5083 p.
896 5015 949 5067 6.

483 5083 574 5154 55)
601 5083 788 5155 Epist.
823 5083 898 5139 ad
931 5084 1109 5155 Hebr.
1143 5099 1259 5150 vm,
1292 5086 1348 5137 2.

2166 4709 2344 4787 χίλισι
2375 4708 2627 4770 χιλιάδες
2655 4708 2742 4763 καὶ
2795 4707 2985 4782 μύριαι
3031 4702 3290 4781 μυριάδες
3339 4705 3652 4780 ἀγγελικῶν
3700 4729 3826 4781 ταγ-

485 5149 575 5232 ᾅδ)
607 5149 901 5232 Bespectu
931 5154 1015 5232 ad
1035 5155 1216 5232 Exod.
1245 5149 1303 5222 χ,
1336 5155 1402 5208 21
1433 5169 1446 5209 ;
1482 5151 1774 5223 Γενηθήτω
1807 5151 1998 5218 σκότος
2031 5153 2061 5212 ἐ·

2175 5161 2256 5227 τῆς
2292 5150 2590 5228 Αἰγύπτου,
2620 5151 2950 5232 ψηλαφητὸν
2984 5149 3200 5212 σκότος.
3233 5149 3318 5206 Cf.
3351 5166 3409 5222 p.
3445 5152 3574 5220 227,
3607 5168 3671 5210 n.
3706 5157 3758 5207 1.

485 5289 575 5369 58)
611 5300 677 5362 A,
707 5289 989 5369 καυθὲῖᾶα,
1023 5299 1349 5354 omissione
1384 5295 1604 5369 smpius
1653 5297 2061 5369 animadversa

2175 5299 2494 5355 leliodorus
2540 5297 2692 5353 IEth.
2739 5314 2800 5363 ιι,
2857 5300 2925 5351 3:
2980 5289 3283 5354 σποδιᾶς...

485 5223 576 5422 5’3
607 5226 692 5280 Cf.
722 5223 766 5281 ἱ.
800 5229 869 5297 ΙΙ,
903 5243 961 5297 p.
999 5230 1118 5281 160.

485 5301 552 5352 58
611 5300 677 5362 Α,
709 5302 989 5361 καυθεῖσα,
1023 5315 1115 5353 om

485 5389 533 5422 ισ
574 5365 840 5422 concione.
874 5371 1070 5422 Codex
1104 5373 1118 5407 ‘

3345 5289 3560 5362 ἁπάσης
3624 5291 3824 5388 σχεδὸν

3347 5383 3380 5388 .-
3453 5368 3512 5388 αι
3542 5382 3556 5388 -
3624 5369 3665 5388 ΪῙ
3722 5387 3729 5388 κ
3778 5387 3785 5388 κ
3812 5385 3823 5388 -

391 5364 785 5443 ξιπὸσόεσβεξση
798 5391 857 5443 ς..⁸
874 5371 1308 5443 Codex_Vene_t.
1338 5364 1487 5443 609,—
1503 5364 2009 5443 ἐνααοσϐεσθείσης,
2046 5391 2061 5428 ι

2187 5369 2480 5443 id_ma_le.
2531 5400 2602 5443 e
2649 5369 2986 5443 Respicitur
3031 5370 3243 5443 Genes.
3288 5382 3404 5435 xxx,
3453 5368 3556 5421 24:
3623 5364 3824 5443 Κῦριος

389 5433 599 5518 ἔϐρεξεν
616 5439 723 5518 fni
758 5433 1099 5518 Σόδομα-καὶ
1133 5439 1391 5518 Γομόῥρα
1423 5433 1564 5518 θεῖον
1593 5442 1681 5518 καὶ
1713 5444 1819 5517 πῦρ
1852 5433 2008 5518 πᾳρδί
2029 5444 2232 5518 Κυρίου
2263 5441 2313 5514 ἐξ
2346 5439 2599 5514 οὐρανοῦ.
2633 5433 2797 5496 Conf.
2832 5442 2968 5496 Luc.
3002 5457 3135 5511 XVII,
3169 5442 3258 5493 29.

607 5513 864 5598 §odoma
891 5513 1524 5598 scilicett'Gomorrba,
1545 5513 1802 5598 ‘Adama,
1834 5513 2326 5598 Ze_b_oi_m_,'_Segor.

464 5579 1095 5661 [60).JoannesChry‘s.
1130 5587 1396 5661 Hom._in
1427 5579 1590 5661 Psal.
1617 5605 1695 5654 νι,
1728 5579 1857 5661 pag.
1899 5592 1960 5643 15
1986 5591 2061 5644 Co

2175 5579 2397 5661 :rianae,
2427 5600 2544 5656 qna
2573 5600 2695 5661 una
2725 5600 2884 5661 nun_c
2917 5584 3003 5661 uti
3035 5583 3216 5661 licet:
3415 5581 3680 5661 νικήσῃεὴ
3715 5579 3823 5654 ἐμὴ

392 5649 635 5734 ῥᾳθυμία
657 5656 758 5734 τήν
793 5649 1077 5712 ἀνίκᾶσσξόν
1113 5678 1208 5712 σου
1241 5649 2061 5734 φιλανθρωπίαν(Ῐηεῦρεναὸίι

2175 5669 2317 5717 tuam
2355 5649 2775 5715 humanitatem.
2831 5655 3165 5713 Botclerius
3214 5653 3409 5709 vertit.
3460 5649 3830 5728 Sed'legen-

388 5723 545 5784 dum
576 5723 912 5800 ἀνείκαστον,
944 5746 1112 5801 quam
1141 5723 1468 5802 conjectura
1496 5748 1655 5790 nemo
1678 5723 1855 5806 possit
1885 5735 2123 5805 assequi.
