4112 6424
441 388 615 486 είδοέ

1995 421 2366 487 Αοοιικολ.
3722 454 3860 517 μω

433 554 584 612 illud
611 555 900 631 intellige,
929 519 985 615 te
1009 558 1118 614 deo
1141 558 1245 615 abs
1270 563 1324 613 te
1347 557 1502 615 facto
1516 556 1918 630 antiquiorem
1938 569 2065 610 esse

2176 550 2574 646 ,πρεσϐύτερος
2629 559 2679 616 εἰ
2730 567 2829 618 τοῦ
2889 565 2994 622 ὑπὸ
3052 571 3149 624 σοῦ
3178 567 3480 646 γενομένου
3505 574 3652 639 θεοῦ.
3682 583 3858 642 Ταῦτα

435 647 616 719 Cujus
641 647 881 704 tandem
899 649 1113 704 furoris
1137 649 1249 704 ista
1271 649 1699 704 sunt?Hocciue
1725 647 1828 702 tibi
1846 661 2095 719 persua-

437 737 673 806 sisti,te,
706 755 842 793 cum
887 739 1063 794 homo
1095 737 1196 807 sis,
1231 740 1418 794 Deum
1465 739 1702 794 efﬁcere
1724 754 1898 810 posse
1925 735 1953 792 ?
1981 735 2092 801 Qui

433 827 676 882 tandem
693 827 851 882 istud
870 827 995 882 ﬁeri
1015 833 1194 898 queat
1211 828 1528 894 ?Quocirca
1544 845 1665 884 non
1681 829 1992 884 hominem
2012 826 2094 882 ef-

433 917 793 982 ﬁcis,verum
823 918 1086 972 hominis
1118 923 1220 973 aut
1244 919 1581 991 cujuspiam
1622 919 1946 974 animantis
1968 918 2092 972 for-

429 1023 740 1063 mam.non
772 1006 994 1080 lingua,
1030 1024 1151 1063 non
1182 1008 1477 1079 faucibus,
1512 1027 1632 1065 non
1665 1009 1931 1076 cerebro,
1965 1025 2088 1063 non

428 1095 552 1151 ulla
576 1095 779 1168 aliqua
809 1096 1050 1152 interna
1078 1104 1244 1170 parte
1274 1099 1612 1170 praeditam;
1633 1115 1700 1155 ac
1729 1099 1979 1172 proinde
2011 1115 2089 1153 ne

428 1185 690 1241 hominis
723 1186 969 1258 quidem
1001 1193 1103 1244 aut
1132 1189 1457 1244 animantis
1488 1189 1814 1245 similitudo
1846 1194 1955 1253 est,
1981 1188 2088 1244 sed

428 1274 662 1331 inutilis
694 1277 938 1332 omnino
967 1295 1062 1333 res
1093 1296 1161 1334 ac
1192 1280 1467 1335 vanitatis
1499 1279 1695 1352 plena.
1729 1278 1879 1344 Quid
1909 1278 2088 1348 igitur

427 1365 608 1421 rebus
635 1382 847 1422 sensus
880 1367 1223 1440 expertibus
1257 1368 1576 1425 blandiris?
1589 1368 1739 1435 Quid
1761 1373 1962 1424 mente
1984 1385 2084 1424 ca-

423 1455 698 1511 rentibus
717 1455 1100 1512 etinutilibus
1117 1458 1495 1514 assides?Nisi
1513 1458 1740 1524 latomi,
1774 1463 1870 1514 aut
1890 1457 2086 1513 archi-

420 1544 692 1614 tecti,aut
709 1545 1073 1602 malleatoris
1092 1564 1187 1602 ars
1209 1547 1651 1616 adesset,deum
1668 1565 1787 1603 non
1807 1547 2080 1604 haberes.

415 1635 538 1691 Nisi
567 1636 843 1691 custodes
875 1642 1091 1708 praesto
1113 1642 1333 1704 essent,
1368 1637 1546 1693 deum
1565 1643 1731 1693 tuum
1751 1638 2078 1694 amisisses.

415 1726 562 1780 Nam
581 1742 760 1797 quem
782 1743 938 1797 saepe
963 1726 1321 1782 stolidorum
1338 1727 1647 1783 hominum
1666 1727 2080 1800 copiosissima

414 1813 557 1869 urbs
577 1819 859 1885 tanquam
879 1813 1080 1884 deum,
1100 1821 1165 1871 ut
1181 1816 1253 1872 ab
1274 1833 1341 1872 eo
1359 1817 1750 1887 custodiatur,
1783 1817 2073 1887 obsecrat,

2202 642 2424 744 ¹ιΞολλῆς
2454 648 2564 705 ἐστι
2601 653 2816 724 μανίας.
2876 658 3143 722 Ιιὲπεικας
3191 642 3257 716 δὲ
3311 642 3531 736 σαυτὸν,
3573 664 3854 744 ἄνθρωπος

2202 732 2299 808 ὤν,
2326 738 2446 793 θεὸν
2480 737 2736 807 δύνασθαι
2795 750 2994 804 ποιεῖν.
3055 749 3160 806 Καὶ
3213 755 3334 815 πῶς
3385 732 3846 831 ἐνδέχεταί-τοῦτο

2199 824 2438 924 γενέσθαι
2465 845 2480 897 ;
2504 921 2512 924 μ
2537 831 2676 924 ὥστε
2731 831 2796 888 αὖ
2855 836 2974 899 θεὸν
3029 844 3228 910 ποιεῖς,
3261 839 3409 897 ἀλλὰ
3450 824 3730 924 μόρφωμα
3757 851 3849 908 ἆν-

2201 917 2424 988 θρώπου
2481 921 2519 990 ἢ
2580 922 2724 989 ζώου
2778 924 2944 992 τινὸς,
3005 927 3081 999 μὴ
3136 928 3393 1004 γλῶσσαν
3451 917 3607 1009 ἕχον,
3753 939 3851 997 λά-

2199 1025 2365 1092 ρυγγα
2397 1010 2531 1082 (65),
2596 1012 2672 1084 μῆ
2733 1011 3058 1092 ἐγκέφαλον,
3123 1020 3263 1091 μήτε
3289 1025 3399 1076 τῶν
3429 1021 3580 1088 ἐντός
3608 1010 3683 1082 τι’
3716 1028 3852 1088 ὥστε

2199 1091 2322 1149 οὔτε
2351 1095 2647 1194 ἀνθρώπου
2679 1101 2823 1157 ἐστὶν
2856 1103 3141 1179 ὁμοίωμα,
3165 1105 3290 1164 οὔτε
3314 1111 3480 1180 ζώου,
3514 1113 3646 1171 ἀλλ’
3674 1115 3850 1194 ἄχρη-

2197 1205 2321 1239 στον
2352 1186 2528 1259 πάντη
2560 1190 2646 1245 καὶ
2695 1194 3065 1266 ματαιότητος
3113 1195 3346 1274 πλῆρες.
3379 1201 3447 1258 Τί
3479 1202 3572 1258 οὖν
3605 1205 3672 1261 τὰ
3700 1186 3846 1265 ἀναί-

2196 1275 2366 1344 σθητα
2417 1277 2776 1351 κολακεύεις;
2829 1283 2883 1338 τί
2939 1290 3058 1347 τοῖς
3114 1287 3396 1360 ἀκιοήτοις
3430 1293 3520 1348 καὶ
3551 1295 3845 1358 ἀνωφελέσι

2193 1367 2733 1460 πρᾷοσκάθησαιλΕἰ
2798 1372 2876 1444 μὴ
2932 1374 3103 1450 τέχνη
3157 1385 3337 1451 παρῆν
3384 1386 3481 1436 τοῦ
3527 1379 3839 1460 λιθοξόουῆ

2191 1458 2292 1508 τοῦ
2320 1457 2571 1519 τέκτονος
2613 1457 2650 1528 ἤ
2701 1480 2798 1515 του
2842 1463 3217 1537 σφυροκόπου,
3267 1469 3385 1523 θεὸν
3434 1471 3538 1526 οὐκ
3590 1457 3839 1552 ἃννεῖχες,

2194 1542 2256 1600 Εἰ
2304 1545 2382 1618 μή
2431 1545 2672 1625 φύλακες
2729 1551 3128 1625 παρεκάθηντο,
3181 1555 3472 1623 ἀπώλεσας
3508 1561 3570 1616 ἃν
3606 1563 3699 1619 τὸν
3729 1542 3836 1630 θεόν

2189 1648 2327 1719 σου.Δ
2359 1632 2426 1708 ᾯ
2484 1632 2587 1719 γαρ
2644 1631 2922 1698 πολλάκις
2977 1637 3144 1701 πόλις
3201 1639 3641 1719 πολυάνθρωπος
3695 1651 3836 1710 289

2187 1715 2439 1793 ἀφρόνων
2473 1717 2690 1796 εὔχεται
2738 1723 2815 1788 ὡς
2861 1729 2966 1797 θεῷ
3014 1715 3483 1806 διαφυλαχθῆναι,
3508 1736 3695 1810 τούτῳ
3725 1737 3840 1796 ὀλί-

2183 1826 2271 1902 γοι
2301 1811 2676 1902 παραμένουσι
2723 1812 2962 1902 (pulex-ec
3004 1813 3101 1872 ’ίνα
3154 1819 3238 1902 μή
3287 1817 3500 1902 κ-λαπῇ.
3535 1824 3646 1880 Καὶ
3671 1826 3714 1883 εἰ
3748 1829 3840 1902 μὶν

412 1920 551 1959 cum
575 1921 642 1959 eo
666 1905 794 1976 ipso
815 1905 990 1977 pauci
1021 1905 1321 1976 custodes,
1355 1924 1430 1962 ne
1464 1907 1847 1979 surripiatur,
1878 1924 2065 1964 rema-

2185 1886 2448 1988 αργυροῦς
2504 1891 2533 1945 ύ
2587 1898 2827 1968 χρυσοῦς
2899 1891 3067 1968 ἔσται,
3150 1886 3835 1981 έπιμελῶςγφυλάσσεται·

412 1995 668 2050 nent.Ac
685 1994 733 2049 si
757 1993 1000 2065 quidem
1026 2013 1096 2051 ex
1113 2001 1356 2069 argento
1377 1996 1466 2052 vel
1485 2013 1628 2052 auro
1659 2002 1910 2065 constet,
1942 1997 2076 2052 dili-

409 2088 619 2156 genter
640 2083 1011 2152 custoditur;
1046 2087 1093 2141 si
1117 2091 1317 2141 autem
1343 2104 1413 2142 ex
1463 2086 1685 2158 lapide,
1719 2090 1820 2142 aut
1841 2086 2074 2159 argilla,

409 2178 512 2229 aut
536 2173 655 2229 alia
685 2172 941 2244 quadam
965 2175 1161 2230 viliori
1195 2175 1464 2244 materia,
1500 2177 1766 2249 seipsum
1794 2176 2072 2232 custodit.

406 2265 498 2319 Ita
529 2263 601 2319 de
627 2269 822 2319 vestra
853 2266 1155 2320 sententia
1185 2266 1476 2321 valentior
1506 2271 1597 2322 est
1655 2267 1705 2322 is
1737 2267 1838 2338 qui
1873 2283 1945 2323 ex
1977 2283 2076 2323 ar-

407 2351 551 2425 gilla
580 2369 760 2424 quam
791 2353 892 2425 qui
924 2371 995 2408 ex
1027 2370 1170 2409 auro
1203 2355 1496 2412 conﬂatus
1529 2360 1639 2411 est.

481 2445 710 2498 Annon
731 2442 1141 2516 igiturOptimo
1164 2445 1302 2516 jure
1321 2463 1420 2501 vos
1453 2445 1664 2501 stultos
1695 2450 1754 2501 et
1784 2463 1974 2502 caecos
2002 2462 2070 2503 ac

410 2531 660 2588 stolidos
682 2533 959 2588 homines
977 2534 1250 2605 irridere,
1283 2535 1375 2590 vel
1391 2537 1588 2608 potius
1607 2535 1769 2592 luctu
1787 2537 2070 2608 prosequi

406 2622 978 2695 possumus?quippe
993 2640 1174 2696 opera
1188 2629 1383 2680 vestra
1397 2625 1659 2681 furorem
1677 2627 1873 2696 potius
1888 2643 2069 2698 quam

402 2711 992 2784 pietatemredolent.
1029 2714 1172 2768 Nam
1192 2714 1290 2785 qui
1316 2714 1662 2770 reimilitari
1697 2715 1917 2783 studet,
1948 2720 2066 2772 sta-

401 2807 564 2857 tuam
584 2801 657 2857 ad
681 2801 957 2858 militaris
976 2803 1198 2874 speciei
1224 2803 1680 2859 similitudidem
1697 2822 2065 2876 expressam,

401 2907 469 2946 ac
491 2896 652 2947 certo
676 2890 805 2947 loco
835 2893 1360 2964 positam,Martem
1389 2894 1830 2965 nuncupat.Qui
1863 2899 2066 2951 autem

403 2982 727 3038 mulierum
751 2999 954 3038 amore
979 2982 1055 3038 ad
1077 2983 1374 3040 insaniam
1395 3001 1586 3056 usque
1611 2985 2064 3058 ﬂagrat,animm

406 3089 528 3127 sum
562 3071 950 3144 cupiditatem
982 3073 1214 3144 pictura
1246 3073 1598 3144 informans,
1632 3074 1839 3130 vitium
1889 3093 2064 3132 suum

404 3161 583 3217 deum
603 3160 1057 3230 efﬁcit,Veneris
1075 3162 1304 3218 scilicet
1318 3164 1562 3219 nomine
1577 3180 1713 3219 eum
1730 3165 2060 3236 appellans.

406 3250 573 3306 Alius
592 3267 797 3306 rursus
816 3251 1179 3306 temulentim
1204 3270 1324 3308 suae
1350 3270 1549 3321 causa,
1581 3254 1777 3310 efficto
1810 3255 2054 3310 simula-

406 3297 572 3306 ---ην
592 3297 609 3306 ,
628 3297 796 3306 ων..-
820 3297 1178 3306 -ν.,...-ν---..υ
1204 3297 1323 3308 ww
1352 3297 1549 3321 παπ,
1582 3297 1775 3310 ww...
1810 3297 2051 3310 suum..-

401 3341 831 3409 cro,Bacchum
852 3342 1050 3413 ipsum
1069 3343 1709 3416 nominat.Eodemque
1728 3346 1903 3401 modo
1918 3347 2059 3402 alio-
2086 3297 2136 3364 Ο

2185 1977 2275 2071 ἑᾲν
2307 1977 2365 2071 δὶ
2461 1979 2672 2046 λίθινος
2701 1983 2736 2053 ἢ
2783 1983 3042 2056 πήλινος,
3102 1987 3138 2058 ἢ
3198 1985 3379 2062 ἄλλης
3407 1977 3558 2058 τινδς
3582 1998 3836 2071 τοιαύτης

2185 2069 2586 2166 ειξτελιεστέρας⁸
2638 2072 2809 2166 ὕλης,
2876 2077 3064 2134 ἑαυτὸν
3135 2079 3418 2159 φυλάσσεν
3482 2069 3835 2166 ἰσχυρότερος

2181 2158 2285 2236 γὰρ
2317 2159 2452 2227 ἴσως
2480 2162 2622 2219 ἐστὶν
2655 2165 2683 2220 ὁ
2713 2164 2949 2237 πήλινος
2978 2172 3076 2224 τοῦ
3107 2158 3318 2247 χρυσοῦ
3341 2175 3458 2230 καθ’
3487 2158 3662 2250 ἡμᾶς.

2249 2432 2360 2489 Οὐκ
2415 2435 2640 2500 εἰκότως
2696 2436 2839 2493 ἐστὶν
2896 2439 3037 2514 ὑμᾶς
3088 2439 3217 2507 τοὺς
3271 2444 3532 2521 ἄφρονας,
3589 2447 3822 2527 τυφλοὺς

2175 2524 2264 2579 καὶ
2324 2525 2630 2589 ἀσυνέτους.
2719 2524 2946 2592 δικαίως
3027 2530 3448 2608 καταγελᾶσθαι,
3509 2524 3716 2610 μᾶλλον
3766 2537 3822 2594 δὲ

2174 2617 2527 2686 πενθεῖσθαις
2590 2616 2782 2690 μανίας
2834 2620 2940 2694 γὰρ
2995 2619 3064 2676 τὰ
3119 2615 3254 2697 ἔργα
3315 2623 3490 2698 ὑμῶν,
3551 2627 3647 2682 οὐκ
3673 2626 3818 2682 εὗσε-

2174 2697 2321 2766 ϐείας
2380 2703 2544 2763 ἰστίν.
2600 2706 2664 2764 Ὀ
2721 2707 2820 2780 μὶν
2875 2708 2976 2786 γὰρ
3047 2708 3296 2784 πόλεμον
3356 2697 3608 2784 ἀσκήσας,
3658 2735 3821 2791 στρα-

2171 2800 2437 2864 τιωτικῆς
2497 2794 2790 2870 όντίμιμον
2850 2794 2996 2862 ἰδέας
3053 2798 3241 2870 ξόανον
3304 2800 3543 2879 ἱδρύσας,
3573 2804 3816 2862 ἐκάλεσεν

2173 2883 2366 2958 ’Λρηνο
2428 2885 2457 2939 ὁ
2515 2882 2576 2942 δὲ
2645 2893 3077 2964 ψναικομανοῦς
3135 2889 3428 2966 ἐπιθυμίας
3482 2895 3583 2965 τῆν
3637 2896 3821 2972 ψυχὴν

2171 2973 2683 3050 ἀνατυπωσάμενος,
2742 2976 3064 3051 ἐθεοποίησε
3121 2983 3184 3038 τὸ
3239 2984 3433 3054 πάθος,
3492 2983 3815 3064 Ἀφροδίτην

2168 3064 2630 3141 προσαγορεύσας.
2689 3068 2925 3139 Ἄλλος,
2978 3077 3081 3136 τῆς
3148 3072 3341 3129 ἑαυτοῦ
3398 3073 3669 3150 φιλοινίας
3709 3075 3812 3130 ἓνε-

2166 3173 2279 3223 κεν,
2360 3153 2592 3212 ἔπλασεν
2675 3155 2934 3225 εἴδωλον,
3018 3159 3151 3238 ὅπερ
3237 3161 3462 3222 ἐκάλεσε
3548 3167 3812 3222 Διόνυσον.

2173 3243 2411 3316 Ὁμοίως
2471 3244 2528 3302 δὲ
2583 3247 2674 3304 καὶ
2721 3254 2830 3304 τῶν
2882 3249 3069 3305 ἄλλων
3117 3257 3299 3308 κακῶν
3351 3252 3684 3327 ἐπιθυμηταὶ
3713 3259 3818 3309 τῶν

2176 3331 2329 3389 ἰδίων
2383 3337 2572 3392 παθῶν
2625 3334 2852 3408 ἔστησαν
2928 3336 3153 3396 εἴδωλα⁸
3223 3340 3289 3396 τὰ
3354 3344 3501 3411 πάθη
3557 3344 3656 3416 γὰρ
3716 3343 3820 3397 αὖ-

397 3449 532 3488 rum
546 3433 824 3489 vitiorum
839 3433 1037 3506 cupidi
1053 3451 1259 3491 eorum
1280 3435 1600 3492 simulacra
1618 3438 2062 3494 constituerunt

2176 3428 2272 3478 τῶν
2331 3425 2488 3490 Θεοὺς
2571 3425 2884 3501 ὠνόμασαν.
2943 3431 3042 3484 Καὶ
3116 3427 3202 3484 δια
3276 3434 3436 3486 τοῦτο
3492 3431 3637 3504 παρᾶ
3692 3436 3816 3496 τοῖς

393 3522 672 3594 vitiisque
695 3524 820 3578 suis
845 3521 1094 3578 deorum
1118 3541 1337 3580 nomen
1381 3525 1717 3597 imponunt.
1753 3528 1951 3599 anue
1985 3527 2058 3584 de

391 3628 572 3668 causa
591 3613 750 3684 apud
771 3629 978 3668 eorum
1009 3631 1143 3670 aras
1187 3613 1524 3670 libidinosae
1556 3615 1904 3673 saltationes
1932 3618 2054 3673 exi-

389 3705 650 3772 stunt,ac
667 3702 989 3758 meretricii
1004 3703 1576 3774 cantus,furiosique
1595 3705 2056 3777 impetus.Quis—

2163 3515 2341 3572 αὐτῶν
2406 3518 2625 3593 βωμοῖς
2709 3516 3010 3588 ἡδυπαθεῖς
3069 3519 3201 3576 εἰσιν
3281 3519 3564 3596 ὀρχήσεις,
3617 3541 3814 3597 πορνι-

2158 3613 2270 3663 κῶν
2329 3608 2588 3683 ἆσμάτων
2646 3610 2784 3686 ἦχοι
2833 3610 2925 3666 καὶ
3003 3609 3296 3685 μανιώδεις
3353 3610 3539 3687 ὁρμαί.
3594 3609 3696 3673 Τίς
3755 3609 3819 3666 δὶ

2160 3699 2339 3754 αὐτῶν
2393 3700 2622 3770 καθεξῆς
2673 3701 2773 3770 τὴν
2836 3699 3105 3777 βδελυρὰν
3172 3699 3373 3772 ἐξείποι
3442 3700 3676 3776 πρᾶξινς
3737 3699 3822 3765 τίς

388 3808 529 3848 nam
553 3798 755 3850 autem
773 3794 1205 3850 exsecrandum
1233 3811 1439 3850 eorum
1457 3795 1747 3868 ﬂagitium
1768 3797 2053 3872 deinceps

2176 3788 2418 3863 ἰνέξεται,
2475 3789 2573 3852 τὰς
2639 3790 2852 3846 ἐκείνων
2913 3789 3312 3867 αἰσχρολογίας
3362 3789 3701 3865 καταλέγων,
3753 3791 3822 3846 τὸ

384 3899 861 3939 commemorare
884 3883 1211 3956 queat?Aut
1223 3884 1757 3956 quisfmdissimam
1780 3887 2049 3960 ipsorum

2176 3884 2346 3934 αυτοῦ
2380 3878 2618 3953 μολῦναι
2644 3880 2822 3954 στόμα
2848 3900 2861 3950 ;
2897 3879 3074 3938 Ἀλλὰ.
3128 3886 3260 3936 πᾶσι
3291 3878 3481 3951 δῆλαι,
3511 3879 3607 3935 κᾶν
3643 3883 3822 3954 ἡμεῖς

383 3971 701 4028 libidinem
726 3974 995 4029 oratione
1024 3974 1520 4047 camplectens,os
1552 3993 1726 4032 suum
1757 3995 2048 4052 conspur-

2176 3973 2474 4044 τιωπῶμεν.
2533 3973 2716 4028 Ταῦτά
2761 3992 2859 4026 σου
2935 3972 3004 4027 τὰ
3077 3965 3411 4045 σεϐάσματα,
3467 3967 3645 4026 Θευδᾶ
3704 3975 3815 4026 τῶν

381 4079 516 4121 care
541 4063 1085 4120 sustineat‘Nerum
1104 4065 1232 4120 hanc
1249 4065 1526 4121 omnibus
1547 4067 1863 4138 perspicua
1881 4075 2042 4139 sunt,

2153 4059 2360 4133 ξοάνων
2419 4081 2516 4115 σου
2577 4061 3033 4138 ἀναισθητότερεῑ
3092 4060 3313 4124 τούτοις
3371 4080 3440 4134 με
3495 4058 3822 4137 ἐπιτρέπεις

382 4153 562 4209 etiam
588 4153 636 4209 si
661 4153 773 4226 ipsi
794 4155 1185 4210 taceamus.Hi
1210 4155 1295 4210 tui
1319 4155 1399 4211 dii
1425 4161 1584 4221 sunt,
1619 4174 1652 4212 o
1679 4160 1890 4214 statuis
1923 4159 2042 4216 tuis

2176 4155 2495 4224 προσκυνεῖν,
2525 4155 2695 4206 ταῦτα
2735 4146 2983 4216 σέϐεσθαι
3010 4153 3022 4208 ί
3081 4153 3196 4222 Τῆς
3242 4157 3343 4218 σῆς
3374 4147 3546 4213 ὅντως
3572 4171 3825 4220 κακουρ-

382 4243 677 4316 stupidior
696 4242 955 4300 Theuda.
1000 4245 1118 4301 Hos
1165 4250 1234 4300 ut
1261 4245 1528 4314 adorem,
1563 4246 1670 4302 hos
1701 4252 1768 4303 ut
1795 4266 2044 4306 venerer

2176 4242 2268 4304 {ac
2327 4242 2418 4296 καὶ
2477 4241 2734 4296 ἀσυνέτου
2791 4241 3024 4316 γνώμης
3082 4243 3118 4311 ἡ
3181 4238 3382 4317 βουλή’
3441 4236 3570 4294 ἀλλ’
3617 4240 3827 4314 ὅμοιος

379 4331 829 4390 admonesJ‘um
843 4333 1108 4406 profecto
1124 4333 1491 4406 improbitati
1506 4351 1573 4391 ac
1588 4336 1783 4392 stultae
1799 4344 2040 4394 senten-

2143 4330 2320 4386 αὐτῶν
2378 4332 2580 4406 γένοιο,
2641 4330 2704 4386 σύ
2761 4351 2822 4386 τε
2873 4331 2964 4386 καὶ
3023 4329 3219 4393 πάντες
3280 4329 3332 4384 οἱ
3363 4327 3702 4394 πεποιθότες
3735 4329 3826 4386 ἐπ’

379 4423 2040 4501 ιίίεοοῐιεθῐιιοηθιιωεδιίειιιᾶοοιιείιὶυιη;θιεὶῐῐιὶ1ἱεὶρείε
2145 4421 2492 4498 αὐτοῖς(66)ο

376 4516 444 4570 tu
467 4512 782 4587 ﬂas,atque
805 4530 1014 4571 omnes
1041 4515 1141 4588 qui
1166 4515 1476 4573 conﬁdunt
1504 4516 1569 4573 in
1595 4516 1680 4574 eis
1710 4517 1821 4591 (Ps.
1857 4520 2034 4591 cxnx).

447 4695 566 4766 Ego
589 4697 789 4750 autem
811 4695 998 4750 Deum
1025 4711 1227 4751 meum
1249 4695 1686 4767 colam,meque
1713 4701 1900 4754 totum
1922 4698 2036 4771 ipsi

2221 4699 2376 4757 290
2408 4694 2548 4772 Ἐγὼ
2575 4692 2634 4750 δὲ
2686 4697 2768 4763 τῷ
2825 4696 2943 4767 Θεῷ
3005 4713 3112 4766 μου
3163 4686 3471 4766 λατρεῦσω,
3513 4687 3612 4744 καὶ
3667 4689 3832 4765 αὐτῷ

375 4785 737 4841 consecrabo
764 4802 778 4853 ;
810 4786 949 4855 Deo,
985 4784 1250 4857 inquam,
1285 4786 1562 4852 creatori,
1589 4802 1658 4841 ac
1687 4803 1886 4843 rerum
1911 4805 2036 4844 om-

373 4876 542 4932 nium
572 4874 974 4948 gubernatori,
1009 4893 1116 4947 per
1147 4875 1466 4930 Dominum
1517 4881 1788 4931 nostrum
1831 4879 2032 4934 Jesum

370 4960 870 5037 Christum,spem
901 4969 1304 5035 nostram,per
1332 4981 1511 5036 quem
1543 4965 1725 5022 etiam
1750 4965 1825 5021 ad
1855 4967 2032 5024 lumi-

367 5071 513 5111 num
535 5057 772 5110 Patrem
793 5055 856 5110 in
880 5054 1101 5126 Spiritu
1133 5059 1337 5109 sancto
1353 5070 1660 5111 accessum
1683 5055 2030 5126 habuimus,

365 5161 475 5219 per
504 5161 683 5217 quem
715 5143 788 5201 ab
822 5143 1036 5200 acerba
1057 5143 1336 5200 servitute
1359 5143 1419 5198 in
1441 5143 1630 5216 ipsius
1653 5146 2027 5218 sanguinali-

365 5234 557 5293 berati
580 5235 1012 5308 sumus(Ephes.
1037 5233 1123 5307 ιι).
1156 5234 1277 5290 Nisi
1302 5234 1464 5290 enim
1484 5233 1612 5307 ipse
1634 5235 1815 5294 etiam
1838 5253 2026 5312 usque

435 5451 550 5524 (65)
581 5453 643 5523 C,
674 5447 944 5579 ιῖάραγγαο
979 5448 1100 5506 imo
1133 5446 1406 5538 φάρυγγα.

435 5524 551 5579 (66)
576 5526 689 5579 Psa
719 5564 732 5577 .
766 5539 929 5579 exul.
958 5524 990 5576 8
1017 5539 1030 5576 :
1058 5522 1288 5579 Ὅμοιοι
1314 5540 1406 5574 αυτ

434 5525 551 5604 (99)
576 5525 732 5604 $.31:
753 5525 929 5604 φυηρ
948 5525 1007 5604 ἕ.

436 5594 550 5664 (67)
578 5596 602 5649 Ι
630 5595 815 5666 Epist.
849 5594 924 5666 ad
948 5594 1097 5649 Tim.
1131 5612 1170 5663 ι,
1197 5598 1247 5649 1.

2149 4787 2295 4853 θύσω
2326 4784 2458 4842 ὅλον
2494 4785 2746 4859 ἐμαυτὸν,
2776 4787 2856 4856 τῷ
2896 4781 3014 4855 Θεῷ
3057 4787 3138 4854 τῷ
3167 4779 3359 4854 κτίστῃ
3392 4777 3482 4834 καὶ
3514 4785 3832 4856 προνοητῇ

2143 4881 2250 4933 τῶν
2284 4875 2532 4931 ἁπάντων
2585 4870 2674 4927 διὰ
2721 4876 2816 4926 τοῦ
2869 4871 3074 4946 Κυρίου
3124 4872 3286 4943 ἡμῶν
3339 4869 3521 4938 Ἰησοῦ
3563 4869 3831 4945 Χριστοῦ

2142 4974 2239 5039 τῆς
2271 4962 2494 5029 ἐλπίδος
2524 4967 2686 5040 ἡμῶν
2726 4967 2862 5039 (67),
2916 4960 2987 5020 δι’
3037 4963 3098 5018 οὗ
3147 4962 3246 5031 τὴν
3288 4961 3673 5036 προσαγωγὴν
3738 4960 3839 5017 ἐσ-

2141 5059 2397 5134 χήκαμεν
2428 5057 2564 5133 πρὸς
2594 5055 2684 5110 τὸν
2749 5054 2961 5129 Πατέρα
3016 5053 3131 5127 (68)
3185 5053 3293 5104 τῶν
3350 5046 3544 5127 φώτων
3599 5052 3720 5123 (69)
3769 5050 3829 5108 ἐν

2140 5146 2416 5220 Ηνεύματι
2469 5145 2628 5221 ἁγίῳ,
2679 5141 2750 5199 δι’
2801 5143 2864 5198 οὗ
2921 5142 3373 5217 ἐξηγοράσθημεν
3446 5143 3548 5208 τῆς
3605 5146 3833 5216 πικρᾶς

2138 5235 2390 5300 δουλείας
2425 5236 2476 5292 έν
2507 5239 2588 5310 τῷ
2635 5235 2828 5309 αἳματι
2879 5231 3066 5289 αὐτοῦ.
3102 5230 3163 5286 Εἰ
3199 5229 3276 5304 μὴ
3306 5228 3413 5305 γὰρ
3439 5227 3832 5288 ἐταπείνωσεν

719 5564 732 5577 .
751 5509 929 5595 ὀιίίι,
958 5524 1030 5595 8_:
1058 5509 1300 5594 Ὅμοίοί
1314 5509 1499 5582 αὐτοῖς
1528 5520 1771 5595 γένοιντο
1813 5521 1864 5577 οἰ
1897 5527 2186 5586 ποιοῦντες
2216 5520 2352 5578 αὐτᾶ
2379 5520 2470 5576 καὶ
2502 5520 2700 5580 πάντες
2731 5519 2783 5573 οἱ
2813 5513 3136 5580 πεποιθότες
3169 5513 3251 5568 ἐπ’
3283 5509 3492 5573 αὐτοῖς.

579 5654 762 5738 Epist.
807 5665 883 5724 ad
932 5654 1168 5738 Ephesi
1197 5681 1258 5736 ιι,
1311 5667 1417 5721 18:
1471 5667 1553 5718 Δι’
1607 5660 1772 5718 αὐτοῦ
1820 5661 2026 5742 ’ἐχομεν

2176 5689 2178 5710 ι
2239 5685 2608 5744 προσαγωγην
2679 5663 2730 5718 οὶ
2774 5658 3078 5740 ἀμφότεροι
3126 5657 3207 5714 lvi
3236 5654 3508 5730 πνεύματι
3538 5655 3691 5728 πρὸς
3721 5658 3830 5716 τὸν

361 5735 590 5808 πατέρα.

433 5810 548 5884 (69)
573 5809 745 5867 Conf.
776 5827 837 5882 p.
874 5810 960 5879 ιτ,
993 5825 1054 5867 n.
1086 5811 1176 5866 54.
