4112 6386
430 379 598 436 ⁸1163

2003 377 2384 434 ‘ADDINDA.

3725 382 3880 444 ’1164

451 504 679 576 tans,in
699 506 888 563 Deum
907 505 1142 572 incidit,
1167 520 1234 560 ac
1259 508 1504 576 repente
1524 503 1722 561 inanis
1751 509 1812 562 et
1843 505 2105 577 captivus

2221 501 2478 578 οὐδαμῶς
2511 503 2816 586 ὐχωρίσθη.
2847 507 2950 563 Καὶ
2978 506 3079 578 τὴν
3129 504 3288 586 φύσιν
3330 507 3496 580 ἡμῶν
3525 508 3624 578 τὴν
3657 506 3871 582 εὐτελῆ,

454 595 699 654 exstitit.
733 595 1224 669 Resurgititaque
1253 599 1322 649 ut
1341 595 1494 650 Deus
1522 611 1537 661 ;
1570 599 1748 666 atque
1778 595 1840 650 in
1872 595 2109 662 caelum,

431 686 614 742 unde
636 685 805 742 nullo
827 685 1004 742 modo
1030 684 1330 756 digressus
1361 683 1574 755 fuerat,
1599 684 1891 752 ascendit,
1913 701 1981 740 ac
2003 701 2110 739 no-

458 780 641 832 stram
658 774 1082 846 despicabilem
1102 779 1280 844 atque
1295 773 1572 828 omnibus
1588 774 1932 829 inferiorem
1947 780 2115 830 natu-

456 882 587 922 ram
619 864 898 921 omnibus
930 864 1300 935 superiorem
1331 863 1613 932 reddidit,
1669 866 2115 937 immortalique

457 955 644 1026 gloria
657 953 1081 1009 rutilantemin
1105 953 1308 1026 glorias
1336 953 1550 1009 throno
1575 955 1905 1012 collocavit.
1935 956 2115 1022 Quid-

458 1061 599 1102 nam
612 1045 792 1118 igitur
803 1045 943 1101 hinc
960 1046 1078 1100 Deo
1101 1044 1286 1100 Verbo
1303 1045 1647 1101 detrimenti
1662 1047 1985 1103 conﬂatum
2005 1054 2114 1116 est,

457 1135 618 1210 quod
648 1140 710 1189 tu
743 1151 880 1190 eum
913 1133 1250 1190 maledictis
1280 1139 1458 1206 atque
1477 1138 1859 1192 contumellis
1881 1137 2116 1209 insequi

455 1244 580 1284 non
603 1225 908 1282 erubescis
924 1225 951 1280 ?
973 1225 1200 1292 Utrum,
1221 1242 1452 1296 quaeso,
1483 1243 1552 1280 ex
1578 1227 1670 1281 his
1700 1227 1932 1282 duobus
1963 1245 2116 1299 prae-

429 1347 432 1350 ο
457 1315 714 1374 stantius
740 1320 1074 1386 est,nempe
1089 1315 1216 1370 haec
1229 1316 1710 1388 conﬁteri,atque
1723 1317 1881 1372 hunc
1892 1316 2117 1371 bonum

458 1406 895 1476 hominumque
907 1406 1400 1460 amantemDeum
1418 1406 2117 1478 venerari(quijustitiam

460 1495 1164 1565 mandat,contiuentiam
1190 1495 1478 1566 prmcipit,
1494 1495 1814 1567 puritatem
1846 1496 2118 1568 prmscri-

426 1605 430 1610 '
461 1586 652 1655 bit,ad
674 1583 1146 1641 misericordiam
1176 1601 1540 1656 propensum
1568 1602 1699 1641 esse
1727 1585 1918 1652 docet,
1941 1586 2120 1640 ﬁdem

463 1673 925 1745 praebet,pacem
945 1671 1514 1744 praadicat,ipsamet
1533 1674 1747 1729 veritas
1770 1679 1828 1729 et
1844 1675 2119 1730 nomina-

463 1769 564 1819 tur
583 1767 641 1818 et
661 1762 1034 1833 est,ipsamet
1049 1761 1352 1832 charitas),
1368 1762 2119 1834 hunc,inquam,venerari;

2217 593 2318 662 τήν
2377 593 2596 650 πάντων
2657 597 3082 671 ἀσυνετωτὲραν,
3133 596 3235 667 τήν
3288 595 3585 672 ἀγνώμονα
3637 596 3727 651 καὶ
3758 599 3878 670 ἠτι-

2223 685 2510 756 μωμένην,
2567 689 2675 741 τῶν
2734 687 2951 741 πάντων
3012 686 3286 761 ἀνωτέραν
3343 685 3640 755 πεποίηκε,
3671 687 3762 742 καὶ
3791 688 3874 744 ἐπὶ

2221 773 2417 848 θρόνου
2466 772 2630 848 δόξης
2687 774 2954 852 ἐνίδρυσε,
3029 772 3194 848 δόξης
3275 769 3717 830 ἀποστίλϐουσαν
3777 782 3880 854 (79)

2219 862 2505 921 ἀθανάτου.
2537 867 2637 928 Τίς
2669 863 2762 921 οὖν
2795 865 2942 938 αὐτῷ
2997 863 3078 938 τῷ
3134 869 3252 938 Θεῷ
3307 865 3395 920 καὶ
3431 863 3587 940 λόγῳ
3617 867 3874 944 προσεγέ-

2221 975 2342 1008 νετο
2386 954 2622 1020 ἐντεῦθεν
2677 950 2885 1032 βλάϐη,
2935 953 3018 1009 ὅτι
3072 952 3421 1030 βλασφημεῖν
3455 954 3556 1009 οὐκ
3585 952 3872 1031 ἐρυθριᾷςς

2220 1043 2281 1098 Τί
2314 1042 2406 1114 δέ;
2443 1043 2659 1120 βέλτιον
2707 1049 2846 1100 ταῦα
2901 1042 3221 1118 ὁμολογεῖν,
3280 1044 3370 1098 καὶ
3430 1047 3686 1098 τοιοῦτον
3728 1040 3873 1101 σέϐε-

2223 1145 2344 1197 σθαι
2405 1134 2557 1204 Θεὸν,
2613 1134 2814 1209 ἀγαθὸν
2867 1133 2959 1188 καὶ
3015 1131 3432 1210 φιλάνθρωπον,
3465 1133 3527 1195 ὅς
3573 1131 3876 1191 ἐντέλλεται

2225 1221 2594 1295 δικαιοσύνην,
2655 1222 2967 1300 ἐγκράτειαν
3030 1223 3330 1294 ἐπιτάσσει,
3389 1222 3740 1297 καθαρότητα
3792 1243 3880 1280 νο-

2229 1315 2468 1386 μοθετεῖ,
2524 1311 2694 1369 ἐλεεῖν
2756 1310 3020 1381 διδάσκει,
3078 1312 3258 1368 πίστιν
3341 1313 3602 1388 παρὲχει,
3666 1313 3876 1387 εἰρήνην

2196 1402 2506 1476 κηρύσσει,
2566 1400 2938 1473 αὐτοαλήθεια
2984 1402 3308 1476 ὀνομάζεται
3363 1400 3456 1457 καὶ
3510 1401 3685 1473 ἔστιν,
3730 1403 3878 1459 αὐτο-

2229 1492 2433 1569 αγάπη,
2496 1491 2926 1568 αὐτοαγαθότης·
2984 1489 3179 1548 τοῦτον
3241 1489 3460 1568 βέλτιον
3518 1487 3789 1564 σέϐεσθαι,
3841 1495 3873 1564 ἢ

2224 1581 2354 1644 τοὺς
2387 1582 2544 1646 θεούς
2601 1604 2720 1652 σου,
2771 1582 2900 1645 τοὺς
2956 1579 3302 1646 πολυπαθεῖς
3356 1581 3448 1636 καὶ
3505 1580 3878 1660 κακοὺς,τοῖ.›ς

2228 1671 2495 1748 αἲσχροὺς
2527 1673 2616 1728 καὶ
2644 1677 2762 1735 τοῖς
2793 1671 3074 1748 πράγμασι
3119 1671 3211 1726 καὶ
3256 1675 3375 1734 τοῖς
3416 1669 3688 1743 ὀνόμασιν
3713 1692 3728 1742 ;
3750 1671 3877 1730 Οὐαὶ

2229 1761 2380 1834 ὑμῖν,
2410 1766 2520 1817 τῶν
2555 1759 2723 1826 λίθων
2771 1758 3159 1835 λιθωδὲστεροι
3206 1761 3299 1815 καὶ
3347 1764 3460 1816 τῶν
3494 1758 3718 1836 ἀλόγων
3750 1759 3875 1818 ἀλο-

462 1869 541 1908 an
571 1856 779 1908 contra
809 1850 1112 1922 improbos
1139 1856 1198 1905 et
1226 1850 1504 1922 plurimis
1525 1852 1766 1925 ﬂagitiis
1788 1852 2105 1922 devinctos,

2229 1853 2482 1928 γώτεροι,
2514 1859 2617 1922 τῆς
2645 1850 2925 1913 ἀπωλείας
2985 1849 3118 1920 υἱοὶ,
3169 1853 3268 1904 τοῦ
3326 1848 3556 1914 σκότους
3618 1847 3874 1926 κληρονό-

463 1958 533 1998 ac
556 1947 676 1998 tam
694 1940 871 1996 rebus
889 1941 1036 2012 ipsis
1053 1957 1232 2012 quam
1251 1941 1597 1998 nominibus
1614 1941 1803 1999 foedos
1835 1949 1893 1998 et
1909 1943 2105 2000 obsce-

2231 1943 2365 2016 μοιι
2429 1942 2696 2018 μακάριος
2755 1939 2814 1996 δὲ
2870 1938 2974 2012 ἐγὼ
3030 1938 3120 1995 καὶ
3175 1939 3370 2002 πάντες
3428 1939 3482 1994 οἱ
3549 1941 3875 2016 Χριστιανοὶ,

463 2047 577 2087 nos
592 2031 735 2086 deos
756 2035 886 2086 tuos
906 2030 1040 2086 ?Vaa
1055 2030 1242 2099 vobis,
1267 2049 1300 2085 ο
1333 2032 1489 2087 saxis
1512 2031 1804 2100 duriores,
1841 2039 1898 2088 et
1927 2033 2105 2088 brutis

2227 2032 2355 2088 Θεὸν
2388 2029 2610 2108 ἔχοντες
2634 2031 2826 2107 ἀγαθὸν
2886 2029 2978 2084 καὶ
3035 2027 3424 2107 φιλάνθρωπον
3453 2030 3465 2086 ί
3506 2029 3574 2087 Οἱ
3609 2029 3708 2105 γὰρ
3736 2030 3872 2103 αὐτῷ

464 2121 850 2198 amentiores,
876 2125 1054 2192 atque
1087 2120 1399 2188 exitiiﬁlii,
1429 2138 1496 2177 ac
1528 2121 1913 2178 tenebrarum
1928 2125 2105 2179 haere-

2230 2121 2605 2196 λατρεύοντες,
2637 2119 2734 2176 κᾶν
2763 2119 2953 2195 ὀλίγον
2998 2121 3200 2194 χρόνον
3250 2117 3304 2174 ἐν
3348 2119 3428 2191 τῷ
3461 2123 3552 2175 νῦν
3590 2118 3695 2196 βίῳ
3721 2141 3872 2176 κακο-

467 2211 598 2267 des.
629 2212 843 2266 Beatus
858 2215 1059 2266 autem
1073 2226 1178 2282 ego
1193 2226 1262 2265 ac
1291 2210 1611 2266 Christiani
1634 2229 1865 2281 omnes,
1896 2215 1997 2285 qui
2013 2213 2105 2270 bo-

2226 2215 2568 2283 παθήσωσιν,
2629 2209 2775 2265 ἀλλά
2825 2209 2917 2264 τὸν
2978 2208 3246 2264 ἀθάνατον
3314 2214 3415 2278 τῆς
3471 2207 3867 2273 ἀνταποδόσεως

466 2317 614 2356 num
627 2299 1222 2372 acbenignumDeum
1235 2299 1698 2356 habemus.Nam
1711 2303 1813 2372 qui
1826 2303 1879 2358 ei
1892 2305 2105 2360 cultum

2231 2306 2386 2363 298
2441 2302 2649 2377 καρπὸν
2700 2301 3062 2376 τρυγήσουσιν
3115 2296 3167 2354 ἐν
3214 2296 3284 2372 τῇ
3334 2295 3586 2375 βασιλείᾳ
3627 2306 3724 2370 τῆς
3767 2301 3870 2356 ἀτε-

461 2389 1011 2457 adhibent,etiamsi
1029 2389 1102 2444 ad
1115 2388 1290 2444 breve
1302 2389 1544 2460 aliquod
1558 2396 1794 2463 tempus
1808 2393 1868 2448 in
1882 2395 1990 2450 hac
2003 2397 2105 2453 vita

2230 2394 2499 2466 λεύτητου
2527 2392 2618 2448 καὶ
2649 2390 2795 2455 θείας
2831 2389 3255 2463 μακαριότητος.

461 2480 642 2536 rebus
670 2479 938 2536 adversis
969 2479 1410 2549 conﬂictentur,
1444 2485 1504 2536 at
1532 2480 1933 2540 immortalem
1963 2490 2166 2545 tamen
2192 2487 2487 2545 mercedis
2507 2484 2765 2539 fructum
2788 2482 2849 2536 in
2871 2481 3249 2552 sempiterna
3281 2495 3348 2538 ac
3376 2480 3600 2537 divinas
3627 2481 3866 2538 beatitu-

459 2569 622 2626 dinis
641 2585 827 2643 regno
849 2569 1206 2641 percipient.

528 2662 662 2717 CAP.
687 2659 1154 2715 XXXll.—-Dixit
1173 2663 1373 2714 autem
1391 2659 1466 2715 ad
1489 2661 1920 2720 eumTheudas:
1944 2668 2028 2722 En
2051 2667 2119 2723 il-

451 2749 556 2806 lud
571 2749 956 2822 perspicuum
970 2748 1306 2819 est,multos
1319 2754 1377 2803 et
1391 2765 1635 2822 magnos
1649 2757 1708 2806 et
1719 2755 2018 2825 sapientes
2029 2758 2116 2812 vi-

450 2856 550 2895 ros
563 2844 742 2910 atque
756 2839 1212 2910 interpretes,ac
1229 2844 1350 2894 tum
1367 2839 1580 2895 virtute
1597 2846 1719 2896 tum
1735 2842 2005 2902 doctrina
2017 2846 2118 2902 ad-

450 2928 783 2996 mirabiles,
813 2928 1167 3000 religionem
1201 2934 1468 2984 nostram
1483 2929 1836 2998 instituisse,
1874 2950 2116 2992 omnes-

451 3034 570 3090 que
583 3017 746 3074 orbis
759 3023 932 3073 terraa
945 3034 1114 3090 reges
1127 3033 1195 3072 ac
1211 3018 1513 3090 principes
1527 3035 1659 3075 eam
1673 3026 1740 3076 ut
1759 3023 2113 3093 prmclaram

451 3113 633 3178 atque
645 3107 1343 3178 omnipericulovacuam
1357 3109 1664 3180 excepisse
1690 3127 1704 3177 ;
1731 3112 2111 3170 Galilaeorum

2300 2669 2463 2724 ΚΕΦ.
2497 2662 2623 2720 AB‘.
2683 2662 2826 2739 Ἔφη
2889 2656 2947 2715 δὲ
2998 2659 3136 2734 πρὸς
3187 2656 3349 2714 αὐτὸν
3398 2659 3428 2714 6
3475 2656 3696 2723 Θευδᾶς.
3725 2657 3857 2718 Ἰδοὺ

2226 2756 2455 2835 φανερόν
2489 2751 2655 2816 ἔστιν,
2711 2749 2795 2806 ὅτι
2826 2750 2926 2818 τήν
2977 2749 3098 2813 καθ’
3146 2750 3296 2821 ἡμᾶς
3347 2749 3636 2825 θρησκείαν
3666 2747 3859 2806 πολλοὶ

2222 2847 2313 2902 xui
2349 2843 2576 2920 μεγάλοι
2609 2841 2791 2918 σοφοὶ,
2847 2839 2938 2895 καὶ
2999 2839 3282 2915 ἐξηγηταὶ,
3332 2839 3423 2894 καὶ
3453 2840 3742 2914 θαυμαστοὶ
3767 2841 3861 2910 τὴν

2224 2936 2420 3010 ἀρετὴν
2451 2933 2544 2988 καὶ
2603 2930 2939 3002 ἐπιστήμην,
2999 2926 3422 3001 ἐνομοθέτησαν,
3479 2929 3572 2984 καὶ
3599 2928 3781 2990 πάντες
3811 2929 3859 2982 οἱ

2226 3022 2472 3100 βασιλεῖς
2498 3029 2600 3092 τῆς
2654 3027 2759 3096 γῆς
2803 3018 2894 3074 καὶ
2955 3015 3207 3072 δυνάσται
3264 3018 3341 3082 ὡς
3376 3017 3549 3087 καλὴν
3579 3017 3663 3072 καί
3694 3013 3851 3090 μηδὲν

2221 3113 2492 3194 σφαλερὸν
2524 3109 2758 3186 ἔχουσαν
2815 3105 3083 3180 ἐδέξαντο,
3142 3107 3243 3176 τὴν
3296 3103 3354 3162 δὲ
3403 3111 3507 3162 τῶν
3553 3103 3848 3162 Γαλιλαίων

450 3203 661 3254 contra
690 3197 1024 3252 doctrinam
1046 3197 1302 3253 rusticos
1327 3200 1618 3269 quosdam
1647 3216 1715 3256 ac
1735 3218 2030 3274 pauperes
2053 3211 2105 3260 et

2220 3193 2474 3278 ἄγροικοι
2541 3223 2709 3268 τινες,
2767 3199 2992 3274 πτωχοί
3049 3219 3107 3254 τε
3160 3196 3251 3252 καὶ
3309 3196 3543 3259 εὐτελεῖς
3604 3193 3849 3269 ἐκήρυξαν

449 3286 718 3358 abjectos
740 3286 917 3355 viros,
943 3303 1163 3357 eosque
1185 3304 1538 3359 perpaucos,
1560 3305 1672 3345 nec
1701 3291 1906 3361 plures
1927 3309 2105 3364 quam

2220 3289 2430 3367 ἄνδρες,
2488 3291 2578 3347 καὶ
2636 3290 2794 3345 αὐτοὶ
2843 3287 3203 3362 εὐαρίθμητοι
3256 3286 3348 3342 καὶ
3401 3288 3478 3360 μὴ
3523 3287 3632 3342 τῶν
3661 3281 3861 3340 δώδεκα

445 3375 1327 3448 duodecim,prmdicasse.Num
1343 3377 1889 3450 igiturignobilium
1903 3398 1970 3438 ac
1981 3400 2105 3438 rus-

2220 3383 2278 3437 τὸ
2311 3381 2511 3458 μέτρον
2547 3375 2988 3456 ὑπερϐαίνοντες.
3051 3379 3176 3441 Πῶς
3203 3374 3296 3431 οὖν
3347 3381 3454 3430 τῶν
3491 3375 3714 3450 ὀλίγων,
3742 3372 3870 3444 ἀσή-

447 3465 704 3521 ticorum
733 3464 1078 3537 prmdicatio
1109 3465 1435 3521 multorum
1465 3483 1535 3522 ac
1562 3485 1919 3540 magnorum
1947 3471 2105 3528 viro-

2220 3492 2336 3545 μων
2363 3491 2421 3527 τε
2449 3470 2542 3526 καὶ
2593 3468 2894 3546 ἀγροίκων,
2950 3470 3014 3522 τὸ
3067 3468 3324 3542 κήρυγμα
3369 3463 3742 3540 προτιμητέον
3770 3469 3869 3531 τῆς

440 3571 580 3610 rum
594 3555 816 3627 quique
832 3559 995 3610 tanta
1007 3555 1315 3626 sapientiae
1328 3554 1502 3610 laude
1517 3555 2105 3631 ﬂoruerunt,legibus

2220 3565 2320 3616 τῶν
2352 3558 2582 3616 πολλῶν
2636 3560 2724 3615 καὶ
2790 3556 3042 3635 μεγάλων
3097 3556 3188 3612 xui
3247 3553 3409 3632 σοφίᾳ
3451 3554 3686 3628 τοσαύτῃ
3717 3549 3864 3625 λαμ-

439 3645 927 3716 atqueinstitutis
939 3644 1135 3716 potior
1146 3643 1424 3700 habenda
1437 3650 1528 3701 est
1550 3647 1579 3702 ‘I
1606 3647 1757 3712 Quid
1776 3655 1974 3706 autem
1997 3652 2105 3708 ha-

2220 3651 2424 3726 ψάντων
2455 3651 2779 3725 νομοθεσίας
2806 3670 2822 3719 ;
2850 3649 2934 3712 τίς
2965 3645 3022 3703 δὲ
3062 3649 3098 3718 ἡ
3151 3643 3426 3717 ἀπόδειξις
3455 3642 3685 3708 τούτους
3723 3641 3863 3714 ἀλη-

439 3735 547 3790 bes
572 3735 732 3791 unde
761 3735 872 3790 hos
903 3751 1044 3791 vera
1058 3734 1420 3798 dicere,illos
1436 3737 1675 3791 mentiri
1699 3737 2107 3797 demonstres?

511 3827 769 3881 Rursum
799 3825 979 3898 igitur
1009 3824 1166 3895 regis
1200 3823 1363 3880 illius
1389 3826 1742 3898 respondit:
1766 3829 1987 3886 Asinus
2015 3848 2099 3902 es,

437 3933 474 3972 o
505 3915 769 3985 Theuda,
799 3920 867 3970 ut
895 3913 1013 3970 dici
1045 3914 1220 3983 solet,
1251 3914 1442 3986 lyram
1473 3916 1746 3986 audiens,
1795 3925 1972 3992 atque
2005 3922 2100 3976 in-

434 4005 710 4062 tellectus
741 4022 954 4078 expers
981 4021 1271 4061 manens:
1323 4005 1432 4073 vel,
1484 4011 1550 4061 ut
1594 4008 1816 4065 rectius
1866 4009 2100 4084 loquar,

435 4095 801 4168 aspis,aures
823 4095 1214 4163 obturans,ne
1237 4095 1520 4166 pruaclare
1539 4096 1980 4156 incantantium
1999 4118 2100 4156 vo-

438 4201 570 4242 cem
589 4185 875 4242 exaudias
902 4183 1074 4256 (Psal.
1106 4186 1258 4253 Lm).
1287 4187 1466 4241 Recte
1496 4185 1678 4259 igitur
1707 4187 1778 4243 de
1803 4194 1859 4244 te
1896 4205 1931 4245 a
1959 4208 2100 4262 pro-

435 4275 618 4348 pheta
648 4274 874 4330 dictum
906 4278 1033 4329 est:
1068 4274 1126 4329 Si
1156 4279 1391 4331 mutare
1439 4281 1621 4347 queat
1669 4278 1937 4352 Aithiops
1969 4281 2098 4352 pel-

435 4365 559 4420 lem
591 4381 783 4432 suam,
816 4380 884 4419 ac
914 4363 1138 4436 pardus
1167 4364 1482 4420 varietates
1532 4381 1690 4432 suas,
1746 4371 1807 4422 tu
1857 4385 2096 4440 quoque

437 4453 615 4509 stulte
633 4459 694 4509 et
709 4453 1239 4520 caace,benefacere
1265 4455 1509 4525 poteris,
1543 4471 1680 4511 cum
1698 4457 1856 4513 mala
1867 4457 2063 4514 didice
2081 4489 2096 4502 ο

432 4542 538 4598 ris.
588 4543 742 4608 Quin
787 4547 846 4597 te
896 4543 980 4598 vis
1026 4543 1291 4599 veritatis
1339 4560 1518 4600 sensu
1549 4545 1780 4602 afﬁcit?
1808 4549 1952 4603 Nam
1984 4549 2095 4605 hoc

431 4631 629 4704 ipsum
651 4630 811 4703 quod
833 4632 984 4700 ais,a
997 4631 1201 4688 multis
1214 4631 1553 4689 admirabili
1569 4635 1863 4708 sapientia
1875 4637 2094 4710 prmdi-

432 4721 510 4776 tis
524 4721 667 4776 viris
688 4720 950 4777 nefarios
973 4726 1108 4778 tuos
1129 4723 1327 4778 cultus
1348 4721 1602 4792 laudari,
1627 4729 1806 4796 atque
1829 4742 1864 4781 a
1883 4726 2092 4783 multis

2213 3740 2409 3812 Θεύειν,
2442 3741 2724 3804 κάκείνους
2746 3738 3035 3816 ψεύδεσθαι
3064 3757 3078 3808 ;

2283 3830 2449 3896 Αὖθις
2481 3830 2574 3886 οὖν
2602 3831 2631 3886 6
2671 3835 2774 3886 τοῦ
2829 3827 3102 3905 βασιλέως
3144 3826 3264 3890 υίὸς
3313 3824 3658 3900 ἀπεκρίνατο·
3693 3823 3870 3900 Τάχα,

2211 3918 2402 3992 Θευδῦ,
2461 3915 2587 3976 ὄνος
2647 3921 2714 3992 εἶ,
2764 3920 2827 3975 τὸ
2884 3923 2982 3974 τοῦ
3042 3916 3234 3991 λόγου,
3297 3915 3466 3984 λύρας
3513 3913 3730 3970 ἀκούων
3764 3917 3874 3987 (80)

2208 4010 2297 4065 xui
2331 4008 2584 4072 ἀσύνετος
2646 4008 2842 4082 μενων,
2907 4005 3123 4082 μᾶλλον
3175 4002 3234 4060 δι
3290 4002 3454 4066 ἀσπὶς
3489 4003 3637 4079 βύων
3669 4003 3740 4059 τὰ
3761 4005 3872 4059 ὦτα

2205 4105 2305 4154 τοῦ
2337 4100 2415 4172 μὴ
2447 4097 2675 4154 ἀκοῦσαι
2733 4104 2918 4176 φωνῆς
2972 4091 3284 4167 ἐπᾳδόντων
3317 4089 3692 4167 (81).-Καλῶς
3723 4090 3815 4148 οὐν
3844 4092 3872 4147 6

2207 4190 2501 4267 προφήτης
2529 4188 2643 4243 εἶπε
2690 4185 2816 4262 περὶ
2873 4189 2988 4241 σοῦ·
3053 4183 3116 4240 Ei
3169 4186 3284 4257 (82)
3342 4179 3641 4253 ἀλλάξεται
3674 4180 3878 4256 Αῗθίοψ

2205 4279 2268 4333 τὸ
2299 4275 2472 4354 δέρμα
2504 4277 2674 4332 αὐτοῦ
2728 4275 2820 4331 καὶ
2877 4271 3150 4350 πάρδαλις
3196 4271 3264 4327 τὰ
3303 4269 3656 4343 ποικίλματα
3685 4270 3877 4343 αὐτῆς,

2204 4366 2296 4423 καὶ
2355 4368 2418 4421 σὺ
2476 4363 2684 4441 δυνήσῃ
2744 4364 2800 4421 εὐ
2857 4370 3085 4433 ποιῆσαι
3141 4360 3478 4435 μεμαθηκὼς
3507 4359 3676 4416 κατὰ.
3709 4360 3880 4434 Μωρὶ

2203 4457 2293 4511 καὶ
2317 4455 2512 4533 τυφλὶ,
2542 4460 2663 4520 πῶς
2695 4455 2795 4512 οὐκ
2852 4452 2969 4531 ἄγει
3023 4474 3083 4508 σε
3143 4451 3222 4514 είς
3255 4449 3508 4522 αἴσθησιν
3539 4452 3580 4520 ἡ
3607 4458 3712 4522 τῆς
3744 4449 3880 4522 ἀλη-

2203 4548 2350 4610 Θείας
2383 4550 2538 4606 204
2570 4546 2768 4622 ίσχύς;
2802 4548 2980 4603 Τοῦτο
3029 4544 3131 4620 γάρ
3179 4541 3310 4597 αὐτὸ
3355 4541 3420 4596 τὸ
3459 4540 3615 4614 παρά
3645 4538 3880 4597 πολλῶν

2207 4637 2302 4710 μὶν
2358 4635 2446 4691 ἰπὶ
2505 4635 2668 4712 σοφίᾳ
2721 4635 3156 4708 θαυμαζομένων
3220 4630 3560 4694 ἐπαινεῖσθαι
3604 4629 3677 4686 τά
3711 4631 3885 4707 μιαρὰ

2203 4747 2300 4782 σου
2333 4721 2667 4798 σεϐάσματα,
2699 4724 2848 4798 παρά
2895 4720 3126 4780 πολλῶν
3181 4718 3240 4777 δὲ
3301 4717 3578 4795 βασιλέων
3613 4721 3885 4797 κρατύνε-

415 4810 668 4885 regibus
690 4811 1059 4878 confirmari,
1083 4816 1410 4884 contraque
1440 4813 1850 4886 Evangelicam
1872 4815 2092 4887 praedi-

2220 4818 2346 4884 ιΘαι,
2381 4815 2444 4870 τὸ
2471 4812 2531 4870 δὲ
2561 4817 2823 4892 κηρυγμα
2857 4817 2956 4870 τοῦ
3006 4810 3346 4888 Εὐαγγελίου
3376 4809 3504 4885 παρ’
3535 4808 3758 4886 ὀλίγων
3790 4810 3882 4866 καὶ

431 4901 730 4958 cationem
752 4917 787 4958 a
815 4901 1042 4974 paucis,
1076 4901 1269 4973 iisque
1288 4901 1561 4958 obscuris
1589 4902 1729 4959 viris
1751 4903 2089 4976 prmdicari,

405 5029 412 5052 .-
427 4990 489 5050 id
508 5009 645 5052 vero
661 4996 787 5048 tum
800 4991 1109 5064 religionis
1125 4995 1346 5049 nostra:
1362 4990 1501 5063 vim,
1533 4996 1660 5049 tum
1678 4991 2086 5066 improborum

498 5167 610 5311 (‘79;
643 5165 888 5222 Videtur
916 5182 1048 5222 esse
1079 5165 1140 5220 in
1173 5167 1220 5220 Α
1248 5165 1505 5221 varietas
1535 5163 1996 5236 ἀπολάμπουσαν.

494 5240 588 5308 (80
617 5239 720 5311 De
753 5238 866 5294 hoc
893 5237 1208 5311 proverbio
1239 5237 1533 5311 monitum
1563 5237 1676 5292 fuit
1715 5238 1790 5311 ad
1833 5239 1996 5311 Arist

422 5307 560 5387 ἐμοῦ
591 5307 1028 5387 ζλέγοντοςξλιαὶ
1075 5311 1278 5387 χειρῶν
1312 5308 1633 5387 ⁵ἁπτομένῳ
1692 5309 1785 5363 καὶ
1838 5310 2001 5383 μόνον
2071 5310 2131 5367 οὐ
2176 5307 2566 5387 ςδακρύοντοξ,
2619 5314 2691 5387 οὐ-
2752 5311 2966 5387 μᾶλλον
3016 5309 3305 5387 ἤκουεν-ἢ

421 5379 568 5472 ὄνοςξ
595 5379 1121 5472 Ιοείηηθενὶιίεεοεξ
1149 5381 1278 5470 γὶιξι
1304 5379 1547 5472 ξοξιιιῐιίε
1579 5379 1848 5472 Damasci
1887 5402 1947 5472 ρἶ
1979 5388 2082 5440 249

2220 5391 2233 5439 ι
2282 5379 2644 5472 μίισόχριστος
2677 5379 2882 5472 ἐκεῖνος
2925 5379 3284 5472 ἅρχωνξπρὸς
3312 5381 3380 5464 τᾲ

2201 4906 2434 4978 ἀσήμων
2493 4902 2703 4980 ἀνδρῶν
2785 4908 3159 4980 κηρυχθῆναι,
3247 4896 3478 4954 δεικνύει
3545 4901 3655 4969 τῆς
3713 4901 3882 4973 ἡμῶν

2205 4989 2512 5060 θεοσεϐείας
2567 4994 2671 5064 τὴν
2731 4993 2892 5071 ἰσχὺν
2953 4991 3045 5048 καὶ
3101 4993 3213 5046 τῶν
3275 4987 3554 5066 ὑμετέρων
3611 4993 3882 5064 πονηρῶν

641 5239 720 5294 De
753 5238 866 5294 hoc
893 5237 1208 5310 proverbio
1239 5237 1533 5293 monitum
1563 5237 1676 5292 fuit
1715 5238 1790 5293 ad
1833 5239 2108 5298 Aristum.
2156 5259 2198 5310 ι,
2248 5259 2342 5314 ep.
2397 5246 2484 5312 17,
2531 5259 2593 5314 p.
2643 5244 2769 5299 473.
2817 5241 3102 5299 Libanius
3133 5243 3174 5294 t.
3207 5241 3304 5304 IV,
3337 5251 3468 5365 pag.
3501 5237 3612 5290 837
3642 5251 3657 5292 :
3687 5238 3879 5292 Ταῦτα

641 5307 891 5365 .ἐγοντος.
938 5308 1028 5363 καὶ
1075 5311 1278 5365 γειοῶν
1323 5308 1633 5365 ἁπτομένου
1692 5309 1785 5363 καὶ
1839 5310 2001 5365 μόνον
2071 5310 2131 5365 οὐ
2213 5309 2566 5365 δακούοντοε.
2619 5314 2684 5365 οὐ
2753 5311 2966 5365 μᾶλλον
3016 5309 3215 5365 *ἤκουεν
3269 5309 3304 5365 il
3392 5307 3524 5365 ὐρας
3579 5306 3876 5362 ἀκούσειεν

3392 5330 3421 5361 υ

3415 5306 3524 5434 ξας
3579 5306 3876 5362 ἀκούσειεν

3450 5379 3519 5432 πὸ
3545 5382 3652 5432 τοῦ
3685 5378 3876 5434 Ἰωάν-

3450 5379 3519 5432 πὸ
3545 5382 3652 5432 τοῦ
3685 5378 3879 5434 Ἰωάν-

417 5473 514 5532 νου
541 5451 811 5532 λεγόμενα
841 5447 970 5532 ι’ξνος
997 5453 1063 5522 ἦν
1101 5449 1283 5532 λύρας.
1303 5451 1546 5532 ἀκούων,
1569 5455 1732 5532 τοῦτο
1880 5447 2038 5532 ᾦάναι
2087 5477 2105 5511 ⁴Ι

2220 5447 2300 5526 τῆς
2347 5447 2674 5532 παροιμίας.
2712 5460 2875 5532 Lusit
2902 5447 3296 5532 non'inﬁc'ete
3325 5455 3485 5532 circa
3623 5469 3874 5524 prover-

417 5523 585 5581 bium
617 5523 986 5581 Stratonicus
1017 5541 1112 5596 ap.
1144 5525 1490 5597 Machonem
1520 5525 1791 5582 Athenaei
1822 5523 1934 5597 vui,
1968 5529 2057 5596 41,
2089 5547 2142 5584 v.
2174 5523 2264 5586 5οζ
2298 5523 2463 5586 Adde
2499 5523 2717 5587 Vallin.
2751 5531 2826 5586 ad
2859 5533 3020 5586 Boet.
3051 5530 3125 5586 de
3156 5526 3392 5585 Consol.
3429 5543 3486 5597 p.
3523 5526 3615 5597 εδ.

479 5597 949 5680 ’(81)Ῥεᾶι.ηῐνιι,
979 5592 1292 5680 ξιξ-ῥυμὸς
1337 5595 1524 5659 αὐτοῖς
1571 5597 1710 5680 κατα
1761 5597 1862 5680 rint
1921 5592 2191 5672 ὃμοίωσιν
2249 5604 2347 5656 τοῦ
2403 5597 2604 5680 ὄφεως,
2659 5601 2792 5658 ὡσεὶ
2848 5598 3081 5663 ἀσπίδος
3137 5605 3329 5675 κωφῆς
3375 5592 3469 5651 καὶ
3521 5592 3782 5668 βυούσης
3809 5595 3882 5651 τὰ

419 5663 548 5745 ιῖἱτὲα⁸
565 5663 760 5745 αὐτῆς,
788 5667 908 5735 ἣτις
931 5663 1443 5745 οὐκ-είσακούσεται
1476 5666 1662 5745 φωνὴν
1691 5663 2024 5743 ἐπᾳδόντων.

499 5739 612 5810 (82)
642 5740 857 5795 Jerem.
890 5755 1015 5810 xm,
1045 5741 1134 5792 23.

636 5858 715 5916 ἰώ
