4112 6380
321 387 467 444 1169

1489 390 1665 443 VITA
1699 377 2051 440 BARLAAM
2088 379 2182 432 ΒΤ
2219 375 2558 433 JOASAPH.

3601 374 3743 433 1170

318 509 467 582 ἄξιον
522 506 967 582 ἐπιδειξαμενους
1008 505 1271 583 ἀνδριάσι
1340 508 1550 586 Λέγεται
1608 508 1699 564 καὶ
1754 503 1983 576 στήλαις

2098 505 2191 557 tus
2212 501 2303 556 vel
2324 500 2549 556 strenui
2569 497 2876 568 animi,vel
2892 496 3287 554 amicitiamel
3306 498 3636 571 cujuspiam
3658 503 3747 556 aI-

317 603 572 673 τιμῆσαι.
608 598 674 655 Οἱ
708 594 766 652 δὲ
802 597 939 671 μετὰ
992 602 1159 653 ταῦτα
1213 600 1312 668 τὴν
1370 604 1478 653 τῶν
1536 598 1826 674 προγόνων
1882 595 1974 669 ἀγ·

318 692 615 760 νοήσαντες
668 688 922 763 γνώμην,
972 688 1063 741 καὶ
1119 686 1236 754 ὅτι,
1291 690 1517 761 μνήμης
1573 685 1725 742 ἕνεκα
1786 686 1976 757 μόνον,

319 785 437 842 τοῖς
474 776 759 834 ἐπαινετόν
816 798 866 831 τι
924 778 1215 846 ποιήσασιν
1272 776 1590 852 ἀνδριαντας
1620 776 1708 831 καὶ
1768 772 1976 844 στήλας

317 870 657 940 ἀνέστησαν,
707 867 841 921 κατᾶ
892 867 1087 942 μικρὸν
1130 866 1488 941 πλανώμενοι
1542 871 1609 940 τῇ
1657 870 1755 921 τοῦ
1809 866 1975 938 ἀρχε-

316 958 489 1013 κάκου
550 956 808 1031 δαίμονος
862 954 1128 1031 ἐνεργείᾳ,
1190 957 1263 1018 ὡς
1320 954 1601 1019 ἀθανάτοις
1662 960 1808 1018 θεοῖς
1862 956 1979 1013 τοῖς

321 1046 685 1121 ὁμοιοπαθέσι
715 1043 804 1100 καὶ
863 1050 1125 1122 φθαρτοῖς
1184 1044 1491 1120 ἀνθρώποις
1552 1045 1978 1119 προσετέθησαν,

317 1136 412 1191 καὶ
466 1136 650 1198 θυσίας
707 1135 897 1198 αὐτοῖς
974 1133 1063 1189 καί
1124 1132 1359 1197 σπονδὰς
1428 1133 1813 1205 ἐπενοήσαντο,
1867 1135 1978 1185 τῶν

321 1220 598 1299 δαιμόνων
656 1222 917 1295 δηλονότι
974 1228 1091 1284 τοῖς
1148 1222 1357 1294 ξοάνοις
1415 1223 1840 1293 ἐνοικησάντων,
1887 1218 1979 1275 καὶ

316 1315 455 1389 πρὸς
498 1313 729 1375 ἑαυτοὺς
780 1314 882 1381 τήν
941 1314 1111 1386 τιμὴν
1163 1316 1253 1368 καί
1312 1315 1409 1376 τὰς
1466 1314 1651 1374 θυσίας
1715 1308 1979 1385 μεθελκυ-

318 1405 547 1463 σάντων.
596 1406 829 1460 Ἐκεῖνοι
889 1404 1072 1458 τοίνυν
1132 1402 1261 1465 τοὺς
1318 1404 1395 1477 μὴ
1431 1401 1829 1476 δοκιμάζοντας
1886 1398 1981 1453 τὸν

321 1492 450 1548 Θεὸν
485 1491 629 1567 ἔχειν
664 1491 713 1546 ἐν
748 1490 1041 1567 ἐπιγνώσει
1084 1492 1327 1556 πείθουσι
1378 1494 1530 1555 θεοὺς
1582 1491 1781 1555 αὐτοὺς
1827 1491 1981 1562 ἡγεῖ-

329 1594 475 1649 σθαι,
511 1578 656 1635 δυοῖν
688 1581 872 1656 χάρινο
923 1581 993 1635 ’ἐν’
1042 1580 1194 1636 αὐτοὶ
1250 1583 1344 1654 μὲν
1394 1587 1462 1656 τῇ
1512 1581 1859 1656 προσηγορίᾳ
1890 1576 1983 1633 δο-

333 1672 576 1743 ξαζοιντο
601 1670 764 1743 ταύτῃ
794 1668 1041 1744 (ἥδονται
1082 1671 1207 1746 γὰρ,
1246 1673 1338 1725 ἅτε
1383 1673 1617 1745 πλήρεις
1663 1670 1983 1738 ἀλαζονείας

335 1755 501 1829 ὄντες,
534 1760 607 1821 ὡς
661 1758 772 1814 θεοὶ
832 1761 1135 1834 τιμᾶσθαι),
1200 1759 1398 1822 αὐτοὺς
1456 1757 1514 1815 δὲ
1568 1759 1661 1821 οὕς
1692 1760 1980 1829 ἠπατήκα-

333 1871 409 1904 σιν
460 1847 535 1911 εἷς
590 1848 652 1903 16
702 1847 1110 1921 ἡτοιμασμένον
1165 1849 1353 1911 αὐτοῖς
1403 1844 1656 1904 ἄσϐεστον
1708 1847 1977 1903 έλκύσωσι
2015 1876 2059 1939 Β

326 1939 567 2012 πῦρ
622 1938 780 1995 Ὀθεν
839 1944 1012 1992 πᾶσαν
1074 1937 1269 1999 αὐτοὺς
1327 1936 1573 2009 ἐδίδαξαν
1632 1935 1977 2011 παρανομίαν

323 2026 414 2082 καὶ
472 2026 835 2102 αἰσχρότητα,
896 2027 971 2089 ὡς
1030 2026 1167 2098 ἅπαξ
1223 2027 1598 2103 ὑποπαγέντας
1637 2031 1706 2100 τῇ
1762 2025 1980 2081 ἐκείνων

327 2114 530 2189 ἀπάτῃ.
561 2114 681 2172 Ἐπὶ
738 2119 930 2172 τοῦτον
991 2117 1085 2171 οῦν
1144 2115 1236 2171 τὸν
1296 2115 1591 2194 κολοφῶνα
1643 2121 1751 2170 τῶν
1800 2118 1981 2169 κακῶν

326 2204 583 2269 ἐλθόντες
639 2206 691 2261 o't
750 2202 1047 2281 ἅνθρωποι,
1112 2205 1484 2280 ἐσκοτισμένοι
1537 2202 1707 2275 ὄντες,
1757 2201 1983 2267 ἕκαστος

319 2299 420 2349 τοῦ
480 2292 629 2349 ἰδίου
687 2295 893 2360 πάθους
948 2296 1038 2351 καὶ
1086 2303 1187 2366 τῆς
1248 2294 1391 2358 ἰδίας
1452 2294 1742 2368 ἐπιθυμίας
1794 2290 1987 2364 ἔστησε

318 2383 535 2455 στήλην
573 2427 588 2454 ,
643 2386 732 2439 καὶ
797 2386 914 2449 θεὸν
976 2388 1127 2443 299
1188 2384 1475 2457 ὠνόμασε,
1540 2382 1830 2458 βδελυκτοὶ
1886 2389 1985 2452 τῆς

314 2470 557 2544 πλάνης,
615 2470 1161 2548 βδελυκτότεροιτῆς
1219 2473 1449 2538 ἀτοπίας
1477 2479 1584 2529 τῶν
1643 2493 1985 2547 προσκυνου-

322 2566 499 2637 μένων
532 2564 849 2641 γενόμενοι.
882 2567 1027 2629 Ἒως
1069 2565 1248 2621 ἐλθὼν
1282 2568 1309 2622 6
1342 2565 1539 2642 Κύριος
1571 2563 1661 2619 διὰ
1692 2563 1986 2639 σπλάγχνα

313 2653 509 2717 ἐλέους
542 2657 617 2729 (3)
647 2653 812 2709 αὐτοῦ
868 2654 1212 2730 ἐλυτρώσατο
1262 2657 1412 2727 ἡμᾶς
1456 2656 1585 2717 τοὺς
1632 2653 1983 2715 πιστεύοντας

317 2744 472 2815 αὐτῷ
499 2751 601 2814 τῆς
646 2749 895 2820 πονηρᾶς
943 2745 1146 2815 ταύτης
1179 2744 1269 2800 καὶ
1321 2743 1577 2819 ὀλεθρίου
1625 2743 1862 2812 πλάνης,
1895 2744 1984 2797 καὶ

316 2831 531 2904 ἐδίδαξε
559 2835 658 2904 τὴν
710 2833 894 2905 ἀληθῆ
952 2834 1299 2911 θεογνωσίαν.
1357 2833 1470 2892 Οὐκ
1527 2829 1772 2908 ἔστιγὰρ
1807 2854 1984 2902 σωτη-

316 2922 435 2996 ρία,
469 2922 514 2978 εἰ
559 2923 636 2997 μή
695 2921 746 2977 ἐν
782 2921 930 2996 αὐτῷ
986 2926 1082 2995 (4),
1134 2922 1226 2977 καὶ
1286 2923 1389 2977 οὐκ
1444 2917 1584 2977 ἔστιν
1649 2919 1821 2983 ἄλλος
1869 2922 1986 2982 θεὸς

316 3009 451 3066 οὔτε
509 3010 560 3066 ἐν
618 3010 849 3085 οὐρανῷ,
910 3009 1034 3067 οὕτε
1086 3010 1175 3066 ἐπὶ
1204 3010 1329 3086 γῆς,
1381 3010 1423 3066 εἷ
1488 3013 1563 3084 μὴ
1626 3010 1784 3071 αὐτὸς
1819 3011 1986 3083 μόνος

314 3101 343 3155 6
409 3104 510 3155 106
568 3101 765 3163 παντὸς
826 3102 1087 3173 ποιητὴς,
1129 3101 1359 3155 ὁπαντα
1416 3101 1593 3177 φέρων
1646 3104 1725 3172 τῷ
1780 3098 1985 3175 ῥήματι

308 3192 417 3259 τῆς
481 3187 762 3263 δυνάμεως
813 3191 1109 3263 αὐτοῦ
1151 3193 1243 3260 Τῷ
1301 3188 1453 3264 λόγῳ
1502 3189 1627 3264 γὰρ,
1688 3188 1821 3266 φησί
1880 3191 1979 3261 (6),

309 3279 526 3355 Κυρίου
576 3280 629 3333 οἱ
681 3278 908 3354 οὐρανοὶ
968 3279 1390 3355 ἐστερεώθησαν,
1452 3279 1653 3349 καὶτῷ
1711 3276 1980 3350 πνεύματι

310 3373 415 3424 τοῦ
478 3369 751 3443 στόματος
807 3368 972 3424 αὐτοῦ
1029 3374 1176 3423 πᾶσα
1229 3371 1263 3438 ἡ
1316 3366 1545 3441 δύναμις
1603 3368 1805 3422 αὐτῶν·
1865 3366 1977 3435 καὶ,

310 3460 495 3513 πάντα
524 3461 603 3532 (7)
635 3455 705 3513 δι’
736 3458 904 3514 αὐτοῦ
935 3456 1172 3533 ἐγένετο,
1202 3459 1293 3513 καὶ
1328 3458 1505 3534 χωρὶς
1558 3455 1723 3513 αὐτοῦ
1773 3455 1980 3531 ἐγένετο

318 3545 453 3603 οῦδὶ
480 3545 535 3603 ’ἐν
559 3548 588 3603 ’ὁ
613 3549 856 3624 γέγονεν.

2091 592 2274 646 terius
2290 590 2518 645 virtutis
2537 606 2685 661 Opus
2708 588 3000 644 memoria
3014 588 3258 660 dignum
3276 587 3746 657 edidissent,sta-

2090 681 2207 735 tuis
2230 697 2471 735 ornasse
2498 678 2733 734 dicitur.
2768 677 2995 732 Posteri
3028 680 3553 749 autem,majorum
3576 696 3747 734 men-

2093 774 2209 824 tem
2244 770 2605 841 ignorantes,
2638 784 2852 838 nempe
2900 766 3055 837 quod
3106 768 3412 822 memor-i113
3459 766 3747 823 duntaxat

2090 876 2267 914 causa
2290 859 2362 912 iis
2387 858 2485 929 qui
2516 858 2689 911 laude
2721 856 2964 928 dignum
2990 856 3218 926 aliquid
3252 857 3591 912 effecissent
3620 863 3741 912 sta-

2092 952 2223 1002 tuas
2254 952 2312 1002 et
2342 947 2650 1001 columnas
2678 945 3322 1012 erexissent,da3monis
3345 947 3468 1000 vitii
3492 948 3744 1003 auctrris

2091 1054 2271 1107 opera
2292 1036 2582 1107 paulatim
2604 1035 3253 1102 aberrantes,homines
3276 1035 3488 1091 iisdem
3510 1038 3746 1108 passio-

2090 1126 2268 1181 nibus
2300 1126 2585 1180 obnoxios
2617 1142 2685 1180 ac
2710 1125 3074 1195 corruptioni
3101 1124 3423 1196 subjectos,
3456 1132 3745 1198 tanquam

2090 1214 2460 1270 immortales
2491 1214 2633 1269 deos
2682 1214 3026 1279 adorarunt,
3058 1215 3468 1285 sacriﬁciaque
3500 1216 3646 1287 ipsis
3677 1233 3747 1271 ac

2090 1304 2379 1360 libamina
2432 1305 2878 1376 excogitarunt:
2944 1302 3316 1359 daemonibus
3363 1304 3639 1361 videlicet
3682 1305 3744 1360 in

2093 1394 2303 1448 statuis
2335 1393 2760 1458 habitantibus,
2796 1398 2974 1463 atque
3005 1392 3348 1462 hujusmodi
3370 1394 3657 1449 honorem
3689 1400 3749 1449 et

2094 1483 2386 1538 sacriﬁcia
2408 1483 2479 1537 ad
2505 1498 2632 1536 sese
2660 1481 3267 1552 pertrahentibus.llli
3293 1482 3490 1553 itaque
3517 1500 3616 1537 eos
3643 1482 3746 1553 qui

2093 1574 2280 1627 Deum
2310 1573 2369 1625 in
2403 1572 2614 1626 notitia
2646 1571 2861 1625 habere
2896 1570 3143 1624 minime
3194 1570 3449 1642 probant
3478 1571 3652 1641 (Dom.
3682 1575 3744 1638 ι),

2093 1661 2314 1732 duplici
2350 1661 2421 1715 de
2453 1678 2630 1715 causa
2661 1666 2725 1714 ut
2756 1677 2817 1715 se
2845 1660 2987 1714 deos
3021 1677 3151 1715 esse
3184 1660 3525 1715 existiment
3555 1660 3746 1716 addu-

2093 1756 2272 1805 cunt:
2308 1750 2514 1816 altera,
2548 1754 2614 1803 ut
2644 1749 2754 1820 ipsi
2787 1750 2899 1804 hoc
2922 1750 3167 1804 nomine
3198 1749 3747 1823 celebrentur,gau-

2093 1840 2238 1895 dent
2269 1841 2431 1895 enim
2463 1840 2598 1912 ipsi,
2630 1845 2832 1911 utpote
2864 1839 3020 1894 fastu
3051 1845 3228 1910 atque
3260 1840 3600 1912 arrogantia
3619 1840 3747 1911 ple-

2088 1932 2314 1998 ni,cum
2345 1931 2492 2002 ipsis
2524 1937 2807 2001 tanquam
2839 1930 2953 1985 diis
2974 1931 3166 1985 honor
3189 1931 3501 1998 tribuitur;
3534 1931 3743 1999 altera,

2090 2027 2155 2075 ut
2184 2039 2284 2076 eos
2316 2039 2466 2092 quos
2499 2022 2561 2075 in
2594 2020 2864 2076 fraudem
2892 2020 3236 2075 induxerint
3259 2021 3333 2076 ad
3350 2026 3746 2092 praeparatum

2091 2112 2203 2165 sibi
2234 2112 2664 2182 sempiternum
2698 2111 2896 2183 ignem
2946 2111 3206 2165 trahant.
3253 2112 3453 2181 quue
3502 2111 3747 2165 nomine

2090 2200 2251 2254 omni
2284 2200 2492 2272 ﬂagitii
2524 2217 2589 2255 ac
2642 2198 3025 2269 turpitudinis
3070 2216 3286 2271 genere
3316 2199 3476 2269 ipsos
3504 2198 3748 2253 erudie-

2091 2290 2405 2357 runt,adeo
2437 2294 2500 2343 ut
2533 2306 2741 2344 eorum
2772 2287 2965 2343 fraudi
3000 2289 3162 2358 atqui
3190 2289 3532 2359 imposturm
3565 2288 3751 2343 semel

2094 2380 2314 2435 addicti
2349 2380 2872 2447 homines,mentis
2906 2379 3168 2433 tenebris
3200 2379 3749 2449 circumfusi,atque

2093 2470 2166 2525 ad
2184 2470 2479 2524 malorum
2504 2470 2899 2541 colophonem
2912 2469 3337 2537 venientes,sui
3358 2469 3610 2539 quisque
3627 2468 3752 2522 vitii

2093 2578 2160 2615 ac
2184 2578 2304 2615 suae
2329 2560 2670 2631 cupiditatis
2692 2564 2946 2614 statuam
2974 2558 3535 2629 ﬁxerint,deumque
3557 2559 3752 2613 nomi-

2092 2651 2448 2714 narint.Qua
2481 2649 2722 2720 quidem
2754 2649 2815 2703 in
2846 2666 2931 2716 re,
2965 2665 3099 2703 cum
3133 2648 3351 2703 erroris
3384 2648 3474 2702 sui
3506 2648 3749 2702 nomine

2094 2739 2441 2795 exsecrandi
2465 2740 2739 2805 sint,tum
2754 2756 2892 2793 vero
2920 2738 2992 2792 ob
3010 2754 3214 2793 earum
3230 2754 3431 2792 rerum
3455 2753 3602 2807 quas
3615 2738 3752 2792 ado-

2094 2836 2230 2884 rant
2259 2829 2689 2883 absurditatem
2722 2828 2933 2899 majori
2978 2828 3383 2883 exsecratione
3433 2826 3642 2898 dignos
3688 2843 3751 2881 se

2093 2919 2499 2991 praebuerunt.
2532 2917 2595 2971 Id
2619 2923 2817 2971 autem
2843 2917 3049 2971 tandiu
3074 2918 3267 2971 locum
3292 2915 3519 2983 habuit,
3554 2915 3750 2987 quoad

2094 3010 2379 3065 Dominus
2394 3025 2501 3079 per
2514 3009 2737 3063 viscera
2753 3008 3175 3063 misericordia:
3192 3024 3311 3061 sua:
3325 3024 3436 3061 nos
3451 3006 3549 3076 qui
3566 3006 3754 3077 ipsius

2098 3098 2211 3154 ﬁde
2237 3097 2468 3169 praediti
2496 3114 2721 3161 sumus,
2752 3114 2819 3151 ex
2842 3096 3115 3167 improbo
3148 3114 3214 3151 ac
3236 3095 3519 3167 pestifero
3544 3094 3755 3166 hujus-

2096 3187 2257 3242 modi
2279 3204 2476 3241 errore
2491 3186 3040 3255 liberavit,veraque
3056 3185 3155 3239 Dei
3173 3184 3508 3257 cognitione
3522 3183 3755 3238 imbuit.

2096 3280 2296 3349 Neque
2322 3277 2484 3332 enim
2505 3276 2566 3330 in
2589 3276 2704 3331 alio
2728 3276 2851 3331 ullo
2875 3276 3038 3329 salus
3059 3280 3286 3343 est,nec
3318 3280 3537 3346 prmter
3558 3274 3755 3345 ipsum

2093 3368 2286 3422 solum
2318 3367 2420 3437 qui
2452 3365 2744 3420 mundum
2774 3366 2989 3433 effecit,
3024 3382 3090 3420 ac
3122 3364 3354 3419 virtutis
3410 3381 3531 3420 suae
3578 3363 3754 3419 verbo

2092 3459 2295 3513 omnia
2315 3462 2515 3529 portat
2536 3458 2718 3529 (Hebr.
2744 3459 2808 3526 1),
2833 3456 2986 3511 alius
3009 3456 3156 3511 deus
3182 3461 3283 3510 aut
3304 3455 3366 3508 in
3389 3454 3537 3509 ctelo
3560 3460 3663 3509 aut
3688 3455 3751 3509 in

2095 3554 2254 3603 terra
2285 3552 2392 3602 est.
2430 3547 2616 3601 Verbo
2679 3548 2838 3602 enim
2898 3545 3154 3613 Domini,
3187 3543 3383 3614 inquit
3436 3543 3559 3611 ille,
3613 3543 3749 3598 cmli

327 3640 552 3694 ﬁrmati
586 3645 743 3706 sunt,
772 3646 830 3695 et
861 3640 1076 3711 spiritu
1107 3639 1226 3695 oris
1258 3640 1388 3712 ejus
1419 3638 1616 3694 omnis
1644 3637 1830 3692 virtus
1862 3654 2067 3693 eorum
2099 3638 2272 3711 (Psal.
2307 3636 2485 3708 χχχιι)
2512 3654 2525 3705 ;
2549 3641 2727 3707 atque
2755 3637 2958 3691 omnia
3005 3652 3113 3706 per
3152 3634 3347 3705 ipsum
3391 3632 3547 3689 facta
3587 3637 3749 3701 sunt,

328 3735 388 3784 et
420 3730 547 3785 sine
577 3730 703 3801 ipso
735 3730 958 3785 factum
992 3735 1080 3786 est
1110 3730 1261 3786 nihil
1294 3728 1451 3801 quod
1474 3729 1696 3784 factum
1727 3733 1817 3782 est
1847 3731 2026 3797 (Joan.
2058 3729 2120 3800 ι).

395 3818 456 3875 Ὀ
486 3814 543 3873 δὲ
588 3815 809 3889 Θευδᾶς,
864 3817 1070 3873 τούτων
1126 3817 1356 3879 ἀκούσας
1411 3821 1521 3872 τῶν
1577 3814 1861 3891 ῥημάτων,
1893 3816 1983 3870 καὶ

316 3908 405 3964 ὅτι
468 3907 693 3983 πλήρης
726 3908 956 3985 ὅλόγος
1016 3905 1365 3973 θεοδιδάκτου
1424 3907 1613 3985 σοφίας
1668 3906 1982 3982 ἐτύγχανεν,

313 4002 416 4054 οἷα
475 3999 712 4074 βροντῆς
772 3998 903 4075 ἤχῳ
959 3997 1352 4075 καταπλαγεὶς,
1407 3997 1621 4069 ἀφωνία
1676 3996 1980 4072 συνείχετο.

312 4089 461 4163 Ὀψὲ
494 4086 550 4143 δὲ
588 4088 679 4144 καὶ
738 4087 901 4161 μόλις
958 4088 1035 4150 εἷς
1094 4086 1341 4159 αἶσθησιν
1405 4088 1579 4143 ἐλθὼν
1632 4095 1733 4156 τῆς
1792 4088 1984 4141 ἑαυτοῦ

315 4177 658 4248 ἀθλιότητος
692 4177 893 4251 (ἥψατο
932 4177 1032 4253 γὰρ
1089 4182 1196 4233 τῶν
1255 4176 1648 4250 ἐσκοτισμένων
1683 4174 1981 4253 ὀφθαλμῶν

312 4274 424 4336 τῆς
455 4263 682 4341 καρδίας
737 4268 905 4322 αὐτοῦ
933 4268 961 4322 6
993 4268 1265 4343 σωτήριος
1326 4265 1511 4340 λόγος,
1553 4265 1642 4320 καὶ
1675 4264 1852 4327 πολὺς
1880 4270 1986 4320 τῶν

316 4354 608 4431 προτέρων
666 4356 831 4412 αὐτοῦ
891 4355 1059 4431 εἰσῄει
1142 4356 1525 4431 μετάμελος),
1582 4354 1672 4410 καὶ
1729 4362 1829 4424 τῆς
1876 4359 1983 4410 τῶν

2166 3818 2436 3874 Theudas
2465 3822 2664 3874 autem
2687 3833 2820 3871 cum
2843 3815 2971 3870 haec
2999 3813 3176 3870 verba
3196 3812 3538 3881 audivisset,
3571 3818 3750 3883 atque

2094 3907 2437 3979 hujusmodi
2452 3923 2790 3963 sermonem
2806 3904 3088 3960 divinitus
3102 3903 3298 3958 infusa
3310 3902 3605 3973 sapientia
3622 3902 3748 3974 ple-

2093 4014 2238 4052 num
2255 4014 2382 4052 esse
2397 4001 2981 4067 cerneret,tanquam
2998 3992 3243 4048 tonitrui
3258 4010 3403 4047 sono
3416 3992 3747 4063 perculsus,

2095 4084 2332 4140 silentio
2361 4083 2962 4139 tenebatur.Tandem
2995 4087 3191 4137 autem
3216 4080 3539 4151 aliquando
3569 4080 3751 4134 mise-

2094 4174 2245 4229 riam
2274 4191 2442 4229 suam
2483 4190 2811 4244 agnoscens
2860 4170 3301 4244 (obtenebratos
3352 4169 3509 4224 enim
3554 4167 3751 4223 cordis

2097 4263 2283 4334 ipsius
2304 4264 2508 4318 oculos
2527 4262 2805 4317 salutaris
2824 4260 3095 4315 doctrina
3108 4257 3631 4331 tetigerat)ingenti
3649 4274 3752 4313 an-

2098 4358 2301 4407 teacta)
2323 4353 2454 4407 vitae
2482 4352 2852 4423 puinitudine
2878 4351 3123 4405 affectus
3150 4353 3257 4415 est;
3282 4354 3457 4419 atque
3472 4348 3750 4403 condem-

322 4443 579 4499 εἰδώλων
612 4444 823 4517 πλάνης
875 4445 1198 4523 καταγνοὺς,
1231 4451 1309 4517 τῷ
1351 4444 1533 4524 φέγγει
1568 4451 1666 4514 τῆς
1718 4440 1983 4506 εὐσεϐείας

2096 4448 2235 4496 nato
2258 4442 2556 4497 idolorum
2576 4458 2797 4507 errore,
2823 4440 2896 4495 ad
2919 4439 3157 4511 pietatis
3179 4438 3375 4493 lucem
3400 4437 3753 4503 accurrit,ac

318 4531 695 4609 προσέδραμε.
756 4536 856 4593 Καὶ
916 4537 977 4590 τὸ
1032 4535 1122 4590 ὄπ’
1164 4533 1371 4590 ἐκείνου
1428 4534 1574 4590 αὕτω
1631 4541 1730 4605 τῆς
1767 4537 1988 4609 μοχθη-

320 4628 432 4699 ρᾶς
464 4624 692 4702 ἀγωγῆς
741 4626 958 4696 ἆπήστη
1018 4624 1109 4680 καὶ
1165 4626 1423 4681 τοσοῦτον
1482 4624 1668 4680 ἑαυτὸν
1727 4629 1844 4685 τοῖς
1874 4623 1991 4678 ἀτί-

316 4735 460 4788 μοις
520 4712 901 4788 ἐξεπολέμωσε
948 4717 1141 4779 πάθεσι
1219 4714 1309 4770 καὶ
1371 4714 1641 4790 μαγείαις,
1703 4715 1834 4784 ὅσην
1892 4715 1994 4788 ἆρα

309 4802 436 4879 πρὸ
474 4802 675 4859 τούτου
720 4806 820 4875 τὴν
874 4804 1015 4879 πρὸς
1073 4804 1209 4859 αὐτᾶ
1267 4803 1453 4881 φιλίαν
1501 4803 1801 4860 ἐσπείσατο.
1858 4802 1995 4861 Τότε

313 4895 426 4967 μὲν
457 4894 564 4968 γὰρ
599 4892 653 4948 ἐν
692 4894 843 4968 μέσῳ
864 4898 961 4949 τοῦ
1003 4892 1285 4968 συνεδρίου
1335 4894 1523 4963 ἑστὼς,
1567 4898 1663 4949 τοῦ
1726 4891 1995 4969 βασιλέως

304 4985 833 5057 προκαθεζομένου,
890 4982 1105 5061 μεγάλῃ
1166 4986 1235 5058 τῇ
1297 4986 1452 5061 φωνῇ
1504 4978 1729 5055 ἐϐόησεν
1767 5002 1781 5015 ·
1840 4984 1995 5039 300

308 5070 605 5142 Ἀληθῶς,
639 5072 685 5125 ὧ
719 5070 970 5147 βασιλεῦ,
1027 5076 1242 5144 πνεῦμα
1293 5074 1429 5126 Θεοῦ
1478 5069 1619 5126 οἰκεῖ
1674 5069 1725 5125 ἐν
1779 5074 1860 5142 τῷ
1917 5072 1995 5145 (8)

2096 4531 2377 4603 deinceps
2390 4549 2423 4587 a
2435 4531 2721 4587 scelerata
2736 4537 2789 4585 et
2804 4529 3167 4585 exsecranda
3177 4529 3306 4583 vitae
3320 4528 3550 4582 ratione
3563 4542 3753 4597 usque

2103 4621 2250 4676 adeo
2284 4639 2412 4677 sese
2434 4622 2704 4685 removit,
2735 4625 3087 4690 tantumque
3112 4635 3245 4673 cum
3273 4616 3547 4688 turpibus
3567 4614 3755 4671 animi

2104 4711 2520 4767 affectionibus
2577 4711 2940 4783 magicisque
3003 4707 3229 4763 artibus
3279 4706 3504 4761 bellum
3552 4704 3757 4777 gessit,

2105 4807 2393 4873 quantum
2409 4802 2777 4857 ante'amoris
2800 4801 2988 4855 fcedus
3003 4816 3139 4854 cum
3162 4798 3307 4869 ipsis
3323 4797 3584 4851 ferierat.
3613 4796 3758 4849 Nam

2105 4898 2228 4946 tum
2246 4892 2305 4946 in
2320 4892 2517 4947 medio
2536 4890 2788 4947 concilio
2804 4886 3355 4960 stans,pr1esidente
3370 4902 3526 4957 rege,
3545 4899 3761 4954 magna

2105 4999 2244 5036 voce
2260 4980 2610 5037 exclamavit
2631 4998 2642 5033 :
2671 4981 2842 5047 Vere,
2864 4996 2897 5033 ο
2911 4996 3033 5043 rex,
3059 4976 3304 5048 spiritus
3328 4974 3427 5029 Dei
3444 4974 3505 5028 in
3522 4972 3645 5027 ﬁlio
3660 4976 3758 5025 tuo

2105 5070 2355 5141 habitat,
2378 5087 2513 5126 vere
2525 5069 2695 5125 fracti
2717 5085 2785 5124 ac
2807 5067 3066 5139 superati
3082 5082 3309 5131 sumus,
3333 5080 3443 5118 nec
3457 5061 3760 5117 defensio-

401 5225 483 5299 (2)
515 5227 717 5299 Matth.
737 5244 875 5299 Axxv,
903 5229 965 5299 41
1003 5243 1016 5281 :
1052 5223 1351 5299 Πορεύεσθε
1382 5225 1471 5278 ἀπ’
1503 5223 1639 5296 ἐμοῦ
1671 5224 1723 5278 οἱ
1757 5222 2128 5299 κατηραμένοι
2161 5222 2237 5285 εἷς
2266 5224 2329 5277 τὸ
2354 5226 2462 5299 πῦρ
2492 5222 2553 5278 τὸ
2585 5220 2828 5292 αἰώνιον,
2856 5221 2919 5276 τὸ
2949 5217 3362 5293 ἡτοιμασμένον
3392 5219 3471 5288 ’ιῷ
3502 5207 3761 5286 Διαϐόλῳ

303 5295 562 5373 καῖντοῖς
596 5296 860 5373 ἀγγέλοις
892 5296 1079 5356 αὐτοῦ.
1114 5295 1280 5356 Conf.
1314 5314 1446 5370 pag.
1481 5295 1570 5367 66,
1604 5315 1663 5369 II,
1697 5298 1785 5352 ’78.

402 5371 479 5441 (3)
512 5370 654 5426 Luc.
680 5370 721 5439 τ,
746 5372 835 5426 78.

396 5436 475 5515 (4)
506 5444 633 5498 Act-
668 5436 874 5515 Apost.
908 5460 980 5509 1v,
1016 5447 1081 5499 l2
1108 5460 1120 5498 :
1154 5442 1252 5497 Καὶ
1288 5440 1387 5497 οὐκ
1418 5440 1558 5496 ἔστιν
1591 5436 1644 5495 ἐν
1670 5436 1828 5513 ἄλλῳ
1859 5436 1983 5496 οὐδε

2095 5462 2105 5510 ι
2138 5439 2400 5515 σωτηρία.

402 5513 479 5587 (Ei)
513 5515 699 5587 Epist.
722 5513 810 5571 'ad
842 5515 1016 5573 Hebr.
1051 5534 1090 5587 1,
1122 5517 1176 5574 3.

402 5586 480 5655 (ὃ)
512 5586 671 5641 Psal.
703 5602 886 5655 χχχιι,
919 5589 970 5641 6.

402 5656 480 5799 (7)
517 5658 687 5713 Joan.
720 5674 758 5725 ι,
797 5659 847 5714 3.

424 5730 457 5782 8
507 5730 608 5785 Est
636 5731 847 5786 variet:

507 5730 608 5785 Est
636 5719 895 5786 varietas
922 5726 1124 5785 ἐνοικεῖ
1158 5732 1259 5802 τῷ.
1303 5729 1491 5787 Habet
1518 5730 1731 5804 πνεῦμα
1781 5726 1922 5784 οίκεῖ
1951 5725 1983 5784 ἐ·

2095 5728 2205 5788 ml.
2263 5728 2339 5786 ad
2369 5729 2538 5789 Rom.
2575 5742 2690 5801 vm,
2724 5731 2777 5797 9,
2814 5728 2874 5784 11
2909 5744 2923 5796 ;
2979 5730 3038 5783 et
3080 5721 3388 5799 πνεύματος
3429 5719 3771 5783 ἐνοικοῦντος

314 5816 382 5873 ἐν
416 5816 470 5872 Il
499 5816 575 5875 ad
606 5819 755 5877 Tim.
788 5835 829 5888 1,
864 5820 951 5892 14,
