4112 6388
342 407 371 464 1
383 393 478 464 1⁶Ϊ1

1864 406 2238 465 ADDINDA.

3620 406 3762 476 H12

342 547 483 589 nem
503 531 692 588 ullam
726 532 1039 605 habemus,
1073 549 1183 590 nec
1205 531 1278 588 ad
1319 548 1387 589 ea
1418 549 1550 604 quae
1571 531 1644 588 ab
1667 530 1794 604 ipso
1828 549 1994 589 com-

2130 529 2214 603 »ἱῷ
2244 547 2361 585 σου·
2413 531 2639 602 ἀληθῶς
2686 532 2992 606 ἡττήμεθα,
3041 534 3132 590 καὶ
3181 531 3444 610 οὐδεμίαν
3493 535 3572 594 ἔτι
3625 542 3762 598 ἀπο-

350 628 684 679 memorata
707 629 868 694 sunt,
887 621 980 680 vel
1011 623 1215 679 oculos
1249 623 1411 694 ipsos
1446 622 1751 678 obvertere
1792 636 2006 694 possu-

350 727 507 768 mus.
556 714 800 785 Magnus
849 714 1030 785 igitur
1074 729 1277 768 revera
1325 713 1798 768 Christianorum
1850 713 2003 767 Deus

353 806 463 872 est,
496 819 711 875 magna
741 802 930 874 ipsius
957 803 1124 872 ﬁdes,
1158 819 1372 875 magna
1396 803 1697 874 mysteria.

421 985 746 1040 Conversus
767 984 968 1056 itaque
992 983 1065 1040 ad
1087 985 1242 1058 regis
1266 984 1477 1052 filium,
1503 985 1586 1040 ait
1610 1002 1622 1039 :
1648 985 2003 1056 Dic,quazso,

357 1092 391 1130 o
415 1075 574 1130 claro
597 1090 665 1130 ac
684 1074 904 1129 illustri
923 1075 1123 1130 animo
1141 1074 1412 1148 praedite,
1439 1077 1675 1130 Deusne
1705 1091 1800 1129 me
1831 1088 2004 1129 exce‘

348 1168 559 1235 pturus
586 1166 695 1232 est,
722 1163 770 1218 si
793 1163 864 1219 ab
889 1163 1179 1236 improbis
1197 1163 1528 1220 actionibus
1547 1165 1897 1231 abscedens,
1931 1163 2004 1218 ad

352 1269 488 1308 eum
520 1269 616 1308 me
648 1259 994 1310 convertero
1015 1255 1042 1310 ?
1063 1255 1234 1324 Sane,
1268 1253 1465 1326 inquit
1491 1253 1754 1309 veritatis
1785 1269 2003 1324 praeco,

353 1343 795 1415 sane,inquam,
820 1348 877 1399 te
900 1345 1173 1416 excipiet,
1198 1361 1524 1416 omnesque
1547 1346 1688 1400 item
1711 1344 1811 1415 qui
1830 1343 2005 1416 adip-

349 1448 482 1488 sum
500 1449 629 1489 sese
653 1434 1070 1489 converterint.
1100 1437 1214 1490 Nec
1244 1451 1380 1490 vero
1403 1434 1625 1508 vulgari
1651 1434 1826 1489 modo
1849 1433 2008 1489 exci-

355 1523 710 1595 piet;verum
725 1530 790 1580 ut
803 1525 925 1580 ﬁlio
940 1541 969 1580 e
985 1524 1311 1598 longinqua
1324 1526 1560 1598 regione
1575 1525 1848 1581 redeunti
1874 1526 2008 1596 (Lu-

357 1629 433 1668 cae
445 1613 556 1686 xv),
585 1614 815 1681 hocest,
839 1613 1177 1670 ascelerata
1190 1615 1320 1671 vita;
1343 1616 1574 1671 ratione
1597 1615 1671 1670 ad
1695 1614 2003 1670 meliorem

355 1702 584 1774 frugem
609 1721 739 1759 sese
760 1705 1146 1774 convertenti,
1172 1704 1402 1760 obviam
1434 1705 1715 1777 prodibit,
1749 1719 2004 1774 eumque

355 1791 749 1863 amplectetur
778 1799 837 1849 et
866 1794 1342 1862 exosculabitur;
1377 1812 1444 1851 ac
1475 1795 1699 1866 peccati
1743 1794 2005 1849 fmditate

2115 618 2313 708 λογίαν
2359 617 2587 695 ἔχομεν,
2651 621 2775 678 οὔτε
2832 623 3287 702 ἀντοφθαλμῆσαι
3348 628 3488 698 πρὸς
3535 627 3605 684 τά
3632 634 3762 708 παρ’

2113 706 2273 762 οὐτοῦ
2305 707 2574 784 λεγόμενα
2623 709 2889 786 ἷσχύομεν
2924 755 2938 769 .
2999 715 3180 788 Μέγας
3217 713 3310 770 οῦν
3339 720 3422 788 τῷ
3451 713 3568 773 ὄντι
3599 719 3627 773 ὁ
3655 706 3763 777 τῶν

2113 802 2456 869 Χριστιανῶν
2518 801 2670 871 Θεὸς,
2735 800 2944 876 μεγάλη
2998 805 3033 873 ἡ
3073 805 3258 868 πίστις
3315 806 3518 880 αὐτῶν,
3553 811 3762 884 μεγάλα

2110 888 2178 944 τὰ
2213 891 2506 964 μυστήρια.

2186 979 2569 1058 Ἐπιστραφεὶς
2610 977 2668 1035 δὲ
2704 981 2840 1058 πρὸς
2884 983 2977 1038 τὸν
3029 982 3145 1039 υίὸν
3188 982 3290 1061 ἔφη
3339 989 3438 1041 τοῦ
3473 987 3764 1061 βασιλέως

2115 1067 2255 1144 Λέγε
2288 1089 2381 1142 μοι
2434 1069 2641 1140 τοίνυν,
2676 1071 2721 1124 ὦ
2751 1075 3130 1148 πεφωτισμένε
3176 1075 3276 1144 τὴν
3317 1077 3524 1151 ψυχήν
3556 1073 3770 1153 δέχεταί

2121 1178 2186 1231 με
2245 1159 2273 1213 ὁ
2331 1159 2593 1232 Χριστὸς,
2647 1159 2716 1232 εἲ,
2774 1161 2834 1216 έκ
2888 1166 2997 1218 τῶν
3037 1167 3298 1241 πονηρῶν
3357 1185 3465 1239 μου
3523 1167 3766 1239 πράξεων

2115 1247 2372 1321 ἀποστὰς,
2434 1246 2744 1325 ἐπιστρέψω
2802 1252 2942 1328 πρὸς
3000 1251 3198 1325 αὖτόν;
3256 1253 3769 1332 Ναῖ,φησίνὸτῆς

2115 1337 2378 1408 ἀληθείας
2430 1339 2624 1414 κήρυξ,
2689 1341 2800 1412 ναί,
2861 1339 3081 1418 δέχεται
3165 1343 3257 1399 καὶ
3315 1344 3372 1399 σὲ
3429 1343 3524 1399 καὶ
3569 1343 3768 1408 πάντας

2114 1426 2240 1490 τοῦς
2269 1427 2348 1491 είς
2379 1427 2539 1484 αὐτὸν
2567 1429 3004 1510 ἐπιστρέφοντας.
3060 1431 3282 1508 Δέχεναι
3315 1430 3372 1489 δῖ
3415 1433 3528 1510 οὐχ
3558 1433 3765 1506 ἁπλῶς,

2117 1517 2244 1574 ἀλλ’
2281 1562 2294 1589 ,
2353 1519 2428 1582 ὡς
2487 1521 2592 1594 υίῷ
2644 1521 2750 1578 ἀπὸ
2813 1529 3024 1598 μακρᾶς
3074 1522 3482 1598 ἐπιδημήσαντι
3562 1526 3771 1602 χώρας,

2116 1612 2472 1682 προσυπατνᾷ
2498 1614 2578 1682 τῷ
2625 1610 2686 1666 ἐκ
2737 1613 2836 1681 τῆς
2894 1610 3025 1668 ὁδοῦ
3078 1618 3187 1669 τῶν
3231 1614 3477 1689 ἀνομιῶν
3536 1613 3776 1690 ἐπιστρέο

2120 1693 2299 1775 φόντι·
2355 1699 2447 1754 καὶ
2501 1704 2694 1755 τοῦτον
2745 1699 3062 1778 περιλαϐὼν
3111 1707 3547 1775 κατασπάζεται,
3578 1704 3666 1760 καί
3715 1705 3775 1761 τὸ

2116 1795 2216 1857 τῆς
2273 1789 2542 1865 ἁμαρτίας
2598 1791 2792 1866 αἶσχος
2847 1791 3140 1868 περιελὼν,
3172 1793 3362 1850 αὐτίκα
3409 1795 3638 1868 ἱμάτιον
3683 1815 3773 1851 πε-

355 1879 847 1951 detracta,statim
865 1882 978 1954 ipsi
992 1885 1411 1940 vestimentum
1427 1884 1705 1940 salutaris
1719 1884 2004 1955 imponet,

2130 1879 2358 1951 οιτίθησι
2405 1881 2722 1959 σωτηρίου,
2768 1884 2860 1940 καὶ
2914 1887 3117 1956 στολὴν
3168 1888 3577 1962 Λαμπροτάτης
3625 1905 3769 1964 περι-

357 1971 825 2044 charissimaque
847 1973 1050 2046 gloria:
1073 1975 1225 2030 stola
1247 1993 1382 2031 eum
1404 1975 2006 2049 induens,mysticum

358 2063 635 2135 supernis
654 2063 974 2119 virtutibus
997 2065 1240 2137 epulum
1253 2067 1592 2140 peraget,ob
1615 2073 1915 2140 receptam
1932 2066 2010 2120 vi-

355 2153 574 2210 delicet
599 2171 765 2211 ovem
788 2155 1082 2227 perditam
1094 2155 1314 2213 festum
1330 2157 1487 2213 diem
1507 2156 2009 2228 celebrans(lbid).

351 2245 611 2317 Ipsemet
630 2243 792 2299 enim
807 2245 1094 2301 Dominus
1115 2245 1325 2319 ingens
1343 2247 1403 2302 in
1418 2247 1565 2303 coalo
1586 2247 1866 2320 gaudium
1883 2261 2012 2301 esse

357 2335 505 2390 dixit
525 2351 706 2408 super
725 2353 844 2391 uno
867 2342 1175 2408 peccatore
1223 2339 1636 2411 pmnitentiam
1668 2344 1898 2412 agente.
1933 2340 2013 2392 Ac

357 2441 633 2480 rursum:
667 2427 793 2482 Non
818 2427 951 2482 veni
973 2445 1182 2484 vocare
1201 2429 1420 2501 justos,
1443 2429 1544 2486 sed
1575 2435 1918 2502 peccatores
1939 2427 2014 2482 ad

358 2515 772 2587 paenitentiam
809 2519 986 2586 (Luca:
1033 2517 1106 2589 v).
1161 2520 1232 2573 Et
1276 2536 1384 2591 per
1434 2520 1823 2592 prophetam:
1876 2519 2013 2572 Vivo

361 2621 490 2678 ego,
523 2605 669 2661 dicit
697 2607 986 2663 Dominus
1013 2624 1027 2662 :
1060 2608 1198 2663 nolo
1248 2615 1502 2665 mortem
1528 2610 1878 2682 peccatoris,
1910 2607 2016 2663 sed

364 2694 556 2768 magis
570 2700 637 2751 ut
656 2702 1034 2752 convertatur
1055 2714 1088 2753 a
1111 2698 1203 2754 via
1223 2716 1331 2755 sua
1352 2705 1410 2754 et
1428 2700 1601 2755 vivat.
1635 2698 2018 2755 Convertimio

367 2787 431 2842 ni
463 2803 498 2842 a
527 2787 622 2842 via
650 2792 844 2843 vestra
873 2789 1066 2858 mala;
1102 2794 1161 2845 et
1203 2807 1385 2861 quare
1433 2791 1773 2846 moriemini
1805 2790 2018 2846 domus

365 2877 591 2932 Israel?
609 2877 897 2948 iniquitas
919 2878 1105 2950 iniqui
1122 2897 1241 2935 non
1265 2881 1641 2936 nocebiteiin
1665 2896 2020 2953 quacunque

367 2965 464 3022 die
496 2983 815 3022 conversus
863 2967 1045 3022 fuerit
1092 2969 1162 3024 ab
1207 2969 1525 3040 iniquitate
1567 2987 1693 3039 sua,
1728 2976 1787 3025 et
1815 2970 2023 3024 fecerit

359 3056 682 3129 justitiam,
725 3062 784 3112 et
827 3057 887 3111 in
931 3057 1215 3114 mandato
1263 3060 1396 3114 vitae
1444 3059 1855 3128 ambulaverit,
1907 3059 2024 3115 vita

367 3147 606 3212 vivet,et
635 3163 756 3202 non
785 3147 1314 3204 morietur.0mnia
1333 3155 1575 3221 peccata
1606 3167 1736 3220 qua:
1760 3149 2022 3217 admisit,

367 3251 492 3291 non
506 3236 1477 3310 memorabuntur,quiajudicium
1493 3239 1848 3311 etjustitiam
1864 3237 2002 3293 fecit

375 3326 438 3381 in
457 3327 603 3398 ipsis
624 3326 777 3381 vivet
796 3327 985 3382 Ezech.
1010 3328 1232 3400 xxxm).
1260 3331 1340 3384 Ac
1379 3346 1617 3384 rursum
1648 3345 1754 3400 per
1772 3327 2027 3383 alterum

368 3416 723 3488 prophetam
765 3417 1088 3473 exclamat:
1123 3418 1444 3483 Lavamini,
1477 3418 1684 3474 mundi
1717 3423 2027 3484 estote,au-

374 3506 525 3562 ferte
537 3506 763 3562 malum
775 3507 1201 3580 cogitationum
1213 3515 1543 3564 vestrarum
1561 3509 1634 3563 ob
1649 3509 1838 3564 oculis
1855 3507 2027 3575 meis,

374 3590 663 3666 quiescite
686 3612 857 3671 agere
878 3613 1172 3668 perverse,
1195 3598 1405 3654 discite
1427 3598 1866 3654 benefacere.Si
1897 3597 2027 3652 fue-

375 3688 500 3744 rint
517 3693 761 3760 pe‘ccata
782 3694 975 3744 vestra
997 3690 1150 3744 sicut
1171 3689 1788 3761 coccinum,tanquam
1813 3690 1911 3744 nix
1935 3687 2031 3744 de-

380 3777 777 3846 albabuntur;
812 3784 870 3834 et
899 3780 945 3833 si
996 3779 1223 3834 fuerint
1251 3779 1429 3835 rubra
1459 3780 1618 3835 velut
1653 3779 2027 3850 vermiculus,

387 3868 545 3923 sicut
564 3868 701 3923 lana
722 3868 857 3924 alba
879 3871 1321 3942 eruntasaiwx).
1342 3871 1486 3925 Cum
1510 3870 1788 3942 igiturhae
1809 3869 2031 3941 pollici°

378 3957 637 4013 tationes
660 3959 732 4013 iis
755 3959 856 4029 qui
873 3959 946 4015 ad
969 3959 1278 4014 meliorem
1296 3959 1522 4032 frugem
1543 3977 1672 4015 sese
1694 3960 2028 4031 receperint

374 4063 410 4102 a
443 4048 557 4102 Deo
572 4048 889 4119 proposita)
914 4049 1061 4118 sint;
1088 4065 1162 4104 ne
1185 4049 1504 4118 cuncteris,
1533 4050 1897 4118 ohomo,nec
1913 4065 2033 4103 mo-

375 4152 506 4192 ram
527 4135 714 4192 ullam
735 4137 1040 4207 adhibeas;
1064 4155 1267 4195 verum
1282 4139 1355 4194 ad
1381 4140 1679 4194 Christum
1704 4139 2031 4212 benignum

380 4227 566 4282 Deum
598 4232 869 4282 nostrum
887 4227 1125 4298 accede,
1157 4233 1216 4283 et
1240 4229 1606 4296 illuminare,
1641 4235 1698 4285 et
1719 4229 1899 4284 facies
1931 4233 2032 4284 tua

383 4333 505 4372 non
527 4317 926 4373 confundetur
946 4319 1113 4390 (Psal.
1146 4323 1342 4390 χχιιι).
1376 4321 1519 4375 Nam
1553 4319 1730 4374 simul
1762 4325 1937 4391 atque
1970 4319 2030 4373 in

379 4404 560 4461 divini
593 4407 967 4479 baptismatis
992 4409 1283 4481 piscinam
1315 4409 1634 4466 immersus
1663 4410 1869 4479 fueris,
1911 4413 2035 4463 tota

383 4496 596 4549 veteris
622 4497 884 4552 hominis
908 4500 1719 4572 spurcities,atqueuniversa
1741 4499 2032 4554 scelerum

382 4583 616 4639 sarcina
639 4585 697 4639 in
722 4603 875 4657 aqua
897 4589 1422 4661 sepelietur,atque
1444 4591 1504 4645 in
1529 4589 1785 4645 nihilum
1806 4589 2031 4644 dilabe-

383 4678 516 4742 tur;
551 4679 731 4745 tuque
763 4693 948 4732 novus
966 4677 1130 4733 illiuc
1145 4695 1210 4734 ac
1237 4685 1652 4752 recens,atque
1675 4679 1746 4735 ab
1771 4678 2032 4734 omnila-

387 4763 458 4818 be
486 4782 672 4838 purus
696 4768 1318 4837 conscendes,nullam
1343 4770 1570 4843 peccati
1598 4770 1794 4825 labem
1813 4774 1915 4825 aut
1933 4786 2033 4824 ru-

383 4873 514 4928 gam
533 4861 730 4912 tecum
745 4856 1053 4914 ferens.Ac
1068 4858 1348 4932 deinceps
1363 4861 1424 4916 in
1440 4866 1494 4916 te
1509 4862 1687 4915 situm
1705 4860 1816 4916 erit.
1829 4865 2035 4932 utpur-

380 4945 803 5018 gationemper
831 4946 1056 5004 viscera
1085 4947 1510 5005 misericordia)
1541 4949 1643 5004 Dei
1671 4948 1860 5004 nostri
1894 4947 2036 5002 hinc

2009 3281 2022 3348 ἶ
2067 3280 2109 3348 C

2118 1965 2304 2025 ϐαλὼν
2339 1968 2500 2043 δόξης
2534 1974 2634 2047 (9),
2686 1975 2950 2048 μυπικῆν
3009 1981 3131 2040 ταῖς
3164 1974 3276 2032 ἄνω
3329 1974 3627 2050 δυνάμεσιν
3652 1973 3764 2031 ἐπι-

2115 2059 2267 2116 τελεῖ
2313 2061 2657 2139 εὐφροσύνην
2689 2109 2706 2138 ,
2761 2067 2861 2135 τὴν
2914 2065 3244 2146 ἐπιστροφὴν
3322 2068 3606 2142 ἑορτάζων
3674 2069 3765 2122 τοῦ

2121 2147 2485 2215 ἀπολωλότος
2514 2149 2797 2228 προϐάτου
2843 2158 2979 2229 (10).
3033 2157 3210 2221 Αὐτὸς
3239 2156 3342 2232 γὰρ
3375 2151 3476 2236 ἔφη
3510 2158 3546 2212 ὁ
3579 2156 3766 2234 Κύριος

2121 2241 2298 2316 χαράν
2345 2241 2580 2317 γίνεσθαι
2613 2242 2665 2299 έν
2700 2243 2916 2322 οὐρανῷ
2965 2246 3224 2322 μεγίστην
3283 2246 3372 2302 ἐπὶ
3403 2246 3482 2302 ἑνὶ
3514 2248 3769 2324 ἁμαρτω-

2123 2331 2208 2405 λῷ
2241 2335 2586 2403 μετανοοῦντι
2617 2335 2750 2408 (12).
2777 2334 2875 2390 Καὶ
2901 2334 3089 2410 πάλιν,
3115 2335 3229 2392 Οὐκ
3248 2334 3440 2407 ἦλθον,
3472 2338 3609 2415 φησί
3641 2338 3772 2411 (12),

2122 2419 2349 2478 καλέσαι
2392 2419 2656 2493 δικαίους,
2718 2422 2864 2481 ἀλλᾶ
2921 2425 3284 2503 άμαρτῶλοὺς
3338 2427 3415 2490 εἷς
3471 2427 3769 2501 μετάνοιαν.

2127 2511 2274 2583 Φησὶ
2343 2509 2399 2568 δὲ
2455 2513 2546 2569 καὶ
2614 2511 2703 2569 διὰ
2767 2519 2864 2570 τοῦ
2929 2518 3218 2594 προφήτου
3285 2519 3421 2591 (l3)'
3491 2521 3576 2571 Ζῶ
3643 2516 3767 2590 έγὼ,

2127 2602 2272 2678 Λέγει
2343 2604 2594 2679 Κύριος’
2667 2603 2728 2659 οὗ
2821 2603 3098 2681 βούλομαι
3167 2609 3316 2665 ³01
3387 2605 3482 2662 τὸν
3550 2604 3764 2672 θάνατον

2124 2696 2222 2748 τοῦ
2279 2691 2618 2770 άμαρτωλοῦ
2673 2693 2765 2749 καὶ
2845 2689 3075 2758 ἀσεϐοῦς
3110 2739 3125 2767 ,
3213 2696 3288 2760 ὡς
3343 2696 3405 2751 τὸ
3465 2694 3765 2772 ἐπιστρέψαι

2129 2782 2236 2837 ἀπὸ
2294 2789 2396 2851 τῆς
2450 2779 2581 2838 ὁδοῦ
2641 2783 2810 2839 αὐτοῦ
2864 2785 2954 2838 καὶ
3015 2788 3110 2858 ζῇν
3171 2784 3330 2840 αὐτόν
3366 2801 3382 2816 ⁶
3456 2784 3765 2860 ἀποστροφῇ

2130 2871 2504 2950 ἀποστρέψατε
2554 2873 2660 2928 ἀπὸ
2699 2880 2800 2943 τῆς
2834 2871 2965 2929 ὁδοῦ
3026 2874 3179 2948 ὑμῶν
3237 2881 3338 2946 τῆς
3391 2880 3646 2951 πονηρᾶς·
3677 2871 3762 2926 καί

2131 2961 2273 3017 ἱνατί
2329 2963 2720 3034 ἀποθνήσκετε,
2781 2964 2932 3027 οἶκος
2987 2963 3250 3040 Ἰσραήλς
3305 2963 3502 3039 ἀνομία
3527 2965 3629 3038 (14)
3658 2959 3760 3036 γὰρ

2133 3051 2341 3125 ἀνόμου
2402 3051 2463 3107 οὐ
2525 3053 2602 3126 μὴ
2659 3054 2881 3128 κακώσῃ
2927 3052 3108 3108 αὐτόν·
3142 3054 3194 3109 έν
3225 3053 3347 3130 ᾔᾶν
3400 3053 3575 3129 ἡμέρᾳ
3624 3049 3754 3104 ἀπο-

2132 3144 2337 3218 στρέψῃ
2369 3143 2474 3198 ἀπὸ
2520 3150 2622 3214 τῆς
2678 3143 2902 3218 ἀνομίας
2955 3144 3120 3200 αὐτοῦ
3176 3144 3260 3200 καὶ
3316 3144 3519 3217 ποιήσῃ
3546 3139 3752 3198 δικαιο-

2135 3233 2300 3303 σύνην
2334 3279 2348 3303 ,
2406 3234 2495 3288 καὶ
2557 3233 2610 3288 έν
2668 3235 3051 3311 προστάγματι
3112 3240 3256 3305 ζωῆς
3305 3231 3711 3309 διαπορεῦσηται
3745 3273 3762 3301 ,

2139 3327 2252 3398 ζωῇ
2287 3325 2505 3395 ζήσεται
2537 3323 2626 3380 καί
2659 3323 2724 3379 αὖ
2777 3327 2854 3398 μὴ
2911 3325 3178 3401 ἀποθάνῃο
3239 3330 3402 3380 πᾶσαι
3433 3324 3488 3378 αἱ
3519 3318 3768 3398 ἁμαρτίαι

2138 3413 2302 3469 αὐτοῦ
2334 3415 2394 3477 ἅς
2442 3414 2684 3490 ἥμαρτεν
2736 3414 2798 3469 οὐ
2861 3415 2938 3489 μή
2980 3419 3310 3489 μνησθῶσιν·
3369 3412 3452 3469 ὅτι
3498 3409 3665 3486 κρίμα
3693 3406 3777 3463 δι-

2135 3501 2432 3575 καιοσύνης
2486 3503 2738 3576 ἐποίησεν
2778 3551 2792 3575 ,
2847 3505 2898 3560 ἐν
2952 3503 3089 3580 αὐτῇ
3144 3507 3383 3577 ζήσεται.
3446 3502 3547 3560 Καὶ
3606 3500 3775 3568 αὖθις,

2137 3592 2451 3662 Λοῦσασθε,
2505 3591 2574 3648 δι’
2627 3595 2811 3671 ἑτέρου
2875 3596 2977 3670 βοᾷ
3031 3597 3319 3674 προφήτου
3377 3595 3509 3668 (15),
3559 3588 3784 3658 καθαροί

2135 3683 2372 3760 γένεσθε,
2430 3681 2705 3759 ἀφέλεϐε,
2766 3685 2860 3747 τάς
2931 3685 3202 3760 πονηρίας
3262 3683 3367 3739 ἀπὸ
3421 3687 3529 3738 τῶν
3589 3677 3783 3756 ψυχῶν

2140 3775 2291 3848 ὑμῶν
2349 3774 2601 3829 ἀπέναντι
2667 3778 2776 3829 τῶν
2836 3772 3134 3852 ὀφθαλμῶν
3197 3793 3323 3848 μουο
3381 3773 3654 3836 παύσασθε
3684 3768 3789 3825 ἀπὸ

2135 3869 2244 3919 τῶν
2277 3869 2552 3940 πονηριῶν
2596 3865 2770 3938 ὑμῶν·
2824 3864 3019 3937 μάθετε
3065 3863 3232 3921 καλὸν
3289 3867 3485 3920 ποιεῖν·
3518 3861 3610 3917 καὶ
3642 3859 3796 3916 δεῦτε

2138 3954 2229 4010 καὶ
2289 3952 2701 4031 διαλεχθῶμεν
2763 3956 2851 4011 καὶ
2908 3955 2994 4010 ἐᾶν
3029 3954 3159 4009 ὦσιν
3221 3955 3275 4010 αἱ
3333 3953 3596 4028 ἁμαρτίαι
3636 3953 3792 4025 ὑμῶν

2141 4046 2218 4108 ὡς
2267 4049 2542 4123 φονικοῦν,
2603 4046 2678 4108 ὡς
2738 4045 2901 4121 χιόνα
2953 4043 3224 4116 λευκανῶ,
3284 4043 3371 4100 ἐὰν
3435 4041 3492 4098 δὲ
3539 4040 3674 4097 ὦσιν
3723 4041 3798 4103 ὡς

2138 4137 2411 4206 κόκκινον,
2447 4135 2575 4190 ὡσεὶ
2624 4133 2768 4211 ἔριον
2814 4133 3084 4194 λεδκανῶ.
3134 4133 3382 4193 Τοιῦτων
3435 4133 3527 4188 οὗν
3557 4153 3801 4211 προκει-

2146 4227 2317 4300 μένων
2353 4223 2695 4303 ἐπαγγελιῶν
2728 4225 2874 4291 παρὰ
2899 4229 2997 4281 τοῦ
3030 4229 3163 4280 Θεοῦ
3211 4229 3324 4286 τοῖς
3385 4222 3799 4303 ἐπιστρέφουσι,

2146 4318 2220 4391 μὴ
2257 4314 2451 4390 μελλε,
2483 4317 2527 4370 ὦ
2558 4313 2830 4394 ἄνθρωπε,
2867 4313 3008 4390 μηδὲ
3055 4311 3393 4370 ἀναϐάλλονθ’
3427 4311 3575 4369 ἀλλὰ
3625 4311 3806 4388 1:96:-

2142 4407 2267 4463 ελοε
2325 4408 2460 4482 πρὸς
2519 4407 2777 4482 Χριστὸν,
2823 4408 2915 4462 τὸν
2971 4404 3361 4485 φιλάνθρωπον
3419 4403 3551 4458 Θεὸν
3608 4405 3805 4477 ἡμῶν,

2140 4497 2230 4553 γαὶ
2264 4496 2588 4576 φωτίσοητι,
2623 4496 2805 4552 καὶτὸ
2849 4494 3142 4574 πρόσωπόν
3204 4517 3302 4550 σου
3353 4492 3415 4549 οὐ
3473 4493 3548 4566 μὴ
3605 4514 3809 4550 καται-

2143 4590 2354 4662 σχυνθῇ
2389 4589 2524 4661 (16).
2554 4589 2704 4659 Ἀμα
2751 4585 2852 4663 γάρ
2909 4590 2988 4659 τῷ
3043 4582 3336 4640 καταδῦναί
3397 4603 3454 4639 σε
3481 4586 3550 4658 τῇ
3582 4581 3811 4656 κολυμ-

2144 4672 2324 4751 ϐήθρᾳ
2350 4679 2446 4730 τοῦ
2506 4674 2651 4739 θείου
2714 4675 3107 4753 βαπτίσματος,
3140 4675 3271 4731 ὅλον
3330 4673 3394 4729 τὸ
3450 4675 3652 4750 αἶσχος
3708 4675 3814 4728 τοῦ

2143 4761 2387 4820 παλαιοῦ
2429 4763 2717 4841 ἀνθρώπου
2764 4765 2854 4821 καὶ
2912 4765 3043 4829 ὅλος
3093 4766 3121 4820 ὁ
3172 4766 3371 4843 φόρτος
3416 4761 3525 4818 τῶν
3564 4760 3811 4818 πολλῶν

2146 4852 2556 4928 ἁμαρτημάτων
2613 4851 2926 4910 ἔνθάπτεται
2962 4858 3043 4928 τῷ
3095 4851 3251 4910 ὕδατι
3312 4855 3424 4928 (1⁸7)
3479 4849 3571 4907 καὶ
3630 4851 3716 4914 εἷς
3747 4851 3815 4906 τὸ

2149 4944 2224 5018 μὴ
2258 4943 2318 4999 ’ὀν
2368 4949 2565 5020 χωρεῖ,
2620 4941 2740 5010 νέος
2789 4940 2846 5000 δὲ
2895 4943 2958 5000 σὺ
3009 4943 3210 5008 ἐκεῖθεν
3265 4942 3534 5002 3112καῖ
3597 4943 3818 5005 παντὸς

450 5143 855 5221 (9)_Bespectu
896 5145 1167 5221 adverba
1198 5146 1366 5203 Lucae
1399 5147 1459 5202 in
1491 5145 1774 5221 parabole.
1805 5145 1913 5202 ﬁlii
1941 5143 2192 5220 prodigi,
2225 5163 2352 5221 cap.
2390 5148 2474 5204 15.

480 5217 566 5291 10)
597 5220 890 5291 Respectu
921 5218 994 5273 ad
1017 5219 1152 5274 Luc.
1185 5236 1276 5288 xv,
1310 5221 1363 5288 4,
1395 5217 1526 5291 sqq.
1561 5220 1726 5276 Conf.
1760 5237 1817 5291 p.
1851 5222 1938 5274 96.

479 5289 568 5359 11)
597 5289 768 5359 Apud
799 5291 934 5344 Luc.
968 5308 1058 5359 xv,
1100 5294 1153 5345 ’7.

479 5363 566 5426 12)
597 5361 767 5430 Apud
798 5363 933 5416 Luc.
965 5364 1053 5416 32.

482 5431 566 5507 l3)
591 5432 801 5507 Ezech.
834 5449 1030 5502 χχχιιι,
1066 5436 1151 5487 11.
1184 5433 1352 5489 Conf.
1385 5450 1543 5503 xvm,
1575 5434 1629 5507 3,
1653 5436 1745 5504 23,
1777 5435 1866 5504 30,
1901 5437 1988 5490 31.

479 5502 564 5576 ll)
591 5504 795 5576 Ezech.
829 5521 1031 5574 xxxm,
1065 5508 1151 5576 12,
1178 5507 1264 5562 13.

456 5571 566 5641 (15)
597 5573 708 5628 lsa.
744 5592 782 5644 ι,
818 5578 901 5630 16.

455 5644 572 5731 (1L6)
603 5644 756 5731 Psal’.
785 5663 982 5731 ξιχιιι.
1128 5645 1640 5731 Προσὲλθατεμπρὸς
1687 5647 2007 5731 Δαότὸνῌκαὶ
2062 5646 2397 5731 φωτίσθητε,
2429 5652 2521 5708 καὶ
2549 5651 2618 5708 τὰ
2672 5649 2941 5731 πρόσωπα
2969 5650 3121 5728 ὑμῶν
3153 5650 3216 5707 οὗ
3273 5652 3352 5726 μὴ
3409 5653 3828 5728 καταισχυνθῇ.

385 5711 577 5768 Verbo
609 5715 906 5787 φωτίσθητι
939 5711 1273 5793 baptismius
1302 5711 1613 5781 innuitu'r:
1648 5723 1720 5781 ef.
1754 5741 1814 5798 p.
1849 5724 1936 5792 85,
1967 5741 2028 5796 p.
2057 5713 2111 5783 2.

457 5810 573 5883 (17)
604 5813 770 5871 Cont.
799 5832 859 5887 p.
891 5819 982 5886 89,
1011 5834 1074 5876 n.
1109 5819 1196 5875 73.
