4112 6406
361 386 502 444 1173

1548 391 1725 445 νιτΑ
1762 390 2113 445 ΒΔΒνῐιΔΔΜ
2149 390 2243 444 ΕΤ
2277 390 2620 446 ΙΟΔΒΔΡΗ.

3651 384 3796 450 11Ίὶ

359 509 538 586 ῥύπου
594 508 834 585 καθαρὸς
903 506 1107 584 ἇνέρχῃ
1140 550 1156 577 ,
1222 506 1429 583 μηδένα
1484 508 1678 566 σπίλον
1732 510 1769 581 ἢ
1833 508 2019 587 ῥυτίδα

2139 518 2506 569 contractam
2536 511 2757 569 tuearis
2789 516 2966 583 atque
2988 527 3321 568 conserves.

358 597 625 672 ἁμαρτίας
646 597 1068 673 ἐπιφερόμενος,
1098 597 1190 651 καὶ
1222 596 1417 653 λοιπὸν
1447 598 1535 654 ἐπὶ
1590 599 1674 654 σοί
1704 598 1815 655 ἐστι
1845 600 1909 655 τὸ
1941 597 2263 677 διαφυλάξαι
2311 601 2483 673 ἑαυτῷ
2530 603 2629 671 τὴν
2690 598 2890 664 ἐκεῖθέν
2920 620 3004 655 σοι
3062 598 3500 675 προσγινομένην
3530 594 3785 673 κάθαρσιν

363 685 456 743 διὰ
484 686 782 763 σπλάγχνα
811 684 999 749 ελέους
1028 690 1162 741 Θεοῦ
1188 688 1349 759 ἡμῶν
1375 690 1508 761 (18).

428 779 493 836 Ὀ
531 778 628 851 μὶν
682 778 781 831 οὖν
829 773 1053 844 Θευδᾶς,
1102 775 1318 839 τούτοις
1365 780 1703 855 κατηχηθεὶς
1754 784 1871 843 τοῖς
1914 778 2019 855 ρη-

364 889 551 940 μασιν,
585 864 779 940 ἔξεισιν
808 866 1024 935 εὐθέως,
1072 867 1160 921 καὶ
1210 868 1273 921 τὸ
1328 870 1571 945 πονηρὸν
1627 868 1801 925 έκεῖνο
1854 890 2020 924 κατα-

361 954 551 1013 λαϐὼν
595 955 811 1032 ἄντρον,
869 956 959 1010 καὶ
1013 956 1112 1018 τὰς
1165 956 1357 1012 ἑαυτοῦ
1413 953 1599 1013 λαϐὼν
1665 959 1894 1033 μαγικὰς
1936 958 2023 1033 βί-

361 1043 557 1119 ϐλους,
591 1046 665 1108 ὡς
696 1044 887 1107 κακίας
915 1044 1094 1116 πάσης
1128 1046 1400 1123 ἀπαρχὰς,
1429 1048 1504 1110 ὡς
1535 1048 1737 1124 ὀργίων
1771 1048 2024 1123 δαιμονι-

356 1142 469 1193 κῶν
503 1136 836 1212 θησαυροὺς,
868 1135 1001 1210 πυρὶ
1051 1136 1397 1196 κατέκαυσεν.
1446 1139 1629 1201 Αὐτὸς
1672 1136 1730 1193 δέ
1774 1139 1837 1193 τὸ
1876 1141 2023 1209 σπή-

359 1226 514 1282 λαιον
560 1220 975 1298 καταλαμϐάνει
1025 1229 1123 1281 τοῦ
1168 1227 1319 1300 ἰεροῦ
1373 1225 1565 1303 ἀνδρὸς
1613 1227 1838 1301 ἐκείνου,
1886 1229 2024 1303 πρὸς

354 1317 413 1371 ὃν
446 1314 538 1371 καί
582 1317 610 1371 6
643 1314 852 1390 Ναχὼρ
906 1312 1244 1386 ἀπεληλύθει
1296 1319 1432 1391 (19),
1463 1318 1650 1373 καὶτὰ
1698 1320 1814 1374 κατ’
1865 1318 2022 1373 αὐτὸν

356 1403 625 1480 διηγεῖται
675 1404 875 1474 πάντα,
927 1404 1078 1460 κόνιν
1115 1406 1210 1478 μέν
1268 1405 1352 1461 ἐπὶ
1388 1406 1633 1486 κεφαλῆς
1679 1406 2027 1481 καταχεάμε-

356 1515 470 1564 νος,
510 1495 695 1570 βαρεῖς
726 1514 789 1549 τε
838 1493 1121 1571 ἀναφέρων
1180 1495 1517 1571 στεναγμοὺς
1565 1498 1656 1551 καὶ
1697 1496 1876 1551 λούων
1907 1501 2025 1558 τοῖς

362 1583 615 1659 δάκρυσιν
648 1584 861 1653 ἑαυτὸν,
892 1586 1121 1655 καθεξῆς
1151 1582 1209 1639 δὲ
1269 1591 1347 1657 τῷ
1372 1585 1587 1660 γέροντι
1635 1587 1730 1648 τὰς
1784 1586 2025 1662 μυσαρὰς

365 1673 531 1728 αὐτοῦ
587 1670 953 1748 διηγούμενος
1020 1675 1261 1749 πράξεις.
1325 1677 1570 1738 Ἐκεῖνος
1621 1673 1721 1745 δὲ,
1786 1675 1910 1749 περί
1964 1676 2025 1729 τὸ

369 1769 533 1819 σῶσαι
565 1764 750 1839 ψυχήν
803 1763 896 1818 καὶ
924 1770 1027 1834 τῆς
1056 1769 1155 1819 τοῦ
1208 1762 1399 1821 δολίου
1446 1764 1742 1839 δράκοντος
1794 1765 2026 1840 έξαρπά·’

2202 782 2429 837 Teudas
2479 783 2656 855 igitur
2704 782 2797 837 his
2842 781 3033 838 verbis
3080 782 3414 847 institutus,
3460 779 3663 836 statim
3712 794 3783 834 ex

2131 874 2267 929 aula
2289 872 2539 945 excedit,
2564 877 2740 944 atque
2763 873 2835 927 ad
2860 872 3210 929 sceleratam
3230 872 3581 943 speluncam
3615 885 3785 924 suam

2132 963 2454 1034 profectus,
2476 962 2735 1035 magicos
2748 962 2931 1017 libros
2948 979 3086 1017 suos
3107 966 3389 1032 tanquam
3406 960 3651 1016 sceleris
3668 975 3791 1014 om-

2132 1054 2227 1109 nis
2250 1054 2566 1125 primitias,
2581 1070 2648 1109 ac
2660 1052 3090 1108 diabolicorum
3104 1068 3458 1107 arcanorum
3472 1050 3786 1105 thesauros

2135 1145 2381 1200 exussit.
2421 1146 2551 1216 Ipse
2584 1151 2781 1200 autem
2815 1143 2889 1199 ad
2919 1144 3279 1199 sacrosancti
3328 1142 3489 1197 illius
3529 1140 3661 1209 viri,
3709 1139 3787 1195 ad

2135 1250 2311 1305 quem
2326 1234 2503 1289 etiam
2525 1236 2567 1289 Ν
2573 1234 2756 1289 achor
2768 1237 3371 1305 perrexerat,autrum
3389 1247 3517 1287 sese
3535 1229 3787 1298 confert,

2134 1340 2455 1395 rerumque
2482 1341 2725 1380 suarum
2740 1322 3009 1379 omnium
3032 1327 3254 1377 statum
3272 1321 3384 1392 ipsi
3402 1319 3665 1392 exponit,
3690 1334 3787 1374 ca-

2134 1416 2242 1488 piti
2266 1431 2371 1470 suo
2395 1420 2615 1471 terram
2637 1428 3305 1485 aspergens,gravesque
3327 1409 3583 1482 gemitus
3603 1407 3786 1463 edens

2137 1522 2204 1560 ac
2227 1504 2783 1576 seipsumlacrymis
2801 1500 3541 1574 perfundens,nefariaque
3563 1497 3785 1553 suafla-

2137 1597 2279 1670 gitia
2301 1595 2430 1650 seni
2454 1595 2661 1649 ordine
2685 1609 3183 1649 commemorans.
3216 1590 3323 1645 Ille
3355 1594 3575 1655 autem,
3596 1591 3662 1642 ut
3683 1587 3785 1658 qui

2138 1686 2346 1740 salutis
2364 1685 2578 1740 animas
2598 1683 3122 1753 afferendaa,atque
3136 1698 3206 1736 ex
3219 1678 3556 1749 versipellis
3576 1676 3787 1731 draco-

2137 1771 2230 1826 nis
2249 1770 2521 1826 faucibus
2544 1769 2866 1840 eripiendaa
2882 1768 3281 1839 peritissimus
3304 1770 3480 1834 esset,
3506 1762 3785 1819 salutari-

365 1876 447 1912 σαι
506 1856 783 1933 φάρυγγος
861 1854 1247 1930 εύτεχνότατος
1305 1854 1376 1912 ὣν
1413 1904 1428 1930 ,
1504 1855 1792 1929 κατεπᾴδιι
1852 1856 2012 1912 αὐτὸν

2133 1864 2233 1918 bus
2255 1862 2448 1917 verbis
2470 1877 2607 1917 eum
2627 1860 2947 1927 demulcet,
2972 1876 3038 1914 ac
3059 1858 3222 1914 velut
3248 1853 3784 1921 excantat,veniam

363 1944 568 2020 ῥήμασι
626 1944 926 2021 σωτηρίοις
961 1988 976 2014 ,
1053 1944 1311 2022 ἐγγυᾶται
1378 1949 1477 2018 την
1538 1944 1724 2024 ἄφεσιν
1760 1991 1776 2020 ,
1854 1947 2020 2003 ἳλεων

364 2034 711 2111 ὑπισχνεῖται
741 2036 833 2090 τὸν
887 2032 1172 2105 δικαστὴν,
1221 2038 1356 2093 Εἶτα
1406 2040 1726 2112 κατηχήσας
1774 2037 1865 2092 καὶ
1914 2059 2015 2106 νη-

364 2122 569 2179 στεύειν
628 2121 717 2179 ὶπὶ
776 2122 991 2188 πολλὰς
1050 2124 1432 2200 ἐντειλάμενος
1487 2126 1721 2202 ἡμέρας,
1774 2131 1855 2199 τῷ
1887 2128 2018 2199 θείῳ

351 2214 603 2291 καθαίρει
663 2216 1020 2291 βαπτίσματι.
1082 2219 1188 2273 Καὶ
1231 2220 1298 2288 ἧν
1334 2220 1361 2273 6
1391 2217 1678 2293 ἅνθρωπος
1739 2222 2015 2291 μετανοῶν

348 2306 599 2381 γνησίως
654 2305 830 2369 πάσας
890 2306 1057 2362 αύτοῦ
1110 2307 1206 2370 τὰς
1259 2310 1490 2382 ἡμέρας.
1552 2308 1636 2383 ἐφ’
1680 2308 1767 2371 οἷς
1798 2309 2021 2381 ἐπλημ-

356 2396 593 2471 μέλησε,
622 2394 851 2475 δάκρυσί
877 2420 938 2454 τε
984 2400 1077 2455 καὶ
1126 2406 1451 2475 στεναγμοῖς
1482 2402 1574 2457 τὸν
1604 2400 1735 2457 Θεὸν
1769 2398 2020 2471 έξιλιού-

355 2507 547 2560 μενος.

423 2578 594 2633 ΚΕΦ.
630 2582 752 2637 AI".
785 2578 846 2635 Ὀ
898 2574 956 2632 δέ
987 2599 1048 2654 γε
1098 2578 1377 2653 βασιλεὺς,
1426 2578 1635 2635 τούτων
1679 2578 1851 2642 οὕτως
1882 2580 2019 2635 ἀπο-

346 2660 561 2721 ϐάντων
598 2707 613 2735 ,
661 2665 927 2732 πάντοθεν
974 2666 1368 2742 ἐξαπορηθιῖς,
1431 2666 1604 2738 δῆλος
1657 2669 1723 2737 ἦν
1772 2668 2017 2745 ἰσχυρῶς

347 2755 657 2829 ἀνιώμενος
687 2757 777 2811 καὶ
832 2752 1009 2811 πολὺν
1043 2758 1136 2812 τὸν
1190 2756 1356 2812 σάλον
1419 2757 1597 2835 φέρων
1654 2757 1708 2813 έν
1738 2762 1808 2832 τῇ
1836 2762 2014 2834 ψυχῇ.

348 2843 703 2920 Συγκαλέσας
766 2843 824 2901 δὲ
878 2847 1031 2911 αὗθις
1104 2847 1222 2902 ὅσοι
1283 2855 1382 2918 τῆς
1438 2846 1750 2925 συγκλήτου
1811 2847 2018 2925 βουλῆς

344 2933 674 3011 ἐτύγχανον,
706 2934 996 2992 ἐσκέπτετο
1026 2939 1180 2995 30³
1210 2939 1263 2993 τί
1298 2935 1493 2993 λοιπὸν
1542 2943 1624 3011 τῷ
1672 2936 1797 3011 ἰδίῳ
1845 2940 2011 3009 ποιή-

347 3045 489 3079 σειεν
518 3025 645 3096 υἱῷ.
674 3022 899 3090 Πολλὰς
947 3022 1005 3081 δὲ
1059 3025 1265 3101 βουλὰς
1311 3031 1418 3082 τῶν
1455 3025 1685 3083 πολλῶν
1736 3028 2016 3101 ὑποθεμέ-

342 3135 481 3184 νων,
525 3114 554 3169 ὁ
586 3112 844 3191 ἀνωτέρω
905 3117 1301 3189 μνημονευθεὶς
1349 3117 1595 3191 Ἀραχής
1628 3116 1831 3180 ἐκεῖνος
1881 3120 2015 3191 ('20),

2135 1952 2411 2025 spondet,
2434 1968 2500 2007 ac
2527 1950 2849 2022 propitium
2873 1954 2931 2005 et
2954 1949 3190 2004 facilem
3222 1947 3335 2018 ipsi
3351 1944 3619 2018 judicem
3656 1942 3783 1998 fore

2130 2043 2467 2115 pollicetur.
2490 2043 2573 2096 Ac
2602 2046 2808 2111 postea
2826 2056 2962 2095 cum
2985 2056 3120 2094 eum
3143 2036 3492 2092 Christianas
3517 2033 3658 2090 ﬁdei
3679 2048 3784 2087 ru-

2132 2132 2413 2187 dimentis
2435 2130 2767 2196 imbuisset,
2784 2129 3227 2198 multorumque
3243 2126 3476 2182 dierum
3479 2124 3502 2196 j
3512 2123 3785 2196 ejunium

2131 2222 2245 2293 ipsi
2280 2221 2615 2286 indixisset,
2653 2236 2788 2274 eum
2818 2218 3016 2272 divino
3052 2216 3349 2288 baptismo
3389 2212 3678 2268 lustravit.
3703 2213 3785 2265 Ac

2130 2312 2414 2383 deinceps
2426 2327 2531 2381 per
2548 2326 2786 2363 omnem
2804 2308 2934 2362 vitae
2956 2323 3198 2362 cursum
3216 2305 3317 2359 ille
3332 2304 3562 2359 sincero
3585 2300 3784 2356 animo

2133 2403 2204 2458 de
2235 2401 2514 2458 admissis
2570 2398 2897 2455 sceleribus
2947 2395 3362 2468 penitentiam
3409 2392 3544 2465 egit,
3592 2391 3787 2462 lacry-

2131 2494 2365 2563 misque
2398 2508 2464 2547 ac
2491 2489 2808 2563 gemitibus
2839 2489 3026 2543 Deum
3051 2486 3289 2558 placare
3320 2482 3569 2538 studuit.

2201 2584 2334 2637 CAP.
2366 2580 2605 2635 XXXIII.
2631 2609 2698 2619 —
2721 2580 2859 2643 Quae
2883 2594 3019 2632 cum
3034 2574 3107 2631 ad
3126 2576 3286 2631 hunc
3302 2572 3545 2629 modum
3558 2570 3787 2627 evenis-

2130 2676 2282 2741 seut,
2302 2687 2407 2725 rex
2428 2668 2663 2724 consilii
2686 2666 2892 2738 inopia
2912 2664 3177 2736 undique
3201 2661 3610 2729 destitutus,in
3624 2661 3783 2733 gravi

2129 2762 2304 2833 plane
2326 2775 2580 2815 maerore
2600 2756 2965 2825 versabatur,
2980 2755 3302 2825 animoque
3315 2767 3679 2825 mognopere
3690 2750 3782 2821 ja-

2128 2851 2416 2907 ctabatur.
2443 2850 2656 2903 Coacto
2679 2852 2877 2903 autem
2900 2860 3137 2899 rursum
3157 2841 3687 2912 senatu,quiqnam
3704 2838 3779 2893 de

2128 2942 2165 2996 ﬁ
2176 2941 2251 2995 lio
2266 2956 2371 2995 suo
2394 2939 2614 2993 faceret
2627 2935 3149 3007 dispiciebat.Cum
3162 2938 3360 2989 autem
3374 2930 3547 2986 multi
3561 2928 3782 2985 multas

2131 3028 2537 3085 sententiasin
2559 3026 2823 3082 medium
2851 3024 3263 3096 protulissent,
3292 3020 3516 3076 Arches
3545 3018 3671 3086 ille,
3702 3017 3775 3072 de

2131 3138 2247 3192 quo
2267 3119 2540 3191 superius
2560 3116 2931 3173 mentionem
2950 3112 3333 3183 fecimus,qui
3348 3115 3407 3167 et
3423 3110 3643 3165 ducum
3662 3124 3785 3163 om-

344 3204 771 3282 έπιφανέστερος
827 3205 928 3272 τήν
989 3205 1290 3280 ἡγεμονίαν
1344 3206 1434 3261 καὶ
1488 3226 1707 3281 πρῶτος
1751 3214 1854 3277 τῆς
1885 3208 2015 3283 βου-

2133 3210 2294 3265 nium
2310 3207 2677 3264 clarissimus
2691 3210 2836 3276 erat,
2853 3203 3259 3276 etprincipem
3275 3200 3337 3255 in
3360 3203 3570 3255 senatu
3581 3198 3784 3253 locum

346 3300 453 3363 λῆς
515 3292 822 3369 ὑπάρχων,
871 3288 974 3369 ἔφη
1027 3298 1107 3366 τῷ
1165 3293 1401 3370 βασιλεῖ.
1456 3296 1518 3354 Τί
1572 3291 1703 3365 ἔδει,
1760 3296 2007 3373 βασιλεῦ,

343 3389 577 3453 ποιῆσαι
610 3386 690 3455 τῷ
728 3384 834 3455 υἱῴ
891 3404 992 3437 σου
1020 3383 1112 3438 καὶ
1146 3383 1208 3438 οὐ
1239 3385 1643 3460 πεποιήκαμεν,
1688 3390 1786 3442 τοῦ
1827 3394 2011 3443 πεῖσαι

349 3473 514 3529 αὐτὸν
544 3477 665 3534 τοῖς
704 3472 1000 3550 ἡμετέροις
1054 3471 1273 3538 ἕπεσθαι
1302 3472 1535 3551 δόγμασι
1582 3476 1672 3531 καὶ
1715 3482 1835 3540 τοῖς
1868 3484 2011 3541 θεοῖς

355 3564 520 3635 ἡμῶν
561 3560 884 3638 λατρεύειν;
937 3561 1117 3633 Ἀλλ’,
1152 3564 1226 3626 ὡς
1280 3564 1413 3639 ὁρῶ,
1464 3564 1749 3637 ἀνηνύτοις
1798 3566 2010 3643 ἐπιχει-

361 3655 587 3725 ροῦμεν⁶
643 3652 704 3706 ἐκ
756 3651 967 3729 φύσεως
1018 3652 1122 3728 γὰρ
1182 3652 1352 3725 αὐτῷ,
1404 3657 1441 3725 ἢ
1474 3661 1574 3725 τῆς
1629 3656 1808 3731 τύχης
1852 3656 2009 3727 ἴσως,

353 3741 417 3795 τὸ
452 3737 762 3818 φιλόνεικόν
794 3761 855 3796 τε
871 3742 961 3796 καὶ
997 3741 1339 3815 ἀμείλικτον.
1390 3744 1453 3801 Εἰ
1484 3746 1578 3817 μὲν
1614 3743 1705 3800 οὗν
1756 3744 2011 3821 βασάνοις

353 3829 515 3885 αὑτὸν
546 3827 792 3886 ἐκδοῦναι
853 3830 1140 3902 θελήσειας
1185 3831 1275 3888 καὶ
1318 3835 1639 3911 τιμωρίαις,
1692 3834 1754 3889 σύ
1796 3857 1855 3891 τε
1906 3858 2015 3891 πο-

351 3921 555 3995 λέμιος
588 3920 681 3996 ἔσῃ
708 3925 809 3988 τῆς
868 3921 1080 3998 φύσεως
1127 3923 1219 3979 καὶ
1272 3924 1333 3979 ού
1392 3926 1573 4001 πατὴρ
1605 3920 1681 3981 ἔτι
1734 3924 2014 4002 κληθήσῃ,

349 4012 603 4067 κάκεῖνον
663 4013 994 4086 ζημιωθήσῃ
1056 4012 1293 4086 ἑτοίμως
1352 4011 1552 4089 ἔχοντα
1592 4014 1725 4091 ὑπὲρ
1776 4021 2015 4091 Χριστοῦ

355 4101 673 4159 ἀποθανεῖν.
709 4100 963 4156 Λείπεται
1020 4105 1152 4175 γοῦν
1207 4106 1369 4157 τοῦτο
1425 4102 1589 4176 μόνον
1646 4113 1897 4175 ποιῆσαι·
1933 4103 2017 4161 δι-

359 4189 509 4247 ελεῖν
542 4188 690 4262 αύτῷ
713 4190 812 4259 τὴν
850 4188 1154 4265 βασιλείαν,
1186 4191 1276 4246 καὶ
1324 4191 1402 4255 εἰς
1445 4196 1507 4248 το
1536 4190 1837 4249 ἐπιϐάλλον
1871 4194 2018 4267 αὐτῷ

365 4280 535 4355 μέρος
591 4278 897 4355 βασιλεύειν
954 4278 1237 4355 ἐπιτρέψαι
1272 4324 1286 4338 .
1360 4282 1509 4351 Καὶ,
1569 4283 1617 4339 εἴ
1668 4284 1763 4357 μέν
1818 4287 1853 4355 ἡ
1912 4290 2019 4341 τῶν

362 4370 700 4446 πραγμάτων
744 4368 903 4447 φύσις
961 4370 1053 4425 καὶ
1083 4372 1117 4440 ἡ
1155 4372 1393 4447 μέριμνα
1446 4377 1555 4427 τῶν
1621 4375 1895 4449 βιωτικῶν
1927 4374 2021 4431 ὲλ-

362 4457 595 4515 κύσωσιν
656 4459 822 4515 αὐτὸν
883 4457 976 4514 τὸν
1026 4456 1293 4535 ἡμέτερον
1343 4460 1677 4517 ἀσπάσασθαι
1731 4463 1932 4520 σκοπόν
1962 4485 2021 4520 τε

2120 3298 2449 3365 obtinebat,
2472 3298 2568 3352 his
2590 3297 2664 3352 ad
2687 3312 2887 3368 regem
2908 3293 3102 3349 verbis
3124 3309 3269 3348 usus
3301 3295 3428 3347 est:
3457 3288 3776 3357 Quidnam,

2120 3406 2154 3444 o
2184 3405 2310 3455 rex,
2336 3387 2459 3441 lilio
2482 3392 2581 3441 tuo
2605 3385 2800 3440 facere
2828 3382 3092 3455 Oportuit
3112 3380 3272 3452 quod
3293 3396 3416 3436 non
3432 3378 3775 3444 fecerimus,

2120 3484 2187 3535 ut
2206 3477 2279 3533 ad
2303 3476 2609 3549 sequenda
2627 3480 2833 3530 nostra
2849 3471 3411 3546 dogmata,deosque
3428 3473 3665 3524 nostros
3687 3484 3781 3523 co-

2120 3569 2331 3625 lendos
2354 3584 2488 3623 eum
2506 3566 2928 3621 induceremus
2946 3564 2975 3618 ‘I
2996 3563 3233 3627 Verum,
3255 3565 3320 3614 ut
3339 3558 3528 3626 video,
3548 3556 3771 3629 impos-

2123 3659 2322 3715 sibilia
2333 3655 2735 3731 aggredimur:
2756 3653 3051 3725 siquidem
3067 3669 3102 3707 a
3115 3647 3775 3721 naturaipsi,autetiam

2120 3751 2373 3805 fortasse
2412 3765 2446 3804 a
2478 3748 2739 3814 fortuna,
2758 3744 3087 3817 pervicacia
3108 3747 3168 3798 et
3185 3740 3375 3797 animi
3397 3738 3650 3795 durities
3680 3739 3774 3794 in-

2124 3840 2238 3894 sita
2262 3842 2370 3895 est.
2403 3840 2607 3908 Itaque
2641 3835 2690 3891 si
2734 3836 2930 3907 ipsum
2977 3831 3288 3904 suppliciis
3309 3847 3379 3887 ac
3415 3828 3776 3885 cruciatibus

2125 3928 2362 3985 afﬁcere
2420 3929 2483 3981 in
2532 3926 2798 3981 animum
2858 3922 3184 3989 induxeris,
3218 3925 3345 3975 tum
3376 3920 3505 3991 ipse
3547 3923 3777 3974 natura)

2125 4020 2358 4074 hostem
2408 4022 2462 4071 te
2520 4015 2834 4087 praebebis,
2875 4012 3183 4085 patrisque
3230 4025 3453 4065 nomen
3502 4007 3777 4075 amittes,

2128 4116 2251 4163 tum
2276 4107 2464 4179 ipsius
2483 4106 2781 4178 jacturam
2801 4103 3004 4169 facies,
3027 4106 3095 4156 ut
3116 4100 3218 4172 qui
3245 4116 3351 4171 pro
3373 4098 3606 4153 Christo
3624 4113 3782 4152 mor-

2128 4203 2247 4254 tem
2272 4202 2551 4270 appetere
2594 4199 2835 4267 paratus
2874 4193 2967 4248 sit.
3002 4191 3321 4262 Reliquum
3372 4194 3464 4244 est
3509 4187 3687 4260 igitur
3716 4190 3782 4240 ut

2128 4289 2282 4344 hanc
2320 4287 2613 4342 rationem
2660 4284 2848 4351 ineas,
2889 4298 3104 4353 nempe
3135 4286 3201 4336 ut
3241 4296 3491 4352 regnum
3546 4294 3683 4333 cum
3709 4293 3779 4332 eo

2128 4377 2426 4450 partiaris,
2454 4376 2626 4446 eique
2666 4375 2728 4429 in
2753 4391 2823 4429 ea
2848 4378 3014 4444 parte
3041 4388 3172 4443 quae
3202 4370 3274 4426 ad
3307 4386 3442 4425 eum
3471 4369 3784 4425 attinuerit

2130 4467 2277 4539 regii
2337 4466 2606 4521 muneris
2658 4462 3236 4519 administrationem
3282 4460 3638 4516 committas.
3699 4461 3782 4513 Ac

359 4549 449 4605 καὶ
484 4548 628 4625 βίον,
689 4544 837 4605 ἔσται
897 4550 1035 4623 ἡμῖν
1096 4551 1234 4605 κατά
1286 4552 1490 4606 σκοπὸν
1547 4553 1608 4607 τὸ
1657 4559 1902 4631 πρᾶγμα·
1952 4557 2019 4611 τὰ

2133 4558 2181 4613 si
2212 4556 2455 4628 quidem
2486 4555 2856 4627 negotiorum
2888 4558 3120 4622 natura,
3159 4566 3482 4621 rerumque
3528 4548 3785 4604 munda-

358 4640 463 4715 γὰρ
515 4639 766 4714 ἱσχυρῶς
802 4632 1170 4715 βεϐαιωθέντα
1196 4643 1266 4713 τῇ
1298 4643 1453 4716 ψυχῇ
1486 4635 1580 4712 ἔθη
1633 4640 2023 4715 δυσεξάλειπτά

360 4727 470 4783 εἶσι
508 4728 602 4783 καὶ
648 4728 833 4783 πειθοῖ
886 4725 1102 4802 μᾶλλον
1134 4727 1169 4797 ἢ
1202 4729 1294 4805 βίᾳ
1342 4726 1745 4803 μεταϐάλλεται
1795 4738 1925 4809 (21).
1960 4735 2025 4791 Εἰ

360 4815 422 4873 δὲ
477 4821 547 4892 τῇ
605 4815 871 4894 θρησκείᾳ
927 4823 1229 4895 παραμενεῖ
1285 4822 1399 4893 (22)
1468 4826 1579 4877 τῶν
1636 4826 1973 4899 Χριστιανῶν
2009 4869 2023 4897 ,

360 4907 494 4963 αὐτὸ
525 4905 595 4977 δή
623 4911 810 4977 τοῦτο,
849 4907 914 4962 τὸ
969 4908 1047 4981 μὴ
1110 4909 1455 4982 ζημιωθῆναί
1484 4932 1541 4966 σε
1587 4915 1697 4985 (23)
1742 4912 1835 4969 τὸν
1884 4915 2026 4985 υἱὸν,

359 4996 509 5055 ἔσται
570 5019 656 5054 σοι
711 5005 815 5069 τῆς
878 4997 1115 5073 ἄθυμίας
1167 5004 1355 5062 ποσῶς
1412 5003 1784 5079 παραμύθιον.
1845 5008 2029 5063 Ταῦτα

360 5090 463 5144 τού
492 5089 711 5165 Ἀραχῆ
748 5086 1021 5159 εἰπόντος,
1078 5090 1273 5152 πάντες
1332 5092 1769 5168 συνεμαρτύρουν
1826 5093 2030 5150 ἀποδε-

360 5177 600 5254 χόμενοι
636 5178 738 5247 τήν
795 5178 1050 5254 γνώμην.
1117 5180 1431 5236 Συντίθεται
1479 5182 1662 5239 τοίνυν
1694 5181 1784 5238 καὶ
1816 5184 1844 5238 6
1875 5185 2028 5261 βασι-

364 5268 495 5331 λεὺς
529 5267 673 5323 οὕτω
700 5271 865 5324 τνῦτα
896 5264 1227 5336 διατεθῆναι.

441 5397 553 5468 (18)
579 5399 720 5452 Luc.
756 5397 796 5460 i,
829 5397 918 5451 ’78.

438 5470 553 5540 (l9)
584 5468 751 5541 Conf.
778 5484 911 5541 pag.
942 5469 1069 5524 259.

437 5542 553 5609 (20)
585 5539 754 5596 Conf.
784 5539 923 5611 pag.
941 5544 1081 5611 Δ192.

440 5556 553 5609 (zu;
585 5556 754 5596 uom.
790 5556 866 5611 pa
910 5583 923 5595 .
961 5556 1081 5596 192.

440 5613 551 5683 (21)
587 5612 649 5686 C,
688 5556 1172 5686 μεταϐἓλλόμενα.

581 5684 652 5759 ἐν
680 5682 1000 5759 παραμένει.

440 5754 556 5830 (23)
585 5754 809 5813 Forsan
833 5754 941 5816 σοι.

2134 4665 2349 4704 narum
2381 4663 2523 4702 cura
2554 4662 2689 4701 eum
2719 4644 2795 4699 ad
2838 4644 3179 4698 institutum
3210 4646 3486 4697 nostrum
3533 4640 3786 4711 vitaeque

2135 4754 2322 4810 genus
2352 4733 2835 4807 amplectendum
2866 4730 3283 4804 pertraxerint,
3335 4747 3432 4785 res
3488 4728 3663 4785 nobis
3717 4743 3788 4782 ex

2138 4826 2435 4883 sententia
2466 4823 2763 4880 succedet.
2796 4824 2986 4877 Mores
3017 4820 3238 4876 etenim
3287 4820 3350 4874 in
3380 4820 3580 4874 animo
3609 4816 3790 4871 vehe-

2136 4921 2372 4973 menter
2397 4912 2762 4971 corroborati
2794 4928 2948 4985 aagre
2971 4910 3225 4983 expungi
3257 4914 3434 4980 atque
3452 4905 3787 4963 oblitterari

2137 5011 2408 5080 possunt,
2448 5004 2883 5073 verborumque
2938 5001 3137 5073 potius
3183 4997 3491 5054 blanditiis
3523 5011 3703 5067 quam
3731 4995 3786 5049 vi

2139 5099 2600 5153 commutantur.
2618 5094 2719 5148 Sin
2740 5097 2938 5147 autem
2970 5090 3031 5145 in
3052 5088 3525 5145 Christianorum
3544 5084 3789 5158 regione

2140 5185 2487 5260 perstiterit,
2518 5182 2667 5239 illud
2689 5183 2884 5255 ipsum
2906 5185 3087 5253 certe,
3110 5178 3269 5251 quod
3300 5177 3423 5236 tilio
3453 5192 3575 5233 non
3594 5175 3675 5233 sis
3700 5192 3794 5232 or-
