4112 6402
348 385 492 441 1175

1877 380 2247 436 ΔῡυΕΝῡΔ.

3633 389 3658 444 1
3670 389 3773 446 176

344 509 521 564 batus
552 525 871 565 maerorem
900 514 1067 565 tuum
1098 509 1297 580 aliqua
1326 524 1397 562 ex
1418 511 1584 579 parte
1615 503 1929 577 mitigabit.
1960 504 2120 557 Hanc
2150 503 2484 558 orationem
2511 520 2649 559 cum
2684 502 2941 560 Araches
2980 503 3311 574 habuisset,
3341 522 3553 565 omnes
3584 511 3771 583 ipsius

347 599 710 654 sententiam
731 600 1215 671 comprobarunt,
1247 614 1313 652 ac
1343 597 1592 668 proinde
1623 613 1727 650 rex
1759 610 1820 649 se
1843 594 1926 646 ita
1955 596 2225 646 acturum
2256 593 2536 648 assensit.

417 689 624 759 Itaque
637 689 921 760 postridie
936 706 1070 743 cum
1086 688 1398 752 illuxisset,
1417 687 1608 741 lilium
1625 683 1999 750 accivit,eum

2186 681 2282 734 Καὶ
2315 678 2382 750 δὴ
2442 680 2956 756 προσκαλεσάμενος
2987 679 3174 754 ἕωθεν,
3207 682 3310 759 ἔφη
3343 690 3423 760 τῷ
3453 687 3580 760 υἱῷ·
3615 692 3769 750 304

351 793 465 849 que
489 778 573 832 ita
589 785 679 834 est
697 779 1018 834 allocutus:
1058 778 1161 832 Hic
1207 777 1377 845 mihi,
1410 794 1442 831 o
1466 782 1626 844 nate,
1666 780 2006 846 postremus

351 867 425 922 ad
448 873 504 922 te
531 884 724 922 sermo
748 873 856 934 est,
879 867 974 922 cui
993 867 1108 921 nisi
1137 866 1584 938 quamprimum
1607 863 1897 937 parueris,
1927 866 2010 916 at-

351 973 466 1028 que
487 958 549 1012 in
572 958 682 1012 hac
705 957 916 1012 saltem
939 973 999 1011 re
1018 956 1276 1028 pectoris
1299 957 1417 1012 mei
1439 955 1707 1011 dolorem
1731 953 2008 1008 leniveris

351 1065 471 1104 non
490 1048 821 1116 ultra,mihi
843 1048 1430 1121 crede,indulgenter
1444 1053 1638 1103 tecum
1652 1063 1844 1119 agam.
1870 1047 2008 1099 Per-

349 1142 628 1193 contante
657 1142 857 1192 autem
881 1137 984 1192 illo
1031 1137 1175 1208 quid
1199 1137 1310 1192 sibi
1334 1138 1445 1193 hoc
1471 1153 1747 1192 sermone
1792 1134 2005 1188 vellet:

348 1229 636 1294 Quonam,
655 1225 852 1297 inquit
869 1226 993 1295 ille,
1014 1227 1220 1282 multis
1243 1228 1535 1299 susceptis
1562 1225 1864 1281 laboribus
1882 1241 2012 1295 per-

347 1317 602 1373 fractum
634 1323 694 1372 et
721 1323 1136 1373 contumacem
1160 1324 1217 1372 te
1235 1318 1309 1372 ad
1340 1335 1548 1372 omnes
1580 1317 1794 1388 reperi,
1819 1319 1884 1368 ut
1907 1313 2010 1384 qui

350 1407 536 1462 nullis
555 1423 820 1478 unquam
846 1408 1222 1462 sermonibus
1245 1408 1394 1462 meis
1419 1406 1752 1479 parendum
1767 1404 1872 1459 tibi
1897 1403 2008 1458 du-

351 1498 530 1564 xeris,
556 1513 682 1569 age,
709 1496 895 1552 diviso
920 1498 1168 1569 imperio
1194 1515 1323 1552 meo
1372 1497 1431 1551 id
1453 1498 1690 1561 faciam,
1724 1501 1789 1549 ut
1821 1500 1882 1549 tu
1915 1511 2009 1548 se-

356 1585 821 1658 paratimdegas,
839 1603 906 1641 ac
929 1604 1177 1659 regnum
1201 1603 1390 1659 geras.
1421 1589 1507 1640 Ita
1525 1587 1651 1658 jam
1683 1585 1807 1650 tibi,
1828 1599 2009 1654 quam

355 1676 545 1746 cupis,
563 1676 718 1730 viam
765 1675 992 1748 ingredi
1040 1682 1164 1731 tuto
1187 1676 1412 1732 licebit.
1436 1676 1642 1730 Divina
1669 1681 1867 1730 autem
1907 1673 2011 1727 illa

355 1766 576 1836 anima,
602 1781 949 1835 quanquam
982 1766 1206 1837 alioqui
1239 1782 1438 1838 regem
1465 1766 1573 1820 hoc
1607 1765 1718 1819 sibi
1751 1762 2012 1818 labefac-

359 1853 519 1909 tandi
543 1854 634 1908 sui
661 1853 917 1908 instituti
940 1871 1119 1910 causa
1147 1872 1479 1926 proponere
1513 1858 1882 1925 compertum
1903 1853 2012 1906 ha-

351 1943 542 2008 beret,
591 1942 1128 2014 obtemperandum
1181 1951 1383 2000 tamen
1415 1944 1605 2014 duxit,
1639 1944 1750 1998 hoc
1783 1942 2014 1997 scilicet

2113 774 2285 833 Οῦτὸς
2320 794 2413 847 μοι
2442 773 2756 836 τελευταῖος
2815 771 2926 845 ἤδη
2959 777 3094 851 πρὸς
3125 776 3182 832 σὶ
3214 775 3408 853 λόγος,
3458 780 3566 834 υἱέ·
3600 780 3764 858 οὗπερ

2115 860 2160 915 εί
2211 865 2288 937 μή
2340 861 2494 927 εὐθὺς
2545 864 2816 934 κατήκοος
2861 865 2992 939 γένῃ
3043 865 3136 920 καὶ
3192 866 3288 921 κᾶν
3338 865 3392 920 ἐν
3436 867 3626 942 τούτῳ
3672 871 3770 940 τὴν

2112 950 2252 1024 ἐμήν
2313 950 2650 1026 θεραπεύσῃς
2707 949 2930 1027 καρδίαν
2968 998 2983 1020 ,
3044 953 3144 1009 οὐκ
3200 953 3278 1010 ἔτι
3339 977 3461 1025 σου,
3521 955 3580 1012 εὖ
3642 955 3769 1029 ἴσθι,

2114 1041 2392 1118 φείσομαι.
2446 1043 2557 1098 Τοῦ
2609 1038 2667 1097 δὶ
2720 1043 2841 1096 υἱοῦ
2888 1045 3204 1116 πυθομένου
3234 1043 3318 1108 τίς
3366 1049 3402 1116 ἡ
3453 1050 3553 1100 τοῦ
3603 1044 3772 1124 λόγου

2113 1127 2368 1204 δύναμις,
2431 1131 2709 1206 Ἐπείπερ,
2742 1132 2898 1208 φησὶ,
2930 1131 3119 1188 πολλὰ
3177 1136 3448 1210 μογήσας,
3481 1133 3768 1192 ἀνένδοτόν

2115 1241 2172 1276 σε
2197 1221 2333 1296 πρὸς
2363 1221 2540 1276 πάντα
2586 1221 2751 1296 αὗρον
2780 1225 2878 1276 τοῦ
2927 1223 3220 1293 πεισθῆναί
3252 1245 3360 1297 μου
3385 1229 3508 1288 τοῖς
3562 1224 3773 1301 λόγοις,

2116 1306 2274 1381 δεῦρο
2303 1306 2369 1378 δὴ
2403 1306 2622 1378 λοιπὸν,
2681 1311 2780 1379 τὴν
2840 1310 3118 1384 βασιλείαν
3181 1309 3404 1384 διελὼν,
3465 1313 3568 1369 ἀνὰ
3619 1315 3778 1390 μέρος

2115 1397 2248 1452 εἶναί
2297 1419 2354 1453 σε
2383 1398 2473 1454 καὶ
2511 1396 2820 1474 βασιλεύειν
2859 1402 3102 1472 ποιήσω·
3134 1402 3225 1456 καὶ
3279 1401 3426 1458 ἔσται
3461 1425 3556 1458 σοι
3588 1401 3777 1461 λοιπὸν

2115 1485 2197 1542 ἐπ’
2228 1486 2411 1550 ἀδείας
2443 1489 2509 1557 ἢν
2545 1488 2602 1542 ἃν
2654 1493 2830 1563 ποθῇς
2873 1489 3007 1544 ἰέναι
3059 1488 3209 1550 ὁδόν.
3263 1497 3466 1548 Γνοῦσα
3499 1491 3571 1548 δὲ
3599 1495 3634 1564 ἡ
3669 1495 3778 1551 θεία

2117 1578 2268 1653 ψυχὴ
2293 1575 2472 1647 ἐκείνη
2503 1577 2595 1632 καὶ
2623 1583 2786 1633 τοῦτο
2836 1578 2921 1634 ἐπ’
2973 1578 3182 1654 όλίσθῳ
3231 1588 3332 1652 τῆς
3366 1582 3544 1638 αὐτοῦ
3591 1605 3775 1657 προαι-

2120 1669 2315 1743 ρέσεως
2346 1663 2648 1744 προϐαλεῖν
2695 1670 2788 1724 τὸν
2843 1670 3092 1744 βασιλέα,
3126 1669 3283 1745 ὅμως
3315 1671 3624 1729 ἐπακοῦσαι
3657 1696 3772 1730 συι-

2119 1754 2279 1826 εῖδεν,
2327 1754 2441 1826 θίνα,
2499 1759 2596 1820 τὰς
2655 1759 2822 1813 αὐτοῦ
2883 1755 3106 1836 διαδρὰς
3166 1766 3379 1837 χεῖρας,
3437 1764 3552 1832 τὴν
3601 1763 3773 1820 ἐπιθυ-

2123 1848 2399 1921 μουμένην
2457 1850 2604 1920 αὑτῷ
2662 1847 2993 1922 πορεύσηται
3053 1847 3203 1908 ὁδόν.
3260 1848 3592 1908 Ὑπολαὲὼν
3664 1853 3769 1927 οὖν,

2117 1941 2196 2008 τῷ
2232 1934 2450 2012 βασιλεῖ
2479 1934 2604 2015 ἔφη’
2662 1939 2805 2013 Ἐγὼ
2836 1939 2931 2011 μὶν
2966 1938 3196 2004 ἐπόθουν
3242 1941 3334 1996 τὸν
3393 1944 3552 1998 θεῖον
3582 1941 3768 2000 ἐκεῖνον

352 2032 576 2096 animo,
607 2036 674 2086 ut
713 2047 783 2086 ex
813 2031 1003 2102 ipsius
1034 2033 1314 2088 manibus
1346 2033 1607 2104 elapsus,
1641 2032 1799 2087 viam
1832 2047 2011 2102 quam

2125 2033 2354 2097 ζητῆσαι
2415 2024 2604 2101 ἄνδρα,
2663 2028 2756 2082 τὸν
2820 2025 3175 2100 ὑποδείξαντά
3228 2052 3323 2105 μοι
3380 2034 3482 2102 τήν
3531 2033 3655 2090 ὁδὸν
3677 2043 3768 2104 τῆς

353 2120 667 2192 expetebat
686 2120 1118 2194 ingrederetur.
1143 2123 1489 2178 Sermonem
1509 2123 1689 2194 igitur
1711 2121 2014 2192 excipiens

354 2211 427 2268 ad
454 2227 655 2283 regem
686 2210 800 2266 ait:
841 2211 1132 2282 Equidem
1165 2213 1292 2284 ipse
1317 2213 1582 2268 divinum
1615 2212 1785 2266 illum
1821 2212 2012 2266 virum

356 2301 459 2372 qui
489 2301 636 2355 mihi
668 2299 882 2356 salutis
913 2301 1027 2356 iter
1053 2301 1541 2358 commonstravit
1584 2317 1852 2372 quaerere
1883 2317 2014 2372 ges-

357 2389 602 2457 tiebam,
636 2389 934 2460 rebusque
994 2391 1274 2447 omnibus
1318 2391 1512 2446 valere
1536 2390 1744 2462 jussis,
1778 2407 1913 2445 cum
1947 2406 2015 2444 eo

361 2477 655 2549 quidquid
677 2479 824 2533 mihi
848 2479 978 2534 vitae
999 2479 1297 2551 reliquum
1323 2486 1413 2535 est
1443 2480 1772 2535 traducere.
1801 2481 2017 2533 Verum

359 2567 644 2639 quoniam
668 2584 774 2639 per
795 2573 912 2635 te,o
934 2574 1123 2640 pater,
1147 2569 1296 2624 mihi
1319 2586 1388 2625 ea
1409 2587 1540 2640 quae
1562 2568 1724 2624 cordi
1748 2573 1908 2637 sunt,
1929 2567 2017 2622 fa—

2125 2115 2422 2191 σωτηρίας,
2467 2117 2582 2183 καὶ,
2636 2122 2768 2172 πᾶσι
2824 2117 3035 2192 χαίρειν
3079 2118 3323 2189 εἰπόντα,
3360 2123 3476 2195 μετ’
3503 2124 3673 2180 αὐτοῦ
3713 2124 3770 2180 τὸ

2123 2205 2319 2262 λοιπὸν
2351 2213 2452 2276 τῆς
2502 2213 2648 2276 ζωῆς
2707 2229 2811 2280 μου
2844 2205 3108 2264 διανύσαιο
3143 2207 3268 2264 ἀλλ’
3300 2209 3417 2267 ἐπεί
3465 2234 3563 2286 με,
3592 2215 3764 2290 πάτερ,

2125 2296 2186 2352 οὗ
2231 2303 2537 2373 συγχωρεῖς
2578 2297 2646 2352 τὰ
2699 2297 3007 2372 καταθύμια
3065 2301 3341 2374 πράττειν,
3398 2301 3662 2378 πείθομαί
3689 2327 3766 2361 σοι

2127 2386 2179 2442 ἐν
2211 2387 2412 2459 τούτῳ.
2476 2389 2566 2444 Ἑν
2627 2388 2706 2449 οἷς
2752 2389 2854 2464 γὰρ
2905 2389 2973 2443 οὐ
3020 2389 3298 2464 πρόκειται
3358 2395 3642 2471 προφανής
3672 2396 3765 2451 ἀπ-

2128 2474 2298 2532 ώλεια
2328 2477 2418 2532 καὶ
2449 2479 2583 2531 Θεοῦ
2631 2475 3019 2554 ἀλλοτρίωσις,
3070 2479 3236 2535 καλὸν
3295 2485 3374 2554 τῷ
3404 2484 3570 2559 πατρὶ
3598 2485 3761 2541 πείθε-

2128 2576 2270 2628 σθαι.

357 2674 492 2714 cere
521 2657 768 2714 minime
797 2658 956 2727 licet,
987 2659 1096 2714 hac
1129 2659 1191 2713 in
1219 2676 1282 2714 re
1315 2659 1420 2714 tibi
1449 2676 1678 2714 morem
1709 2675 1868 2730 gero,
1903 2656 2200 2728 siquidem
2226 2657 2288 2711 in
2318 2656 2412 2711 his
2442 2656 2620 2711 rebus
2649 2657 2711 2712 in
2742 2658 2958 2729 quibus
2993 2660 3375 2733 perspicuum
3407 2664 3644 2720 exitium
3679 2669 3756 2721 at-

359 2764 474 2818 que
500 2747 858 2802 abalienatio
890 2764 924 2802 a
957 2749 1074 2803 Deo
1107 2765 1228 2803 non
1249 2750 1623 2820 proponitur,
1655 2748 1809 2820 patri
1843 2747 2253 2819 obtemperare
2271 2746 2589 2818 pulchrum
2621 2752 2731 2802 est.

427 2839 547 2892 Rex
564 2837 764 2907 itaque
786 2853 1022 2893 summa
1043 2838 1250 2893 laetitia
1268 2838 1876 2910 perfusus,regionem
1889 2854 2010 2892 om-

351 2941 492 2981 nem
513 2925 767 2997 imperio
783 2943 888 2981 suo
911 2942 978 2981 ac
992 2926 1202 2981 ditioni
1224 2927 1353 2999 subj
1363 2933 1554 2983 ectam
1577 2928 1636 2982 in
1652 2927 1799 2982 duas
1812 2933 2010 2998 partes

351 3013 898 3086 dividit,ﬁliumque
919 3032 1120 3088 regem
1135 3022 1392 3086 creat,ac
1412 3017 1746 3072 diademate
1765 3020 2012 3072 exornat

351 3105 632 3177 regiaque
649 3106 813 3161 omni
837 3106 1028 3178 gloria
1048 3106 1395 3180 insignitum
1433 3108 1494 3162 in
1517 3125 1650 3163 eam
1672 3107 1837 3179 regni
1870 3123 2010 3177 par-

352 3200 476 3249 tem
489 3211 621 3265 quae
637 3195 749 3265 ipsi
764 3195 1049 3250 attributa
1065 3202 1336 3252 eratcum
1348 3197 1657 3252 luculenta
1677 3195 2008 3251 satellitum

354 3299 538 3339 manu
562 3284 806 3350 emittit;
828 3285 1198 3357 principibus
1210 3293 1408 3343 autem
1423 3304 1491 3342 ac
1508 3285 1779 3351 ducibus,
1805 3285 2010 3355 reique

356 3373 636 3430 militaris
653 3374 947 3445 praafectis
974 3381 1031 3430 et
1060 3377 1334 3448 satrapis,
1367 3378 1416 3432 si
1450 3393 1704 3447 quorum
1739 3375 2010 3431 voluntas

2192 2836 2372 2908 Χαρᾶς
2407 2834 2499 2889 οὖν
2537 2833 2620 2888 ὅτι
2679 2832 2939 2906 πλείστης
2968 2837 2997 2891 ὁ
3033 2835 3292 2912 βασιλεὺς
3347 2838 3602 2912 πλησθεὶς
3628 2839 3752 2896 διαιο

2121 2929 2205 2997 ρεῖ
2251 2924 2346 2997 μὲν
2400 2924 2498 2992 τήν
2555 2922 2797 2994 ὑποτελῆ
2859 2925 3006 2998 αὐτῷ
3065 2928 3257 3004 χώραν
3313 2937 3483 2987 πᾶσαν
3539 2933 3608 2993 εἰς
3635 2929 3744 3003 δύο,

2121 3018 2430 3088 χειροτονεῖ
2469 3010 2526 3067 δὲ
2582 3013 2672 3068 τὸν
2734 3013 2850 3069 υἱὸν
2915 3015 3168 3092 βασιλέα,
3221 3026 3418 3092 κοσμεῖ
3465 3025 3538 3092 τῷ
3567 3017 3749 3089 διαδή-

2125 3123 2288 3176 ματι,
2346 3102 2434 3158 καὶ
2470 3147 2484 3173 ,
2542 3104 2687 3179 πάσῃ
2737 3109 2934 3160 τοῦτον
2996 3105 3253 3182 βασιλικῇ
3307 3108 3759 3185 καταλαμπρῦνας

2122 3190 2273 3267 δόξῃ,
2307 3193 2383 3255 εἷς
2413 3193 2514 3261 τὴν
2565 3193 2946 3271 ἄφορισθεῖσαν
2991 3196 3144 3269 αὐτῷ
3197 3195 3451 3270 ἐκπέμπει
3485 3195 3762 3273 βασιλείαν

2124 3284 2258 3356 μετᾶ
2287 3283 2548 3357 λαμπρᾶς
2591 3280 2938 3361 δορυφορίας.
2989 3288 3121 3348 Τοῖς
3178 3284 3408 3363 ἄρχουσι
3441 3285 3497 3343 δέ
3523 3289 3621 3343 καὶ
3649 3289 3762 3364 ἡγε-

2125 3374 2276 3442 μόσι,
2333 3379 2658 3448 στρατηγοῖς
2709 3394 2769 3428 τε
2823 3379 2914 3428 καί
2975 3376 3276 3451 σατράπαις
3333 3374 3563 3450 κελεῦει,
3614 3377 3762 3433 παντὶ

357 3463 444 3516 ita
464 3461 718 3530 tulisset,
747 3480 882 3518 cum
930 3464 1052 3519 ﬁlio
1079 3482 1184 3520 suo
1213 3481 1280 3520 ac
1303 3482 1438 3537 rege
1459 3463 1880 3536 proﬁciscendi
1903 3480 2009 3535 po-

2125 3467 2202 3535 τῷ
2239 3461 2588 3537 βουλομένῳ,
2647 3462 2900 3518 ἀπελθεῖν
2960 3465 3097 3537 μετά
3147 3469 3246 3520 τοῦ
3295 3467 3417 3521 υἱοῦ
3473 3466 3635 3522 αὐτοῦ
3677 3467 3757 3521 καὶ

359 3556 634 3608 testatem
664 3551 823 3608 facit.
846 3555 1034 3624 Atque
1049 3554 1351 3626 ingentem
1371 3553 1692 3624 quamdam
1717 3571 1782 3610 ac
1801 3570 2012 3607 nume-

359 3640 731 3696 rosissimam
763 3641 994 3710 urbem,
1028 3643 1090 3697 in
1123 3657 1240 3712 qua
1266 3644 1489 3714 regiam
1513 3642 1717 3698 sedem
1748 3642 2013 3709 haberet,

361 3730 974 3803 assignat,omniaque
1001 3749 1070 3788 ea
1097 3749 1226 3803 quae
1249 3733 1488 3804 regibus
1511 3733 1871 3788 conveniunt
1900 3731 2014 3803 ipsi

363 3821 649 3892 impertit.
674 3824 818 3886 Tum
845 3823 1026 3895 igitur
1056 3823 1275 3894 regiam
1303 3823 1715 3879 auctoritatem
1741 3840 1808 3878 ac
1840 3828 2016 3894 pote-

363 3915 576 3966 statem
607 3918 817 3968 nactus
836 3914 1137 3985 Josaphat,
1163 3931 1298 3968 cum
1330 3913 1403 3969 ad
1418 3930 1548 3969 eam
1571 3913 1778 3968 urbem
1812 3914 1872 3966 in
1901 3928 2018 3984 qua

363 4017 432 4056 ea
462 4017 593 4071 quae
643 4001 717 4056 ad
746 4018 994 4074 regnum
1047 4003 1372 4076 gerendum
1404 4003 1786 4076 pertinebant
1815 4010 2020 4075 parata

363 4095 535 4145 erant
561 4091 842 4159 venisset,
892 4092 1208 4149 dominica)
1264 4094 1560 4165 passionis
1616 4094 1870 4166 signum,
1907 4093 2019 4147 hoc

364 4184 474 4251 est,
506 4180 904 4236 venerandam
947 4181 1159 4238 Christi
1209 4199 1446 4238 crucem
1480 4183 1539 4237 in
1573 4182 1823 4255 singulis
1854 4181 2019 4236 urbis

363 4269 627 4325 turribus
681 4270 1036 4326 collocavit.
1081 4271 1383 4328 Idolorum
1433 4278 1634 4328 autem
1683 4271 1930 4326 delubra
1963 4275 2022 4324 et

365 4376 496 4414 aras
531 4359 767 4430 dejecit,
801 4366 979 4430 atque
1006 4375 1040 4415 a
1068 4361 1476 4417 fundamentis
1509 4363 1653 4433 ipsis
1684 4361 1857 4428 eruit,
1884 4360 2020 4415 nul—

364 4449 453 4504 las
477 4449 755 4506 videlicet
782 4449 1108 4521 impietatis
1139 4450 1428 4522 reliquias
1460 4451 1763 4521 linquens.

434 4541 626 4608 Atque
656 4539 716 4593 in
748 4539 946 4594 media
977 4541 1121 4594 urbe
1154 4540 1365 4612 ingens
1389 4556 1454 4595 ac
1478 4540 1834 4612 praeclarum
1858 4545 2016 4593 tem-

361 4627 530 4698 plum
547 4627 777 4682 Christo
796 4629 1046 4684 Domino
1067 4631 1358 4698 excitavit,
1383 4630 1661 4701 plebique
1686 4628 2017 4700 imperavit,

363 4721 431 4771 ut
461 4716 534 4772 ad
551 4731 686 4772 eum
713 4716 910 4772 locum
933 4718 1137 4773 crebro
1164 4736 1530 4787 commeans,
1558 4721 1673 4774 Deo
1697 4736 1804 4791 per
1825 4719 2017 4773 crucis

361 4807 774 4862 adorationem
805 4807 1031 4863 cultum
1062 4809 1392 4865 adhiberet.
1446 4811 1520 4864 Αι
1553 4813 1689 4864 tunc
1721 4809 1847 4880 ipse
1881 4812 2016 4863 ante

365 4897 650 4953 omnesin
669 4897 929 4953 medium
943 4898 1654 4969 prodiens,intentissimo
1668 4899 1868 4955 animo
1887 4916 2016 4970 pre-

363 5003 462 5042 ces
483 4987 1125 5058 fundebat,omnesque
1148 5005 1249 5043 eos
1268 4989 1367 5060 qui
1384 4989 1493 5044 sub
1513 4989 1700 5060 ipsius
1723 4994 2014 5061 potestate

365 5092 432 5132 ac
452 5077 676 5132 ditione
699 5083 869 5132 erant
884 5077 1186 5145 monebat,
1211 5077 1736 5144 obsecrabatmihil
1757 5077 2017 5147 denique

363 5165 874 5237 praetermittebat,
891 5183 1007 5236 quo
1026 5166 1184 5237 ipsos
1197 5184 1232 5221 a
1249 5167 1660 5238 superstitioso
1677 5184 1874 5222 errore
1888 5165 2018 5221 abs-

362 5257 648 5323 traheret,
673 5261 849 5326 atque
873 5256 945 5310 ad
969 5255 1268 5311 Christum
1299 5257 1680 5329 adjungeret:
1719 5257 2015 5311 idolorum

361 5345 558 5399 cultus
587 5343 857 5399 fraudem
888 5350 1064 5414 atque
1088 5344 1478 5416 imposturam
1500 5346 2014 5412 indicabat,Evan-

360 5434 498 5504 gelii
531 5432 1015 5504 praedicationem
1050 5435 1401 5504 exponebat,
1437 5437 1538 5490 Dei
1583 5435 1743 5492 verbi
1775 5435 2015 5506 plenam

363 5520 752 5588 indulgentiae
779 5520 1206 5578 demissionem
1238 5525 1760 5589 commemorabat,
1797 5524 2015 5579 adven-

363 5617 458 5665 tus
481 5610 668 5680 ipsius
694 5612 983 5668 miracula
997 5614 1378 5687 praedicabat,
1413 5618 1606 5674 crucis
1629 5616 2010 5688 supplicium,

359 5715 469 5774 per
500 5698 658 5767 quod
679 5699 933 5756 salutem
959 5706 1260 5761 consecuti
1288 5724 1515 5778 sumus,
1537 5705 1894 5777 declarabat,
1918 5723 2014 5763 re-

2130 3549 2418 3626 βασιλέως.
2456 3550 2558 3607 Καὶ
2585 3549 2748 3606 πόλιν
2779 3551 2897 3607 τινὰ
2927 3552 3172 3629 μεγάλην
3221 3554 3312 3610 καὶ
3342 3552 3758 3631 πολυάνθρωπον

2125 3639 2371 3716 ἀφορίζει
2402 3643 2554 3698 305
2591 3640 2756 3696 αὐτοῦ
2813 3646 2882 3715 τῇ
2928 3641 3200 3718 βασιλείᾳ,
3234 3643 3325 3699 καὶ
3387 3645 3558 3700 πάντα
3589 3642 3769 3699 δίδωσι

2124 3730 2191 3784 τὰ
2221 3729 2496 3805 πρέποντα
2557 3730 2889 3807 βασιλεῦσιν.
2939 3732 3070 3786 Τότε
3129 3729 3197 3801 δὴ
3229 3733 3354 3789 τότε
3381 3736 3482 3803 τὴν
3538 3732 3769 3805 ἐξουσίαν

2126 3816 2460 3895 παραλαϐὼν
2495 3821 2523 3875 ὁ
2558 3822 2791 3898 Ἰωάσαφ
2839 3827 2939 3890 τῆς
3001 3821 3302 3897 βασιλείας,
3352 3823 3510 3892 ἡνίκα
3543 3825 3640 3893 τήν
3673 3823 3772 3878 πό-

2127 3907 2214 3964 λιν
2272 3905 2568 3965 κατέλαϐεν
2625 3905 2751 3965 ἔνθα
2803 3910 2872 3965 τὰ
2924 3917 3025 3980 τῆς
3097 3909 3376 3987 βασιλείας
3448 3911 3776 3989 ηὐτρέπιστο

2127 4000 2297 4071 αὐτῷ,
2329 4000 2391 4054 τὸ
2442 4004 2540 4055 τοῦ
2597 3997 2920 4056 δεσποτικοῦ
2981 4001 3075 4074 μὲν
3137 4001 3341 4065 πάθους
3398 4008 3656 4076 σημεῖον,
3689 4005 3778 4059 τὸν

2129 4082 2426 4161 σεϐάσμιον
2479 4090 2707 4164 σταυρὸν
2764 4093 2866 4144 τοῦ
2923 4090 3160 4166 Χριστοῦ
3194 4135 3209 4160 ,
3269 4088 3476 4165 ἑκάστῳ
3535 4091 3778 4170 ἐφίστησι

2127 4185 2226 4247 τῆς
2273 4176 2490 4239 πόλεως
2533 4179 2743 4254 πύργῳο
2802 4177 2928 4242 τοὺς
2989 4176 3046 4234 δὶ
3103 4177 3426 4244 είδωλικοὺς
3474 4183 3639 4245 ναοὺς
3693 4182 3780 4238 καὶ

2134 4266 2357 4341 βωμοὺς
2405 4271 2662 4342 περιστὰς
2720 4267 3084 4345 ἐπολιόρκει,
3135 4270 3402 4326 κατέσειεν
3439 4314 3454 4340 ,
3510 4273 3784 4348 ἆνώρυττε

2127 4357 2189 4411 τὸ
2221 4351 2438 4431 ἔδαφος,
2495 4357 2817 4430 ἐξεκάλυπτε
2864 4357 2993 4422 τοὺς
3024 4357 3330 4433 θεμελίους,
3369 4358 3541 4434 μηδὲν
3593 4361 3787 4437 λείψα-

2128 4468 2213 4501 νον
2247 4449 2344 4515 τῆς
2371 4442 2616 4509 ἀσεϐείας
2640 4447 2982 4506 καταλιπών.

2202 4537 2351 4592 Κατὰ
2409 4533 2467 4592 δέ
2523 4537 2692 4610 μέσης
2750 4545 2851 4607 τῆς
2907 4537 3125 4602 πόλεως
3179 4540 3304 4595 ναὸν
3371 4539 3533 4615 μέγαν
3591 4562 3650 4597 τε
3695 4544 3788 4598 καῖ

2129 4623 2442 4700 περικαλλῆ
2471 4630 2550 4698 τῷ
2581 4627 2822 4702 Δεσπότῃ
2856 4628 3112 4704 ἀνεγείρει
3154 4631 3394 4703 Χριστῷ.
3431 4632 3528 4686 Καὶ
3570 4631 3785 4687 κελεύει

2125 4716 2188 4770 τὸ
2221 4713 2438 4784 πλῆθος
2468 4714 2582 4770 ἐκεῖ
2612 4717 2837 4792 συνεχὲς
2865 4715 3342 4793 ἐπιχωριάζοντας
3375 4719 3674 4796 προσάγειν
3707 4727 3788 4794 τῷ

2131 4809 2246 4877 Θεῷ
2269 4805 2331 4859 τὸ
2389 4799 2549 4866 σέϐας
2609 4801 2697 4859 διὰ
2747 4812 2846 4875 τῆς
2893 4811 2989 4862 τοῦ
3042 4812 3276 4884 σταυροῦ
3333 4812 3788 4884 προσκυνήσεως,

2125 4894 2200 4957 εἰς
2235 4894 2397 4968 μέσον
2449 4894 2556 4970 πρὸ
2613 4897 2829 4950 πάντων
2875 4895 3035 4959 αὐτὸς
3093 4899 3383 4973 παρελθὼν
3437 4901 3525 4955 καὶ
3578 4899 3789 4956 ἐκτενε-

2128 4983 2293 5059 στάτῃ
2329 4981 2517 5050 διδοὺς
2547 4985 2734 5040 ἑαυτὸν
2771 4982 2974 5057 δεήσει.
3010 4987 3218 5050 Πάντας
3252 4985 3309 5044 δέ
3357 4987 3486 5052 τοὺς
3545 4990 3651 5045 ὑπὸ
3682 4993 3785 5061 τήν

2126 5076 2290 5130 αὑτοῦ
2324 5080 2485 5150 χεῖρα
2530 5077 2859 5150 γενομένους
2905 5074 3190 5147 ἐνουθέτει,
3241 5077 3558 5152 παρεκάλει,
3607 5079 3790 5137 πάντα

2125 5163 2298 5219 ἐποίει
2327 5169 2425 5219 τοῦ
2475 5166 2785 5220 ἀποσπάσαι
2841 5168 2939 5235 τῆς
2979 5163 3384 5241 δεισιδαίμονος
3431 5166 3648 5237 πλάνης
3693 5168 3786 5224 καὶ

2122 5259 2202 5326 τῷ
2235 5259 2449 5329 Χριστῷ
2490 5254 2790 5310 οίγειῶσαι·
2849 5256 2949 5324 τὴν
3008 5255 3218 5327 ἀπάτην
3283 5255 3340 5312 δέ
3369 5254 3648 5313 ὑπεδείκνυ
3679 5266 3787 5329 τῆς

2124 5341 2528 5418 εἰδωλομανίας
2553 5344 2644 5399 καὶ
2691 5345 2754 5399 τὸ
2784 5345 3048 5420 κήρυγμα
3093 5343 3446 5422 κατήγγελλε
3473 5350 3570 5401 τοῦ
3607 5346 3788 5423 Εὐαγ-

2121 5433 2333 5510 γελίου,
2365 5435 2432 5489 τὰ
2456 5433 2581 5510 περὶ
2611 5440 2711 5504 τῆς
2737 5438 2834 5488 τοῦ
2891 5438 3025 5490 Θεοῦ
3078 5437 3258 5512 Λόγου
3320 5434 3518 5511 διεξῄει
3578 5458 3784 5512 συγκα-

2120 5518 2424 5594 ταϐάσεως,
2471 5524 2538 5579 τὰ
2587 5525 2860 5596 θαυμάσια
2915 5523 3176 5599 ἐκήρυττε
3219 5532 3320 5595 τῆς
3349 5527 3518 5580 αὐτοῦ
3568 5546 3784 5602 παρου-

2123 5613 2260 5685 σίας,
2287 5612 2350 5666 τὸ
2380 5613 2551 5678 πάθος
2614 5612 2872 5688 ἐγνώριζε
2926 5617 3025 5668 τοῦ
3082 5617 3316 5690 σταυροῦ
3361 5612 3434 5669 δι’
3481 5614 3572 5670 οὗν
3607 5617 3783 5671 σεσώ-

2121 5713 2314 5779 σμεθα,
2363 5702 2462 5773 τήν
2522 5708 2624 5774 τῆς
2683 5699 3020 5766 ἀναστάσεως
3077 5701 3308 5780 δύναμιν
3355 5703 3446 5760 καὶ
3489 5702 3589 5778 τήν
3638 5706 3780 5783 πρὸς
