4112 6380
398 367 544 427 11⁸19
1927 362 2079 416 ΔΌΒ]

2186 362 2296 419 ΒΔ.
3684 360 3824 421 H80.

399 496 561 560 sunt,
585 496 723 564 post
739 495 940 548 autem
964 489 1068 562 qui
1089 487 1366 545 militaris
1393 485 1624 542 ordinis
1641 489 1832 553 erant,
1864 501 1933 541 ac
1962 501 2057 540 re-

2186 483 2418 559 Ιιυχικὴν
2454 478 2846 558 ἀπελάμϐανον
2880 481 3086 561 ὖγείανο
3126 481 3276 540 ἀλλά
3326 480 3394 552 δὴ
3424 480 3520 538 καὶ
3567 481 3689 540 ὅσοι
3730 485 3820 541 νό-

396 580 632 653 liquum
652 581 971 654 vulgus.Ac
985 580 1086 652 qui
1108 578 1472 650 baptismum
1505 575 2058 648 suscipiebant,non

2186 591 2288 636 ποις
2342 575 2478 644 ἦσαν
2537 579 2882 648 σωματικαῖς
2937 572 3029 630 καὶ
3111 573 3395 649 πηρώσεσι
3476 573 3818 647 πιεζόμενοι,

393 670 573 727 modo
605 671 944 726 animarum
959 669 1275 724 sanitatem
1307 665 2058 737 consequebantur,verum

2186 661 2343 718 πάντα
2361 662 2718 738 ἀποθέμενοι,
2748 663 2976 740 καθαροί
3027 663 3124 726 τάς
3173 660 3380 737 ψυχάς,
3434 660 3615 735 ἃρτιοι
3658 659 3717 718 δὶ
3759 664 3822 719 τὰ

398 761 579 817 etiam
598 760 940 831 quicunque
957 754 1222 828 corporis
1235 755 1459 811 morbis
1473 761 1533 811 et
1545 755 1810 811 febribus
1823 753 2060 810 labora-

2186 756 2420 826 πώματα,
2466 760 2568 824 τῆς
2621 755 2768 816 θείας
2823 753 3130 828 ἀνήρχοντο
3189 754 3343 810 308
3401 745 3818 827 κολυμϐήθρας,

393 849 559 919 bant,
585 849 818 920 abjecta
839 846 1004 903 omni
1026 845 1277 902 adversa
1304 845 1667 913 valetudine,
1701 850 1827 900 tum
1854 844 2058 900 animo

2186 843 2456 914 icpaneiav
2485 845 2857 920 τρυγήσαντες
2887 846 3079 919 ψυχῶν
3110 863 3168 898 τε
3198 843 3346 916 ὁμοῦ
3373 841 3463 896 καὶ
3527 843 3820 914 σωμάτων.

392 956 566 1011 puro,
592 942 719 993 tum
749 937 979 1008 integro
1011 951 1260 1008 corpore
1310 951 1342 991 e
1391 935 1624 1007 piscina
1666 933 2138 1002 revertebantur,
2188 940 2470 1008 percepta
2507 935 2787 993 videlicet
2815 940 2942 991 tum
2972 935 3314 991 animorum
3347 939 3474 989 tum
3506 949 3822 1005 corporum

397 1027 675 1083 sanitate.

466 1115 550 1171 0h
564 1130 815 1186 eamque
827 1131 1074 1172 causam
1092 1114 1305 1187 ingens
1319 1113 1636 1170 hominum
1652 1112 1970 1169 multitudo
1982 1111 2059 1169 ad

2238 1112 2428 1178 Ἔνθεν
2451 1133 2537 1169 τοι
2568 1111 2660 1169 καὶ
2691 1112 2932 1191 συνίῤῥει
2965 1114 3103 1184 πρὸς
3153 1111 3248 1169 τὸν
3300 1110 3540 1187 βπσιλὲα
3586 1111 3821 1190 Ἰωάσαφ

393 1221 596 1278 regem
625 1205 910 1277 Josaphat
956 1204 1358 1274 undecunque
1402 1203 1767 1272 confluebat,
1818 1203 2059 1276 pietatis

2186 1203 2511 1278 πανταχόθεν
2540 1204 2611 1260 τά
2639 1201 2855 1276 πλήθη,
2919 1209 3199 1278 μυηθῆναι
3254 1204 3357 1273 τὴν
3407 1195 3688 1258 εὐσέϐειαν
3735 1201 3821 1257 ὑπ’

395 1294 668 1350 doctrina
683 1293 756 1350 ab
781 1311 849 1350 eo
871 1293 1060 1350 imbui
1085 1298 1625 1365 exposcens,atque
1643 1293 1846 1348 omnia
1867 1291 2061 1347 idolo-

2186 1293 2333 1350 ιύτοῦ
2365 1299 2676 1366 ζητοῦντες.
2733 1295 2832 1351 Καὶ
2887 1296 3064 1352 πάντα
3123 1294 3218 1367 μὶν
3276 1293 3682 1350 κατεσκάπτετο
3739 1290 3818 1348 εί-

396 1401 533 1441 rum
565 1385 792 1456 templa
819 1383 1597 1454 evertebantur,omnesque
1625 1399 1769 1456 opes
1789 1399 1858 1439 ac
1878 1397 2061 1454 pecu-

2186 1381 2383 1440 ῑωλικά
2419 1381 2756 1460 σεϐάσματα,
2817 1385 3072 1465 ἀφῄρητο
3121 1382 3180 1440 δὶ
3226 1384 3388 1447 π’ἄςὸ
3419 1382 3668 1444 πλοῦτος
3715 1384 3818 1453 (3ο)

398 1474 516 1530 nim
545 1474 611 1530 in
641 1474 799 1530 fanis
827 1473 1154 1530 recondita:
1184 1473 1708 1541 abstrahebantur,
1733 1489 2060 1543 eorumque

2186 1475 2258 1529 ιαὶ
2289 1473 2356 1529 τά
2379 1473 2716 1550 ἀποκείμενα
2742 1481 2862 1538 τοῖς
2895 1473 3204 1538 εἰδωλείοις
3234 1475 3522 1549 Χρήματα·
3568 1472 3662 1528 καὶ
3708 1470 3824 1548 ἱερά

399 1564 531 1621 loco
547 1571 926 1622 sacrosancta
952 1564 1173 1636 templa
1195 1565 1312 1620 Deo
1334 1563 2059 1634 exaedificabantur,opes-

2186 1563 2368 1636 τεμένη
2399 1564 2480 1635 τῷ
2512 1568 2628 1637 Θεῷ
2653 1561 3099 1638 ἀντῳκοδομεῖτο
3128 1565 3261 1636 (31).
3315 1562 3414 1620 Καὶ
3455 1560 3562 1618 τὸν
3613 1559 3822 1616 ἑκεῖνων

399 1671 515 1726 que
537 1655 675 1710 illas
698 1655 1077 1727 ingentisque
1098 1654 1273 1726 pretii
1297 1660 1489 1710 vestes
1513 1671 1583 1710 ac
1614 1653 1926 1709 thesauros
1955 1668 2061 1708 rex

2186 1651 2412 1709 πλοῦτον
2447 1653 2635 1718 αὐτοῖς
2666 1653 2757 1710 καὶ
2809 1655 2904 1716 τάς
2961 1650 3290 1715 πολυτελεῖς
3340 1652 3579 1721 ἐσθῆτας
3611 1649 3640 1705 ὁ
3673 1651 3821 1726 βασι-

395 1743 678 1815 Josaphat
707 1744 856 1816 ipsis
887 1744 1251 1817 assignabat,
1282 1744 1458 1800 vilem
1492 1744 1722 1800 scilicet
1749 1760 1816 1800 ac
1847 1759 2058 1815 super-

2186 1741 2296 1798 teb)
2329 1744 2564 1821 ἰωάσαφ
2594 1742 2842 1806 καὶτοὺς
2889 1740 3197 1819 θησαυροὺς
3245 1740 3474 1798 ἀνετίθει
3541 1742 3682 1815 (32),
3727 1739 3819 1808 τήν

392 1848 713 1889 vacaneam
728 1832 896 1890 illam
907 1835 1220 1890 materiam
1243 1834 1357 1890 hac
1371 1834 1602 1890 ratione
1624 1834 1836 1890 utilem
1849 1849 1917 1889 ac
1933 1833 2062 1888 fru-

2186 1829 2363 1906 ίτιμον
2391 1831 2603 1904 ἐκείνην
2643 1833 2734 1889 καὶ
2791 1835 3053 1909 περιττὴν
3113 1831 3254 1904 ὕλην
3311 1830 3523 1908 ἐνεργὸν
3595 1830 3820 1893 ἐντεῦθεν

396 1927 670 1978 ctuosam-
689 1923 1349 1980 efﬁciens.Exsecrandi
1362 1941 1538 1997 porro
1553 1923 1985 1994 daamones,qui
2000 1921 2062 1978 in

2186 1927 2346 1978 τοιῶν
2374 1921 2466 1978 καὶ
2498 1921 2806 2002 ὠφίλιμον.
2838 1924 2902 1978 Οἱ
2934 1920 2992 1979 δὲ
3019 1927 3138 1985 τοῖς
3191 1922 3411 1998 βωμοῖς
3455 1918 3690 1981 ὶκείνοις
3732 1917 3815 1974 καὶ

397 2012 556 2069 fanis
587 2012 708 2068 illis
735 2018 796 2069 et
825 2013 1115 2070 altaribus
1163 2013 1708 2081 commorabantur,
1741 2012 2062 2070 attrocissi-

2186 2017 2326 2075 ναοῖς
2385 2016 2497 2087 (33)
2551 2009 2921 2090 διατρίϐοντες
2978 2012 3173 2090 μιαροὶ
3253 2009 3509 2084 δαίμονες
3599 2007 3815 2085 διωγμῷ

401 2117 571 2160 mum
595 2103 658 2158 in
679 2101 926 2159 modum
947 2102 1335 2172 vexabantur,
1384 2120 1451 2160 ac
1485 2103 1860 2177 fugabantur,
1893 2119 2066 2158 coor-

2186 2101 2557 2178 ίαλεπωτὶτῳ
2585 2101 2918 2173 ἠλαύνοντο,
2948 2101 3041 2156 καὶ
3087 2102 3190 2172 τὴν
3250 2099 3592 2156 ἰπελθοῦσαν
3642 2097 3814 2158 αὐτοῖς

403 2197 646 2263 tamque
670 2191 784 2248 sibi
830 2192 1236 2249 calamitatem
1271 2192 1655 2250 audientibus
1693 2192 1899 2249 multis
1943 2191 2069 2248 cla-

2186 2191 2457 2268 πυμφοράν
2509 2193 2588 2254 εἰς
2641 2191 2872 2249 πολλῶν
2934 2190 3172 2263 ἰπήκοον
3229 2185 3472 2247 ἀνεϐόων
3529 2191 3664 2263 (34).
3719 2185 3812 2245 Καὶ

404 2280 672 2339 mabant.
704 2283 897 2354 Atque
914 2283 1172 2338 finitima
1189 2283 1294 2339 illa
1313 2283 1590 2339 universa
1608 2283 1769 2354 regio
1791 2280 2072 2338 tenebro-

2186 2280 2544 2358 ἠλευθεροῦτο
2575 2283 2610 2352 ἡ
2641 2281 2962 2359 περίχωρος
3009 2287 3153 2337 πᾶσα
3199 2280 3382 2352 ἐκείνη
3439 2285 3543 2350 τῆς
3607 2281 3814 2354 ζογερᾶς

409 2388 477 2428 sa
497 2371 766 2444 ipsorum
787 2371 998 2428 fraude
1019 2377 1198 2444 atque
1220 2373 1552 2444 impostura
1581 2371 1969 2439 liberabatur,
1999 2386 2070 2426 ac

2186 2370 2353 2426 ιύτῶν
2389 2372 2622 2445 ἀπάτης,
2651 2377 2733 2446 τῷ
2759 2371 2902 2450 φωτί
2939 2393 3000 2428 τε
3046 2369 3460 2447 περιελάμπετο
3515 2375 3620 2440 τῆς
3674 2369 3812 2442 ἄμω-

404 2461 882 2518 Christianorum
895 2461 1035 2518 fidei
1063 2462 1137 2518 ab
1163 2463 1327 2518 omni
1353 2461 1487 2519 labe
1509 2479 1578 2519 ac
1597 2461 2066 2535 reprehensione

2186 2464 2360 2537 μήτου
2388 2467 2498 2519 τῶν
2529 2465 2870 2540 Χριστιανῶν
2901 2461 3154 2526 πίστεως.

404 2551 611 2609 liberm
641 2551 778 2608 luce
807 2551 1291 2610 collustrabatur.

475 2641 782 2714 Siquidem
799 2641 928 2714 ipse
943 2659 1182 2714 quoque
1198 2659 1302 2698 rex
1317 2641 1597 2699 omnibus
1613 2642 1847 2699 virtutis
1869 2657 2039 2698 exem
2052 2673 2070 2684 -

2251 2639 2476 2718 Ἀμέλει
2529 2642 2619 2698 καὶ
2682 2640 2942 2720 βασιλεὺς
3005 2641 3204 2720 ἀγαθὸν
3283 2647 3444 2698 πᾶσιν
3533 2637 3828 2714 ὑπόδειγμα

406 2731 542 2805 plar
570 2737 720 2802 erat,
743 2748 812 2788 ac
842 2731 1175 2805 permultos
1205 2731 1281 2788 ad
1311 2733 1584 2788 eamdem
1615 2732 1980 2789 voluntatem
2014 2735 2075 2786 et

2186 2735 2269 2804 ἦν,
2304 2732 2396 2788 καὶ
2427 2730 2681 2796 πολλοὺς
2730 2732 2819 2788 ἰπὶ
2873 2733 2974 2802 τὴν
3036 2733 3234 2807 ὁμοίαν
3295 2733 3528 2808 γνώμην
3581 2725 3836 2805 ἀνάφλεγε

409 2822 770 2879 sententiam
802 2821 1098 2879 excitabat
1147 2826 1206 2878 et
1251 2822 1683 2879 inflammabat.
1716 2820 2073 2895 Hujusmodi

2186 2825 2271 2880 καὶ
2302 2823 2518 2896 ἐξῆπτε.
2548 2828 2807 2880 Τοιοῦτον
2856 2823 2959 2900 γὰρ
3015 2825 3052 2894 ἠ
3112 2821 3352 2894 ἐξουσία⁹
3411 2819 3832 2901 συμμορφοῦται

411 2911 633 2984 quippe
650 2911 1026 2984 principatus
1044 2916 1222 2984 atque
1236 2913 1472 2985 imperii
1491 2918 1706 2969 natura
1719 2917 2074 2984 est;semper

2186 2913 2346 2989 ταύτῃ
2377 2914 2550 2970 ἀεὶτὸ
2583 2914 2936 2990 ὑποχείριον,
2984 2917 3094 2970 τῶν
3143 2912 3321 2968 αὐτῶν
3366 2933 3426 2969 τε
3473 2910 3625 2990 φιλεῖ
3697 2907 3826 2981 ἐρᾷν,

409 3001 572 3057 enim
596 3001 820 3057 subditi
838 3000 913 3057 ad
940 3017 1076 3057 eum
1096 3003 1197 3073 qui
1214 3017 1414 3058 rerum
1434 3003 1660 3074 potitur
1679 3019 1810 3058 sese
1827 3017 2070 3073 compo-

2186 3006 2402 3062 κάκεῖνα
2429 3001 2769 3075 ἐπιτηδεύειν
2802 3005 2994 3079 οἷσπερ
3045 3003 3104 3058 ἂν
3155 3003 3247 3060 τὸν
3291 3001 3525 3078 ἄρχοντα
3571 2997 3820 3066 αἴσθηται

407 3095 779 3161 nunt,eaque
797 3107 1000 3146 amare
1022 3107 1089 3146 ac
1102 3091 1435 3147 consectari
1454 3090 1900 3162 solent,quibus
1914 3091 2073 3162 prin-

2186 3095 2447 3172 χαίροντα
2476 3096 2610 3167 (35).
2644 3097 2800 3152 800
2832 3095 3136 3163 Ἐντεῦθεν,
3192 3096 3289 3149 τοῦ
3332 3093 3461 3147 Θεοῦ
3502 3087 3815 3172 συνεργοῦν.

411 3180 608 3250 cipem
622 3178 907 3236 delectari
920 3179 1206 3236 sentiunt.
1219 3181 1386 3248 Hinc,
1406 3181 1523 3236 Deo
1535 3181 1790 3254 adjuvan
1799 3181 2071 3252 te,pietas

2186 3171 2298 3253 τος,
2328 3185 2364 3255 ἡ
2397 3179 2643 3240 εύσὲὄεια
2673 3183 2940 3256 ηὐξάνετο
2971 3182 3024 3239 ἐν
3055 3181 3243 3244 αὐτοῖς
3282 3179 3370 3236 καὶ
3409 3175 3687 3235 ἐπεδίδου.
3729 3171 3820 3228 Καὶ

415 3228 504 3250 --τ
520 3228 608 3234 -.η
627 3228 1386 3248 _-_---_----_--_..--_--_-,
1406 3228 1519 3236 _--
1536 3228 1676 3254 ...Γ
1691 3228 1700 3235 .
1715 3228 2070 3252 -..ηπ-η..-

409 3269 558 3342 ipsis
575 3268 922 3341 augebatur,
954 3286 1253 3342 novosque
1270 3271 1333 3326 in
1357 3269 1484 3326 dies
1509 3287 1861 3343 progressus
1893 3269 2076 3326 facie-

2191 3228 2298 3253 Ws,
2335 3228 2364 3255 ἰ
2397 3228 2643 3240 -ν--ν---υ
2679 3228 2940 3256 ἰσε---υν
2971 3228 3020 3239 -ν
3056 3228 3243 3244 *νυν-τ
3286 3228 3370 3236 σννν-
3411 3228 3687 3235 ν-ννν-ν-ν-

2186 3273 2332 3337 ὅλως
2364 3275 2430 3344 ἦν
2461 3275 2570 3330 τῶν
2622 3277 2721 3330 τοῦ
2780 3277 3018 3350 Χριστοῦ
3075 3270 3314 3330 ἐντολῶν
3369 3269 3459 3326 καὶ
3511 3274 3614 3338 τῆς
3671 3263 3824 3321 αὐτοῦ

408 3357 606 3429 bat,ac
634 3375 735 3416 rex
753 3360 815 3414 in
833 3359 1050 3416 Christi
1065 3361 1484 3417 mandatorum
1497 3360 1972 3417 observationem
1989 3364 2078 3416 to-

412 3454 510 3506 tus
525 3447 932 3521 incumbebat,
964 3455 1143 3522 atque
1157 3450 1430 3524 exipsius
1451 3451 1738 3508 charitate
1758 3450 2077 3523 pendebat.

413 3540 670 3611 Eratque
687 3538 852 3596 verbi
870 3540 1074 3611 gratim
1094 3540 1568 3613 dispensator,ac
1584 3540 1908 3598 multarum
1938 3540 2079 3596 ani-

412 3645 647 3686 marum
677 3629 1062 3703 gubernator,
1094 3629 1170 3686 ad
1200 3629 1303 3686 Dei
1344 3636 1583 3704 portum
1613 3648 1715 3688 eas
1743 3631 2076 3704 appellens.

410 3721 648 3776 Etenim
662 3720 812 3776 illud
825 3721 1204 3794 exploratum
1220 3720 1476 3777 habebat
1499 3721 1769 3778 omnium
1781 3722 2079 3796 regiorum

411 3825 736 3866 numerum
756 3811 868 3866 hoc
889 3810 1240 3882 primarium
1259 3817 1317 3867 et
1347 3812 1910 3884 prmstantissimum
1923 3829 2075 3881 esse,

413 3903 485 3955 ut
506 3899 782 3957 homines
803 3900 984 3956 adDei
1006 3906 1232 3957 metum
1247 3901 1571 3974 acjustitiee
1583 3902 1811 3958 cultum
1825 3902 2077 3959 erudiat:

417 3989 580 4062 quod
595 3989 774 4046 etiam
791 3989 919 4062 ipse
935 3990 1216 4059 faciebat,
1235 3992 1498 4064 seipsum
1509 3992 1786 4049 videlicet
1799 3992 1874 4049 ad
1888 3993 2080 4065 impe-

413 4081 508 4135 rio
527 4081 818 4138 tenendas
840 4081 1028 4137 animi
1049 4083 1530 4155 perturbationes
1548 4101 1921 4156 comparans,
1942 4084 2080 4140 sub-

412 4169 690 4242 ditosque
713 4187 850 4226 suos
864 4170 1216 4240 admonens,
1241 4177 1420 4244 atque
1439 4173 1647 4246 optimi
1666 4174 1933 4230 naucleri
1956 4175 2080 4229 ins-

415 4259 768 4332 tarjustitiaa
787 4259 1020 4317 clavum
1045 4260 1252 4317 sedulo
1273 4267 1506 4319 tenens.
1530 4265 1675 4319 Nam
1689 4263 1816 4319 hac
1838 4262 2080 4319 demum

413 4349 523 4404 viri
555 4350 726 4423 regni
772 4349 871 4406 lex
919 4367 987 4408 ac
1037 4367 1250 4408 norma
1308 4357 1418 4421 est,
1475 4352 1761 4410 nimirum
1815 4353 2082 4425 volupta-

419 4437 580 4494 tibus
609 4439 925 4511 imperare,
966 4440 1158 4513 iisque
1207 4441 1526 4510 dominari,
1577 4441 2083 4514 quemadmodum

417 4527 546 4600 ipse
579 4529 760 4584 etiam
788 4529 1066 4588 faciebat.
1099 4532 1326 4605 Quippe
1369 4550 1482 4589 nec
1521 4533 1594 4588 de
1645 4533 1943 4605 majorum
1975 4550 2081 4589 no-

415 4617 671 4689 bilitate,
704 4636 816 4677 nec
849 4620 921 4676 de
967 4621 1130 4696 regia
1172 4622 1380 4697 gloria,
1440 4623 1504 4679 in
1553 4640 1672 4696 qua
1712 4623 2079 4696 versabatur,
2111 4608 2159 4673 D

417 4707 544 4765 ullo
577 4709 753 4767 modo
797 4727 929 4768 sese
976 4713 1232 4771 efferens
1289 4712 1804 4786 (quandoquidem
1854 4714 2083 4770 luteum

2184 3366 2402 3441 ἀγάπης
2443 3361 2817 3438 ἐξηρτημένος
2865 3364 2894 3419 ὁ
2949 3361 3234 3441 βασιλεὺς,
3278 3360 3570 3433 οἰκονόμος
3627 3377 3688 3412 τε
3736 3356 3828 3409 τοῦ

2185 3453 2358 3531 λόγου
2388 3459 2491 3525 τῆς
2517 3454 2773 3529 χάριτος,
2804 3454 2897 3510 καὶ
2947 3457 3143 3529 ψυχῶν
3193 3448 3536 3527 κυϐερνήτης
3588 3444 3826 3515 πολλῶν,

2185 3544 2262 3609 εἰς
2291 3543 2386 3602 τόν
2419 3542 2620 3618 λιμένα
2649 3549 2747 3600 τοῦ
2803 3548 2943 3600 Θεοῦ
2999 3543 3201 3608 ταύτας
3253 3541 3632 3618 καθορμίζων.
3685 3531 3828 3606 ᾚδει

2183 3636 2288 3712 γὰρ
2333 3638 2496 3692 τοῦτο
2555 3634 2688 3690 εἶναι
2747 3635 2856 3712 πρὸ
2914 3633 3131 3690 πάντων
3194 3630 3464 3709 βασιλέως
3515 3626 3698 3705 ἔργον,
3747 3624 3832 3679 ἳνα

2183 3724 2314 3788 τοὺς
2335 3724 2657 3799 ἀνθρώπους
2717 3721 2906 3799 διδάξῃ
2957 3725 3050 3781 τὸν
3097 3723 3230 3778 Θεὸν
3285 3715 3572 3800 φοϐεῖσθαι
3630 3717 3719 3772 καὶ
3772 3713 3832 3769 τὸ

2187 3813 2397 3872 δίκαιον
2427 3819 2638 3890 τηρεῖν.
2679 3815 2748 3872 Ὀ
2793 3811 2860 3884 δὴ
2907 3814 2996 3868 καὶ
3051 3811 3244 3868 ἐποίει·
3297 3809 3486 3867 ἑαυτόν
3537 3829 3596 3862 τε
3645 3805 3723 3870 εἷς
3773 3803 3834 3859 τὸ

2191 3904 2510 3983 βασιλεῦσαι
2541 3910 2649 3961 τῶν
2673 3905 2865 3960 παθῶν
2895 3903 3260 3980 καταρτίζῶν,
3309 3901 3400 3957 καὶ
3447 3905 3566 3964 τοῖς
3599 3897 3696 3983 ,ὑπ’
3745 3893 3838 3951 aui—

2185 3982 2278 4052 τὸν
2307 3995 2382 4055 ὡς
2409 3989 2750 4070 κυϐερνήτης
2779 3991 3000 4066 ἀριστος
3059 3990 3402 4066 διακατὲχων
3450 3982 3692 4064 ἀκριϐῶς
3740 3990 3840 4053 τῆς

2189 4083 2444 4158 εὐνομίας
2473 4081 2602 4146 τοὺς
2635 4081 2846 4146 οἷάκας.
2880 4085 3058 4139 Τοῦτο
3105 4083 3207 4158 γὰρ
3251 4081 3378 4157 ’ὀρος
3426 4077 3698 4148 ἀληθινῆς
3751 4075 3844 4150 βα-

2188 4171 2422 4244 σιλείας,
2450 4174 2513 4228 τὸ
2550 4171 2857 4250 βασιλεύειν
2889 4173 2982 4228 καὶ
3011 4177 3230 4248 κρατεῖν
3260 4175 3368 4226 τῶν
3423 4165 3660 4240 ἡδονῶν·
3711 4165 3846 4239 ’ὅπερ

2189 4264 2395 4326 ἐκεῖνος
2440 4262 2634 4320 ἐποίει.
2691 4261 2816 4320 Ἐπὶ
2872 4263 3160 4338 προγόνων
3225 4259 3408 4335 μέντοι
3466 4253 3705 4334 εὐγενείᾳ
3759 4251 3851 4309 καὶ

2187 4357 2258 4428 τῇ
2289 4352 2416 4428 περὶ
2448 4353 2608 4410 αὑτὸν
2641 4349 2781 4428 οὔσῃ
2819 4350 3083 4428 βασιλικῇ
3111 4348 3239 4425 δόξῃ
3304 4345 3570 4422 μηδόλως
3619 4339 3853 4420 ἐναϐρυ-

2177 4442 2441 4518 νόμενος,
2470 4441 2630 4506 εἰδὼς
2661 4442 2745 4498 ὅτι
2777 4441 3017 4515 πήλινον
3044 4440 3250 4518 ἔχομεν
3281 4441 3482 4501 πάντες
3509 4440 3606 4492 τοῦ
3662 4435 3855 4511 γένους

2191 4536 2516 4608 προπάτορα
2574 4536 2712 4606 (36),
2771 4531 2862 4588 καὶ
2915 4536 3012 4587 τοῦ
3070 4530 3234 4587 αὐτοῦ
3311 4526 3629 4608 φυράματος
3689 4524 3852 4599 ἐσμὲν

2189 4618 2453 4678 πλούσιοί
2483 4643 2542 4679 τε
2570 4620 2660 4678 καὶ
2694 4619 2946 4692 πένητες,
2999 4618 3051 4676 ἐν
3102 4614 3324 4691 ἀϐύσσῳ
3373 4615 3432 4673 δὶ
3485 4633 3858 4693 ταπεινοφροσ-

2195 4710 2363 4784 σύνης
2391 4711 2474 4768 ἀεὶ
2509 4713 2603 4768 τὸν
2634 4715 2762 4768 νοῦν
2794 4706 3124 4786 ὶμῦάλλων,
3148 4708 3241 4766 καὶ
3283 4714 3386 4778 τῆς
3432 4705 3631 4763 ἐκεῖθεν
3680 4723 3860 4779 μακα-

636 4891 697 4968 ρ,
789 4889 1037 4968 πᾷςμπλέ
1059 4891 1248 4968 supra
1275 4891 1437 4968 idem
1467 4888 1695 4968 ἀστεῖοι,
1727 4910 1834 4966 pro
1867 4888 2067 4967 ἄρτιοιο

2187 4893 2264 4951 od
2293 4910 2413 4951 non
2439 4893 2857 4953 omittendum.

489 4959 608 5038 (ἓξ)
636 4959 699 5038 95
732 4961 855 5038 ἱερά
884 4959 1284 5038 δὶ,τῷ,θυ’τεμο
1311 4959 1766 5038 ἀντῳκοδᾷμηὲό.

490 5031 605 5177 (32)
634 5031 698 5102 C,
729 5031 843 5098 ἔσθ.
875 5032 966 5090 καὶ
996 5031 1126 5099 τοὺς
1154 5031 1282 5105 (me.
1319 5036 1348 5089 ὁ
1462 5037 1522 5093 Ἰ.
1555 5031 1700 5094 ἀνετ.

518 5105 608 5177 33)
641 5106 704 5175 C,
741 5105 793 5160 οἱ
826 5103 884 5161 δὲ
912 5111 1033 5167 τοῖς
1062 5112 1215 5168 ναοῖς
1250 5105 1475 5169 ἐκείνοις
1503 5109 1594 5163 καὶ
1631 5110 1700 5177 βα

518 5103 608 5188 33)
641 5106 719 5188 (1,Δ
741 5105 793 5188 οἱ
826 5103 884 5161 δὲ
912 5111 1033 5188 τοῖς
1062 5103 1217 5168 ναοῖς
1250 5103 1480 5188 ἐκείνοις
1503 5109 1866 5188 καί-βωμοῖς.
1895 5141 1965 5154 -—
1998 5111 2079 5168 Si!

2186 5128 2230 5170 .a
2258 5112 2332 5172 ef.
2369 5130 2427 5186 p.
2463 5115 2586 5170 320.
2614 5112 2908 5170 Minucius
2939 5111 3060 5171 Fel.
3093 5127 3144 5167 c.
3173 5113 3274 5166 27:
3310 5131 3339 5161 α
3372 5104 3864 5164 daemones...sub

423 5179 636 5252 statuis
654 5179 1120 5252 Aet_i.maginibus
1151 5181 1482 5237 consecrati
1515 5179 1893 5239 delitescunt.
1927 5205 1957 5236 »

495 5249 610 5322 (34)
639 5250 704 5340 Ο,
735 5244 934 5340 ἐϐόβθῖ.
967 5251 1263 5340 Libanius'
1279 5253 1455 5326 epist.
1480 5256 1619 5340 _20‘:
1679 5253 1759 5310 Τὸ
1817 5273 1920 5340 γαρ

2026 5253 2209 5332 ρυσίον
2263 5253 2630 5332 εἰσπραττὲτω
2683 5255 2802 5329 μὲν,
2851 5253 3216 5332 είσπραττέτῳ
3363 5251 3512 5327 παρά
3533 5254 3643 5332 τῶν
3675 5246 3872 5306 λελοι-

423 5319 611 5409 πότσώον
642 5319 746 5409 τὴν
775 5321 948 5392 τάξιν,
979 5321 1068 5376 καὶ
1099 5319 1335 5408 προσὲτί
1352 5343 1414 5400 γε
1440 5327 1550 5409 τῶν
1582 5319 2078 5400 ἠπατῃκότών.’δο

2186 5347 2195 5384 :
2221 5319 2622 5409 303_5;a_ddita_
2637 5319 3099 5409 praepositione:
3131 5330 3248 5409 Τῶν
3279 5319 3722 5409 ἐξηπατηκότων.

501 5393 733 5467 (35)_Ad
765 5411 945 5467 quam
978 5393 1339 5467 sententiam
1366 5393 1526 5452 conf.
1560 5393 1706 5456 tom.
1741 5393 1785 5465 Ϊ,

1818 5416 1949 5473 pag.
1983 5402 2202 5473 331,11.
2233 5406 2283 5459 1.
2319 5401 2573 5473 Basilius
2604 5401 2747 5458 M’ac.

2829 5418 2964 5457 rare.
2998 5418 3128 5473 cap.
3164 5403 3228 5455 19
3255 5393 3364 5473 ζ”λ
3388 5396 3489 5471 γάρ
3512 5393 3866 5473 δᾶνησεᾳπράτ-

419 5464 724 5520 τονταθεω
764 5464 865 5520 ῶσι
923 5466 1052 5522 cod.
1079 5471 1214 5524 2991
1251 5471 1320 5538 Α,
1352 5467 1570 5543 ὁρῶσι),
1609 5470 1676 5524 τὰ
1721 5464 1858 5526 αύτά
1895 5464 2002 5526 ’καὶ
2057 5464 2211 5529 αύτοῖ
2268 5472 2523 5546 πράττειν
2581 5473 2961 5547 συνενεχθῶσιθ
2993 5464 3201 5547 πέᾠυκε
3231 5469 3299 5545 γά
3365 5464 3485 5530 π’ως
3514 5472 3634 5530 ταῖς
3665 5464 3748 5524 ἀρ’
3779 5470 3868 5527 αῖς

424 5469 978 5600 ωμμεταὸῖλλεσθαι
1007 5537 1070 5594 τὸ
1106 5539 1378 5600 ὑπήκοον.
1411 5541 1556 5597 Vide
1586 5544 1829 5600 Runert.
1863 5543 1938 5599 ad
1967 5545 2030 5599 T.
2059 5546 2176 5600 Liv.
2208 5553 2247 5600 ι.
2279 5549 2340 5600 2t
2371 5564 2387 5600 ε
2437 5552 2516 5600 et.
2566 5547 2668 5600 aui
2701 5546 3066 5600 sententiam
3092 5490 3385 5600 exemplis
3416 5485 3865 5598 illustravitxhi-

424 5531 888 5620 σμμμεταὸἐλλεσ

925 5557 978 5592 αι
1007 5537 1070 5618 to
1106 5537 1556 5618 ὑπήκοονςνὶάὸ
1586 5544 1829 5618 Rupert.
1863 5543 1938 5599 ad
1967 5545 2030 5599 T.
2059 5546 2079 5601 Ι

2208 5553 2247 5616 i,
2279 5537 2340 5600 2'1
2371 5564 2387 5616 ;
2437 5552 2516 5617 et,
2566 5547 2668 5618 qui
2701 5537 3304 5618 sententiam'exenip

423 5609 680 5690 “oricia,
715 5609 1014 5690 Geamugn.
1045 5610 1109 5666 in
1141 5613 1303 5668 Mise.
1337 5612 1491 5690 Lips.
1526 5609 1804 5690 tom.'II_I,
1837 5632 1970 5690 pag.
2003 5619 2130 5690 290.

3333 5543 3385 5600 is
3416 5525 3865 5598 illustravit'hiJ

490 5679 608 5769 (39)
635 5681 894 5769 Easilius
924 5684 1067 5742 Mac.
1100 5699 1282 5756 prmo.
1313 5701 1367 5742 c.
1396 5679 1464 5740 Π
1488 5699 1504 5741 :
1530 5682 1720 5758 Πηλὸς
1749 5679 2042 5762 ἡμῖν’-ιώ
2071 5709 2079 5723 ι

2186 5707 2263 5752 mc
2310 5687 2387 5752 εἷς
2437 5689 2673 5768 ὑπαρχει
2703 5687 3030 5769 προπάτωρ,
3061 5684 3159 5746 κᾶν
3185 5687 3307 5744 κατ’
3335 5683 3609 5759 ἀλλήλων
3642 5683 3696 5741 οἱ
3727 5679 3860 5761 χόες

420 5747 743 5830 gamma.
