4112 6378
369 366 512 427 4183

1896 353 2267 413 ΛῡυΕΝοΛ.

3657 362 3804 427 1184

365 491 440 547 ad
465 506 602 546 eum
632 489 830 563 potius
860 503 990 544 sese
1029 483 1456 558 adjungebant,
1488 479 1773 551 omnique
1805 479 2036 550 abjecto

2151 477 2364 552 πλάνην
2423 485 2600 540 πᾶσαν
2658 485 3070 558 ἀποτιθέμενοι,
3115 485 3216 554 τὴν
3272 482 3536 556 ἀληθειαν
3579 484 3806 562 εύηγγεο

365 597 590 648 errore,
623 581 932 635 veritatem
967 574 1387 648 praedicabant.
1421 574 1501 627 Ac
1524 571 1740 626 domus
1788 568 2031 640 quidem

368 671 652 742 Josaphat
674 667 978 724 crescebat
1021 671 1080 719 et
1122 662 1555 726 invalescebat;
1585 661 1800 716 domus
1831 664 2030 714 autem

368 757 650 814 Abenner
678 753 1059 811 decrescebat
1082 768 1150 807 ac
1182 746 2030 819 debilitabatur,quemadmo-

373 849 515 904 dum
546 847 777 902 scilicet
806 846 876 900 de
908 842 1124 898 Davide
1155 858 1224 897 ac
1267 840 1441 896 Saule
1490 840 1551 894 in
1604 842 1831 912 Regum
1879 835 2033 892 libro

376 935 680 1008 proditum
712 939 802 989 est
828 934 921 992 (11.
954 935 1087 1000 Reg.
1122 931 1202 1002 ιι).

437 1023 896 1080 ΟΑΡ.ΧΧΧΙν.-
913 1022 1045 1076 Haec
1062 1037 1166 1076 rex
1188 1020 1468 1074 Abenner
1488 1016 2032 1088 conspiciens,tan-

368 1113 504 1169 dem
529 1109 858 1184 aliquando
891 1114 1136 1181 recepta
1175 1114 1398 1179 mente,
1447 1107 1736 1162 falsorum
1785 1105 2034 1160 deorum

369 1218 613 1258 suorum
635 1207 816 1272 atque
831 1199 1028 1256 inanis
1042 1199 1386 1270 imposturaa
1401 1197 1876 1252 imbecillitatem
1890 1211 2033 1250 con-

367 1291 690 1347 demnavit.
715 1293 798 1346 Ac
812 1306 1052 1346 rursum
1075 1289 1296 1344 coactis
1319 1287 1601 1344 senatorii
1617 1286 1845 1341 ordinis
1867 1284 2034 1355 prin-

369 1381 761 1453 cipibus,quaa
786 1380 911 1450 ipse
938 1378 998 1433 in
1025 1379 1226 1433 animo
1245 1377 1578 1441 haberet,in
1603 1376 1796 1430 lucem
1827 1380 2037 1446 protu-

368 1469 758 1526 lit.0mnibus
782 1473 983 1524 autem
1008 1467 1217 1523 eadem
1238 1464 2041 1534 confirmantibus(visitarat

369 1559 535 1615 enim
557 1576 661 1614 eos
683 1559 894 1614 Oriens
918 1575 990 1614 ex
1025 1557 1146 1612 alto
1169 1558 1350 1627 (Lucae
1375 1557 1435 1626 ι),
1468 1556 1578 1610 hoc
1609 1560 1719 1623 est,
1754 1553 2036 1620 Salvator,

368 1647 648 1704 exaudita
674 1647 956 1702 videlicet
971 1645 1181 1702 famuli
1206 1645 1296 1700 sui
1316 1645 1599 1716 Josaphat
1618 1643 2040 1714 oratione),rex

369 1737 444 1792 de
476 1737 570 1792 his
601 1736 780 1792 rebus
813 1735 1005 1792 ﬁlium
1038 1735 1360 1791 certiorem
1378 1733 1718 1790 faciendum
1742 1749 1872 1788 esse
1895 1748 2039 1787 cen-

2142 565 2385 638 λίζοντο.
2427 573 2526 628 Καὶ
2586 575 2616 629 ὁ
2676 575 2772 648 μὲν
2831 574 2977 637 οἶκος
3014 578 3114 630 τοῦ
3172 576 3407 653 Ἰωάσαιρ
3461 572 3664 646 ηὔξανε
3715 575 3805 630 καὶ

2141 653 2493 730 ἰκραταιοῦτο
2525 667 2657 736 (43),
2699 665 2728 719 ὁ
2759 661 2817 719 δὲ
2874 667 3024 726 οἶκος
3076 668 3175 719 τοῦ
3235 659 3502 740 Ἀϐεννήρ
3562 662 3806 734 ἠλαττο-

2141 753 2303 805 νοῦτο
2335 755 2566 825 (44)καί
2599 753 2836 824 ἡσθένει,
2886 757 3127 830 καθάπερ
3180 759 3335 815 812
3396 754 3464 826 ὂή
3523 757 3653 831 περὶ
3708 761 3808 812 τοῦ

2144 837 2310 894 Δαυὶδ
2341 840 2430 895 καὶ
2461 845 2558 897 τοῦ
2591 841 2780 898 Σαοὺλ
2816 844 2846 912 ὅ)
2878 847 2986 897 τῶν
3016 839 3314 898 Βασιλειῶν
3375 840 3687 919 διαγορεύει
3722 845 3801 919 βίη

2143 922 2279 990 ὅλος

2217 1019 2384 1076 ΚΕΦ.
2418 1025 2540 1077 ΛΔ.
2573 1019 2758 1078 Ταῦτα
2783 1020 2926 1096 ὁρῶν
2987 1021 3016 1076 ὁ
3079 1019 3337 1097 βασιλεὺς
3398 1015 3669 1098 Ἀϐεννήρ
3711 1022 3810 1096 ὁψὶ

2142 1108 2233 1162 καὶ
2268 1107 2436 1182 μόλις
2487 1110 2566 1173 εἷς
2597 1111 2947 1181 συναίσθησιν
3004 1110 3202 1182 ἐλθὼν,
3261 1116 3368 1168 τῶν
3420 1111 3616 1168 εαυτοῦ
3679 1134 3811 1170 κατο

2145 1195 2405 1270 εγίνωσκε
2437 1195 2810 1273 ψευδωνύμων
2840 1201 2973 1256 θεῶν
3027 1207 3129 1270 τῆς
3184 1199 3458 1265 ἀσθενείας
3516 1202 3604 1257 καὶ
3656 1209 3815 1272 κενῆς

2145 1284 2381 1356 ἀπάτης.
2416 1287 2544 1355 Καὶ,
2575 1285 2941 1358 ἐκκλησιάσας
2999 1290 3154 1354 αὖθις
3206 1289 3338 1352 τοὺς
3394 1291 3655 1365 πρώτους
3712 1298 3810 1360 τῆς

2151 1373 2380 1449 βουλῆς,
2420 1376 2488 1431 τὰ
2545 1375 2901 1450 μελετώμενα
2957 1376 3106 1450 αύτῷ
3151 1376 3226 1440 εἷς
3274 1379 3390 1455 φῶς
3441 1377 3620 1454 ἐξῆγε.
3675 1378 3810 1434 Πάν·

2143 1484 2251 1518 των
2283 1462 2341 1518 δὲ
2379 1465 2449 1519 τὰ
2495 1465 2630 1520 αύτά
2664 1461 3031 1541 βεϐαιούντων
3116 1466 3471 1542 (ἐπεσκέψατο
3529 1469 3636 1544 γὰρ
3712 1468 3806 1523 αύ-

2144 1554 2278 1618 τοῦς
2311 1555 2555 1626 ἀνατολὴ
2601 1557 2654 1628 ἐξ
2713 1557 2884 1631 ὕψους
2943 1561 3080 1631 (46),
3114 1559 3142 1613 ὁ
3198 1560 3395 1630 Σωτήρ
3424 1566 3526 1630 τῆς
3571 1557 3812 1630 δεήσεως

2147 1644 2380 1708 ἀκούσας
2407 1646 2506 1701 τοῦ
2556 1649 2888 1723 θεράποντος
2950 1647 3122 1703 αὐτοῦ
3180 1649 3461 1727 Ἰωάσαφ),
3523 1645 3677 1720 ἔδοξε
3728 1655 3806 1723 τῷ

2151 1736 2365 1810 βασικεῖ
2394 1733 2540 1806 δῆλα
2567 1741 2737 1793 ταῦτα
2766 1742 2848 1810 τῷ
2877 1738 2982 1811 υἱῷ
3035 1745 3286 1808 ποιῆσαι.
3321 1745 3526 1817 Γραφει
3582 1739 3679 1795 οὗν
3733 1743 3800 1815 τῇ

372 1827 512 1883 suit.
547 1828 752 1897 Itaque
796 1824 1084 1897 postridie
1127 1824 1444 1897 epistolam
1492 1823 1567 1880 ad
1618 1839 1754 1879 eum
1803 1821 2033 1891 scribit,

2151 1823 2271 1896 ἑξῆς
2303 1823 2601 1896 ἐπιστολὴν
2633 1827 2712 1899 τῷ
2744 1825 2997 1905 Ἰωάσαφ,
3040 1828 3402 1904 περιέχουσαν
3433 1827 3629 1892 οὕτως’

373 1917 486 1972 hoc
517 1915 788 1986 exemplo
815 1932 830 1971 :

446 2027 476 2058 ‹‹
501 2009 623 2064 Rex
652 2005 934 2062 Abenner
963 2004 1318 2062 charissimo
1341 2021 1446 2060 suo
1475 2004 1598 2060 ﬁlio
1623 2003 1906 2075 Josaphat
1935 2018 2033 2057 sa-

371 2096 581 2152 lutem.

443 2208 472 2238 α
497 2186 895 2259 Cogitationes
927 2184 1151 2253 multae,
1173 2201 1206 2240 0
1237 2184 1587 2241 charissime
1619 2183 1727 2252 ﬁli,
1759 2182 2030 2239 animum

370 2275 862 2343 subeuntes,eum
883 2274 1228 2347 gravissime
1250 2273 1629 2331 conturbant.
1654 2273 1886 2328 Etenim
1912 2289 2031 2327 no-

374 2369 500 2420 stra
519 2364 923 2420 omniainstar
941 2363 1089 2418 fumi
1108 2361 1363 2419 deﬁcere
1384 2367 1562 2433 atque
1585 2378 2034 2432 evanescere,ac

372 2458 584 2508 contra
603 2452 958 2526 religionem
982 2458 1144 2508 tuam
1167 2451 1289 2508 sole
1313 2452 1534 2508 clarius
1555 2451 1779 2524 fulgere
1801 2453 2035 2525 conspi-

373 2543 638 2612 ciens,ea
659 2560 792 2614 qua:
814 2559 848 2598 a
879 2549 932 2598 te
966 2542 1112 2598 mihi
1141 2543 1301 2598 dicta
1325 2547 1468 2598 sunt
1495 2557 1632 2598 vera
1663 2558 1793 2598 esse
1827 2543 1987 2597 sensi
2014 2555 2030 2605 ;

375 2633 660 2704 quodque
681 2633 882 2689 densas
902 2633 1196 2689 scelerum
1214 2638 1274 2688 et
1290 2632 1616 2704 impietatis
1638 2631 1899 2688 tenebrae
1922 2649 2032 2688 nos

369 2723 455 2778 ita
483 2721 839 2789 obruebant,
887 2727 953 2778 ut
997 2723 1061 2778 in
1093 2722 1402 2778 veritatem
1454 2721 1659 2777 oculos
1703 2721 2032 2793 conjicere,

365 2819 546 2885 atque
560 2813 830 2870 omnium
843 2829 1045 2869 rerum
1059 2818 1368 2884 parentem
1381 2818 1439 2868 et
1449 2811 1841 2868 architectum
1856 2828 2036 2884 agno-

372 2921 537 2960 scere
568 2904 817 2960 minime
847 2920 1182 2975 possemus,
1203 2920 1404 2959 verum
1435 2903 1632 2959 lucem
1661 2918 1852 2974 usque
1883 2901 2032 2958 adeo

372 2993 751 3065 splendidam
772 2993 879 3049 abs
904 2998 958 3048 te
982 2993 1156 3049 nobis
1178 2991 1938 3058 demonstratam,occlusis
1961 2991 2034 3047 de

376 3082 675 3138 industria
712 3083 904 3140 oculis
933 3083 1271 3154 perspicere
1301 3097 1735 3151 recusaremus,
1769 3087 1947 3152 atque
1978 3088 2035 3137 te

372 3171 580 3227 multis
602 3170 780 3226 malis
800 3170 1200 3241 afﬁceremus,
1225 3175 1284 3226 et
1305 3172 1360 3242 (o
1383 3187 1478 3226 me
1500 3169 1843 3241 miserum!)
1876 3169 2034 3224 haud

2213 2003 2480 2070 Βασιλεὺς
2511 2003 2772 2083 Ἀὖεννὴρ
2824 2011 2905 2080 τῷ
2960 2009 3332 2082 ποθεινοτάτῳ
3382 2009 3488 2082 υίῷ
3537 2008 3787 2089 Ἰωάσῳ,

2143 2095 2380 2170 χαίρειν.

2211 2186 2484 2260 Λογισμοὶ
2517 2183 2749 2256 πολλοὶ,
2782 2187 2858 2250 είς
2885 2188 2988 2257 τὴν
3022 2187 3161 2261 ἐμὴν
3223 2187 3676 2265 ὑπεισερχόμενοι
3697 2192 3786 2264 ψυο

2141 2276 2278 2350 χὴν,
2309 2272 2522 2345 δεινῶς,
2556 2276 2805 2355 φίλτατε,
2836 2282 3184 2354 τυραννοῦσιν
3236 2281 3369 2350 (47),
3400 2279 3503 2336 υἱὲ.
3560 2281 3641 2335 Τὰ
3690 2280 3783 2355 γὰρ

2143 2367 2384 2442 ἡμέτερα
2412 2367 2588 2422 πάντα
2617 2366 2943 2424 ἐκλείποντα
2987 2370 3160 2443 ὁρῶν,
3223 2367 3280 2423 δν
3328 2369 3533 2444 τρόπον
3591 2370 3783 2432 καπνὸς

2143 2453 2384 2511 ἐκλείπει
2431 2458 2568 2530 (48),
2627 2456 2692 2511 τὰ
2737 2464 2838 2527 τῆς
2891 2461 2990 2531 σῇς
3048 2454 3107 2512 δὲ
3164 2457 3452 2534 θρησκείας
3507 2458 3786 2533 λάμποντα

2147 2545 2279 2620 ὑπὶρ
2310 2543 2494 2618 ἥλιον,
2527 2544 2602 2608 εἷς
2632 2545 2880 2617 αἳσθησιν
2933 2543 2991 2601 δὲ
3040 2543 3239 2615 ἐλθὼν,
3298 2545 3481 2619 ἀληθῆ
3541 2549 3610 2604 τὰ
3653 2545 3786 2621 παρά

2142 2639 2239 2690 σοῦ
2301 2635 2396 2708 μοὶ
2442 2635 2526 2690 ἀεὶ
2580 2634 2855 2711 λεγόμενα
2917 2632 3130 2710 ἔγνωκα
3160 2639 3321 2708 εἶναι,
3348 2639 3439 2692 καὶ
3498 2638 3584 2694 ὅτι
3607 2635 3788 2697 σκότος

2142 2727 2291 2798 ἡμᾶς
2331 2723 2468 2800 βαθὺ
2498 2729 2608 2780 τῶν
2662 2726 2944 2799 ἁμαρτιῶν
2977 2727 3068 2781 καὶ
3127 2732 3229 2796 τῆς
3285 2722 3534 2790 ἀσεϐείας
3593 2723 3794 2782 ἐκάλυ-

2142 2835 2296 2884 πτεν,
2327 2814 2403 2876 ὡς
2429 2813 2666 2870 ἐντεῦθεν
2695 2811 2823 2870 ούδὶ
2867 2815 3005 2891 πρὸς
3051 2815 3152 2884 τὴν
3208 2813 3474 2886 ἀλήθειαν
3506 2812 3798 2888 διαϐλὲψαι

2141 2905 2230 2959 καὶ
2258 2903 2352 2959 τὸν
2373 2903 2626 2959 ἁπάντων
2661 2905 3014 2979 Δημιουργὸν
3072 2906 3402 2976 καταμαθεῖν
3460 2903 3794 2978 ἠδυνάμεθα·

2143 2991 2292 3048 ἀλλά
2319 2992 2410 3048 καὶ
2442 2997 2557 3068 φῶς
2591 2992 2734 3048 οὕτω
2765 2990 3196 3067 τηλαυγέστερον
3226 2989 3313 3048 διὰ
3342 2998 3435 3048 σοῦ
3464 2991 3792 3066 ἀναδειχθέν

2141 3087 2302 3157 ἡμῖν,
2333 3085 2460 3148 τοὺς
2489 3082 2813 3160 ὀφθαλμοὺς
2850 3082 3140 3157 μύσαντες,
3164 3086 3323 3156 ἡμεῖν
3356 3084 3482 3158 ὁρᾷν
3525 3082 3624 3138 οὐκ
3651 3083 3796 3151 ἠθε-

2145 3173 2418 3248 λήσαμεν,
2449 3169 2639 3229 πολλά
2670 3174 2766 3247 μὲν
2800 3195 2886 3228 σοι
2916 3175 3056 3228 κακά
3095 3169 3476 3246 ἐνδειξάμενοι,
3532 3169 3797 3234 ἐλεεινῶς

370 3276 594 3332 paucos
619 3259 988 3315 Christianos
1008 3259 1312 3315 crudelem
1336 3260 1396 3314 in
1428 3259 1672 3315 modum
1706 3258 2036 3314 trucidare-

2151 3234 2513 3340 3'I3‘8i'tpeii
2545 3234 2682 3319 lxai'
2729 3267 2838 3318 τῶν
2869 3265 3211 3337 Χριστιανῶν
3250 3234 3374 3317 ὀῦκ
3427 3234 3652 3336 ὀλίγους
3725 3262 3803 3316 ἀν-

370 3349 638 3421 mus:qui
661 3347 906 3420 quidem
930 3350 1147 3405 invicta
1162 3349 1428 3421 potentia
1445 3350 1590 3420 ipsis
1615 3365 1788 3420 opem
1805 3348 2032 3404 ferente

371 3438 841 3504 corroborati,ad
863 3443 1196 3495 extremum
1214 3455 1404 3510 usque
1421 3439 1697 3510 spiritum
1719 3438 2033 3494 adversum

376 3529 1097 3585 immanitatemnostram
1131 3529 1513 3585 dimicarunt.
1549 3531 1716 3585 Nunc
1741 3547 1899 3596 vero,
1933 3529 2035 3586 de-

370 3623 558 3675 tracta
572 3636 643 3675 ex
657 3619 846 3675 oculis
863 3620 1086 3676 nostris
1103 3636 1303 3676 crassa
1325 3619 1431 3676 illa
1453 3619 1727 3692 caligine,
1753 3621 2034 3692 exiguum

371 3708 693 3780 quemdam
707 3709 968 3764 veritatis
981 3708 1214 3764 radium
1230 3709 1945 3781 cernimus,priorumque
1959 3710 2036 3764 vi-

376 3799 595 3853 tiorum
630 3797 937 3869 pmnitudo
968 3799 1240 3854 animum
1263 3798 1442 3855 subit.
1471 3799 1687 3854 Verum
1707 3800 1866 3855 hunc
1885 3817 2036 3872 quo-

373 3903 490 3958 que
512 3887 894 3959 splendorem
917 3887 1035 3944 alia
1055 3887 1370 3943 horrenda:
1393 3887 1826 3960 desperationis
1846 3889 2037 3945 nubes

371 3977 647 4033 exoriens
665 3978 1004 4050 opprimere
1027 3983 1206 4048 atque
1233 3978 1568 4050 exstingere
1592 3983 1862 4045 conatur,
1887 3979 2036 4034 mihi

369 4067 647 4124 videlicet
659 4075 1041 4141 peccatorum
1055 4085 1323 4124 meorum
1340 4067 1788 4124 multitudinem
1804 4069 1877 4124 ob
1895 4087 2038 4126 ocu-

370 4158 466 4213 los
489 4174 858 4231 proponens,
884 4159 1161 4230 quodque
1176 4159 1306 4231 jam
1328 4175 1434 4231 ego
1456 4159 1688 4214 Christo
1705 4159 1841 4214 odio
1859 4165 2036 4232 atque

372 4248 768 4305 exsecrationi
785 4265 1137 4320 sum,eaque
1150 4247 1212 4304 in
1225 4249 1520 4320 causa,utj
1529 4265 1626 4304 am
1650 4248 1724 4304 ab
1746 4249 1874 4320 ipso
1889 4250 2039 4306 reci-

371 4339 431 4409 pi
446 4338 946 4411 nequeam,utqui
960 4338 1273 4394 adversum
1286 4354 1422 4394 eum
1437 4337 2039 4410 rebellarim,ipsique

2143 3350 2378 3423 ελόντες,
2411 3349 2628 3423 οἵτινες,
2658 3355 2728 3426 τῇ
2787 3351 3116 3427 συνεργούσῃ
3172 3350 3358 3413 αὐτοῖς
3407 3350 3613 3425 ἀμάχῳ
3711 3347 3800 3405 δυ-

2142 3439 2302 3515 νάμει
2329 3440 2778 3518 κραταιούμενοι,
2811 3437 2901 3496 διά
2947 3439 3144 3503 τέλους
3176 3440 3316 3515 πρὸς
3369 3439 3473 3509 τὴν
3529 3439 3792 3514 ἡμετέραν

2145 3531 2411 3606 ὡμότητα
2465 3530 2789 3607 ὑπερέσχον.
2849 3531 2981 3586 Νυνί
3015 3528 3095 3600 δὲ,
3152 3530 3253 3600 τὴν
3300 3534 3537 3605 παχεῖαν
3586 3527 3784 3599 ἐκείνην

2145 3621 2322 3699 ἀχλὺν
2353 3626 2461 3678 τῶν
2515 3621 2801 3697 ἡμετέρων
2863 3622 3132 3695 ὀμμάτων
3190 3617 3564 3695 περιελόντες,
3625 3617 3787 3694 αὐγήν

2144 3732 2267 3767 τινα
2299 3712 2496 3786 μικρὰν
2525 3718 2627 3781 τῆς
2657 3711 2919 3782 ἀληθείας
2951 3711 3189 3784 ὁρῶμεν,
3237 3709 3328 3764 καὶ
3379 3713 3489 3764 τῶν
3522 3709 3796 3785 προτέρων

2149 3798 2486 3876 μεταμέλεια
2516 3799 2819 3875 εἰσέρχεται
2845 3803 3052 3857 κακῶν.
3094 3796 3271 3856 Ἀλλά
3303 3798 3395 3853 καὶ
3451 3797 3658 3868 ταύτην
3699 3798 3794 3868 τὴν

2146 3891 2321 3967 αὐγήν
2370 3891 2530 3968 νέφος
2589 3886 2731 3946 ἃλλο
2790 3886 2972 3960 δεινῆς
3032 3887 3396 3966 ἀπογνώσεως
3465 3887 3798 3957 ἐπιπολάζον

2149 3981 2417 4050 σκοτίζειν
2473 3986 2746 4056 πειρᾶται,
2798 3979 2862 4034 τὸ
2910 3979 3127 4048 πλῆθος
3185 3972 3651 4053 προϐαλλόμενον
3694 3982 3800 4033 τῶν

2148 4069 2296 4144 ἐμῶν
2327 4073 2534 4142 κακῶν,
2564 4069 2655 4124 καὶ
2690 4070 2773 4124 ὅτι
2804 4065 3102 4144 βδελυκτὸς
3136 4065 3247 4138 ἤδη
3308 4067 3418 4142 ἐγὼ
3473 4070 3554 4139 τῷ
3583 4070 3804 4143 Χριστῷ

2146 4160 2237 4215 καὶ
2267 4154 2634 4235 ἂπρόσδεκτός
2687 4156 2826 4231 εἶμι,
2877 4157 2952 4220 ὡς
2985 4158 3295 4227 ἀποστάτης
3351 4155 3437 4210 καὶ
3525 4153 3806 4229 πολέμιος

2149 4249 2315 4305 αὐτοῦ
2343 4248 2604 4324 γεγονώς.
2635 4249 2696 4302 Τί
2727 4247 2818 4302 οὗν
2873 4247 3011 4322 πρὸς
3039 4250 3230 4316 ταῦτα,
3287 4245 3478 4301 τεκνον
3525 4245 3808 4320 γλυκύτα-

2147 4359 2262 4407 τον,
2295 4336 2471 4413 λὲγεις
2500 4335 2687 4404 αὐτὸς,
2719 4333 2867 4406 δῆλά
2900 4357 2993 4409 μοι
3022 4337 3258 4410 τάχιστα
3309 4333 3564 4404 ποίησον,
3619 4334 3714 4389 καὶ
3756 4335 3810 4390 τί

367 4426 598 4484 bellum
627 4428 967 4484 indixerim.
1001 4427 1152 4493 Quid
1202 4428 1381 4501 igitur
1411 4427 1561 4500 spei,
1612 4445 1646 4484 0
1679 4429 2030 4484 suavissime

2151 4425 2231 4483 δεῖ
2260 4432 2438 4482 ποιεῖν
2475 4447 2542 4500 με
2570 4426 2662 4481 τὸν
2693 4425 2784 4479 σὸν
2814 4423 3020 4497 πατὲρα
3069 4421 3305 4494 δίδαξον,
3363 4423 3455 4477 καὶ
3512 4421 3657 4496 πρὸς
3691 4421 3811 4478 ἐπί-

368 4515 478 4582 fili,
497 4517 572 4572 ad
592 4517 719 4572 hmc
736 4517 920 4585 dicas,
954 4517 1046 4572 fac
1070 4517 1516 4589 quamprimum
1541 4517 1749 4586 sciam,
1783 4534 1850 4573 ac
1885 4519 2029 4589 quid

2151 4538 2339 4594 γνωσιν
2366 4515 2784 4591 χειραγώγησον
2815 4517 2913 4569 τοῦ
2939 4513 3334 4588 συμφέροντος.

371 4605 521 4660 mihi
552 4606 705 4678 patri
739 4611 839 4662 tuo
861 4607 1202 4662 faciendum
1226 4607 1305 4662 sit
1332 4606 1506 4673 doce,
1531 4611 1710 4678 atque
1741 4607 1817 4662 ad
1841 4608 1971 4679 ejus
1997 4608 2155 4680 quod
2187 4609 2251 4663 in
2282 4623 2410 4662 rem
2442 4622 2637 4662 meam
2666 4605 2935 4661 futurum
2967 4605 3064 4676 sit,
3087 4603 3490 4677 cognitionem
3542 4619 3644 4659 me
3679 4609 3810 4661 tan-

369 4713 548 4768 quam
589 4703 864 4768 porrecta
896 4713 1079 4751 manu
1102 4697 1193 4752 fac
1217 4697 1421 4753 ducas.
1452 4696 1610 4752 Vale.
1646 4718 1675 4746 »

447 4787 608 4842 Hanc
645 4786 959 4859 epistolam
985 4803 1121 4842 cum
1161 4786 1444 4858 Josaphat
1481 4786 1832 4858 accepisset,
1866 4804 2037 4859 quaa-

369 4892 485 4948 que
523 4876 584 4932 in
608 4891 677 4932 eo
703 4875 1166 4932 continebantur
1199 4873 1452 4946 legendo
1497 4881 1896 4948 peragrasset,
1927 4893 2036 4931 vo-

364 4966 602 5038 luptate
614 4965 796 5022 simul
810 4965 1280 5022 etadmiratione
1295 4964 1535 5020 animus
1551 4965 1738 5036 ipsius
1753 4965 2036 5036 impletus

367 5062 478 5112 est.
502 5058 692 5128 Atque
709 5057 774 5111 in
792 5054 1137 5112 cubiculum
1158 5070 1332 5110 suum
1357 5053 1675 5109 confestim
1708 5054 2036 5126 ingressus,

439 5212 555 5284 (£3)
576 5210 783 5284 Luca],
813 5211 929 5284 80L:
961 5206 1024 5261 τὸ
1050 5201 1359 5284 δὲ-παιδίον
1382 5203 1576 5284 ηὔξανε
1605 5204 1697 5259 καὶ
1719 5203 2100 5284 ἐκραταιοῦτοἶ

2221 4783 2436 4855 Ταύτην
2469 4784 2569 4853 τὴν
2603 4781 2900 4854 ἐπιστολὴν
2961 4783 2990 4838 ὁ
3050 4782 3284 4860 Ἰωάσαφ
3345 4776 3663 4853 δεξάμενος,
3723 4785 3815 4838 καὶ

2147 4876 2215 4931 τά
2244 4873 2600 4950 ἐμφερόμενα
2630 4870 2898 4942 ἐπελθὼν,
2939 4869 3146 4943 ἡδονῆς
3181 4873 3323 4945 ὁμοῦ
3379 4870 3467 4925 καὶ
3529 4869 3822 4944 θαύματος

2147 4965 2247 5034 τήν
2279 4964 2466 5039 ψυχὴν
2493 4960 2831 5038 ἐπληροῦτο.
2865 4960 2963 5024 Εἷς
2995 4963 3058 5016 τὸ
3084 4961 3277 5016 ἑαυτοῦ
3335 4956 3394 5014 δὲ
3420 4965 3678 5032 ταμιεῖον
3705 4960 3822 5018 εἷσ-

2149 5051 2326 5117 ελθὼν
2357 5051 2539 5123 εὐθὺς,
2571 5052 2662 5109 καὶ
2720 5050 2808 5108 ἐπὶ
2837 5051 3133 5127 πρόσωπον
3197 5049 3374 5106 πεσὼν
3426 5047 3663 5106 ἐνωπιον
3720 5056 3824 5107 τοῦ

440 5273 552 5352 tu)
581 5283 642 5354 Ci,
675 5273 1007 5350 ἠλαττοῦτο.
1046 5278 1319 5354 Syllaba.
1339 5273 1984 5354 qua—A_augetur,_no_n
2016 5277 2184 5354 valde
2218 5278 2339 5354 vim
2368 5279 2485 5354 loci
2518 5284 2720 5354 auget.
2745 5277 2886 5354 Plus
2919 5293 2949 5333 e
2981 5277 3257 5354 restituta
3282 5273 3519 5354 syllaba
3544 5274 3822 5354 lucrabi—

369 5345 470 5412 tur
501 5345 757 5410 Basilius
787 5354 930 5425 Mac.
966 5345 1145 5406 Praa'c.
1179 5367 1228 5425 c_.
1264 5345 1464 5425 58,—5ic
1487 5345 1682 5425 editus
1714 5345 1866 5425 χΚσιὶᾐ
1889 5349 2025 5422 τίμα

2151 5373 2153 5388 ι
2185 5349 2275 5404 καὶ
2316 5345 2627 5425 ἀποδέχουν
2657 5347 2911 5425 μὴ-τοῦς
2970 5347 3203 5425 εὐγενεῖς
3239 5345 3334 5418 τῷ
3389 5345 3628 5419 σώματι,
3663 5346 3822 5405 ἀλλά

367 5425 495 5486 τοὺς
523 5421 957 5550 κεῆαρισμένους
985 5425 1064 5494 τῷ
1093 5420 1382 5495 πνεύματι.
1415 5420 1622 5477 Melius
1653 5422 1784 5478 cod.
1812 5419 1960 5478 299i
2000 5425 2036 5480 Α

445 5498 561 5550 (45)
667 5499 806 5550 Rea.
843 5513 929 5550 Ill.
963 5495 1016 5550 1.

2151 5419 2603 5496 εχαριτωμὲνὸῦς.
2659 5419 2852 5478 Habet
2873 5425 2930 5478 et
2989 5419 3087 5494 μέν
3120 5419 3238 5493 οὗν,
3267 5425 3624 5492 opportune.

467 5498 561 5569 45)
587 5495 636 5569 ll
667 5495 806 5569 Reg.
825 5513 929 5569 ut,
963 5495 1016 5550 1.

468 5568 556 5630 46)
591 5567 726 5623 Luc.
751 5567 797 5633 ί,
814 5567 911 5622 78.

403 5643 410 5650 ’
444 5633 560 5711 (47.)
588 5637 650 5711 β,
680 5635 1063 5711 ταράττουσιν,
1097 5637 1361 5711 et_modo
1406 5638 1538 5694 sine
1573 5633 1670 5695 είς.

465 5706 554 5781 48)
588 5706 828 5767 Locutio
858 5706 1102 5765 biblica.
1134 5707 1350 5767 Confer
1379 5725 1513 5784 pag.
1544 5712 1672 5782 295,
1700 5723 1760 5770 n.
1784 5710 1874 5767 87.
