4112 6394
317 357 469 418 1180

1503 350 1679 405 νιτΔ
1713 346 2068 404 annm
2082 358 2085 361 ‘
2101 346 2200 400 ΒΤ
2234 345 2558 401 JOABAPH

314 506 406 541 σιν
439 485 576 558 (δυ’
611 476 755 552 ὅθεν,
800 484 902 549 τῆς
956 477 1092 551 πρὸς
1147 474 1307 532 αὐτὸν
1345 472 1696 545 οἰκειότητος
1747 470 2012 556 δλισθῆτ

2126 469 2208 541 psi
2227 469 2573 540 interdicto,
2588 471 2814 529 hoc-est
2838 473 2985 547 ligni
3030 470 3315 533 scientias.
3348 478 3471 543 Quo
3502 477 3747 550 quidem

322 595 449 643 σαν,
483 572 559 635 εἰς
588 572 685 634 τὰς
719 568 939 631 πολλάς
993 567 1190 629 ταύτας
1238 564 1617 640 περιπίπτωκε
1664 560 1874 623 πλάνας
1921 559 1983 613 τὸ

323 663 668 738 ἀνθρώπινον
730 660 911 735 γένος,
973 655 1246 714 δουλωθὶν
1325 659 1444 717 ταῖς
1528 651 1819 738 ἁμαρτίαις
1893 650 1986 738 καὶ

329 733 607 811 ὑποπεσὸν
639 733 964 823 τῷῖθανάτῳ
995 744 1084 800 διὰ
1132 752 1231 815 τῆς
1280 740 1603 819 τυραννίδος
1651 744 1749 796 τοῦ
1799 733 1987 794 διαϐό-

326 843 455 901 λου·
489 842 573 910 δς,
611 835 967 915 ὑποχειρίους
1028 836 1166 905 ἅπαξ
1223 834 1351 897 τοὺς
1406 832 1726 907 ἀνθρώπους
1779 823 1989 898 λαϐὼν,

327 931 615 993 πάντελῶς
646 928 997 990 ἐπιλαθέσθαι
1029 926 1301 995 πεποίηκε
1327 928 1426 979 τοῦ
1476 927 1611 978 Θεοῦ
1658 921 1748 976 καὶ
1794 916 1993 974 δεσπό-

330 1044 455 1092 του,
487 1021 579 1077 καὶ
609 1018 760 1091 αύτῷ
803 1017 1049 1072 ἀνέπεισε
1106 1014 1384 1087 λατρεύειν
1446 1012 1536 1068 διὰ
1585 1018 1685 1081 τῆς
1741 1016 1851 1066 τῶν
1916 1007 1995 1062 εἷ-

338 1110 535 1168 δώλων
600 1111 858 1183 μυσαμᾶς
906 1106 1349 1180 προσκυνήσεως.
1414 1101 1854 1177 Σπλαγχνισοεὶς
1902 1098 1993 1152 οὗν

338 1200 611 1263 ὁπλάσας
646 1200 795 1271 ἡμᾶς
826 1196 976 1265 Θεὸς,
1032 1192 1251 1265 εύδοκίᾳ
1306 1197 1404 1249 τοῦ
1458 1192 1672 1267 Ηατρὸς
1719 1190 1807 1245 καὶ
1868 1208 1995 1243 συν-

335 1290 493 1367 εργίᾳ
546 1292 646 1345 τοῦ
702 1286 863 1363 ἀγίου
955 1286 1273 1357 ιινεύματος
1354 1286 1490 1357 (65),
1565 1279 1858 1350 εὐδόκησεν
1937 1277 1997 1332 ἐκ

340 1378 619 1456 Παρθένου
652 1375 832 1451 ἁγίας,
890 1381 991 1444 τῆς
1050 1373 1320 1430 Θεοτὸκου
1380 1371 1617 1447 Μαρίας,
1672 1372 1790 1434 καθ’
1849 1370 1999 1440 ἡμᾶς

338 1475 626 1548 τεχθῆναι·
659 1468 774 1537 καὶ,
808 1468 1031 1531 πάθεσιν
1092 1466 1368 1539 ὁμιλήσας
1402 1466 1429 1519 6
1460 1464 1694 1535 ἀπαθής,
1747 1461 1836 1517 διὰ
1881 1458 2001 1535 τρί-

346 1582 444 1633 της
472 1581 533 1616 τε
561 1560 773 1634 ἡμέρας
802 1556 861 1611 ἐκ
884 1560 1092 1631 νεκρῶν
1151 1556 1404 1625 ἀναστὰς,
1453 1553 1805 1628 ἐλυτρώσατο
1853 1552 2001 1624 ἡμᾶς

352 1656 450 1707 τοῦ
474 1648 745 1725 προτέρου
774 1647 1059 1719 ἐπιτιμίου
1092 1649 1201 1718 (66)
1231 1646 1319 1699 καὶ
1354 1642 1551 1708 κλὲους
1595 1647 1692 1698 τοῦ
1731 1641 2001 1718 προτέρου

358 1738 579 1811 ἠξίωσε.
611 1737 960 1810 Συνανήγαγε
987 1735 1088 1812 γὰρ
1134 1737 1281 1803 ἡμᾶς
1334 1732 1410 1795 εἰς
1460 1732 1721 1808 ούρανοὸς
1773 1728 2004 1805 ἀνερχό-

363 1848 544 1903 μενος,
602 1827 723 1892 ἀθεν
782 1823 1048 1900 ἐτύγχανε
1104 1818 1512 1891 καταϐεϐηκώς·
1572 1822 1629 1877 ’ὸν
1684 1822 1775 1876 καὶ
1852 1818 2021 1884 αὖθις.

358 1919 503 1991 ἡξειν
536 1918 692 1976 ³18
743 1913 1096 1987 πιστεύομεν,
1149 1911 1241 1967 ’ίνα
1296 1914 1358 1967 τὸ
1416 1911 1645 1985 πλάσμα
1700 1911 1761 1966 τὸ
1819 1912 2011 1966 ἑαυτοῦ

360 2009 653 2079 ἀναστήσῃ.
684 2002 989 2063 Ἃποδώσει
1043 2002 1099 2058 δὲ
1153 2003 1361 2075 ἑκάστῳ
1417 2003 1555 2057 κατά
1607 2001 1674 2057 τὰ
1726 1998 1861 2076 ἔργα
1916 1999 2011 2056 αὐ·

361 2103 459 2154 τοῦ
492 2101 633 2171 (67).
667 2094 791 2153 Ἐπὶ
818 2095 1035 2155 τούτοις
1088 2096 1187 2163 τήν
1241 2090 1608 2167 ἐκδεχομένην
1660 2091 1787 2152 τοὺς
1838 2090 2013 2161 ἀξίους

362 2189 476 2243 τῶν
535 2185 778 2262 ούρανῶν
837 2183 1211 2258 ἰμυσταγώγει
1299 2178 1577 2256 βασιλείαν
1635 2183 1746 2254 (68)
1805 2178 1895 2234 καὶ
1947 2180 2016 2234 τὰ

362 2276 657 2353 ἀπόρρητα
708 2275 903 2351 ἀγαθά.
958 2274 1069 2341 Τὴν
1130 2272 1497 2345 ἀποκειμένην
1582 2275 1701 2333 τοῖς
1785 2268 2017 2347 φαύλοις

355 2368 677 2445 προσετίθει
712 2367 964 2443 βάσανον,
1012 2364 1076 2420 τὸ
1134 2359 1391 2418 ἄσϐεστον
1446 2366 1579 2436 πῦρ,
1636 2361 1698 2417 τὸ
1757 2359 2014 2436 ἐξώτερον

355 2458 578 2528 σκότος,
635 2458 726 2512 τὸν
780 2454 1140 2523 ἀτελεύτητον
1204 2454 1469 2523 σκώληκα
1522 2454 1656 2525 (69),
1732 2451 1823 2505 καὶ
1883 2451 2015 2522 ὅσην

353 2546 539 2619 ἂλλην
574 2546 628 2601 οἱ
656 2552 755 2617 τῆς
797 2543 1065 2620 ἁμαρτίας
1116 2541 1308 2598 δοῦλοι
1352 2540 1579 2597 κόλασιν
1628 2541 1843 2604 ἑαυτοῖς
1891 2538 2021 2610 ἐθη-

357 2636 495 2714 σαύρ
508 2656 643 2694 ισαν.

2094 561 2375 616 mandato
2396 561 2776 631 violato,eum
2792 581 2823 619 e
2847 566 3126 637 paradiso
3140 568 3750 625 exterminavit.Unde

2095 656 2156 705 et
2180 651 2328 721 ipse,
2355 656 2414 705 et
2451 668 2621 720 uxor,
2666 669 2735 708 ea
2769 671 2949 725 quam
2992 673 3129 711 cum
3170 674 3240 713 eo
3290 657 3589 713 habebant
3618 675 3755 713 con-

2090 740 2406 813 junctione
2437 741 2611 812 lapsi,
2646 742 2707 797 in
2743 744 2852 800 hos
2882 747 3104 803 multos
3137 765 3369 804 errores
3392 748 3755 813 inciderunt,

2100 836 2341 902 peccato
2368 831 2647 887 videlicet
2673 834 2733 888 in
2768 836 3111 893 servitutem
3161 837 3405 907 addicti,
3459 839 3757 909 mortique

2099 937 2205 993 per
2224 921 2446 976 diaboli
2473 923 2850 993 tyrannidem
2874 926 3115 982 obnoxii
3142 929 3756 1000 eil‘ecti.Quiquidem,

2102 1011 2446 1066 hominibus
2467 1013 2651 1067 semel
2677 1014 2737 1068 in
2761 1021 3115 1085 potestatem
3139 1035 3306 1074 suam
3331 1018 3611 1086 redactis,
3645 1019 3758 1074 hoc

2103 1102 2243 1174 egit,
2274 1107 2341 1155 ut
2368 1102 2473 1156 Dei
2503 1119 2571 1157 ac
2605 1105 2835 1159 Domini
2870 1106 3170 1162 oblivione
3202 1126 3447 1180 prorsus
3476 1125 3757 1181 caperen-

2105 1192 2492 1262 tur,ipsisque
2506 1195 2803 1264 persuasit
2820 1200 2885 1249 ut
2906 1212 3012 1267 per
3024 1197 3447 1254 exsecrandum
3462 1198 3761 1253 idolorum

2106 1281 2520 1337 adorationem
2541 1283 2658 1338 sibi
2691 1285 2921 1341 cultum
2946 1287 3321 1343 adhiberent.
3346 1291 3420 1344 At
3446 1306 3580 1344 vero
3612 1290 3769 1344 Deus

2107 1377 2342 1427 creator
2361 1377 2589 1440 noster,
2618 1374 3006 1431 miseratione
3022 1378 3643 1451 commotus,benigna
3664 1380 3768 1434 Pa-

2109 1462 2218 1516 tris
2245 1461 2545 1517 voluntate
2569 1479 2636 1518 ac
2658 1464 2910 1535 Spiritus
2934 1469 3123 1522 sancti
3145 1468 3430 1539 adjuncta
3462 1486 3666 1540 opera,
3700 1485 3772 1524 ex

2113 1550 2350 1623 Virgine
2382 1556 2589 1607 sancta
2618 1555 2807 1608 nostri
2840 1555 3032 1611 instar
3062 1557 3124 1612 in
3158 1557 3356 1613 lucem
3404 1557 3499 1612 edi
3552 1556 3770 1628 voluit;

2113 1657 2370 1713 cumque
2404 1642 2671 1697 cruciatu
2701 1644 2949 1701 affectus
2980 1646 3193 1701 fuisset
3222 1647 3272 1703 is
3301 1646 3403 1718 qui
3444 1663 3479 1703 a
3526 1663 3776 1720 perpes-

2115 1731 2285 1786 sione
2318 1730 2604 1786 immunis
2636 1738 2779 1801 erat,
2816 1735 3011 1790 triduo
3062 1741 3195 1808 post
3244 1753 3279 1791 a
3330 1741 3522 1792 morte
3571 1736 3648 1791 ad
3691 1737 3774 1791 vi-

2118 1826 2239 1876 tam
2262 1821 2571 1889 excitatus,
2604 1838 2715 1878 nos
2740 1840 2774 1878 a
2802 1824 2989 1894 priori
3020 1826 3206 1881 multa
3237 1831 3296 1881 et
3324 1826 3778 1882 condemnatio-

2121 1928 2195 1967 ne
2227 1911 2518 1979 liberavit,
2553 1914 3075 1986 praastantiorique
3097 1916 3287 1987 gloria
3308 1917 3562 1972 donavit.
3586 1916 3775 1988 Siqui-

2124 2001 2259 2055 dem
2305 2001 2367 2055 in
2416 2001 2630 2056 emtum
2691 2003 3043 2073 ascendens,
3100 2005 3282 2061 simul
3338 2023 3448 2062 nos
3499 2023 3567 2062 eo
3617 2006 3776 2063 unde

2126 2089 2539 2157 descenderat,
2573 2092 2783 2146 evexit.
2812 2094 2997 2157 Quem
3021 2095 3201 2149 etiam
3232 2112 3440 2151 rursus
3462 2101 3779 2152 venturum

2126 2180 2447 2247 credimus,
2477 2184 2545 2234 ut
2576 2181 2927 2253 ﬁgmentum
2959 2199 3132 2238 suum
3178 2184 3251 2239 ad
3300 2186 3480 2241 vitam
3522 2190 3778 2253 revocet;

2127 2275 2305 2339 atque
2334 2269 2659 2341 unicuique
2706 2272 3035 2327 secundum
3088 2274 3275 2344 ipsius
3319 2291 3501 2347 opera
3548 2275 3779 2331 reddat.

2129 2362 2344 2415 Postea
2372 2359 2445 2414 de
2477 2359 2580 2414 illo
2612 2362 2899 2416 ccelorum
2953 2378 3159 2434 regno,
3212 2364 3370 2435 quod
3421 2381 3521 2419 eos
3573 2365 3673 2435 qui
3722 2362 3785 2418 id

2127 2454 2549 2522 promerentur
2572 2456 2796 2516 manet,
2829 2452 3007 2507 verba
3035 2453 3198 2523 fecit,
3231 2460 3408 2525 atque
3434 2470 3651 2510 arcana
3680 2453 3789 2509 illa

2127 2540 2305 2609 bona,
2339 2539 2834 2612 reconditamque
2866 2542 3012 2597 item
3046 2541 3338 2613 improbis
3377 2560 3616 2616 paruam
3647 2560 3790 2615 pro-

2129 2630 2350 2701 posuit,
2383 2629 2669 2684 nimirum
2705 2631 2901 2703 ignem
2932 2648 3243 2704 nunquam
3296 2633 3786 2707 extinguendum,

360 2729 663 2800 tenebras,
692 2725 1097 2785 immortalem
1125 2740 1410 2793 vermem,
1440 2728 1774 2795 caateraque
1808 2722 2243 2777 tormentorum
2273 2734 2513 2792 genera,
2547 2735 2678 2791 quae
2730 2721 2957 2793 peccati
3006 2722 3157 2777 servi
3207 2722 3322 2777 sibi
3374 2722 3522 2795 ipsis
3569 2739 3783 2779 recon-

367 2818 670 2874 diderunt.

438 2836 670 2876 nerunt.

438 2911 613 2964 Ταῦτα
642 2907 819 2962 πάντα
846 2903 1035 2983 λόγοις
1074 2901 1380 2975 πλειστοις,
1432 2899 1524 2958 καὶ
1574 2898 1821 2975 δαψιλῶς
1868 2898 2018 2972 αύτῳ

2202 2900 2337 2955 Haec
2364 2898 2571 2954 omnia
2598 2899 3058 2971 quamplurimis
3088 2902 3488 2971 sermonibus,
3532 2919 3600 2959 ac
3649 2901 3782 2975 Spi-

364 2996 776 3073 ἐνυπάρχουσαν
802 2996 903 3065 τὴν
931 2999 1029 3051 τοῦ
1078 2994 1392 3068 Πνεύματος
1444 2995 1777 3067 μαρτυροῦσι
1826 2990 2012 3083 χάριν,

2129 2989 2280 3044 ritus
2312 2988 2501 3043 sancti
2531 2988 2783 3060 gratiam
2815 2988 3051 3044 abunde
3106 2990 3219 3061 ipsi
3270 2991 3466 3046 inesse
3510 2990 3787 3047 testanti-

360 3084 617 3158 διεξελὼν
678 3088 811 3159 (70),
865 3086 979 3140 εἶτα
1032 3084 1120 3139 καὶ
1180 3084 1243 3138 τὸ
1300 3080 1705 3156 ἀνεξιχνίαστον
1780 3080 2012 3155 πέλαγος

2129 3079 2244 3134 bus
2273 3083 2781 3151 prosecutus,tum
2813 3078 3055 3134 demum
3080 3080 3618 3154 impervestigabile
3642 3082 3791 3137 divi-

356 3184 465 3247 τῆς
519 3180 619 3231 τοῦ
677 3179 811 3231 Θεοῦ
872 3171 1234 3249 διηγούμενος
1289 3170 1703 3251 φιλανθρωπίας
1747 3168 1838 3225 καὶ
1899 3168 2020 3231 οἷός

342 3266 507 3324 κίστιν
540 3264 766 3340 ’ἕτοιμος
797 3264 1050 3341 δέχεσθαι
1091 3265 1192 3333 τὴν
1243 3265 1534 3337 μετάνοιαν
1580 3265 1689 3317 τῶν
1740 3260 1877 3336 πρὸς
1928 3258 2023 3315 αύ-

362 3359 458 3414 τὸν
493 3355 951 3434 ἐπιστρεφόντων,
984 3354 1071 3409 καὶ
1105 3355 1183 3417 ὡς
1214 3352 1313 3409 οὐκ
1337 3350 1478 3409 ἔστιν
1535 3350 1773 3427 ἁμαρτία
1818 3352 2025 3404 νικῶσα

358 3450 465 3518 τὴν
497 3446 662 3503 αὐτοῦ
694 3444 1124 3521 εύσπλαγχνίαν,
1185 3442 1336 3520 εἰπερ
1394 3440 1701 3515 θελήσομεν
1756 3445 2026 3514 μετανοῆ-

368 3558 462 3593 σαι
494 3539 630 3610 (70),
690 3534 751 3591 ὲκ
803 3532 1034 3590 πολλῶν
1090 3530 1148 3588 δὶ
1201 3537 1365 3588 τοῦτο
1424 3528 1884 3605 παραδειγμάτων
1932 3528 2024 3583 καὶ

374 3631 655 3705 γραφικῶν
714 3626 1066 3699 παραστήσας
1130 3626 1465 3700 μαρτυριῶν,
1499 3622 1529 3677 6
1570 3620 1666 3695 μὲν
1713 3616 1874 3681 τέλος
1929 3618 2028 3674 ἰπ-

377 3719 541 3789 ἐθηκε
567 3722 645 3791 τῷ
677 3717 856 3793 λόγῳ.

447 3809 612 3864 ΚΕΦ.
650 3807 773 3863 ΛΕ’.
807 3805 1135 3879 Κατανυγεὶς
1166 3801 1222 3860 δὶ
1253 3805 1280 3858 6
1316 3800 1573 3879 βασιλεὺς
1630 3795 1892 3874 Ἀϐεννὴρ
1939 3797 2027 3853 ἐπὶ

368 3899 440 3971 τῇ
472 3893 807 3968 οεοδιδάκτῳ
837 3894 1004 3969 σοφίᾳ
1030 3892 1219 3967 ταύτῃ,
1250 3894 1406 3967 φωνῇ
1441 3889 1651 3967 μεγάλῃ
1679 3890 1770 3945 καὶ
1824 3900 2030 3964 θερμο-

370 3988 507 4057 τάτῃ
545 3990 701 4061 ψυχῇ
758 3986 851 4039 τὸν
912 3990 1136 4054 σωτῆρα
1190 3983 1422 4058 Χιρστὸν
1486 3975 1789 4055 ὡμολόγει,
1848 3980 2029 4049 πάσης

372 4076 612 4137 ἀποστὰς
653 4071 1063 4148 δεισιδαίμονος
1124 4070 1339 4141 πλάνης
1398 4071 1531 4143 (72).
1590 4071 1742 4125 ³19
1800 4068 1870 4121 Τὸ
1929 4088 2032 4137 ση-

376 4163 528 4237 μεῖόν
559 4183 620 4219 τε
677 4165 972 4220 προσκυνεῖ
1020 4164 1123 4215 τοῦ
1182 4162 1458 4229 ζωοποιοῦ
1508 4159 1740 4231 σταυροῦ
1801 4154 1903 4210 ὑπὸ
1957 4157 2029 4228 τῇ

374 4253 590 4309 πάντων
651 4247 773 4327 ὄψει
827 4256 939 4325 (73)
1000 4249 1087 4305 καὶ
1142 4248 1220 4311 εἷς
1279 4247 1514 4320 ἐπήκοον
1577 4246 1823 4301 ἁπάντων
1898 4246 2028 4301 Θεὸν

373 4342 634 4417 κηρύττει
664 4341 928 4413 ἀληθινὸν
959 4340 1052 4395 τὸν
1088 4338 1288 4416 Κύριον
1318 4340 1480 4411 ἡμῶν
1510 4337 1719 4407 Ἰησοῦν
1762 4330 2026 4411 Χριστόν·

374 4434 477 4503 τήν
504 4453 564 4487 τε
590 4430 852 4509 προτέραν
911 4424 1163 4487 ἀσὲϐειαν
1208 4426 1517 4499 διεξελθὼν,
1568 4426 1670 4494 τήν
1722 4424 1924 4481 οἰκείαν
1974 4447 2035 4481 τε

375 4522 513 4578 κατά
539 4526 648 4577 τῶν
681 4523 1018 4598 Χριστιανῶν
1051 4519 1317 4593 ὠμότητα
1372 4518 1461 4572 καὶ
1518 4513 1833 4593 μιαιφονίαν
1878 4515 2036 4593 ἐλέγ-

448 4651 562 4723 (64)
593 4650 760 4723 Conf.
794 4666 925 4721 pag.
958 4651 1048 4713 47,
1082 4649 1232 4723 ῐι-ΫἿ.

466 4721 559 4793 65)
589 4721 757 4777 Conf.
790 4736 959 4793 pagg.
993 4724 1082 4790 51,
1116 4722 1205 4775 52.

466 4726 559 4793 65)
589 4726 757 4777 Conf.
790 4736 959 4793 pagg.
993 4726 1046 4773 51

443 4726 557 4866 (66)
589 4794 757 4866 Cant.
789 4809 921 4865 pag.
954 4794 1046 4848 54.

446 4864 562 4937 (67)
591 4865 760 4921 Conf.
794 4864 853 4935 p.
886 4867 976 4929 55,
1009 4880 1070 4918 n.
1102 4864 1195 4918 25.

472 4935 563 5008 68)
592 4937 762 5009 Conf.
788 4952 923 5009 pag.
955 4938 1046 5003 60,
1087 4951 1149 4990 n.
1179 4935 1273 5009 49.

473 5004 566 5078 69)
591 5008 759 5081 Conf.
789 5004 937 5081 pag.)
959 5010 1050 5081 se,
1082 5022 1145 5061 n.
1179 5008 1273 5076 77,
1302 5004 1394 5058 78.

474 5084 559 5147 70)
586 5079 756 5151 Conf.
790 5079 894 5151 pp;
920 5080 1013 5148 9L,
1044 5081 1136 5133 95.

474 5153 566 5224 71)
595 5153 657 5216 C,
693 5148 1005 5223 διεξελθεῖν.

2132 3186 2225 3224 [ιω
2250 3169 2639 3242 benignitatis
2670 3168 2917 3242 pelagus
2967 3170 3285 3237 enarravit,
3335 3187 3635 3243 quamque
3686 3171 3789 3226 ille

2134 3275 2341 3314 eorum
2376 3259 2477 3330 qui
2508 3258 2583 3313 ad
2614 3274 2751 3313 eum
2797 3275 2926 3313 sese
2976 3264 3330 3315 convertunt
3376 3260 3789 3332 pmnitentian‘.

2135 3348 2393 3404 libenter
2408 3348 3018 3419 exspectet,quodque
3044 3348 3280 3404 nullum
3313 3349 3507 3406 scelus
3535 3350 3610 3406 sit
3632 3348 3790 3422 quod

2134 3439 2324 3511 ipsius
2339 3437 2787 3493 misericordam
2801 3440 3117 3509 superet,si
3132 3439 3373 3509 quidem
3391 3440 3465 3495 ad
3479 3440 3791 3496 meliorem

2132 3528 2366 3600 frugem
2397 3527 2595 3582 redire
2622 3528 2686 3582 in
2718 3528 2990 3582 animum
3040 3527 3418 3583 inducamus.
3453 3528 3620 3593 Quod
3654 3546 3791 3585 cum

2134 3616 2344 3672 multis
2360 3615 2652 3687 exemplis
2671 3632 2741 3671 ac
2766 3616 3087 3687 Scriptura;
3109 3616 3468 3672 testimoniis
3492 3617 3793 3674 declaras-

2138 3712 2251 3775 set,
2281 3706 2538 3761 orationi
2572 3706 2751 3760 ﬁnem
2784 3706 3093 3777 imposuit.

2212 3798 2345 3851 CAP.
2380 3796 2601 3850 XXXV.
2632 3825 2697 3837 —
2731 3797 2852 3851 Rex
2888 3800 3089 3851 autem
3120 3794 3405 3851 divinitus
3436 3797 3654 3854 tradita
3682 3799 3795 3855 hac

2140 3884 2434 3957 sapientia
2452 3884 3100 3957 compunctus,ingenti
3116 3901 3253 3939 voce
3274 3901 3344 3941 ac
3357 3884 3794 3945 ferventissimo

2144 3974 2344 4030 animo
2390 3974 2690 4029 Christum
2741 3974 3102 4031 Salvatorem
3133 3974 3471 4042 conﬁtetur,
3510 3982 3689 4047 atque
3720 3977 3794 4032 ab

2140 4063 2303 4119 omni
2327 4062 2740 4134 superstitioso
2764 4076 2963 4115 errore
2984 4060 3637 4133 absceditwiviﬁcaaque
3660 4074 3799 4119 cru-

2148 4154 2233 4209 cis
2256 4153 2490 4225 signum
2512 4149 2985 4223 inspectantibus
3027 4150 3307 4206 omnibus
3337 4151 3565 4221 adorat,
3590 4158 3649 4207 et
3688 4169 3794 4210 au-

2141 4242 2447 4299 dientibus
2478 4242 2755 4297 omnibus
2782 4242 2968 4297 Deum
3009 4257 3213 4297 verum
3245 4258 3312 4297 ac
3343 4242 3659 4298 Dominum
3682 4260 3796 4300 no-

2143 4346 2329 4396 strum
2360 4343 2386 4397 J
2394 4357 2561 4397 esum
2591 4339 2891 4394 Christum
2913 4338 3414 4411 praedicat.Atque
3436 4354 3801 4397 commemo-

2144 4436 2276 4486 rata
2303 4431 2486 4501 priori
2520 4446 2628 4484 sua
2657 4429 2986 4501 impietate,
3020 4433 3079 4483 et
3108 4427 3390 4483 adversus
3422 4429 3791 4485 Christianos

2144 4520 2496 4576 crudelitate
2530 4524 2587 4575 et
2630 4518 3005 4575 immanitate
3027 4517 3445 4589 condemnata,
3476 4519 3689 4593 ingens
3718 4518 3795 4575 ad

469 5215 563 5300 72)
586 5215 799 5300 Clos_sa
823 5224 889 5300 in
920 5225 968 5279 Α
994 5238 1007 5276 :
1042 5217 1230 5300 στίχος
1252 5215 1562 5300 ἔμμετρος.
1596 5215 1771 5298 Ωιιοά⁸
1796 5220 1887 5300 εει
1909 5232 2012 5271 νοτε

2126 5218 2563 5300 timadversum,
2594 5217 2861 5300 Similem
2883 5217 3199 5300 habuimus
3221 5218 3797 5300 animadversionem

372 5289 510 5421 pag.
543 5289 669 5351 237.
704 5289 1216 5352 Fecitmonacbus
1250 5289 1598 5371 imprudens
1624 5289 2022 5355 versiculum;
2053 5291 2251 5347 facere
2280 5293 2383 5362 qui
2411 5291 2615 5354 voluit,
2650 5305 2771 5344 non
2803 5290 2944 5344 fecit
2972 5290 3262 5347 Theodor.
3298 5292 3682 5357 Prodromus,
3704 5292 3796 5347 vel

429 5367 600 5421 biles.
626 5368 688 5421 in
722 5367 983 5421 editione
1018 5365 1227 5420 saltem
1258 5362 1647 5417 Thorlacxana
1686 5359 1971 5421 (Profuss.
2007 5366 2050 5416 t.
2082 5364 2179 5421 III.
2228 5379 2358 5421 pag.
2411 5363 2536 5421 65):
2591 5358 2887 5415 Ἀτλάντον
2944 5358 3187 5421 πέλαγος
3236 5359 3517 5421 πελαγοῦς
3560 5362 3796 5421 Αἴγαίου

429 5358 600 5435 biles,
626 5368 688 5422 in
722 5367 983 5422 editione
1018 5365 1227 5420 saltem
1258 5358 1647 5417 Thorlaciana
1686 5359 1971 5429 (Profuss.
2007 5373 2012 5410 ι

429 5437 567 5494 ίθος.
603 5439 929 5494 Fugiebant
959 5438 1053 5491 isti
1087 5435 1520 5491 versificatores
1545 5430 1727 5494 pedes
1759 5431 2012 5494 trisyllal

2126 5365 2179 5431 il,
2228 5358 2358 5436 pag.
2411 5363 2536 5432 65):
2591 5358 2887 5415 Ἀτλάντον
2944 5358 3187 5434 πέλαγος
3236 5359 3517 5434 πελαγοῦς
3560 5362 3798 5435 Αἴγαίου

2166 5436 2323 5489 Bene
2383 5434 2568 5490 codex
2625 5434 2803 5487 283i:
2856 5428 3211 5487 Ἀτλαντικὸν
3260 5432 3519 5494 πέλαγος.
3574 5431 3796 5494 Λίγαῖον

420 5437 567 5501 άθος.
603 5439 929 5511 Fugiebant
959 5438 1053 5491 isti
1087 5435 1520 5491 versificatores
1545 5435 1727 5502 pedes
1759 5435 2012 5504 trisyllal

382 5437 569 5583 βάθος.
602 5512 719 5566 Nec
748 5511 1091 5583 agnoscitur
1119 5513 1324 5585 poetas.
1340 5521 1575 5567 manus,
1691 5519 1817 5574 seq.
1842 5520 1904 5586 γ,
1937 5506 2001 5559 35

382 5583 569 5628 nlahit
594 5581 770 5628 lectio
802 5581 1026 5628 codicis
1052 5597 1066 5628 :
1098 5581 1165 5628 Ὦ
1191 5596 1379 5628 γοαυς.
1409 5574 1501 5628 καὶ
1531 5575 1607 5628 πά
1653 5592 1698 5627 ιν
1730 5592 1925 5628 γοαυς.
1954 5594 2012 5628 κσ

2166 5435 2323 5489 Bene
2383 5435 2568 5490 codex
2625 5435 2803 5487 283i:
2856 5435 3211 5487 Ἀτλαντικὸν
3260 5435 3519 5510 πέλαγος,
3574 5435 3796 5509 Αἰγαῖον

2126 5509 2340 5581 ιγραῦς
2369 5506 2460 5559 καὶ
2492 5501 2657 5557 πάλιν
2703 5505 2871 5579 γραῦς
2914 5502 3005 5557 καὶ
3054 5502 3242 5563 πάλιν.
3298 5509 3635 5564 Mensuram
3688 5508 3801 5567 im-

2126 5577 2237 5628 ίλιν
2268 5581 2455 5628 νοαῦς-
2486 5574 2675 5628 πάλιν.

1653 5592 1698 5627 ιν

377 5574 569 5654 plebit
594 5581 770 5654 lectio
786 5574 1066 5654 vcodicisg
1085 5574 1165 5654 ,Ὦ
1191 5574 1398 5654 γραῦςκ
1409 5574 1501 5630 καὶ
1531 5575 1607 5654 πά

1772 5575 2045 5653 ραῦ-ς,-καὶ
2071 5574 2237 5633 πάλιν
2268 5581 2455 5653 γραῦ-ς,
2486 5574 2675 5653 πάλιν.

448 5593 569 5638 ebit
594 5593 770 5638 lectio
802 5593 1026 5638 codwxs
1052 5597 1066 5635 :
1105 5593 1165 5633 Ὠ
1230 5596 1379 5651 ραυς,
1409 5593 1501 5630 και
1531 5593 1698 5629 παΛιν
1772 5593 1925 5648 ραυς,
1954 5594 2012 5628 κα

448 5655 559 5724 (73)
591 5653 810 5730 Dicunt
839 5649 1008 5730 etnim'
1037 5598 1546 5726 66:1.Il’heodorus
1576 5593 1813 5707 Prordr.
1851 5646 2012 5704 Galec

2268 5593 2747 5720 ipgiicggzélgau
2798 5649 2896 5702 τοῦ
2953 5643 3119 5727 φίλου
3170 5649 3542 5730 φυτοσπόρου.
3593 5649 3806 5717 Omisit

340 5750 345 5753 “
376 5718 563 5799 ligen.
596 5722 682 5779 ἔπ’
713 5730 854 5784 ante
884 5718 1029 5799 ὄψει.
