4112 6376
433 358 573 415 1195

1983 351 2353 411 ΑΒΒΕΝΒΔ.

3719 368 3852 428 1196

431 485 536 541 nix
553 485 1029 555 dealbabuntur;
1063 493 1122 544 et
1143 488 1190 544 si
1220 487 1444 544 fuerint
1483 487 1667 543 rubra
1707 484 1862 542 sicut
1881 480 2079 540 vermi-

2209 476 2470 534 λευκανῶ’
2504 479 2592 536 ἐὰν
2643 478 2702 538 δὲ
2729 483 2859 538 ὦσιν
2895 485 2970 548 ὡς
2993 485 3271 555 κόκκινον,
3331 486 3462 543 ὡσεὶ
3520 482 3670 564 ἔριον
3729 492 3851 551 λεοο

431 575 914 649 culus,tanquam
946 578 1085 633 lana
1125 577 1259 632 alba
1291 583 1466 632 erunt
1493 577 1672 647 (Isaiae
1701 577 1765 647 ι).
1798 574 2084 640 Quocirca

432 678 508 720 ne
539 665 773 733 timeas,
791 684 823 722 o
849 673 1151 738 pater,nec
1173 666 1350 722 dubio
1375 667 1577 721 animo
1605 665 1907 735 sis;neque
1923 662 2083 718 enim

434 769 639 810 eorum
664 756 762 826 qui
786 756 860 810 ad
893 757 1077 811 Deum
1111 771 1240 811 sese
1266 760 1640 822 convertunt,
1673 759 1938 826 peccata,
1969 753 2082 807 im-

432 859 704 899 mensam
718 843 904 914 ipsius
918 843 1241 899 bonitatem
1254 843 1633 900 vincuntJlla
1646 844 1805 899 enim
1819 857 2086 913 quocun-

432 949 548 1004 que
561 933 799 988 tandem
813 949 1061 988 numero
1074 933 1457 1003 fuerunt,sub
1480 950 1826 989 mensuram
1840 931 2084 998 cadunt,

431 1023 582 1077 hanc
603 1026 802 1077 autem
828 1038 940 1078 nec
962 1023 1158 1078 metiri
1185 1039 1295 1079 nec
1318 1039 1639 1080 numerare
1675 1022 1972 1094 quispiam
1989 1037 2088 1093 po-

429 1116 562 1166 test.
590 1110 878 1177 Quocirca
911 1113 1041 1169 fieri
1078 1129 1200 1169 non
1251 1119 1468 1186 potest,
1501 1119 1568 1170 ut
1597 1113 1756 1185 quod
1787 1127 2085 1168 mensuras

429 1199 766 1272 subjicitur,
797 1201 859 1257 id
910 1201 1072 1274 quod
1119 1202 1291 1259 nulla
1333 1218 1621 1260 mensura
1651 1200 2083 1274 comprehendi

428 1295 647 1362 potest,
681 1297 940 1362 superet.

502 1380 854 1453 Hujusmodi
869 1381 1064 1436 verbis
1087 1381 1161 1437 ad
1182 1381 1614 1438 consolandum
1627 1379 2087 1438 accommodatis

431 1469 621 1541 ipsius
639 1471 909 1527 animum
933 1471 1183 1537 leniens,
1208 1488 1277 1527 ac
1293 1473 1454 1527 velut
1475 1476 1818 1537 excantans,
1849 1486 1986 1525 eum
2012 1469 2087 1524 ad

432 1558 650 1614 bonam
677 1577 843 1632 spem
864 1561 1413 1617 revocavit.Deinde
1432 1559 1888 1632 pater,extensis
1902 1558 2089 1614 mani-

429 1648 788 1718 bus,gratias
804 1649 916 1720 ipsi
931 1649 1234 1722 agebat,ac
1245 1649 1398 1704 bene
1421 1648 2084 1720 precabatur,diemque

431 1753 566 1792 eum
600 1754 716 1808 quo
740 1739 866 1809 ipse
885 1739 946 1793 in
971 1739 1163 1793 lucem
1183 1739 1377 1793 editus
1403 1743 1559 1792 esset
1581 1737 1858 1792 laudibus
1880 1737 2082 1791 effere-

2195 573 2363 626 κανῶ.
2397 571 2492 638 Μή
2525 566 2700 647 φοϐοῦ
2728 572 2930 642 τοίνυν,
2965 571 3010 628 ὦ
3067 576 3261 650 πάτερ,
3299 574 3441 648 μηδὲ
3500 575 3736 651 δίσταζε’
3790 586 3849 641 οὐ

2196 661 2389 712 νικῶσι
2445 659 2547 746 γὰρ
2597 660 2652 714 αἱ
2710 659 2969 736 ἁμαρτίαι
3017 667 3127 716 τῶν
3191 661 3634 739 ἐπιστρεφόντων
3720 672 3852 746 πρὸς

2199 746 2330 801 Θεὸν
2361 748 2461 816 τὴν
2493 745 2713 824 ἄπειρον
2749 749 2914 804 αὐτοῦ
2962 749 3298 824 ἀγαθότητα.
3360 754 3534 810 Αὗται
3593 757 3694 832 γὰρ
3753 745 3852 816 ὗπὸ

2205 836 2400 912 μὲτρον
2435 835 2539 892 εἰσὶ
2571 839 2660 893 καὶ
2707 838 2962 913 ἀριθμὸν,
2999 840 3118 894 ὅσαι
3178 840 3240 897 ἄν
3297 843 3487 898 ὦσιον·
3559 845 3735 918 ἐκείνη
3795 846 3850 904 δὲ

2199 926 2507 1002 ἀμὲτρητός
2566 927 2676 984 ἐστι
2759 928 2850 983 καὶ
2906 929 3299 1005 ἀναρίθμητος.
3388 934 3511 990 Οὐκ
3583 933 3854 1013 ἐνδέχεται

2194 1015 2376 1070 τοίνυν
2405 1017 2467 1071 τὸ
2528 1017 2883 1092 ὑποκείμενον
2938 1018 3120 1096 μὲτρῳ
3169 1041 3266 1076 του
3323 1022 3643 1099 ἀμετρήτου
3701 1047 3851 1100 περι·-

2195 1105 2442 1182 γενὲσθαι
2473 1108 2610 1180 (9i)-

2267 1373 2555 1437 Τοιούτοις
2585 1374 3024 1450 παρακλητικοῖς
3082 1375 3290 1454 μασι
3337 1379 3662 1452 κατεπᾴδων
3695 1384 3848 1441 αὐτοῦ

2194 1468 2295 1531 τὴν
2349 1465 2560 1540 ψυχὴν,
2622 1465 2840 1522 είίελπιν
2895 1465 3252 1543 ἀπειράσατο.
3314 1471 3449 1526 Εἶτα
3530 1471 3762 1536 ἐκτείνας
3821 1476 3847 1530 ὁ

2196 1554 2377 1626 πατὴρ
2424 1554 2522 1618 τὰς
2579 1560 2794 1629 χεῖρας,
2882 1557 3228 1632 εὐχαριστῶν
3285 1558 3432 1630 αὐτῷ
3485 1561 3846 1637 ὗπερηύχετο,

2195 1641 2287 1697 καὶ
2317 1652 2418 1711 τήν
2448 1644 2658 1719 ἡμέραν
2717 1643 2929 1720 εὐλόγει
2980 1645 3032 1700 ἐν
3171 1647 3332 1710 αὐτὸς
3383 1649 3705 1725 ἐγγεννήθη,
3760 1655 3844 1708 Τέ-

2195 1755 2322 1788 κνον
2352 1736 2547 1809 λέγων,
2579 1733 2939 1810 γλυκύτατον,
2969 1737 3155 1792 τέκνον
3188 1737 3287 1794 οὐκ
3346 1739 3505 1813 ἐμὸν,
3569 1739 3712 1798 ἀλλά
3757 1747 3844 1798 τοῦ

436 1826 556 1891 bat,
575 1827 668 1880 his
682 1826 1445 1882 verbisutensznulcissime
1460 1827 1567 1895 fili,
1591 1827 1676 1882 ﬁli
1691 1827 1957 1897 inquam,
1983 1825 2079 1896 qui

2197 1822 2446 1898 οὐρανίου
2478 1824 2709 1900 Πατρὸς,
2745 1825 2903 1880 ποίαν
2955 1824 3230 1882 ἀποδώσω
3281 1849 3367 1884 σοι
3425 1829 3596 1906 χάριν
3637 1832 3843 1899 ;ποίαις

431 1931 553 1970 non
567 1921 682 1971 tam
696 1933 864 1972 meus
878 1934 940 1972 es
954 1933 1132 1987 quam
1146 1917 1403 1972 ccelestis
1419 1916 1964 1987 Patris,quamnam
1977 1915 2084 1970 tibi

433 2005 687 2078 gratiam
717 2005 1230 2077 referam?quibus
1262 2011 1318 2060 te
1349 2004 2087 2075 benedictionibusprose—

433 2111 582 2167 quar
596 2095 624 2151 ?
645 2113 793 2167 quas
814 2097 933 2152 Deo
955 2101 1056 2152 tua
1094 2111 1274 2152 causa
1309 2095 1528 2168 gratias
1569 2095 1767 2167 agam?
1783 2093 2085 2149 Perieram

435 2184 619 2252 enim,
640 2201 708 2240 ac
740 2189 840 2240 tua
857 2201 1038 2256 opera
1056 2184 1331 2239 inventus
1355 2200 1486 2240 sum
1512 2201 1525 2251 ;
1549 2188 1790 2256 peccato
1811 2188 2084 2238 mortuus

432 2288 619 2339 eram,
656 2279 715 2329 et
734 2275 918 2330 revixi
937 2275 1118 2346 (Luem
1137 2278 1253 2341 xv);
1277 2273 1469 2329 hostis
1510 2278 1569 2328 et
1599 2271 1926 2344 perduellis
1957 2272 2081 2340 Dei,

428 2367 488 2418 et
516 2363 578 2418 in
609 2364 859 2436 gratiam
881 2369 1154 2435 receptus
1175 2363 1487 2428 sum.Quid
1516 2362 1697 2434 igitur
1726 2361 1833 2417 tibi
1864 2379 1971 2434 pro
1990 2362 2083 2416 his

425 2452 704 2508 omnibus
734 2452 1059 2524 rependam
1091 2453 1262 2523 (Psal.
1304 2451 1480 2522 xxx)?
1508 2453 1662 2506 Deus
1692 2456 1783 2507 est
1807 2451 1909 2522 qui
1939 2451 2082 2507 satis

423 2542 640 2614 amplis
671 2542 935 2613 praemiis
967 2547 1024 2596 te
1054 2541 1424 2596 remunerari
1457 2541 1782 2610 queat.Hoc
1804 2555 2081 2594 sermone

424 2631 794 2698 habito,cum
808 2630 1227 2686 charissimum
1243 2630 1435 2685 tilium
1451 2630 1671 2701 saepius
1699 2629 2079 2684 exosculatus

417 2720 723 2790 fuisset,ac
755 2720 969 2777 deinde
1001 2736 1208 2790 preces
1237 2719 1512 2781 fudisset,
1537 2724 1736 2789 atque,
1773 2719 1834 2774 in
1866 2735 2079 2774 manus

423 2815 577 2878 tuas,
609 2826 642 2864 ο
672 2810 928 2882 benigne
959 2811 1134 2874 Deus,
1155 2808 1510 2864 commendo
1543 2809 1820 2879 spiritum
1852 2825 2077 2876 meum,

418 2899 687 2965 dixisset,
715 2900 778 2954 in
815 2899 1166 2971 pmnitentia
1193 2899 1458 2955 animam
1487 2915 1657 2953 suam
1680 2899 1928 2954 Domino
1951 2897 2081 2954 red-

420 2988 593 3044 didit.

491 3078 674 3132 Filius
705 3083 904 3134 autem
917 3079 1442 3150 Josaphatpatrem
1467 3082 1768 3132 mortuum
1793 3077 2076 3148 Iacrymis

417 3167 1090 3238 prosecutus,justisque
1114 3167 1228 3237 ipsi
1251 3167 1595 3238 persolutis,
1619 3182 1833 3236 corpus
1851 3167 1980 3238 ejus
2012 3167 2074 3222 in

416 3255 657 3326 piorum
672 3255 935 3311 virorum
951 3254 1241 3326 sepulcris
1255 3254 1536 3309 condidit.
1549 3256 1666 3309 Nec
1677 3260 1871 3309 tamen
1885 3256 2074 3326 ipsius

417 3360 632 3414 corpus
663 3344 825 3416 regia
856 3350 1013 3398 veste
1047 3343 1324 3409 obvolvit,
1358 3343 1463 3399 sed
1512 3343 1879 3414 pcenitentiae
1910 3345 2080 3400 vesti-

414 3435 634 3490 mentis
658 3437 982 3490 exornavit.
1018 3438 1209 3505 Atque
1242 3435 1453 3505 ipsein
1487 3434 1759 3506 sepulcro
1793 3442 1976 3502 stans,
2009 3453 2078 3492 ac

412 3542 625 3580 manus
649 3526 706 3579 in
728 3526 943 3580 ccelum
962 3524 1661 3594 tendens,lacrymasque
1686 3540 1754 3578 ex
1769 3525 1960 3580 oculis
1973 3525 2080 3580 flu-

408 3614 487 3666 vii
507 3613 695 3667 instar
717 3613 1208 3684 profundens.his
1233 3612 1426 3666 verbis
1448 3611 1520 3666 ad
1547 3613 1731 3667 Deum
1763 3613 2070 3669 clamavit:

478 3703 707 3757 Gratias
734 3703 840 3756 tibi
858 3719 982 3774 ago.
1015 3703 1168 3756 Deus
1192 3704 1312 3756 Rex
1333 3700 1666 3772 εισι-ἰὼ,ᾳυί
1684 3701 1846 3756 solus
1860 3707 2074 3773 potens

411 3798 470 3846 et
492 3791 846 3846 immortalis
870 3792 1248 3861 es,quoniam
1264 3791 1596 3844 orationem
1616 3807 1810 3845 meam
1825 3793 2072 3848 minime

411 3880 878 3951 despexisti,nec
900 3881 1194 3951 lacrymas
1217 3896 1380 3934 meas
1403 3896 1509 3950 pro
1527 3879 1715 3934 nihilo
1739 3881 2076 3938 duxistizve-

408 3987 542 4024 rum
566 3987 800 4025 servum
827 3975 992 4025 tuum
1015 3985 1082 4025 ac
1105 3975 1335 4041 patrem
1369 3985 1572 4023 meum
1614 3985 1649 4023 a
1672 3969 1962 4026 scelerata
1988 3972 2072 4025 vi-

407 4061 584 4116 vendi
613 4062 844 4116 ratione
872 4067 1202 4126 avocatum,
1235 4060 1308 4116 ad
1337 4066 1390 4114 te
1413 4060 1684 4114 omnium
1707 4060 2069 4116 Salvatorem

408 4153 753 4220 pertrahere
783 4151 1046 4217 voluisti,
1071 4167 1206 4205 eum
1240 4148 1518 4205 videlicet
1547 4149 1618 4203 ab
1653 4148 1951 4205 idolorum
1975 4168 2065 4206 er-

407 4257 541 4294 rore
572 4239 897 4306 abducens,
919 4246 1098 4311 atque
1130 4239 1241 4310 ipsi
1275 4239 1387 4293 hoc
1420 4237 1672 4305 donans,
1699 4244 1764 4292 ut
1795 4245 1848 4293 te
1883 4241 2067 4295 Deum

403 4345 604 4384 verum
629 4346 697 4384 ac
720 4329 1045 4402 benignum
1067 4327 1536 4400 intelligeret.Ac
1551 4344 1730 4393 nunc,
1763 4345 1794 4381 ο
1819 4330 2066 4384 Domine

407 4418 580 4483 Deus,
603 4419 773 4488 cujus
794 4419 1080 4473 bonitatis
1095 4417 1337 4490 pelagus
1362 4415 1741 4487 pervestigari
1768 4419 2066 4488 nequit,in

410 4504 541 4560 loco
563 4523 820 4576 pascuae,
857 4507 918 4562 in
941 4507 1070 4562 loco
1103 4505 1468 4572 refectionis,
1495 4505 1598 4559 ubi
1632 4505 1826 4560 vultus
1854 4507 1939 4561 tui
1963 4507 2064 4565 lux

2193 1910 2486 1988 εὐλογήσω
2548 1934 2606 1968 σε
2654 1913 2968 1988 εὐλογίαις;
3028 1916 3147 1971 τίνα
3205 1915 3264 1972 δὲ
3321 1918 3677 1995 εὐχαριστίαν
3724 1921 3843 1978 ἀνα-

2192 2002 2396 2075 πέμψω
2453 2007 2534 2075 τῷ
2587 2007 2704 2075 Θεῷ
2758 2007 2884 2079 περὶ
2940 2009 3085 2075 acii;
3133 2005 3448 2072 ἀπολωλὼς
3507 2011 3618 2086 γὰρ
3675 2013 3836 2085 ἢμην,

2191 2092 2281 2146 καὶ
2314 2090 2540 2166 εὖρὲθην
2566 2089 2655 2147 διὰ
2684 2098 2802 2148 σοῦ’
2836 2095 3028 2168 νεκρὸς
3077 2094 3228 2168 ἤμην
3279 2103 3393 2173 τῆς⁹
3436 2097 3700 2172 ἀμαρτίᾳ,
3757 2101 3837 2156 καὶ

2194 2181 2429 2252 ἀνέζησα
2459 2184 2592 2256 (92)’
2629 2181 2831 2258 ἐχθρὸς
2860 2183 2951 2238 καὶ
3007 2183 3326 2256 ἀποστάτης
3377 2191 3538 2255 Θεοῦ,
3587 2188 3670 2244 καὶ
3723 2210 3836 2246 κατο

2192 2266 2469 2345 ηλλάγην.
2502 2271 2570 2328 Τί
2607 2271 2698 2326 οὗν
2734 2270 3107 2329 ἀνταποδώσω
3169 2276 3280 2348 (93)
3328 2296 3416 2330 σοι
3476 2279 3613 2352 ὑπὲρ
3644 2278 3830 2334 τούτων

2192 2357 2444 2414 ἀπάντων
2479 2379 2493 2430 ;
2525 2361 2656 2424 Θεός
2678 2359 2822 2417 ἐστιν
2853 2363 2880 2417 ὁ
2912 2360 3061 2431 ἀξίας
3113 2384 3198 2418 σοι
3256 2363 3516 2440 παρέχων
3547 2369 3700 2426 824
3747 2368 3832 2432 τὰς

2190 2444 2449 2522 ἀμοιϐάς.
2511 2449 2670 2508 Οὕτω
2723 2447 2923 2525 λέγων,
2973 2453 3148 2507 πυκνά
3194 2453 3476 2532 κατεφίλει
3521 2457 3614 2511 τὸν
3647 2454 3819 2535 φίλτα-

2187 2558 2281 2593 τον
2339 2535 2526 2595 παῖδα.
2589 2539 2721 2595 Εἶτα
2779 2539 3082 2614 εὐξάμενος,
3133 2542 3246 2611 καὶ,
3305 2541 3398 2604 Εἲς
3455 2547 3647 2620 χεῖράς
3709 2565 3813 2613 σου,

2189 2627 2542 2706 φιλάνθρωπε
2562 2629 2677 2700 Θεὲ,
2712 2631 3054 2704 παρατίθημι
3109 2630 3173 2685 τὸ
3201 2631 3416 2705 πνεῦμά
3462 2654 3590 2705 μου,
3645 2634 3789 2689 εἰπὼν

2187 2695 2240 2772 έν
2276 2695 2533 2790 μετανοίᾳ
2558 2695 2877 2794 τήνγψυίὴν
2908 2695 3003 2775 καὶ.
3041 2720 3228 2797 εἰρήνη
3289 2695 3679 2796 παρέθετοπῷ
3720 2695 3815 2777 K0:

2188 2807 2295 2882 ρίφ
2323 2811 2458 2881 (θυι

2255 3080 2318 3137 Ὀ
2349 3075 2406 3133 δὲ
2441 3077 2677 3155 Ἰωάσαφ
2733 3075 2958 3154 δάκρυσι
3015 3080 3254 3154 τιμήσας
3304 3081 3698 3151 τελευτήσαντα
3739 3078 3824 3131 τὸν

2187 3169 2413 3244 πατέρα,
2463 3169 2552 3223 καὶ
2610 3165 2881 3239 κηδεύσας
2932 3167 3097 3224 αὐτοῦ
3151 3170 3216 3225 τὸ
3271 3169 3515 3243 λείψανον
3575 3166 3837 3240 ἐνείμως,

2186 3255 2440 3321 κατέθετο
2497 3254 2550 3310 ἐν
2605 3257 2850 3328 μνήματι
2909 3254 3123 3332 ἀνδρῶν
3197 3251 3447 3326 εὐσεϐῶν,
3522 3257 3586 3313 οὐ
3663 3255 3835 3328 μέντοι

2189 3345 2450 3422 βασιλικῇ
2481 3339 2795 3419 περιϐαλὼν
2821 3344 3028 3415 ἐσθῆτι,
3064 3344 3210 3402 ἀλλά
3271 3346 3556 3419 μετανοίας
3614 3345 3826 3419 κοσμή-

2186 3457 2281 3499 σας
2306 3434 2549 3512 ἀμφίοις.
2583 3434 2722 3496 Στάς
2750 3432 2808 3489 δὸ
2843 3433 2931 3489 ἐπὶ
2961 3439 3040 3507 τῷ
3097 3437 3367 3509 μνήματι,
3428 3437 3622 3510 χεῖράς
3681 3457 3735 3491 τε
3766 3435 3837 3496 εἰς

2185 3525 2412 3602 οὐρανὸν
2443 3524 2653 3600 διάρας,
2685 3525 2775 3580 καὶ
2808 3522 3011 3600 δάκρυα
3032 3524 3359 3599 ποταμηδὸν
3415 3530 3523 3582 τῶν
3573 3527 3823 3601 ὀμμάτων

2181 3613 2504 3684 καταδύσας,
2538 3611 2734 3685 ἐϐόησε
2763 3615 2900 3689 πρὸς
2939 3615 3028 3670 τὸν
3063 3615 3212 3687 Θεὸν,
3248 3614 3448 3690 λέγων’

2253 3706 2315 3762 Ὁ
2346 3705 2498 3774 Θεὸς,
2523 3705 2832 3778 εὐχαριστῶ
2883 3725 2961 3774 σε,
3025 3703 3260 3761 Βασιλεῦ
3314 3711 3416 3774 τῆς
3469 3701 3652 3776 δόξης,
3708 3704 3831 3778 μόνε

2179 3794 2402 3868 κραταιὶ
2433 3793 2522 3848 καὶ
2549 3792 2794 3862 ἀθάνατε,
2828 3794 2911 3847 ὅτι
2959 3793 3020 3847 οὐ
3079 3789 3333 3870 παρεῖδες
3363 3793 3464 3862 τὴν
3517 3792 3696 3865 δέησίν
3735 3813 3836 3866 μου

2180 3883 2270 3937 καὶ
2313 3887 2422 3936 τῶν
2472 3879 2718 3956 δακρύων
2783 3903 2889 3954 μου
2947 3881 3014 3936 οὐ
3063 3883 3493 3957 παρεσιώπησας
3523 3887 3656 3956 (95),
3713 3879 3839 3936 ἀλλ’

2180 3970 2478 4041 εὐδόκησας
2509 3973 2601 4025 τὸν
2664 3969 2862 4025 δοῦλόν
2921 3991 3016 4025 σου
3069 3975 3262 4027 τοῦτον
3321 3972 3411 4026 καὶ
3466 3971 3672 4043 πατέρα
3731 3991 3833 4045 μου

2177 4069 2276 4131 τῆς
2307 4059 2438 4116 ὁδοῦ
2478 4059 2798 4136 ἐπιστρέψαι
2855 4065 2964 4114 τῶν
3023 4061 3263 4134 ἀνομιῶν
3313 4060 3402 4115 καὶ
3457 4061 3595 4135 πρὸς
3651 4061 3834 4115 ἑαυτὸν

2179 4149 2514 4206 ἐλκύσαιτὸν
2576 4156 2801 4223 σωτῆρα
2856 4153 2964 4203 τῶν
3024 4150 3298 4222 ἀπάντων,
3359 4149 3673 4220 ἀποστήσας
3736 4149 3830 4224 μὶν

2174 4245 2274 4309 τῆς
2306 4241 2520 4309 ἀπάτης
2563 4243 2673 4294 τῶν
2722 4236 2992 4308 εἰδώλων,
3054 4241 3394 4310 καταξιώσας
3452 4237 3510 4295 δὲ
3567 4240 3836 4314 γνωρίσαι

2175 4331 2344 4384 σετὸν
2378 4327 2641 4399 ἀληθινὸν
2675 4328 2803 4382 Θεὸν
2854 4329 2946 4382 καὶ
2992 4325 3406 4406 φιλάνθρωπον.
3467 4329 3563 4383 Καὶ
3623 4333 3747 4398 νῦν,
3798 4328 3842 4384 ὧ

2178 4418 2340 4493 Κύριέ
2398 4439 2502 4491 μου
2541 4417 2633 4472 καὶ
2691 4418 2806 4488 Θεὲ,
2868 4418 2896 4471 ὁ
2955 4417 3360 4493 ἀνεξιχνίαστον
3418 4412 3565 4492 ἔχων
3614 4418 3681 4473 τὸ
3737 4421 3836 4484 τῆς

2177 4507 2520 4582 ἀγαϐότητος
2551 4505 2812 4581 πέλαγος,
2843 4505 3001 4579 τάξον
3041 4508 3203 4561 αὐτὸν
3261 4507 3314 4561 ἐν
3371 4507 3528 4580 τόπῳ
3589 4511 3840 4581 χΛοερῷ,

413 4593 850 4665 splendet,eum
867 4596 1228 4661 colloca;nec
1241 4594 1625 4664 antiquarum
1641 4593 1829 4664 ipsius
1844 4595 2064 4668 iniqui-

2193 4600 2230 4650 ὲν
2280 4595 2438 4667 τόπῳ
2525 4596 2900 4664 ἀναπαύσεως,
2961 4598 3110 4654 325
3165 4594 3303 4650 ὅπου
3350 4596 3414 4651 τὸ
3447 4600 3564 4671 φῶς
3623 4593 3838 4669 λάμπει

404 4687 594 4738 tatum
624 4683 1072 4751 recordare,sed
1102 4701 1207 4755 pro
1249 4682 1475 4755 ingenti
1509 4686 1609 4736 tua
1652 4683 2065 4742 misericordia

403 4777 785 4845 peccatorum
806 4771 991 4845 ipsius
1006 4773 1465 4845 chirographum
1481 4769 1708 4838 dele,ac
1726 4772 2061 4833 debitorum

2172 4689 2270 4741 τοῦ
2293 4684 2591 4760 προσώπου
2621 4703 2740 4738 σοιν
2771 4683 2861 4737 καὶ
2925 4684 3002 4756 μή
3064 4687 3312 4758 μνησθῇς
3359 4683 3607 4757 ἀνομιῶν
3668 4687 3846 4740 αὐτοῦ

2174 4773 2445 4851 ἀρχαίων,
2480 4771 2649 4843 ἀλλὰ,
2681 4773 2820 4827 κατὰ
2857 4771 2920 4828 τὸ
2969 4771 3116 4828 πολὺ
3165 4766 3320 4837 ἔλεός
3372 4793 3493 4842 σου,
3553 4771 3845 4848 ἐξάλειψον

475 4898 588 4969 (91)
622 4900 682 4966 Ο,
708 4898 974 4970 γενέσθαι,
1007 4899 1252 4971 absente
1278 4896 1721 4971 praepositione,
1753 4916 1886 4968 quae
1916 4902 2160 4958 omnino
2189 4901 2529 4958 necessaria
2551 4904 2661 4956 est.
2694 4899 3042 4956 Theodorus
3056 4899 3368 4957 Prodrom.
3392 4902 3640 4956 Tetrast.
3664 4917 3703 4971 p
3745 4903 3843 4969 54,

400 4963 527 5040 pari
560 4963 792 5050 laborat
819 4971 956 5050 vitio
983 4987 998 5050 ξ
1029 4965 1249 5050 Δώδεκα
1278 4963 1471 5050 ῥάϐδοι
1504 4965 1627 5021 ἴσαν
1650 4963 2026 5050 προκείμεναι’
2061 4994 2079 5028 c

2193 4971 2835 5050 ἰπασῶνἊνθοφόρος...
2871 4971 3117 5045 Syllaba
3174 4989 3380 5028 versus
3431 4977 3522 5028 est
3574 4963 3840 5041 brevior,

401 5057 582 5116 quam
605 5042 866 5116 restituit
894 5042 1023 5116 cod.
1051 5044 1212 5116 2_83l,
1235 5041 1543 5116 exhibens
1574 5041 2063 5116 προπροκείμεναι.

613 5114 728 5190 Luc
755 5131 844 5190 xv2
872 5115 940 5190 24
969 5130 982 5167 :
1014 5113 1188 5175 Οὗτος
1225 5110 1253 5165 ὀ
1285 5111 1404 5173 υίός
1438 5131 1542 5182 μου
1572 5110 1760 5188 νεκρὸς
1787 5110 2000 5186 ἧν,’καὶ
2029 5116 2279 5187 ἀνέζησε⁴
2313 5114 2404 5170 καὶ
2434 5113 2749 5177 ἀπολωλὼς
2777 5115 2867 5184 ἦν,
2899 5113 2990 5168 καὶ
3017 5113 3236 5190 εὑρέθη.

466 5186 578 5253 (93)
609 5186 670 5251 (ὲ,
703 5182 999 5239 ἀποδώσω.

463 5249 578 5326 (94)
610 5249 850 5332 Lemma
870 5257 1185 5312 metricum
1216 5256 1277 5312 in
1313 5259 1356 5312 Α
1390 5271 1402 5309 :
1435 5255 1676 5332 Ἐντᾳῦθ’
1707 5249 1980 5332 ᾊϐεννὴρ
2012 5257 2079 5328 ὲξέ

2193 5279 2349 5323 ιυσεν,
2383 5256 2458 5320 ὡς
2492 5257 2644 5332 ὁρᾷς.
2679 5259 3037 5332 Properans
3069 5257 3232 5332 malo
3292 5263 3544 5332 accentu
3598 5258 3659 5332 in
3713 5260 3839 5332 ﬁne

390 5343 535 5402 usus
568 5332 658 5382 est
685 5329 998 5402 glossator,
1025 5344 1425 5402 synonymum
1456 5326 1700 5402 verbum
1726 5326 1990 5399 legitimo
2022 5326 2418 5396 substituens,
2441 5326 2602 5401 quod
2628 5326 2883 5402 scepelit.
2902 5329 3215 5402 Cogitabat
3233 5331 3394 5385 enim
3413 5330 3485 5386 de
3515 5330 3839 5386 scribendo

394 5395 638 5474 βλέπεις,
672 5395 730 5454 ἐι
759 5399 890 5474 ὁρᾷς
924 5395 1180 5474 scripsit.
1208 5395 1575 5474 Eodemfuit
1597 5395 1913 5474 corruptus
1945 5403 2122 5474 modo
2151 5403 2256 5457 Th.
2292 5395 2665 5474 Prodromgus
2689 5395 2936 5474 Tetrast.
3051 5401 3248 5474 54,7de
3285 5407 3560 5473 serpente
3621 5418 3835 5474 aeneo:

387 5463 488 5520 Τὸν
517 5463 976 5542 προτιοσσόμενοι
1005 5463 1348 5545 ὐῷεώδηκτοι
1383 5463 1630 5540 Ἑϐραῖοι
1661 5463 1792 5544 Φύγ’
1822 5490 1945 5524 ανον
1979 5472 2039 5528 ἔκ
2067 5474 2395 5544 κακότητος,
2415 5473 2551 5541 ζωὸν
2575 5469 2755 5548 δ’ὅφιν
2786 5463 3216 5545 ὥλλυίνεκρίός.
3253 5463 3474 5529 Versus
3507 5473 3836 5541 secundus,

391 5539 491 5598 qui
523 5557 642 5594 non
675 5549 874 5598 potest
905 5543 1132 5598 scandi.
1167 5543 1487 5598 scandetur
1519 5541 1566 5596 si
1599 5537 1660 5594 ἐκ
1691 5490 1919 5598 θανάτου
1954 5546 2252 5598 scribatur
2283 5564 2314 5598 e
2344 5545 2475 5598 cod.
2500 5546 2658 5598 283i.
2695 5545 2915 5598 Sensus
2964 5545 3324 5598 allegoricus
3375 5544 3609 5598 librarii
3641 5545 3836 5598 menti

391 5539 491 5612 qui
523 5537 642 5594 non
675 5537 874 5612 potest
905 5537 1132 5611 scandi,
1167 5537 1492 5598 soandetur'
1519 5541 1566 5596 si
1599 5537 1660 5594 ἐκ
1691 5537 1784 5603 θαι

393 5609 836 5685 observabatur,
867 5609 1198 5685 manusque
1230 5613 1315 5668 sic
1337 5612 1654 5685 aberravit.

460 5683 576 5754 (95)
598 5683 664 5738 In
689 5684 803 5740 hoc
832 5700 946 5740 usu
975 5683 1138 5740 verbi
1159 5687 1521 5758 παρασιωπᾶν
1556 5683 1723 5741 color
1751 5691 1844 5743 est
1871 5685 2148 5746 biblicus.

1820 5561 1919 5596 του
1954 5546 2252 5602 scribatur
2283 5564 2314 5602 e
2344 5545 2475 5602 cod.
2500 5544 2915 5601 2831.’Ξθῐιειιε
2964 5544 3324 5618 allegoricus
3375 5544 3609 5600 librarii
3641 5545 3838 5602 menti
