4112 6370
300 401 444 459 1197

1504 400 1677 454 VITA
1711 390 2065 450 BABLAAM
2100 391 2195 445 ΕΤ
2227 390 2571 451 δοΑεΔΡΗ.

3594 397 3739 455 1198

296 529 361 583 τὸ
415 523 787 601 χειρόγραφον
839 524 947 595 (96)
994 525 1101 577 τῶν
1156 522 1323 577 αὐτοῦ
1367 520 1746 594 πταισμάτων,
1774 517 1865 574 καὶ
1894 516 1962 573 τὰ

2088 516 2262 587 ipsius
2292 518 2525 574 chartas
2555 534 2865 590 concerpe,
2910 523 3266 592 sanctosque
3300 525 3453 590 tuos,
3487 540 3634 594 quos
3666 530 3727 581 et

298 618 658 692 γραμματεῖα
718 611 1009 688 διάῤῥηξον
1065 617 1174 667 τῶν
1234 612 1399 667 αὑτοῦ
1458 609 1821 689 ὀφλημάτων,
1870 608 1960 663 καὶ

297 705 429 767 τοὺς
464 702 658 779 ἁγίους
706 723 803 757 σου
861 700 1199 773 κατάλλαξον
1260 701 1405 773 αὖτῷ
1463 700 1553 763 οὕς
1599 700 1730 774 πυρί
1772 720 1831 755 τε
1871 696 1962 753 καὶ

300 796 443 868 ξίφει
476 794 709 849 ἀνεῖλεν⁶
754 790 1000 859 ἐπίταξον
1052 789 1249 851 αὐτοὺς
1304 792 1377 863 μή
1423 790 1542 845 κατ’
1587 790 1754 843 αὐτοῦ
1804 785 1964 863 ὀργί-

300 892 505 956 ζεσθαι.
540 884 721 937 Πάντα
764 881 869 955 γὰρ
920 877 1118 934 δυνατά
1168 902 1257 934 σοι
1312 886 1391 952 τῷ
1442 880 1656 952 πάντων
1702 878 1963 950 Δεσπότῃ,

295 973 429 1030 ἀλλ’
471 972 506 1041 ἢ
544 972 708 1046 μόνον
763 971 826 1025 τὸ
891 970 966 1040 μὴ
1027 968 1197 1024 ἐλεεῖν
1257 968 1386 1033 τοὺς
1438 971 1513 1042 μή
1548 968 1968 1046 ἐπιστρέφοντας

296 1065 439 1138 πρὸς
472 1064 551 1117 σέ·
584 1066 749 1116 τοῦτο
801 1058 1089 1114 ἀδύνατον.
1139 1059 1210 1113 Τὸ
1252 1060 1351 1135 γὰρ
1407 1055 1559 1122 ἔλεὸς
1608 1080 1703 1113 σου
1736 1056 1965 1133 ἐκκέχυ-

300 1174 402 1208 ταο
435 1153 522 1207 ἐπὶ
552 1151 779 1217 πάντας,
830 1148 919 1203 καὶ
974 1148 1169 1216 σώζεις
1214 1146 1342 1209 τοὺς
1388 1146 1855 1219 ἐπικαλουμένους
1884 1167 1964 1215 σε,

304 1241 476 1315 Κύριε
538 1241 718 1309 Ἰησοῦ
776 1236 996 1313 Χριστε,
1052 1236 1137 1290 ’ὁτι
1195 1237 1389 1310 πρέπει
1437 1255 1528 1289 σοι
1578 1233 1705 1307 δόξα
1732 1234 1805 1297 εἰς
1834 1234 1965 1295 τοὺς

303 1329 531 1390 αίῶνας.
568 1329 769 1400 Ἀμήν.

374 1416 638 1479 Τοιαύτας
668 1415 837 1490 εὐχάς
892 1414 983 1469 καὶ
1044 1412 1255 1484 δεήσεις
1313 1415 1613 1488 προσέφερε
1656 1412 1736 1485 τῷ
1765 1418 1884 1485 Θεῷ
1912 1411 1965 1468 έν

305 1509 467 1571 ὅλαις
495 1508 630 1563 ἔπτὰ
654 1505 912 1580 ἡμέραις,
951 1503 1221 1576 μηδόλως
1253 1508 1350 1559 τοῦ
1383 1506 1671 1577 μνήματος
1701 1502 1967 1571 ἀποστὰς,

316 1600 395 1671 μὴ
453 1597 709 1673 βρώσεως
768 1597 803 1664 ἢ
859 1594 1072 1657 πόσεως
1125 1594 1445 1667 τοπαράπαν
1513 1594 1772 1667 μνησθεὶς
1832 1594 1967 1665 (9'7),

320 1689 458 1762 μήτε
511 1688 615 1759 μῆν
661 1686 1013 1745 ἀναπαύσεως
1066 1682 1239 1738 ὕπνου
1302 1686 1611 1757 μετασχών·
1673 1682 1819 1738 ἀλλᾶ
1876 1679 1969 1737 δά-

318 1797 472 1851 κρυσι
510 1776 605 1847 μὶν
635 1775 697 1829 τὸ
749 1772 947 1851 ἔδαφος
1005 1768 1222 1849 ἔϐρεχε,
1283 1777 1604 1846 στεναγμοῖς
1661 1771 1717 1827 δὲ
1770 1773 1968 1846 ἀσιγή-

2071 608 2207 679 igne
2238 614 2298 664 et
2322 610 2513 679 gladio
2546 612 2618 665 de
2642 611 2837 666 medio
2862 612 3292 681 sustulit(Psal.
3314 616 3569 686 Lxxvm),
3595 632 3734 672 cum

2074 702 2203 768 ipsa
2232 700 2292 753 in
2324 702 2574 771 gratiam
2604 701 2806 767 reduc,
2836 701 3063 772 eisque,
3096 718 3171 756 ne
3221 703 3333 773 ipsi
3369 703 3646 760 infensos
3677 712 3738 761 et

2075 794 2258 851 iratos
2307 806 2435 844 sese
2484 791 2789 861 praabeant
2831 791 3078 862 impera.
3124 793 3337 847 Omnia
3366 795 3587 866 quippe
3620 796 3727 850 tibi

2076 878 2345 933 omnium
2378 880 2628 935 Domino
2658 880 2965 951 possibilia
2989 886 3147 949 sunt,
3181 882 3293 936 hoc
3317 899 3433 937 uno
3458 890 3727 955 excepto,

2078 967 2234 1037 quod
2259 968 2403 1038 quin
2437 975 2491 1023 te
2523 985 2729 1024 eorum
2756 970 2855 1039 qui
2887 985 3016 1025 sese
3048 969 3120 1024 ad
3153 974 3208 1024 te
3240 977 3597 1027 convertunt
3622 973 3731 1027 mi-

2078 1062 2292 1123 sereat,
2325 1058 2518 1112 facere
2550 1074 2671 1112 non
2696 1064 2881 1128 potes.
2912 1058 3315 1115 Misericordia
3346 1061 3506 1116 enim
3540 1068 3644 1119 tua
3671 1063 3735 1119 in

2078 1162 2286 1201 omnes
2316 1146 2533 1202 diffusa
2565 1152 2676 1209 est,
2725 1152 2903 1217 atque
2950 1148 3024 1201 iis
3074 1164 3108 1202 a
3157 1148 3371 1218 quibus
3411 1150 3729 1219 invocaris,

2081 1235 2334 1290 salutem
2366 1237 2564 1306 affers,
2597 1236 2846 1291 Domine
2870 1237 3008 1291 Jesu
3030 1236 3281 1305 Christe,
3315 1240 3599 1309 quoniam
3629 1240 3734 1296 de-

2079 1329 2173 1378 cet
2201 1328 2257 1379 te
2284 1325 2470 1395 gloria
2495 1326 2557 1379 in
2582 1324 2821 1379 saecula.
2857 1326 3067 1380 Amen.

2153 1414 2503 1484 Hujusmodi
2562 1430 2769 1485 preces
2819 1419 2877 1469 et
2928 1414 3228 1469 orationes
3277 1416 3394 1469 Deo
3426 1417 3732 1487 offerebat,

2081 1508 2306 1573 septem
2337 1502 2462 1558 dies
2493 1519 2527 1558 a
2549 1504 2821 1574 sepulcro
2850 1503 3094 1558 omnino
3127 1519 3247 1558 non
3273 1502 3728 1572 discedens,nec

2081 1592 2195 1647 cibi
2250 1592 2573 1663 quidquam
2622 1597 2724 1647 aut
2770 1597 2944 1663 potus
2993 1592 3337 1657 admittens,
3370 1610 3482 1648 uec
3525 1611 3732 1651 rursus

2081 1698 2290 1736 somno
2319 1698 2533 1752 corpus
2564 1698 2864 1746 recreans,
2896 1698 3099 1736 verum
3132 1687 3191 1736 et
3224 1682 3505 1753 lacrymis
3538 1684 3733 1740 solum

2080 1771 2279 1843 rigans
2311 1772 2481 1835 (Psal.
2515 1772 2683 1841 cxu),
2704 1776 2761 1825 et
2791 1787 2925 1826 cum
2958 1770 3216 1826 luctibus
3241 1788 3482 1827 omnem
3516 1774 3733 1828 oratio-

318 1886 433 1926 τοις
462 1864 771 1939 εὐχόμενος
803 1861 1055 1918 διετέλει.
1089 1867 1166 1935 Τῇ
1202 1860 1368 1937 ὀγδόῃ
1396 1860 1453 1916 δῖε
1493 1862 1569 1924 εἰς
1609 1864 1671 1917 τὸ
1701 1861 1967 1917 παλάτιον

2088 1870 2172 1924 nis
2202 1869 2545 1924 facultatem
2589 1869 3010 1940 superantibus
3040 1870 3102 1923 in
3134 1870 3403 1925 oratione
3435 1876 3730 1942 perstans.

319 1952 653 2023 ἐπανελθὼν,
705 1955 874 2007 πάντα
925 1952 1016 2007 τὸν
1076 1950 1315 2006 πλοῦτον
1348 1952 1434 2006 καὶ
1466 1952 1533 2006 τὰ
1562 1954 1823 2027 χρήματα
1853 1957 1970 2014 τοῖς

316 2044 513 2113 πένησι
564 2040 853 2113 διένειμεν,
911 2042 985 2103 ὡς
1050 2040 1243 2113 μηκέτι
1280 2039 1680 2117 ὑπολειφθῆναί
1714 2062 1832 2095 τινα
1860 2045 1968 2095 τῶν

314 2132 509 2206 χρείαν
544 2132 812 2207 ἑχόντων.

384 2225 556 2279 ΚΕΦ.
593 2221 705 2289 Λζ’,
762 2222 849 2276 Ἐν
904 2218 1121 2294 ὀλίγαις
1171 2216 1229 2273 δὲ
1276 2220 1511 2294 ἡμέραις
1554 2221 1655 2288 τὴν
1708 2218 1967 2288 τοιαύτην

303 2310 534 2372 τελέσας
567 2307 843 2364 διακονίαν
889 2309 978 2363 καὶ
1030 2308 1231 2373 πάντας
1276 2309 1405 2371 τοὺς
1453 2308 1757 2383 θησαυροὺς
1806 2329 1973 2363 κατα-

307 2399 573 2467 κενώσας,
626 2398 781 2458 ὃπως
844 2395 1107 2469 μέλλοντι
1165 2398 1263 2465 τὴν
1334 2398 1524 2465 πετήν
1580 2397 1797 2451 εἰσιέναι
1856 2396 1969 2451 πύ-

310 2487 419 2558 λην
450 2490 562 2560 (98)
626 2483 799 2558 μηδὲν
850 2486 998 2557 αὑτῷ
1055 2483 1400 2558 έμποδίσειεν
1435 2487 1462 2539 6
1492 2489 1599 2539 τῶν
1661 2490 1967 2559 χρημάτων

310 2574 482 2651 ὄγκος
531 2580 665 2649 (99),
719 2578 787 2649 τῇ
834 2578 1239 2649 τεσσαρακοστῇ
1289 2575 1471 2650 ἡμέρᾳ
1498 2582 1601 2643 τῆς
1638 2580 1736 2629 τοῦ
1763 2576 1969 2649 πατρὸς

308 2666 593 2734 τελευτῆς,
662 2666 889 2737 μνήμην
964 2662 1111 2735 αὐτῷ
1180 2662 1378 2733 τελῶν,
1454 2661 1714 2738 συγκαλεῖ
1769 2662 1971 2728 πάντας

308 2756 439 2818 τοὺς
487 2754 539 2810 έν
572 2754 717 2811 τέλει
748 2754 839 2809 καὶ
897 2753 1024 2816 τοὺς
1080 2755 1444 2829 στρατιωτικᾶ
1499 2755 1968 2829 περιεζωσμένους

312 2843 406 2900 καὶ
462 2848 560 2899 τοῦ
615 2844 914 2899 πολιτικοῦ
974 2842 1111 2898 λαοῦ
1169 2843 1270 2898 οὐκ
1346 2846 1500 2901 826
1560 2844 1805 2919 ὀλίγους.
1867 2842 1967 2899 Καὶ

313 2933 667 3008 προκαθίσας,
725 2933 800 2997 ὡς
854 2931 997 3001 ἔθος,
1070 2932 1232 3008 φησὶν
1296 2931 1371 2993 εἷς
1431 2930 1673 3002 ἐπήκοον
1730 2934 1968 2987 πάντων·

316 3021 482 3090 Ἰδοὺ,
530 3022 710 3085 καθὼς
766 3023 951 3097 ὁρᾶτε,
999 3016 1278 3091 Ἀϐηννὴρ
1328 3023 1509 3094 πατήρ
1560 3042 1664 3093 μου
1694 3023 1781 3075 καὶ
1820 3022 1973 3096 βασι-

313 3108 440 3173 λεὺς
467 3109 722 3180 τέθνηκεν
774 3111 847 3171 ὡς
893 3113 972 3172 εἷς
1019 3114 1126 3164 τῶν
1178 3111 1452 3180 πενήτῶν,
1501 3109 1591 3164 καὶ
1641 3107 1795 3164 οὐδὲν
1828 3109 1974 3181 αὐτῷ

311 3197 439 3255 οὔτε
468 3201 494 3255 6
526 3201 767 3261 πλοῦτος
807 3198 930 3254 οὔτε
960 3201 995 3268 ἡ
1032 3198 1291 3275 βασιλική
1348 3198 1497 3272 δόξα,
1548 3196 1671 3254 οὔτε
1724 3201 1830 3272 μὴν
1863 3198 1973 3273 ἐγὼ

315 3291 345 3345 6
374 3287 701 3367 φιλοπάτωρ
733 3290 873 3355 υἱὸς,
907 3290 1034 3344 οὑτε
1083 3310 1168 3351 τις
1215 3293 1323 3343 τῶν
1356 3287 1567 3343 λοιπῶν
1600 3289 1765 3344 αὐτοῦ
1796 3289 1970 3367 φίλων

311 3379 403 3433 καὶ
435 3382 733 3454 συγγενῶν,
788 3379 1060 3453 βοηθῆσαι
1108 3376 1327 3453 ἴσχυσεν
1376 3378 1524 3451 αὐτῷ
1552 3380 1641 3434 καὶ
1670 3386 1771 3449 τῆς
1799 3380 1976 3454 ἀπαρ-

314 3470 547 3537 αιτήτου
602 3470 793 3542 ψήφου
875 3467 1172 3538 ἐξελέσθαι.
1236 3465 1393 3523 Ἀλλ’
1471 3467 1663 3542 ὑπάγει
1723 3470 1860 3543 πρὸς
1912 3469 1979 3522 τὰ

324 3557 527 3621 ἐκεῖθέν
588 3555 969 3633 δικαιωτήρια.
1034 3556 1203 3632 λόγον
1265 3556 1468 3634 ὑφέξων
1523 3563 1621 3626 τῆς
1699 3556 1980 3621 πολιτείας

329 3650 429 3701 τοῦ
460 3646 724 3719 παρόντος
788 3646 934 3722 βίου,
994 3643 1200 3719 μηδένα
1254 3651 1361 3701 τῶν
1420 3647 1668 3701 ἁπάντων
1723 3648 1977 3723 συνεργὸν

329 3733 692 3809 ἐπαγόμενος,
752 3735 881 3791 ἀλλ’
954 3736 990 3804 ἢ
1071 3734 1211 3809 μόνα
1282 3738 1348 3789 τά
1421 3735 1567 3807 αὐτῷ
1623 3736 1981 3809 πεπραγμένα

322 3825 494 3881 ὁποῖα
523 3823 583 3879 ἂν
701 3827 777 3883 Τὸ
810 3826 942 3881 αὐτὸ
992 3822 1050 3879 δὲ
1094 3829 1257 3880 τοῦτο
1296 3826 1387 3879 καὶ
1418 3831 1549 3879 πᾶσι
1577 3830 1693 3886 τοῖς
1716 3826 1815 3894 τήν
1852 3824 1976 3898 βρό-

316 3935 465 3969 τειον
524 3912 763 3989 λαχοῦσι
823 3913 980 3991 φύσιν
1042 3911 1357 3987 συμϐαίνειν
1407 3917 1633 3989 πέφυκε,
1662 3915 1751 3970 καὶ
1793 3912 1982 3977 ἄλλως

322 4003 426 4058 οὐκ
454 3998 589 4058 ἔστι.
624 4007 735 4059 Νὖν
770 4000 862 4057 οὖν
912 4003 1175 4058 ἀκούσατέ
1229 4025 1354 4077 μου,
1407 4004 1557 4080 φίλοι
1606 4005 1692 4058 καὶ
1730 4001 1978 4080 ἀδελφοὶ,

321 4091 457 4157 λαὸς
488 4092 687 4166 Κυρίου
717 4092 807 4147 καὶ
834 4091 1043 4167 κλῆρος
1085 4093 1256 4167 ἆγιος,
1303 4091 1400 4154 οὕς
1428 4093 1720 4167 έξηγόρασε
1749 4094 1978 4167 Χριστὸς

322 4182 352 4236 6
385 4182 519 4243 Θεὸς
545 4184 707 4255 ἡμῶν
739 4186 820 4255 τῷ
870 4182 1042 4255 τιμίῳ
1102 4183 1267 4237 αὐτοῦ
1326 4180 1517 4255 αἵματι
1571 4183 1660 4237 καί
1719 4182 1979 4258 έρῥὺσατο

320 4277 423 4339 τῆς
454 4270 692 4334 παλαιᾶς
721 4271 937 4341 πλάνης
992 4273 1080 4326 καὶ
1143 4271 1394 4336 δουλείας
1440 4275 1537 4327 τοῦ
1585 4273 1978 4345 ἀντικειμένου.

329 4358 498 4415 Αὐτοὶ
531 4356 713 4413 οἴδατε
737 4360 837 4427 τήν
888 4359 940 4415 έν
992 4362 1118 4435 ὑμῖν
1172 4362 1533 4439 ἀναστροφήν,
1570 4382 1696 4434 μου,
1729 4363 1804 4423 ὡς
1836 4360 1982 4432 ἐξότε

330 4448 425 4503 τὸν
454 4449 689 4523 Χριστὸν
722 4443 886 4519 ἔγνων
936 4450 1026 4505 καὶ
1077 4448 1275 4513 δοῦλος
1325 4449 1490 4505 αὐτοῦ
1542 4452 1785 4523 ἠξιώθην
1833 4453 1979 4527 γενέ-

331 4538 479 4605 σθαι,
538 4536 712 4593 πάντα
772 4541 1026 4611 μισήσας,
1087 4540 1249 4594 αὐτὸν
1310 4538 1621 4609 έπεπόθησα
1673 4535 1858 4611 μόνον,
1890 4540 1979 4595 καὶ

2080 1959 2291 2014 Octavo
2307 1963 2502 2013 autem
2519 1958 2778 2029 denique
2798 1957 2892 2011 die
2909 1958 2971 2012 in
2990 1957 3276 2029 palatium
3292 1975 3733 2031 reversus,opes

2079 2064 2286 2101 omnes
2317 2064 2385 2102 ac
2408 2048 2690 2119 pecunias
2723 2047 3083 2118 pauperibus
3115 2046 3455 2114 distribuit;
3492 2048 3638 2103 adeo
3669 2053 3735 2103 ut

2078 2137 2280 2191 nullus
2286 2137 2414 2207 jam
2429 2137 2529 2207 qui
2546 2152 2743 2191 rerum
2758 2135 2961 2207 inopia
2972 2140 3729 2207 premeretur,superesset.

2149 2228 2281 2281 CAP.
2315 2225 2560 2279 XXXVI.
2592 2256 2656 2266 —
2688 2224 3018 2295 Paucisque
3059 2224 3268 2279 diebus
3299 2226 3360 2279 in
3388 2226 3730 2297 hujusmodi

2079 2314 2414 2369 ministerio
2447 2314 2687 2381 exactis,
2720 2330 2928 2368 omnes
2970 2313 3279 2368 thesauros
3328 2314 3639 2369 exhausit:
3673 2313 3734 2369 id

2077 2404 2355 2459 videlicet
2386 2419 2588 2475 agens,
2621 2419 2694 2457 ne
2745 2408 3057 2475 angustam
3088 2407 3319 2473 portam
3351 2403 3600 2458 introire
3626 2419 3735 2475 pa-

2077 2493 2234 2548 ranti
2267 2493 2657 2563 pecuniarum
2708 2492 2900 2547 moles
2950 2491 3450 2563 impedimentum
3474 2494 3731 2547 afferret.

2077 2585 2151 2637 At
2180 2598 2315 2636 vero
2348 2581 2804 2653 quadragesimo
2855 2597 2889 2635 a
2936 2581 3167 2651 paterni
3218 2580 3414 2635 obitus
3466 2581 3563 2635 die
3611 2597 3739 2637 me-

2078 2672 2331 2726 moriam
2382 2671 2570 2742 ipsius
2625 2670 2957 2736 celebrans,
3020 2670 3400 2742 magistratus
3428 2686 3637 2725 omnes
3668 2687 3738 2726 ac

2076 2760 2348 2815 militatis
2397 2758 2605 2814 classis
2656 2764 2713 2812 et
2768 2758 2989 2829 plebeii
3049 2759 3277 2813 ordinis
3323 2758 3483 2813 haud
3512 2775 3736 2829 paucos

2076 2855 2392 2914 convocat;
2421 2853 2599 2920 atque
2649 2848 2711 2901 in
2764 2848 2923 2920 regio
2968 2848 3180 2903 throno
3235 2848 3471 2915 sedens,
3506 2848 3735 2904 cunctis

2076 2938 2455 2993 audientibus
2487 2938 2642 2992 hanc
2664 2938 2995 2991 orationem
3020 2937 3257 2992 habuit:
3282 2940 3462 3003 En,ut
3483 2938 3595 3008 ipsi
3616 2955 3738 2993 cer-

2074 3026 2526 3093 nitis,Abenner
2545 3043 2649 3080 rex
2671 3043 2737 3081 ac
2754 3031 2922 3096 pater
2939 3025 3296 3093 meus,haud
3322 3042 3498 3081 secus
3517 3042 3583 3081 ac
3600 3042 3739 3097 pau-

2076 3133 2285 3189 perum
2305 3115 2495 3187 quivis
2514 3120 2767 3170 mortem
2788 3114 3041 3169 obiit.Ac
3056 3131 3165 3169 nec
3190 3114 3548 3181 divitia),nec
3572 3132 3738 3185 opes,

2084 3224 2194 3261 nec
2210 3206 2373 3278 regia
2389 3206 2713 3278 gloria,nec
2725 3222 2963 3259 rursum
2979 3220 3083 3276 ego
3097 3204 3282 3275 patris
3296 3205 3741 3260 amantissimus

2088 3295 2269 3363 filius,
2286 3312 2399 3350 nec
2420 3294 2790 3366 reliquorum
2814 3294 3002 3365 ipsius
3030 3294 3359 3349 amicorum
3386 3311 3453 3349 ac
3476 3299 3749 3367 cognato-

2086 3401 2219 3439 rum
2240 3384 2557 3455 quisquam
2584 3401 2755 3455 opem
2780 3383 2891 3454 ipsi
2916 3388 2973 3438 et
2994 3382 3283 3438 auxilium
3314 3384 3743 3455 aﬂ‘erre,atque

2088 3474 2160 3528 ab
2174 3471 2500 3528 inevitabili
2517 3472 2815 3527 sententia
2828 3472 3025 3544 ipsum
3042 3472 3300 3525 eximere
3315 3473 3739 3542 potuit;verum

2090 3560 2161 3616 ad
2182 3561 2329 3615 illud
2348 3560 2701 3625 tribunal,ut
2717 3560 3027 3631 praesentis
3046 3560 3175 3613 vitm
3193 3560 3485 3615 rationem
3506 3560 3739 3631 reddat,

2090 3653 2507 3725 proﬁciscitur,
2528 3652 2833 3705 neminem
2860 3651 3107 3705 omnino
3132 3650 3231 3721 qui
3267 3650 3378 3721 ipsi
3413 3650 3742 3721 opituletur

2090 3758 2292 3796 secum
2328 3741 2573 3806 ducens,
2609 3741 2681 3794 iis
2713 3740 3002 3794 duntaxat
3053 3740 3312 3810 exceptis
3343 3739 3743 3811 (qumcunque

2090 3832 2331 3886 tandem
2364 3830 2466 3884 illa
2495 3830 2737 3898 fuerint)
2767 3846 2898 3899 qua:
2925 3829 2997 3883 ab
3031 3845 3098 3883 eo
3123 3834 3288 3901 gesta
3314 3834 3472 3885 sunt.
3498 3831 3618 3884 Hoc
3641 3845 3745 3885 au-

2092 3925 2207 3975 tem
2231 3920 2427 3991 ipsum
2453 3935 2686 3989 quoque
2709 3918 2986 3974 omnibus
3009 3918 3109 3989 qui
3137 3918 3449 3973 mortalem
3469 3923 3745 3973 naturam

2092 4008 2247 4064 nacti
2267 4013 2405 4063 sunt
2422 4008 2761 4079 contingere
2780 4012 2993 4062 natura
3006 4012 3415 4078 comparatum
3431 4012 3743 4077 est,neque

2091 4100 2262 4153 aliter
2287 4098 2411 4151 fieri
2445 4102 2657 4167 potest.
2692 4098 2857 4151 Nunc
2888 4096 3065 4167 igitur
3096 4095 3293 4151 audite
3325 4112 3440 4163 me,
3474 4112 3506 4150 o
3534 4095 3641 4150 ﬁlii
3674 4112 3742 4152 ac

2090 4188 2321 4255 fratres,
2352 4187 2523 4259 plebs
2562 4186 2817 4253 Domini,
2860 4191 2918 4241 et
2968 4191 3173 4241 sancta
3220 4186 3558 4251 hmreditas,
3593 4202 3743 4257 quos

2091 4278 2357 4332 Christus
2371 4278 2524 4331 Deus
2538 4282 2741 4330 noster
2752 4276 3011 4347 pretioso
3034 4276 3321 4347 sanguine
3343 4292 3449 4330 suo
3468 4275 3743 4343 redemit;

2091 4372 2267 4437 atque
2288 4382 2322 4421 a
2344 4365 2523 4419 veteri
2548 4380 2747 4420 errore
2764 4363 3153 4419 etadversarii
3176 4364 3459 4418 servitute
3481 4364 3542 4418 in
3566 4363 3748 4419 liber-

2092 4461 2274 4510 tatem
2294 4453 2629 4509 vindicavit.
2657 4454 2768 4507 Vos
2790 4469 2985 4507 meam
3008 4453 3164 4507 inter
3180 4469 3280 4507 vos
3296 4453 3431 4507 vita;
3453 4453 3753 4509 rationem

2102 4545 2290 4599 nostis
2320 4561 2331 4597 :
2360 4560 2574 4614 nempe
2604 4541 2759 4613 quod
2784 4558 2855 4596 ex
2877 4559 2993 4613 quo
3022 4546 3287 4612 tempore
3312 4541 3529 4596 Christi
3553 4541 3760 4615 cogni-

326 4626 493 4683 τοῦτό
556 4648 649 4699 μοι
709 4629 776 4697 ἧν
832 4628 1196 4701 καταθύμιον,
1254 4636 1355 4698 τῆς
1417 4628 1589 4698 ζάλης
1617 4632 1713 4682 τοῦ
1750 4629 1969 4704 βίουκα

2106 4634 2329 4689 tionem
2343 4637 2696 4688 consecutus
2711 4632 3033 4702 divinoque
3048 4631 3339 4685 beneﬁcio
3353 4631 3541 4702 ipsius
3556 4647 3757 4687 servus

328 4716 578 4791 ματαίας·
637 4712 848 4791 τύρϐης
928 4716 1311 4788 ὑπεξελθόντα,
1394 4718 1559 4790 μόνον
1641 4719 1793 4791 μόνῳ
1845 4720 1995 4791 αὐτῷ

324 4811 565 4861 συνεῖναι
598 4806 689 4860 καὶ
720 4805 773 4861 έν
808 4808 1073 4883 ἀταράχῳ
1102 4806 1317 4881 γαλήνῃ
1373 4810 1558 4883 ψυχῆς
1599 4804 1886 4863 δουλεῦσαι
1916 4812 1994 4881 τῷ

323 4895 445 4966 Θεῷ
482 4916 586 4969 μου
617 4896 711 4949 καὶ
761 4893 1013 4970 δεσπότῃ.
1064 4894 1247 4951 Ἀλλὰ
1298 4916 1364 4969 με
1410 4896 1667 4971 κατέσχεν
1702 4899 1735 4966 ἡ
1762 4901 1858 4952 τοῦ
1888 4918 1992 4951 πα-

321 4984 459 5057 τρός
495 5006 600 5057 μου
631 4980 897 5053 ἔνστασις,
959 4985 1051 5039 κάὶ
1112 4983 1308 5054 έντολή
1358 4987 1392 5053 ἠ
1443 4990 1607 5058 τιμᾷν
1633 4985 1761 5047 τοὺς
1792 4988 1991 5063 γεννή-

322 5092 496 5148 τορας
526 5073 825 5129 κελεύουσα
876 5081 974 5145 (1).
1026 5076 1208 5145 ”ΟΘεν,
1269 5079 1403 5130 Θεοῦ
1459 5078 1646 5149 χάριτι
1676 5074 1767 5131 καὶ
1802 5096 1991 5147 συνερ-

324 5164 471 5237 γείᾳ,
535 5162 635 5218 οὐκ
677 5163 753 5226 εἰς
801 5164 977 5238 μάτην
1036 5164 1315 5232 ἐκοπίασα,
1378 5161 1495 5218 οὐδ’
1556 5163 1633 5228 εἷς
1688 5164 1840 5219 κενὸν
1897 5166 1993 5227 τὰς

322 5252 588 5315 τοιαύτας
645 5254 901 5310 ἀνάλωσα
944 5254 1177 5330 ¹ἡμέρας·
1230 5250 1357 5309 ἀλλ’
1412 5252 1611 5309 ἐκεῖνόν
1654 5273 1712 5307 τε
1741 5252 1994 5327 ᾠκείωσα

403 5435 518 5503 (96)
550 5434 635 5490 Cf.
666 5452 725 5506 p.
758 5436 849 5503 88,
883 5453 943 5492 n.
981 5440 1070 5493 72.

405 5509 516 5573 (97)
554 5506 638 5575 Cf,
662 5525 720 5578 p.
760 5511 882 5574 104,
918 5526 977 5564 n.
1012 5511 1100 5564 36.

402 5577 520 5652 (9§)
554 5577 720 5652 (Ioni.
755 5598 813 5652 p.
849 5584 971 5648 129,
1003 5596 1066 5635 n.
1102 5581 1155 5649 3,

406 5648 534 5724 (99);
549 5650 721 5724 iConl'.
755 5648 814 5724 ᾗ).
852 5654 976 5721 128,

2105 4725 2349 4778 effectus
2372 4721 2813 4789 sum,omnibus
2835 4721 2969 4776 aliis
2992 4720 3170 4775 rebus
3198 4721 3555 4791 contemptis
3578 4727 3755 4790 atque

2102 4812 2237 4865 odio
2260 4810 2501 4878 habitis,
2528 4810 2716 4881 ipsius
2748 4809 3035 4864 duntaxat
3052 4808 3375 4880 cupiditate
3397 4806 3757 4879 tlagravi,id-

2104 4916 2219 4971 que
2250 4916 2438 4954 unum
2464 4899 2611 4953 mihi
2638 4898 2699 4953 in
2725 4899 2874 4953 votis
2912 4898 3047 4965 fuit,
3071 4903 3134 4952 ut
3160 4915 3229 4953 ex
3256 4898 3435 4969 hujus
3458 4896 3586 4951 vitae
3610 4901 3758 4950 tem-

2102 4994 2537 5061 pestate,atque
2558 4988 2723 5043 inani
2740 4988 3188 5059 perturbatione
3206 5003 3274 5041 ac
3288 4986 3545 5040 tumultu
3568 5000 3762 5056 egres-

2102 5094 2226 5145 sus,
2250 5078 2411 5133 solus
2442 5094 2577 5133 cum
2610 5078 2739 5147 ipso
2771 5076 2899 5131 solo
2931 5075 3427 5131 consuetudinem
3450 5073 3759 5141 haberem,

2102 5172 2277 5237 atque
2302 5167 2361 5221 in
2377 5183 2612 5221 summa
2624 5167 2809 5221 animi
2827 5164 3257 5235 tranquillitate
3276 5164 3392 5218 Deo
3407 5180 3540 5217 meo
3562 5178 3630 5217 ac
3650 5162 3761 5217 Do-

2101 5258 2263 5313 mino
2288 5257 2815 5313 servirem.Verum
2832 5271 2927 5311 me
2940 5254 3125 5325 patris
3142 5254 3260 5309 mei
3279 5254 3341 5309 in
3355 5252 3653 5309 diversum
3670 5251 3762 5308 ni-

405 5721 486 5793 (1)
519 5722 700 5779 Exod.
733 5718 828 5791 ix,
866 5718 971 5781 12f
1003 5720 1155 5795 Τίμα
1181 5721 1274 5778 τὸν
1308 5719 1520 5798 Πατέρα
1551 5740 1648 5776 σου
1677 5718 1767 5775 καὶ
1796 5720 1896 5790 τὴν
1934 5742 1973 5796 μ

2088 5742 2144 5777 »α
2200 5735 2323 5792 σου,
2366 5719 2459 5775 ’ίνα
2516 5722 2575 5777 εὗ
2628 5743 2711 5778 σοι
2744 5721 3038 5797 γένηται...
3088 5722 3255 5781 Conf.
3304 5723 3539 5779 Denter.
3590 5718 3769 5788 ν,16.
