4112 6384
339 421 473 478 1201

1522 422 1693 476 VITA
1729 418 2082 475 BARLAAM
2121 417 2214 471 ET
2248 416 2590 471 JOASAPH.

3629 419 3766 476 1202

337 551 528 622 ψυχῆς
555 543 646 600 καὶ
677 541 1002 614 σκάνδαλον,
1035 543 1088 598 τί
1124 563 1216 612 μοι
1271 541 1538 618 προτίθης
1571 547 1648 617 (9)
1701 543 1792 597 καὶ
1851 542 1975 596 ὑπο-

2102 541 2262 612 fungi
2286 540 2508 594 bonum
2532 539 2775 610 est,ipse
2799 539 2960 610 quod
2975 539 3201 595 bonum
3225 546 3315 596 est
3332 542 3647 610 retine;sin
3666 563 3760 602 au-

342 633 610 702 σκεΛίζειν
639 629 830 707 βούλει
869 631 999 700 ;⁹Ως
1033 631 1125 684 οὗν
1155 635 1381 686 τοιαῦτα
1441 630 1668 706 λεγοντα
1723 630 1812 684 καὶ
1875 626 1992 682 δια-

341 719 737 795 ϐεϐαιούμενοι»
773 718 932 784 εἶδεν,
967 718 1238 774 ἐπαύσατο
1267 727 1368 789 τῆς
1401 719 1648 793 ὁμιλίας.
1710 722 1862 776 339
1895 717 1993 771 Καὶ

339 811 408 883 δὴ
443 814 544 868 ὑπὸ
602 812 769 867 νύκτα
831 813 1046 886 βαθεῖαν
1107 807 1402 880 ἐπιστολὴν
1489 811 1582 882 μὲν
1643 807 1993 884 διαχαράττει

337 906 476 977 πρὸς
533 901 625 957 τὸν
707 899 865 961 λαὸν.
919 897 1143 970 πολλῆς
1196 900 1469 974 γέμουσαν
1532 897 1855 977 φιλοσοφίας
1903 897 1992 951 καί

337 999 511 1047 πᾶσαν
604 988 1038 1066 ὑπαγορεύουσαν
1125 991 1224 1058 τὴν
1308 983 1601 1057 εὐσέϐειαν,
1662 985 1853 1042 ὁποῖαν
1934 1007 1993 1040 τε

338 1081 622 1160 ὀφείλουσι
655 1081 777 1155 περὶ
808 1084 944 1135 Θεοῦ
966 1075 1125 1148 δόξαν
1160 1075 1331 1154 ἔχειν,
1379 1080 1490 1132 οἷον
1548 1075 1606 1132 δὲ
1674 1077 1790 1151 βίον
1846 1077 1993 1146 αὐτῷ

337 1166 866 1248 προσφέρειν,ο⁶ἰους
896 1164 955 1222 δὲ
1013 1166 1238 1240 ὕμνους,
1301 1165 1418 1230 οἵας
1477 1166 1840 1242 εὐχαριστίαν
1875 1168 1991 1221 εἶτα

339 1261 416 1333 μή
461 1258 630 1315 ἃλλον
664 1258 698 1327 ἢ
730 1257 822 1311 τὸν
857 1257 1138 1332 Βαραχίαν
1171 1254 1415 1327 δέξασθαι
1448 1257 1524 1320 εἰς
1549 1258 1649 1325 τήν
1712 1256 1988 1332 βασίλειον

331 1347 544 1405 κελεύει
599 1349 806 1423 ἀρχήν.
869 1347 1001 1416 Καὶ,
1061 1345 1138 1410 εἷς
1192 1347 1284 1400 τὸν
1344 1346 1536 1400 ἑαυτοῦ
1587 1349 1822 1400 κοιτῶνα
1895 1344 1988 1398 τὸν

336 1439 549 1514 χάρτην
578 1436 632 1492 ἐν
664 1437 711 1509 ᾧ
743 1439 778 1505 ἡ
811 1434 1078 1504 ἐπιστολὴ
1123 1433 1467 1504 καταλιπὼν,
1524 1431 1706 1488 λαθὼν
1755 1435 1992 1496 ἅπαντας

332 1526 614 1601 ἐξέρχεται
642 1528 741 1580 τοῦ
767 1522 1065 1582 παλατίου.
1120 1522 1280 1579 Ἀλλ’
1338 1523 1435 1578 οὐκ
1493 1521 1741 1594 ἠδυνήθη
1803 1521 1988 1585 λαθεῖν

338 1615 415 1678 εἷς
444 1614 624 1676 τέλος.
665 1616 818 1687 ’Ἅμα
874 1614 975 1689 γὰρ
1035 1612 1185 1690 πρωῒ
1238 1617 1400 1668 τοῦτο
1457 1613 1718 1677 ἀκουσθὲν
1745 1612 1984 1687 τάραχον

339 1705 498 1768 εὐθὺς
529 1706 617 1759 καὶ
678 1701 917 1778 ὁδυρμὸν
949 1708 1029 1775 τῷ
1088 1702 1206 1775 λαῷ
1289 1701 1592 1773 ἐνεποίησε’
1651 1702 1741 1757 καὶ
1796 1704 1988 1765 πάντες

339 1793 494 1850 τάχει
554 1793 754 1866 πολΑῷ
813 1793 890 1855 εἰς
953 1795 1178 1863 ζήτησιν
1229 1791 1393 1848 αὐτοῦ
1453 1798 1565 1864 (10)
1648 1791 1985 1867 ἐξέρχονται,

338 1878 775 1959 προκαταλαϐεῖν
837 1882 983 1954 αὐτῷ
1036 1883 1135 1949 τήν
1198 1883 1376 1957 φυγὴν
1427 1881 1486 1936 ἐκ
1537 1883 1737 1944 παντὸς
1781 1883 1988 1958 τρόπου

339 1972 742 2046 διανοούμενοι·
779 1971 1058 2036 δθενόὐδὲ
1091 1971 1167 2033 εἰς
1229 1971 1404 2044 μάτην
1462 1971 1646 2032 αὐτοῖς
1705 1971 1987 2046 ἐχώρησεν

334 2066 370 2132 ἡ
434 2060 667 2132 σπουδή.
755 2063 847 2124 Ὠς
912 2063 1015 2136 γάρ
1070 2063 1241 2123 πάσας
1296 2057 1816 2135 προκατελάμϐανον
1890 2064 1984 2124 τὰς

331 2151 519 2220 ὁδοὺς,
553 2153 656 2226 ’ὀρη
693 2149 749 2206 δὶ
780 2153 952 2206 πάντα
989 2149 1381 2223 περιεκύκλουν
1438 2151 1526 2204 καὶ
1586 2146 1827 2225 ἀτριϐεῖς
1893 2173 1981 2204 τε-

330 2244 604 2318 ριτςχοντο
635 2249 936 2316 φάραγγας,
1004 2239 1055 2295 ἐν
1111 2240 1401 2316 χειμάρῥῳ
1458 2241 1564 2294 τινὶ
1611 2239 1802 2294 τοῦτον
1836 2241 1979 2313 εὑρί-

323 2352 538 2400 σκουσι,
567 2335 760 2404 χεῖρας
795 2329 870 2391 εἷς
931 2330 1162 2404 οὐρανὸν
1209 2329 1563 2403 ἐκτεταμένας
1618 2328 1840 2404 ἔχοντα,
1888 2330 1975 2384 καὶ

317 2420 421 2488 τήν
455 2418 628 2494 εὐχήν
659 2425 758 2488 τῆς
789 2417 950 2488 ἕκτης
983 2417 1337 2474 ἐπιτελοῦντα
1359 2419 1505 2494 ὥρας
1536 2424 1672 2492 (11).

392 2763 618 2829 Ἰδόντες
652 2763 710 2822 δε
740 2767 903 2822 αὐτὸν
1012 2763 1416 2841 περιεχύθησαν
1533 2761 1756 2838 δάκρυσι
1843 2761 1966 2819 δυσ-

321 2860 596 2917 ωποῦντες
619 2857 708 2910 καὶ
735 2856 836 2924 τήν
869 2852 1187 2927 ἀποδημίαν
1222 2852 1598 2924 ὀνειδίζοντες.
1647 2855 1710 2911 Ὀ
1743 2851 1821 2908 δὲ·
1881 2853 1967 2922 Τί,

315 2948 475 3016 φησί,
512 2945 683 3019 μάτην
713 2951 940 3000 κοπιᾶτε
973 2967 986 3013 ;
1017 2943 1212 3017 μηκέτι
1274 2945 1376 3021 γάρ
1409 2943 1504 3016 ἐμὲ
1540 2942 1768 3019 βασιλέα
1822 2942 1967 3018 ἔχειν

312 3035 588 3106 ἐλπίζετε.
623 3037 777 3093 330
805 3039 882 3109 Τῇ
913 3033 1104 3108 πολλῇ
1165 3032 1223 3090 δὲ
1261 3035 1435 3090 αὐτῶν
1488 3031 1750 3095 ὑπενδοὺς
1782 3032 1972 3089 ἐνστά-

310 3148 416 3197 σει,
483 3126 808 3203 ὑποστρὲφει
862 3122 1015 3188 αὖθις
1061 3124 1139 3186 εἷς
1196 3124 1260 3179 τὸ
1318 3123 1603 3180 παλάτιον.
1665 3123 1788 3193 Καὶ,
1844 3145 1970 3178 συν-

313 3217 526 3293 αγαγὼν
560 3216 819 3282 ἅπαντας,
849 3216 950 3284 τήν
979 3214 1172 3269 ἑαυτοῦ
1221 3209 1522 3287 ἐφανέρωσε
1572 3211 1803 3286 βουλήν.
1839 3214 1968 3268 Εἶτα

2105 635 2227 684 tem
2245 629 2669 684 oti'endiculum
2686 629 2842 684 istud
2855 646 2924 684 ac
2937 630 3286 685 scandalum
3300 633 3483 686 animi
3501 639 3758 706 est,quid

2106 719 2251 773 mihi
2279 718 2425 772 illud
2448 719 2756 787 objicis,ac
2777 720 2947 772 mein
2971 719 3239 774 fraudem
3265 721 3546 777 inducere
3563 728 3759 796 cupis?

2109 809 2618 878 Ut,inquam,eum
2632 809 2724 862 his
2740 809 2930 863 verbis
2947 814 3216 864 utentem
3231 817 3289 864 et
3319 821 3758 870 asseverantem

2102 897 2410 962 vidit,cum
2438 913 2504 952 eo
2524 897 2766 967 quidem
2779 897 3036 969 colloqui
3060 898 3442 971 destitit:ipse
3458 909 3655 957 autem
3675 905 3762 959 in-

2105 993 2397 1058 tempesta
2409 993 2583 1041 nocte
2597 988 2907 1057 epistolam
2926 989 3149 1058 ingenti
3167 990 3460 1059 sapientia
3490 993 3755 1062 plenam,

2103 1083 2282 1147 atque
2296 1076 2368 1131 ad
2383 1093 2560 1131 omne
2583 1077 2820 1147 pietatis
2836 1092 3021 1148 genus
3041 1077 3549 1148 impellentem,ad
3565 1100 3754 1154 popuo

2102 1167 2257 1222 lares
2280 1183 2419 1221 suos
2443 1171 2664 1230 exarat,
2699 1183 2913 1236 nempe
2937 1183 3116 1236 quam
3149 1167 3217 1221 de
3247 1170 3362 1223 Deo
3397 1173 3756 1227 sententiam

2102 1261 2512 1325 tenere,quam
2546 1255 2658 1326 ipsi
2691 1255 3044 1325 vitam,quas
3067 1256 3294 1324 laudes,
3327 1276 3471 1328 quas
3497 1259 3752 1331 denique

2099 1345 2426 1416 gratiarum
2453 1345 2719 1400 actiones
2754 1345 2967 1399 offerre
2999 1345 3304 1408 deberent,
3337 1349 3750 1418 praescribens.

2101 1437 2184 1490 Ac
2201 1441 2424 1505 postea,
2459 1451 2534 1489 ne
2557 1451 2919 1505 quemquam
2951 1435 3135 1488 alium
3163 1441 3379 1505 praeter
3409 1439 3751 1494 Barachiam

2101 1523 2174 1578 ad
2197 1524 2421 1594 regiam
2453 1523 2800 1594 dignitatem
2833 1523 3606 1594 admitterentprohibebat.
3636 1530 3752 1582 Hac

2101 1613 2354 1684 epistola
2375 1613 2436 1667 in
2468 1613 2740 1668 cubiculo
2765 1629 2869 1667 suo
2893 1613 3524 1670 relictainscientihus
3555 1618 3750 1670 omni-

2099 1702 2210 1756 bus
2242 1702 2560 1774 egreditur.
2587 1703 2701 1756 Nec
2731 1706 2930 1756 tamen
2976 1703 3210 1757 efficere
3253 1703 3445 1773 potuit
3473 1710 3537 1758 ut
3564 1705 3750 1776 ipsius

2100 1790 2398 1846 discessus
2411 1790 2484 1845 ad
2507 1795 2837 1846 extremum
2851 1807 3042 1862 usque
3066 1792 3403 1856 incognitus
3419 1801 3592 1850 esset.
3603 1797 3747 1849 Nam

2099 1881 2278 1934 simul
2318 1886 2496 1951 atque
2527 1880 2821 1943 illuxit,ea
2837 1897 2931 1934 res
2963 1881 3165 1937 audita
3185 1883 3662 1953 pertubationem
3679 1902 3747 1939 ac

2097 1971 2320 2026 luctum
2353 1971 2510 2042 plebi
2533 1971 3084 2042 attulit,omnesque
3101 1990 3335 2028 summa
3356 1976 3658 2030 celeritate
3673 1977 3746 2030 ad

2098 2077 2232 2115 eum
2257 2060 2731 2132 investigandum
2746 2064 3350 2134 perrexerunt,ipsius
3366 2065 3558 2136 fugam
3580 2067 3740 2120 omni

2094 2152 2322 2204 ratione
2345 2167 2635 2221 occupare
2650 2152 3128 2222 cogitantes.Quo
3145 2154 3322 2206 etiam
3337 2153 3556 2208 factum
3581 2162 3746 2210 estut

2095 2239 2358 2294 studium
2390 2241 2579 2310 ipsius
2604 2240 2822 2294 frustra
2841 2242 3088 2294 minime
3109 2244 3372 2296 cesserit.
3426 2246 3566 2298 Nam
3609 2263 3742 2299 cum

2091 2329 2309 2383 itinera
2333 2329 2536 2383 omnia
2567 2337 3053 2400 occupassent,ac
3085 2338 3318 2385 montes
3350 2348 3558 2386 omnes
3580 2333 3743 2388 obse-

2089 2419 2337 2483 dissent,
2361 2419 2669 2488 inviasque
2691 2418 2874 2473 valles
2931 2427 3363 2490 peragrassent,
3399 2421 3459 2475 in
3485 2427 3744 2478 torrente

2087 2509 2344 2579 quodam
2361 2508 2555 2578 ipsum
2575 2525 2786 2563 manus
2801 2509 2862 2562 in
2878 2509 3091 2563 cmlum
3108 2509 3448 2564 tendentem
3461 2527 3547 2577 ,ac
3562 2518 3740 2567 sextaa

2084 2597 2245 2652 horas
2268 2598 2674 2668 precationem
2697 2598 3133 2668 persolventem
3157 2599 3533 2656 invenerunt.

2153 2778 2480 2848 Conspecto
2509 2781 2706 2830 autem
2732 2792 2821 2843 eo,
2847 2776 3190 2831 circumfusi
3219 2777 3442 2840 statim,
3477 2795 3611 2833 cum
3637 2779 3733 2833 la-

2081 2866 2300 2938 crymis
2333 2882 2469 2919 eum
2501 2863 2915 2934 obsecrabant,
2956 2881 3024 2919 ac
3046 2864 3377 2920 discessum
3419 2866 3532 2937 ipsi
3567 2868 3735 2940 obje-

2081 2955 2339 3012 ctabant.
2373 2957 2446 3008 At
2476 2954 2776 3022 ille,Quid,
2800 2954 3014 3024 inquit,
3042 2954 3282 3009 inanem
3315 2955 3583 3011 laborem
3603 2975 3734 3012 sus-

2080 3045 2279 3116 cipitis
2298 3045 2325 3100 ?
2348 3046 2462 3099 Nec
2491 3044 2649 3098 enim
2681 3048 2772 3097 est
2793 3043 2950 3113 quod
2971 3059 3073 3097 vos
3096 3059 3188 3097 me
3220 3061 3419 3115 regem
3451 3045 3609 3100 ultra
3629 3047 3736 3101 ha—

2077 3134 2310 3190 bituros
2341 3149 2470 3187 esse
2503 3131 2976 3203 speretis.Nihilo
2990 3132 3398 3187 seciustamen
3421 3136 3734 3189 eorumin-

2077 3224 2238 3297 genti
2271 3221 2673 3278 contentionis
2705 3219 2946 3286 cedens,
2981 3221 3054 3276 ad
3075 3221 3366 3292 palatium
3395 3224 3732 3279 revertitur.

314 3309 403 3360 καὶ
437 3305 626 3380 ὅρκοις
655 3301 888 3378 ὲμπεδοῖ
939 3304 1031 3358 τὸν
1083 3302 1272 3380 λόγον,
1330 3303 1404 3364 ὡς
1459 3299 1717 3375 οὐδεμίαν
1779 3304 1968 3366 αὐτοῖς

2088 3313 2418 3383 coactisque
2442 3312 2502 3365 in
2531 3327 2720 3365 unum
2750 3310 3200 3381 omnibus,quid
3227 3312 3290 3366 in
3321 3313 3521 3367 animo
3552 3313 3732 3369 habe-

309 3399 414 3451 τοῦ
445 3391 647 3449 λοιποῦ
686 3393 927 3448 συνέσται
987 3391 1220 3467 ἡμέραν.
1277 3393 1415 3466 Ἐγὼ
1467 3394 1596 3467 γὰρ,
1648 3393 1807 3468 φησὶ,
1859 3394 1962 3462 τὴν

310 3485 450 3560 πρὸς
486 3485 625 3556 ὑμᾶς
677 3480 950 3538 διακονίαν
1015 3503 1118 3555 μου
1185 3481 1618 3560 ἐπληροφόρησα
1665 3483 1756 3537 καὶ
1806 3481 1960 3538 οὐδὲν

311 3574 582 3642 ἐνέλιπον,
615 3571 742 3629 οὐδὲ
769 3577 882 3646 (12)
915 3570 1322 3645 ὑπεστειλάμην
1381 3577 1487 3627 τῶν
1549 3573 1960 3651 συμφερόντων,

309 3668 409 3720 τοῦ
471 3665 547 3737 μή
606 3663 926 3739 ἀναγγεῖλαι
988 3663 1117 3737 ὑμῖν
1173 3664 1261 3718 οιαὶ
1321 3660 1554 3735 διδάξαι,
1590 3661 1961 3737 διαμαρτυρό-

314 3777 479 3830 μενος
508 3759 632 3811 πᾶσι
662 3756 764 3825 τὴν
793 3754 869 3817 εἷς
900 3755 994 3810 τὸν
1029 3755 1225 3830 Κύριον
1258 3757 1420 3826 ἡμῶν
1463 3756 1674 3826 Ἰησοῦν
1725 3757 1959 3831 Χριστὸν

311 3845 516 3916 πίστιν,
564 3845 652 3900 καὶ
716 3843 998 3916 μετανοίας
1082 3841 1244 3906 ὁδοὺς
1297 3840 1685 3899 ὑποδεικνύων.
1719 3842 1818 3897 Καὶ
1875 3848 1964 3899 νῦν

311 3932 432 3990 ἰδοὺ
471 3933 578 4008 ἐγὼ
619 3932 926 4010 πορεύομαι
975 3935 1077 4002 τήν
1137 3931 1262 3988 ὁδὸν
1295 3929 1362 4002 ἤν
1418 3928 1651 3987 ἔκπαλαι
1709 3932 1958 3987 ἐπόθουν·

310 4024 401 4080 καὶ
435 4024 537 4079 οὐκ
565 4022 645 4078 ἔτι
671 4022 864 4096 ἅψεσθε
891 4023 955 4078 τὸ
1001 4021 1294 4094 πρόσωπόν
1354 4044 1460 4095 μου
1537 4022 1693 4095 ὑμεῖς
1747 4025 1960 4087 πάντες.

312 4115 407 4170 Διὸ
441 4113 792 4188 μαρτύρομαι
847 4113 974 4184 ὑμῖν
1005 4115 1075 4185 τῇ
1133 4113 1372 4185 σήμερον
1431 4112 1634 4185 ἡμέρᾳ,
1684 4111 1820 4166 κατὰ
1868 4112 1962 4166 τὸν

315 4205 460 4258 θεῖον
505 4199 851 4258 Ἀπόστολον
902 4203 1039 4274 (13),
1097 4201 1180 4255 δτι
1237 4201 1475 4273 καθαρὸς
1537 4200 1648 4276 ἐγώ
1693 4200 1806 4273 εἰμι
1857 4201 1964 4255 ἀπὸ

308 4297 409 4348 τοῦ
439 4292 675 4364 αἳματος
733 4292 949 4346 πάντων
1011 4291 1188 4364 ὑμῶν.
1239 4289 1316 4347 Οὐ
1374 4289 1480 4365 γὰρ
1555 4289 1961 4363 ὑπεστειλάμην

311 4385 411 4438 τοῦ
447 4382 523 4454 μὴ
556 4380 872 4456 ἀναγγεῖλαι
907 4380 1033 4455 ὑμῖν
1067 4384 1238 4436 πᾶσαν
1268 4381 1369 4450 τὴν
1397 4378 1604 4456 βουλὴν
1659 4383 1757 4436 τοῦ
1805 4385 1961 4438 Θεοῦ.

2071 3409 2166 3459 ret
2186 3401 2526 3467 declaravit,
2557 3417 2623 3455 ac
2656 3405 2861 3471 postea
2891 3399 3243 3471 interposito
3280 3401 3459 3456 etiam
3497 3403 3730 3473 jureju-

2070 3491 2260 3548 rando
2291 3506 2629 3546 sermonem
2653 3488 3269 3560 confirmavit,nempe
3293 3507 3356 3544 se
3388 3491 3636 3561 posthac
3651 3509 3726 3549 ne

2070 3598 2257 3638 unum
2290 3579 2532 3651 quidem
2564 3577 2723 3633 diem
2747 3595 2880 3633 cum
2913 3578 3056 3648 ipsis
3090 3577 3250 3632 fore:
3285 3581 3400 3650 Ego
3424 3580 3608 3647 enim,
3631 3581 3720 3635 in-

2071 3671 2368 3742 quit,meo
2391 3685 2529 3740 erga
2558 3684 2658 3722 vos
2680 3666 3014 3721 ministerio
3049 3667 3396 3736 perfunctus
3437 3685 3587 3737 sum,
3612 3686 3722 3725 nec

2072 3759 2397 3831 quidquam
2429 3757 2836 3828 prmtermissi,
2868 3773 2980 3811 nec
3011 3756 3356 3829 subterfugi,
3405 3760 3726 3829 quominus

2071 3848 2493 3904 annuntiarem
2525 3846 3055 3917 vobis(Act.xx},ac
3087 3844 3364 3901 docerem
3397 3849 3726 3905 testiﬁcans

2071 3937 2348 3993 omnibus
2373 3936 2434 3990 in
2462 3935 2776 3990 Dominum
2803 3939 3074 3989 nostrum
3100 3936 3301 3989 Jesum
3323 3937 3623 3993 Christum
3657 3939 3728 3993 ﬁ-

2071 4027 2230 4092 dem,
2264 4044 2332 4082 ac
2356 4025 2720 4097 pmnitentiaa
2739 4025 2891 4080 viam
2941 4025 3284 4080 ostendens.
3321 4029 3402 4082 Ac
3423 4044 3584 4083 nunc
3619 4046 3727 4100 ego

2071 4117 2224 4172 viam
2259 4117 2412 4170 hanc
2438 4115 2785 4184 ineo,quam
2809 4115 2938 4184 jam
2959 4114 3189 4184 pridem
3215 4116 3587 4186 expeteham,
3620 4135 3728 4174 nec

2069 4206 2227 4263 ultra
2241 4205 2453 4261 faciem
2480 4221 2672 4260 meam
2696 4203 3013 4275 quisquam
3033 4209 3293 4258 vestrum
3315 4204 3552 4261 videbit.
3580 4208 3729 4272 Qua-

2071 4299 2406 4368 propter,ut
2421 4293 2603 4348 divini
2625 4292 2891 4364 Apostoli
2914 4292 3106 4348 verbis
3131 4298 3597 4361 utar,contestor
3626 4313 3727 4351 vos

2072 4385 2364 4440 hodierno
2385 4383 2668 4454 die,quod
2683 4381 2945 4437 mundus
2967 4399 3072 4455 ego
3090 4399 3223 4437 sum
3246 4399 3280 4438 a
3301 4385 3587 4457 sanguine
3600 4403 3726 4441 om-

2073 4476 2242 4531 nium
2271 4479 2550 4529 vestrum.
2578 4475 2703 4527 Non
2728 4473 2886 4526 enim
2909 4471 3258 4544 subterfugi,
3283 4475 3603 4544 quominus
3619 4493 3730 4533 an-

2073 4562 2417 4619 nuntiarem
2439 4561 2604 4616 vobis
2627 4559 2944 4616 consilium
2973 4560 3096 4614 Dei.

380 4653 564 4706 Ταῦτα
637 4648 979 4714 ἀκούσαντες,
1037 4649 1128 4704 καὶ
1211 4649 1274 4706 τὸ
1355 4655 1457 4719 τῆς
1513 4650 1744 4725 γνώμης
1801 4649 1966 4704 αὐτοῦ

2146 4655 2280 4708 Ηωο
2301 4652 2391 4706 illi
2413 4651 2820 4720 audientes,ac
2838 4651 3352 4722 sententiaaipsius
3385 4652 3729 4710 ﬁrmitatem

308 4739 534 4816 στεῤῥὸν
566 4738 918 4812 ἐπιστάμενοι
957 4738 1032 4801 ὡς
1090 4736 1244 4794 οὐδὲν
1296 4745 1397 4808 τῆς
1437 4739 1746 4813 προθέσεως
1775 4737 1964 4794 κωλύ-

302 4851 398 4886 σαι
429 4827 674 4896 δύναται,
707 4825 986 4901 ὠδύροντο
1021 4827 1114 4901 μὶν
1162 4830 1261 4897 τήν
1319 4827 1597 4906 ὀρφανίαν,
1657 4829 1759 4884 οὑκ
1810 4831 1964 4904 εἶχον

314 4917 376 4976 δὶ
420 4917 566 4980 ὅλως
618 4916 778 4972 αὐτὸν
837 4915 1184 4990 πειθόμενον.
1245 4915 1384 4973 Τότε
1441 4918 1470 4971 ὁ
1554 4916 1808 4992 βασιλεὺς
1869 4919 1960 4973 τὸν

2075 4742 2437 4813 exploratam
2457 4740 2768 4807 habentes,
2809 4755 3024 4811 nempe
3046 4739 3206 4809 quod
3225 4757 3359 4796 eum
3389 4758 3425 4797 a
3453 4749 3730 4814 suscepto

2073 4831 2324 4888 consilio
2338 4846 2612 4885 revocare
2626 4829 2874 4884 minime
2887 4831 3471 4900 possent,orbitatem
3485 4832 3728 4902 quidem

2075 4936 2243 4976 suam
2266 4917 2678 4990 deplorabant,
2730 4933 2840 4972 nec
2875 4923 3075 4973 tamen
3106 4917 3228 4973 ullo
3265 4918 3440 4974 modo
3471 4935 3604 4974 eum
3653 4920 3728 4974 de

403 5046 461 5112 9)
491 5047 560 5116 ᾼ,
595 5041 893 5116 προτιθείς.
927 5044 989 5109 C,
1021 5042 1322 5116 προτίθεις.
1355 5043 1617 5116 Correxi,
1647 5043 1860 5116 eadem
1891 5061 1975 5100 uSI

2088 5044 2533 5116 iermutatione.
2575 5041 2830 5116 Basilius
2875 5043 3015 5116 Mac.
3056 5044 3236 5097 Prasc.
3285 5059 3334 5096 c.
3395 5045 3511 5097 42:
3573 5039 3727 5116 Εἰᾼδὲ

295 5113 398 5172 καὶ
431 5115 562 5170 Θεὸν
597 5113 650 5168 ἐν
685 5114 760 5168 πά

865 5133 961 5166 σου
992 5110 1179 5186 πράξει
1203 5114 1446 5184 ἐπόπτην
1519 5113 1610 5168 καὶ
1642 5114 1948 5183 ἐξεταστὴν,
2010 5110 2192 5184 ὥσπερ
2270 5113 2437 5181 ἐστὶν,
2511 5110 2826 5187 ἀναλογίσῃ,

2916 5111 3038 5165 οὕτε
3116 5117 3361 5187 φανερῶς
3415 5133 3569 5182 ποτε,
3603 5112 3726 5169 οὕτε

298 5191 564 5268 κρυπτῶς
598 5187 940 5268 ἁμαρτησῃε·
972 5187 1688 5268 ἱριοᾼάμαρτήσειςκίίιιοά
1721 5193 1882 5242 tenet
1911 5205 1975 5268 co

2088 5206 2098 5242 ι
2119 5191 2247 5243 2991
2263 5191 2346 5268 ·Α.

382 5261 502 5332 (10)
531 5263 577 5314 Α
604 5255 733 5332 sine
765 5255 948 5312 αὐτοῦ.
983 5255 1314 5332 Restituam
1344 5255 1614 5332 Choricio
1647 5275 1849 5332 vocem
1881 5259 2088 5332 utilem
2123 5260 2329 5332 magis.
2363 5256 2622 5332 quafuit
2645 5256 2918 5332 privatus
2963 5257 3120 5332 Orat.
3149 5255 3236 5332 _in
3295 5256 3520 5312 Summ.
3553 5262 3581 5327 §
3613 5262 3676 5312 15
3713 5275 3726 5312 :

297 5324 396 5389 Οὐ
417 5324 806 5404 τοίνυν-’μόνον
823 5337 924 5396 τῆς
953 5334 1060 5404 τῶν
1079 5328 1351 5404 ᾼπολὲμων
1371 5327 1668 5404 ἀπαλαγῆς
1693 5324 1893 5404 ἔχουσι
1922 5329 2080 5404 χάριν
2110 5331 2166 5384 αἱ
2216 5324 2431 5395 πόλεις,
2465 5325 2612 5382 ἀλλὰ
2635 5324 2730 5404 ,καὶ
2760 5330 2865 5404 τῶν
2901 5325 2953 5380 ἐν
3031 5325 3222 5398 εἰρήνῃ
3276 5324 3729 5404 τερπνῶν,Ἀρῐθ

296 5404 580 5480 praebent
607 5399 800 5458 ἔχουσί
833 5423 918 5456 σοι
943 5402 1116 5458 codd.
1150 5399 1294 5475 regii
1324 5420 1337 5469 ;
1372 5402 1531 5474 quod
1563 5399 1621 5457 et
1648 5399 1850 5458 forsan
1882 5399 2190 5458 invenerat
2218 5405 2513 5474 interpres
2545 5402 2646 5472 qui
2680 5399 2854 5454 vertit
2881 5416 3017 5454 cum
3051 5399 3428 5469 pronomine,
3452 5424 3480 5452 «
3512 5399 3732 5476 gratias

296 5476 414 5535 tibi
450 5476 689 5533 habent.
726 5499 754 5526 »

379 5548 496 5620 (11)
528 5549 874 5620 Orationem
893 5550 1087 5620 sextaa
1119 5547 1282 5620 horae
1304 5561 1595 5620 eamesse
1627 5552 1791 5620 puto,
1827 5563 1958 5617 quae
1984 5546 2045 5601 in
2078 5546 2390 5620 Horologio
2421 5545 2628 5620 Magno
2660 5545 2821 5620 hisce
2855 5548 3144 5620 concepta
3174 5547 3265 5620 est
3285 5544 3477 5620 verbis
3508 5563 3520 5600 :
3587 5546 3647 5601 Ὁ
3677 5546 3731 5620 εν

298 5612 488 5693 παντῖ
503 5623 682 5693 καιρῷ
710 5617 800 5693 καὶ
832 5618 979 5690 πάσῃ
1013 5616 1233 5693 ὥρᾳλέν
1268 5612 1479 5693 οὐρανῷ
1509 5612 1720 5693 καὶ-ἒπὶ
1750 5612 1862 5692 γῆς’
1881 5612 2360 5690 προσκυνούμενος
2389 5615 2480 5670 καὶ
2513 5612 2875 5689 δοξαζόμενος
2936 5612 3172 5687 Χριστὸς
3228 5614 3256 5668 ὁ
3315 5614 3469 5687 Θεὸς,
3505 5637 3558 5673 κ.
3591 5638 3642 5674 τ.
3677 5616 3732 5675 λ.

302 5691 482 5750 Adde
513 5689 791 5748 Vansleb.
813 5689 1020 5746 Hister.
1052 5689 1207 5744 eccls.
1241 5691 1406 5746 Alex.
1430 5705 1562 5762 pag.
1596 5691 1686 5744 67.

381 5765 495 5832 (t2)
526 5766 654 5820 Act.
687 5768 878 5835 apost.
908 5778 1002 5835 xx,
1036 5763 1125 5816 20.

385 5836 500 5910 (13)
528 5832 750 5896 Paulus
770 5835 837 5893 in
863 5832 1028 5896 Actis
1056 5836 1246 5908 apont.
1277 5848 1374 5907 xx,
1404 5834 1493 5890 25.
