4112 6406
407 415 544 471 1203

1946 411 2318 467 ΔΟΒΕΝΒΔ.

3695 411 3835 468 1204

401 543 702 600 sententia
722 543 1268 601 deducebant.Tum
1288 547 1489 600 autem
1501 558 1605 598 rex
1616 539 1969 596 Barachiam
1989 537 2060 593 il-

2183 535 2459 612 Βαραχίαν
2484 536 2708 606 ἐκεῖνον,
2743 537 2802 594 δν
2832 538 2926 594 καὶ
2975 537 3181 615 φθάσας
3240 539 3270 594 ὁ
3329 536 3493 614 λόγος
3556 535 3831 610 ἐδήλωσε,

402 633 552 701 lum,
594 631 666 688 de
711 650 828 706 quo
852 650 1034 706 supra
1069 633 1251 689 locuti
1299 649 1528 700 sumus,
1569 647 1758 687 manu
1803 635 2014 684 tenens
2047 645 2061 684 :

406 723 593 788 Hunc,
619 722 838 792 inquit,
885 739 918 776 o
957 723 1194 788 fratres,
1245 722 1404 777 hunc
1459 721 1627 776 vobis
1669 736 1869 793 regem
1905 734 2060 773 creo.

405 813 671 882 Cumque
690 812 792 865 ille
819 811 1111 883 ejusmodi
1129 813 1215 866 rei
1241 811 2061 876 vehementerobluctaretur,

407 899 657 954 invitum
689 917 826 955 eum
854 916 920 955 ac
935 906 1370 972 repugnantem
1392 901 1454 955 in
1469 900 1630 971 regio
1659 900 1871 954 throno
1887 896 2065 952 collo-

406 989 835 1060 cat,ipsiusque
867 989 1046 1061 capiti
1077 989 1355 1045 diadema
1376 989 1844 1060 imponit,atque
1873 1003 2062 1043 annu-

406 1078 531 1134 lum
554 1079 782 1146 regium
807 1079 918 1150 ipsi
934 1079 994 1134 in
1018 1096 1266 1135 manum
1292 1079 1738 1151 praabet.Atque
1760 1078 1833 1132 ad
1855 1077 2062 1132 Orien-

407 1173 528 1224 tem
559 1173 745 1236 stans,
789 1185 896 1239 pro
947 1185 1085 1242 rege
1137 1185 1346 1241 preces
1375 1168 1552 1237 fudit,
1576 1169 1689 1223 hoc
1719 1167 1993 1222 videlicet
2032 1182 2066 1221 a

410 1259 526 1313 Deo
552 1258 886 1330 postulans,
944 1263 1012 1313 ut
1053 1258 1157 1313 Dei
1210 1258 1394 1313 [idem
1425 1262 1771 1313 constanter
1811 1260 2064 1323 teneret,

408 1365 478 1406 ac
508 1348 728 1404 Christi
757 1348 1179 1404 mandatorum
1211 1348 1326 1403 iter
1351 1347 1423 1404 ab
1448 1349 1611 1404 omni
1633 1348 1789 1404 flexu
1802 1348 2066 1404 alienum

409 1439 726 1494 inveniret.
765 1438 984 1494 Adhaac
1035 1455 1141 1509 pro
1173 1438 1331 1494 clero
1364 1440 1545 1495 etiam
1583 1445 1760 1510 atque
1791 1439 2064 1494 universo

409 1544 586 1602 grege
612 1533 890 1600 precatus
909 1533 1017 1596 est,
1051 1544 1226 1601 opem
1254 1527 1526 1584 videlicet
1575 1534 1635 1584 et
1663 1529 1951 1584 auxilium
1999 1544 2067 1584 ac

414 1617 669 1674 salutem
690 1617 888 1689 ipsisa
919 1618 1036 1672 Deo
1070 1622 1302 1688 petens,
1333 1623 1511 1688 atque
1535 1626 1595 1672 ul
1619 1617 1910 1690 quidquid
1953 1617 2064 1688 ipsi

410 1706 788 1781 postularent
803 1706 877 1762 ad
899 1707 1221 1762 utilitatem
1245 1708 1680 1763 moderaretur.

484 1798 603 1852 Hac
641 1796 908 1852 oratione
951 1796 1173 1864 habita,
1233 1813 1552 1852 conversus
1589 1797 1662 1852 ad
1698 1796 2066 1864 Barachiam,

2169 627 2485 701 κατασχὼν,
2518 630 2750 699 Τοῦτον,
2781 629 2954 696 εἶπεν,
2987 624 3240 706 ἀδελφοὶ,
3304 628 3433 701 ὑμῖν
3470 623 3834 704 προχειρίζο-

2175 735 2271 787 μαι
2310 715 2560 790 βασιλέα,
2592 721 2695 771 Τοῦ
2745 714 2803 772 δὲ
2863 717 3112 793 ἰσχυρῶς
3144 717 3283 792 πρὸς
3305 717 3369 772 τὸ
3410 721 3637 793 πρᾶγμα
3667 715 3834 771 ἀπει-

2173 808 2420 874 θοῦντος,
2483 804 2682 862 ἃκοντα
2722 806 2812 862 καί
2875 808 2950 881 μή
3013 804 3351 884 βουλόμενον
3409 809 3478 880 τῇ
3567 805 3836 882 βασιλικῇ

2171 892 2323 969 ἀρχῇ
2349 893 2723 970 ἐγκαθίστησι,
2755 896 2844 951 καὶ
2875 899 2945 970 τῇ
2978 896 3192 976 κεφαλῇ
3253 895 3417 951 αὐτοῦ
3468 896 3529 950 τὸ
3583 892 3838 969 διάδημα

2171 985 2632 1060 περιτίθησι,τὸν
2692 987 2979 1058 βασιλικόν
3036 1009 3096 1043 τε
3154 986 3446 1044 δακτύλιον
3494 985 3728 1043 δίδωσιν
3760 987 3838 1051 εἷς

2170 1076 2270 1144 τήν
2303 1081 2489 1151 χεῖρα.
2524 1076 2650 1150 Καὶ,
2683 1079 2812 1142 στάς
2857 1079 2994 1133 κατά
3051 1077 3342 1149 ἀνατολάς,
3402 1077 3602 1152 ηὔξατο
3659 1077 3839 1153 εὐχὴν

2169 1169 2250 1237 τῷ
2310 1164 2527 1241 βασιλεῖ
2587 1165 2856 1244 Βαραχία·
2942 1167 3338 1245 ἀπερίτρεπτον
3396 1168 3542 1241 αὐτῷ
3599 1169 3711 1239 τὴν
3763 1168 3837 1231 εἷς

2173 1254 2304 1310 Θεὸν
2335 1255 2687 1331 φυλαχθῆναι
2720 1260 2869 1315 381
2906 1257 3086 1312 πίστιν
3144 1259 3235 1313 καὶ
3293 1256 3493 1328 ἀκλινῆ
3551 1259 3654 1329 τήν
3705 1259 3841 1314 κατὰ

2170 1343 2266 1408 τὰς
2295 1343 2520 1408 ἐντολάς
2547 1349 2646 1400 τοῦ
2676 1347 2917 1422 Χριστοῦ
2949 1348 3128 1422 εὑρεῖν
3174 1347 3422 1423 πορείαν.
3484 1345 3592 1402 Σὺν
3649 1346 3837 1420 τούτῳ

2174 1430 2232 1488 δὶ
2263 1433 2611 1510 ὑπερηύχετο
2641 1437 2738 1491 τοῦ
2767 1436 2981 1514 κλήρου
3011 1437 3102 1493 καὶ
3158 1440 3256 1494 τοῦ
3314 1436 3580 1512 ποιμνίου
3611 1438 3836 1509 παντὸς,

2174 1523 2500 1598 αἰτούμενος
2527 1523 2817 1601 ἀντίληψιν
2867 1527 3053 1590 αὐτοῖς
3112 1527 3259 1605 παρὰ
3315 1526 3520 1605 Κυρίου
3576 1527 3672 1583 καὶ
3736 1548 3836 1581 σωο

2173 1612 2392 1689 τηρίαν,
2425 1614 2517 1669 καὶ
2544 1619 2648 1670 πᾶν
2677 1614 2868 1692 ὅτιπερ
2899 1615 2960 1672 ἂν
2989 1616 3178 1680 αὐτοῖς
3235 1617 3314 1680 εἷς
3371 1615 3587 1690 αἴτησιν
3622 1616 3659 1692 ᾖ
3701 1616 3835 1692 πρὸς

2173 1702 2235 1758 τὸ
2264 1703 2537 1782 συμφέρον
2563 1704 3055 1781 οίκονομούμενον.

2247 1792 2438 1856 Οὕτως
2471 1793 2761 1868 εὐξάμενος
2810 1795 3156 1875 ἐπιστραφεὶς
3212 1796 3361 1875 λέγει
3415 1802 3500 1870 τῷ
3557 1797 3830 1873 Βαραχίᾳο

410 1891 495 1947 ait
533 1905 544 1943 :
570 1890 656 1944 En
680 1887 1021 1956 tibi,frater,
1042 1889 1154 1944 hoc
1187 1890 1530 1960 praecipiam
1559 1890 1717 1961 quod
1749 1889 2068 1962 Apostolus

2183 1878 2317 1938 Ἰδού
2350 1904 2457 1950 σοι,
2489 1881 2713 1962 ἀδελφέ,
2758 1883 3088 1960 ἔντέλλομαι
3145 1887 3326 1952 καθὼς
3381 1887 3516 1942 ποτὶ
3572 1887 3601 1941 6
3662 1886 3828 1945 Ἀπό·

420 1984 676 2035 testatus
694 1983 784 2033 est
817 1994 830 2032 :
864 1977 1117 2033 Attende
1147 1978 1255 2033 tibi
1283 1979 1486 2050 ipsi,et
1511 1980 1786 2034 universo
1826 1980 1986 2052 gregi
2007 1980 2069 2035 in

416 2085 533 2141 quo
559 2074 614 2123 te
636 2067 887 2139 Spiritus
914 2074 1156 2124 sanctus
1177 2085 1376 2141 regem
1406 2069 1697 2140 posuit,ut
1717 2070 1930 2125 Christi
1955 2087 2069 2142 po-

418 2159 650 2231 pulum,
695 2173 874 2228 quem
924 2158 1164 2228 proprio
1214 2159 1502 2230 sanguine
1528 2159 1861 2230 acquisivit,
1901 2175 2071 2231 regas

421 2250 569 2320 (Act.
598 2249 714 2318 xx).
749 2248 819 2300 Et
841 2247 1347 2317 quemadmodum
1365 2249 1550 2303 Deum
1572 2254 1708 2304 ante
1727 2265 1822 2304 me
1850 2266 2071 2321 cogno-

420 2337 577 2403 visti,
611 2352 868 2407 eumque
910 2353 1058 2407 puro
1093 2337 1291 2392 animo
1338 2343 1397 2392 et
1416 2338 1783 2394 conscientia
1813 2338 2071 2409 coluisti,

419 2427 506 2482 ita
531 2441 691 2481 nunc
721 2442 959 2496 quoque
979 2427 1192 2497 majori
1211 2427 1406 2482 studio
1434 2428 1496 2482 in
1534 2427 1648 2482 hoc
1678 2428 1976 2496 incumbe,
2011 2434 2076 2482 ut

421 2515 537 2590 ipsi
578 2515 709 2570 vitm
761 2520 874 2569 tua)
905 2515 1168 2571 rationes
1198 2515 1433 2587 probes.
1467 2518 1591 2582 Quo
1625 2518 1782 2572 enim
1816 2518 2010 2590 majus
2041 2535 2075 2573 a

420 2607 540 2662 Deo
568 2605 884 2677 imperium
911 2612 1265 2661 consecutus
1278 2623 1436 2676 es,eo
1461 2624 1696 2678 quoque
1718 2609 2072 2680 majoraipsi

420 2694 716 2766 rependas
756 2697 1095 2766 oportet.Ac
1116 2695 1366 2766 proinde
1388 2697 1768 2770 gratitudinis
1800 2697 2071 2753 debitum

421 2785 474 2841 ei
506 2784 676 2856 cujus
703 2784 1011 2839 beneﬁciis
1033 2791 1242 2841 auctus
1274 2803 1334 2842 es
1354 2787 1856 2858 persolve,sancta
1885 2788 2072 2860 ipsius

419 2879 717 2948 prmoepta
747 2873 1294 2948 custodiens,atque
1317 2876 1388 2931 ab
1421 2877 1585 2932 omni
1615 2877 1708 2932 via
1730 2877 1792 2932 in
1825 2878 2073 2933 exitium

422 2963 675 3020 ducente
706 2963 1134 3020 deﬂectens.Ut
1147 2965 1306 3020 enim
1337 2965 1488 3020 iniis
1515 2966 1615 3038 qui
1634 2966 2074 3040 navigant,cum

417 3058 600 3109 nauta
631 3053 926 3124 quispiam
952 3053 1553 3126 peccat,exiguumiis
1585 3056 1686 3126 qui
1717 3055 1894 3112 simul
1911 3058 2076 3112 navi-

417 3148 560 3217 gant
582 3143 1012 3197 detrimentum
1043 3143 1217 3198 ati‘ert
1244 3160 1258 3209 ;
1292 3160 1426 3198 cum
1459 3149 1656 3199 autem
1691 3144 2072 3217 gubernator,

421 3233 713 3288 universus
744 3231 877 3286 navi
911 3231 1156 3286 exitium
1189 3233 1458 3300 accersit,
1493 3233 1576 3288 ita
1597 3234 1775 3288 etiam
1801 3234 1861 3288 in
1895 3251 2073 3307 regno

418 3337 531 3376 usu
561 3320 742 3385 venit,
772 3325 839 3375 ut
868 3335 1004 3375 cum
1065 3320 1364 3392 quispiam
1396 3339 1630 3388 eorum,
1689 3323 1790 3394 qui
1823 3324 2076 3379 subsunt

417 3415 644 3483 peccat,
679 3426 799 3464 non
830 3414 949 3464 tam
983 3410 1169 3464 alium
1203 3426 1384 3481 quam
1433 3411 1696 3483 seipsum
1728 3413 1905 3469 laedat
1936 3433 1949 3480 ;
1979 3414 2074 3468 sin

417 3505 616 3556 autem
649 3515 752 3554 rex
783 3499 908 3570 ipse
941 3504 1363 3571 peccet.totum
1394 3517 1645 3572 regnum
1676 3500 2076 3558 labefactatac

416 3590 775 3646 detrimento
807 3588 1482 3660 afficit.Quapropter,ut
1511 3590 1783 3664 ingentes
1812 3592 2075 3647 rationes

411 3678 835 3748 redditurus,si
868 3679 1012 3750 quid
1034 3695 1240 3733 eorum
1263 3697 1393 3751 qua)
1426 3697 1574 3751 opus
1606 3681 2076 3753 sintprzetermi-

419 3768 812 3841 seris,magno
847 3767 1042 3823 studio
1056 3785 1391 3840 magnaque
1411 3786 1554 3825 cura
1567 3770 1642 3825 tei
1650 3788 1824 3842 psum
1844 3772 1903 3826 in
1920 3772 2075 3826 bono

419 3857 1040 3929 custodi,voluptatem
1071 3874 1312 3913 omnem
1342 3859 1415 3914 ad
1447 3865 1756 3931 peccatum
1774 3865 1831 3917 te
1848 3866 2077 3933 pertra-

421 3949 666 4004 hentem
696 3947 830 4002 odio
863 3947 1283 4003 insectare.Ait
1312 3950 1473 4004 enim
1497 3951 2079 4020 Apostolus:Pacem

423 4037 737 4094 sectamini
765 4053 900 4092 cum
932 4037 1232 4104 omnibus,
1266 4043 1325 4093 et
1363 4039 1917 4109 sanctificationem,
1949 4043 2077 4098 sine

419 4144 538 4200 qua
557 4143 733 4184 nemo
764 4126 1186 4182 videbitDeum
1209 4128 1363 4197 (Heb.
1397 4131 1515 4199 xu).
1551 4132 1767 4186 Rerum
1786 4132 2080 4188 humana-

422 4235 556 4274 rum
582 4215 874 4273 circulum
895 4216 1320 4281 animadverte,
1349 4234 1466 4288 quo
1499 4224 1672 4290 pacto
1704 4221 1982 4277 videlicet
2015 4223 2077 4277 in

419 4308 626 4364 orbem
653 4305 943 4373 volvatur,
995 4305 1145 4361 alias
1174 4311 1350 4377 atque
1387 4307 1458 4356 nl}
1489 4327 1532 4357 m
1593 4309 1708 4362 alio
1749 4316 1928 4381 atque
1960 4311 2076 4366 alio

423 4397 601 4453 modo
626 4413 728 4452 eas
758 4395 958 4450 ferens
989 4411 1057 4450 ac
1079 4400 1367 4464 torquens
1401 4417 1412 4462 ;
1442 4398 1709 4468 iiiuthlle
1741 4400 2078 4465 stude,utin

422 4486 584 4540 varia
601 4503 803 4540 earum
819 4485 1146 4540 mutatione
1170 4486 1332 4555 pium
1356 4487 1621 4540 animum
1639 4494 1980 4544 constanter
1993 4509 2081 4545 re-

427 4573 947 4642 tineas.Siquidem
969 4587 1088 4626 una
1119 4587 1254 4626 cum
1284 4573 1463 4628 rebus
1489 4577 1864 4644 commutari,
1882 4577 2079 4633 dubias

423 4667 601 4734 atque
616 4638 914 4716 instabilis
931 4661 1149 4716 mentis
1179 4668 1594 4734 argumentum
1619 4666 1813 4719 est.Tu
1835 4638 1970 4721 vero
1989 4667 2079 4723 fac
2105 4638 2154 4703 D

420 4751 484 4808 in
513 4751 729 4806 virtute
755 4750 964 4805 ﬁrmus
997 4750 1174 4819 sis,ac
1203 4768 1450 4822 prorsus
1480 4751 1798 4808 stabilitus.
1834 4755 1916 4811 Ob
1937 4762 2082 4812 tem-

420 4842 720 4916 porariam
735 4839 1089 4896 etcaducam
1115 4840 1364 4912 gloriam
1397 4842 1560 4897 inani
1585 4846 2078 4905 tumoreminime

423 4931 721 4989 insolesce
753 4948 769 4999 ;
802 4945 1030 4998 verum,
1088 4937 1405 5004 repurgato
1433 4931 1658 5002 animo,
1701 4939 1930 4992 naturae
1962 4942 2079 4993 tum

498 5130 612 5200 (14)
645 5124 868 5200 Paulus
897 5124 961 5180 in
992 5123 1152 5200 fictis
1173 5124 1496 5200 apostolor.
1530 5145 1625 5197 xx,
1646 5131 1743 5200 28.

2183 1968 2378 2034 στολος
2454 1976 2561 2046 (14)
2649 1971 3071 2051 διεμαρτύρατο.
3131 1975 3379 2052 Πρόδεχε
3446 1980 3659 2048 σεαυτῷ
3742 1974 3825 2030 καὶ

2179 2062 2333 2116 παντὶ
2365 2066 2444 2135 τῷ
2474 2083 2739 2138 ποιμνιῳ,
2771 2063 2824 2120 ἐν
2851 2064 2896 2138 ᾧ
2929 2086 2987 2120 σε
3015 2065 3076 2120 τὸ
3136 2069 3350 2138 Πνεῦμα
3377 2066 3439 2120 τὸ
3493 2066 3654 2140 ἅγιον
3686 2063 3826 2120 ἔθετο

2185 2150 2435 2227 βασιλέα,
2468 2153 2778 2227 ποιμαίνειν
2833 2155 2897 2210 τὸ
2954 2153 3082 2210 λαὸν
3141 2159 3238 2211 τοῦ
3297 2154 3498 2231 Κυρίου
3557 2155 3619 2210 ὅν
3678 2175 3826 2231 περι·

2181 2243 2479 2312 εποιήσατο
2513 2241 2601 2298 διὰ
2629 2247 2725 2299 τοῦ
2753 2243 2984 2318 α’ίματος
3007 2248 3104 2299 τοῦ
3161 2241 3331 2300 ἳδίου.
3366 2244 3471 2301 Καὶ
3501 2243 3684 2308 καθὼς
3727 2245 3825 2320 πρὸ

2182 2328 2320 2405 ἐμοῦ
2353 2330 2526 2408 ἔγνως
2550 2333 2644 2388 τὸν
2676 2335 2805 2389 Θεὸν
2837 2335 2930 2389 καὶ
2961 2332 3288 2411 έλάτρευσας
3318 2334 3469 2407 αὐτῷ
3501 2333 3552 2390 ἄν
3614 2335 3825 2408 καθαρῷ

2182 2419 2469 2495 συνειδότι,
2503 2422 2646 2479 οὕτω
2685 2425 2775 2479 καὶ
2823 2428 2916 2478 νῦν
2973 2421 3199 2480 πλείονα
3257 2421 3502 2494 σπουδὴν
3537 2421 3826 2480 ἐνδείκνυσο

2185 2511 2538 2590 εὐαρεστῆσαι
2577 2513 2746 2587 αὐτῷ.
2801 2515 2891 2578 Ὠς
2943 2515 3043 2592 γάρ
3111 2515 3201 2569 καὶ
3285 2513 3530 2589 μεγάλης
3597 2514 3825 2586 ἠξιώθης

2184 2604 2335 2678 παρά
2379 2608 2478 2659 τοῦ
2536 2609 2674 2659 Θεοῦ
2729 2603 2930 2680 ἀρχῆς,
2989 2606 3236 2678 τοσούτῳ
3293 2604 3542 2678 μείζονος
3600 2596 3824 2678 ἀμοιϐῆς

2185 2691 2474 2769 ὀφειλέτης
2502 2693 2784 2772 ὑπάρχεις.
2820 2695 3030 2752 Οὐκοῦν
3065 2693 3269 2756 ἀπόδος
3328 2698 3410 2767 τῷ
3469 2693 3712 2770 εὐεργέτῃ
3764 2691 3821 2747 τὸ

2186 2787 2357 2858 χρέος
2388 2787 2487 2852 τῆς
2519 2783 2894 2860 εὐχαριστίας,
2950 2785 3046 2847 τὰς
3103 2783 3263 2860 ἁγίας
3317 2783 3486 2839 αὐτοῦ
3544 2781 3816 2859 φυλάσσων

2184 2870 2407 2935 ἐντολὰς
2438 2873 2529 2928 καὶ
2559 2873 2736 2945 πάσης
2769 2873 3030 2929 ἐκκλίνων
3091 2872 3220 2930 ὁδοῦ
3272 2872 3350 2936 εἷς
3409 2873 3677 2928 ἀπώλειαν
3733 2891 3816 2948 φε-

2186 2961 2415 3038 ρούσης.
2460 2969 2662 3039 Ὠσπερ
2719 2962 2821 3040 γὰρ
2880 2962 2970 3019 ἐπὶ
3025 2968 3134 3018 τῶν
3192 2963 3494 3036 πλεόντων,
3548 2963 3665 3018 ὅταν
3723 2960 3812 3032 μὲν

2183 3051 2388 3121 ναύτης
2411 3049 2592 3130 σφαλῇ
2628 3054 2761 3126 (15),
2799 3053 2998 3129 μικρὰν
3029 3053 3178 3132 φέρει
3234 3060 3352 3116 τοῖς
3407 3053 3625 3109 πλέουσι
3679 3047 3807 3125 βλά-

2190 3137 2318 3212 6ην’
2354 3141 2480 3196 ὅταν
2530 3139 2587 3197 δὲ
2639 3143 2668 3197 6
2721 3137 3083 3218 κυϐερνήτης,
3146 3145 3342 3205 παντὸς
3395 3143 3661 3218 ἐργάζεται
3713 3141 3803 3192 τοῦ

2185 3230 2388 3286 πλοίου
2418 3230 2720 3286 ἀπώλειαν·
2755 3231 2898 3286 οὓτω
2927 3233 3015 3287 xui
3057 3232 3109 3287 ἐν
3147 3231 3457 3307 βασιλείοις,
3517 3228 3576 3285 ἄν
3617 3228 3704 3302 μέν
3728 3247 3810 3288 τις

2184 3324 2292 3375 τῶν
2327 3318 2652 3394 ἀρχομένων
2680 3320 2897 3396 ἁμάρτῃ
2930 3323 3060 3392 (16),
3121 3321 3185 3377 οὐ
3236 3325 3489 3376 τοσοῦτον
3528 3321 3589 3374 τὸ
3643 3317 3818 3372 κοινὸν

2185 3412 2339 3467 382
2371 3407 2496 3464 ὅσον
2549 3411 2739 3465 ἑαυτὸν
2769 3407 2966 3480 ἀδικεῖ,
3026 3410 3087 3465 ἂν
3149 3409 3206 3466 δὲ
3264 3410 3423 3472 αὐτὸς
3481 3411 3508 3464 6
3557 3405 3825 3486 βασιλεὺς,

2183 3499 2362 3570 πάσης
2395 3498 2674 3575 ἐργάζεται
2704 3506 2805 3570 τῆς
2837 3501 3122 3562 πολιτείας
3160 3495 3399 3575 βλάϐην.
3455 3501 3545 3561 Ὠς
3605 3495 3828 3574 μεγάλας

2187 3589 2279 3642 οὖν
2345 3589 2549 3666 ὑφέξων
2603 3589 2850 3660 εὐθύνας,
2912 3587 2959 3644 εἳ
3013 3611 3065 3644 τι
3123 3587 3376 3665 παρίδοις
3429 3593 3537 3644 τῶν
3589 3585 3831 3656 δεόντων,

2191 3678 2326 3751 μετά
2355 3676 2575 3746 πολλῆς
2609 3673 2886 3752 ἀκριϐείας
2917 3678 3156 3750 φύλαττε
3187 3679 3411 3734 σεαυτὸν
3471 3677 3524 3732 ἐν
3582 3681 3659 3748 τῷ
3708 3675 3829 3752 ἀγα-

2188 3772 2289 3840 θῷ.
2325 3768 2573 3838 Μίσησον
2606 3774 2778 3822 πᾶσαν
2807 3766 3013 3838 ἡδονήν
3046 3769 3184 3843 πρὸς
3239 3767 3512 3845 ἁμαρτίαν
3553 3765 3828 3822 ἕλκουσαν

2188 3859 2320 3938 φησὶ
2354 3858 2457 3934 γάρ
2491 3859 2519 3914 ὁ
2547 3857 2890 3924 Ἀποστολος
2920 3864 3048 3934 (17)·
3111 3859 3355 3933 Εἰρήνην
3421 3858 3650 3915 διώκετε
3709 3858 3837 3933 μετὰ

2186 3952 2426 4020 πάντων,
2457 3949 2546 4004 καὶ
2576 3951 2668 4004 τὸν
2705 3951 2998 4025 ἁγιασμὸν,
3061 3950 3121 4004 οὗ
3183 3949 3364 4027 χωρὶς
3413 3947 3600 4010 οὐδεὶς
3655 3949 3837 4023 ’ὀψεται

2184 4040 2276 4095 τὸν
2310 4039 2529 4114 Κύριον.
2570 4040 2681 4095 Τὸν
2737 4039 2940 4095 κύκλον
3001 4040 3268 4115 πρόσεχε,
3322 4040 3472 4103 ὅστις
3528 4042 3840 4117 περιτρέχει

2187 4133 2291 4184 τῶν
2323 4128 2682 4205 ἀνθρωπίνων
2741 4129 3101 4206 πράγμάτων,
3166 4127 3369 4186 ἃλλοτε
3423 4127 3620 4194 ἄλλως
3674 4131 3844 4210 φέρων

2187 4220 2326 4274 αὐτὰ
2354 4220 2443 4273 xui
2479 4221 2805 4296 περιφέρωνο
2852 4221 2944 4274 καὶ
3001 4217 3055 4274 ἐν
3111 4223 3179 4294 τῇ
3235 4220 3444 4275 τούτων
3485 4220 3848 4300 ἀγχιστρόφῳ

2191 4303 2472 4382 μεταϐολῇ
2504 4303 2892 4382 ἀμετάϐλητον
2921 4302 3016 4384 ἔχε
3053 4308 3144 4364 τὸν
3180 4305 3378 4379 εὐσεϐῆ
3406 4308 3690 4386 λογισμόν
3721 4315 3847 4386 (18).

2187 4400 2257 4453 Τὸ
2314 4398 2414 4474 γάρ
2485 4393 3039 4471 συμμεταϐάλλεσθαι
3123 4405 3244 4461 ταῖς
3338 4404 3446 4454 τῶν
3507 4402 3850 4476 πραγμάτων

2191 4483 2542 4558 μεταϐολαῖς,
2577 4485 2823 4546 διανοίας
2857 4482 3119 4542 ἀϐεϐαίου
3141 4490 3466 4564 τεκμήριον,
3504 4490 3588 4545 Σὺ
3636 4490 3695 4546 δὲ
3751 4490 3852 4546 πά-

2185 4596 2303 4651 γιος
2332 4574 2445 4647 ἓσο,
2481 4575 2533 4631 έν
2570 4581 2649 4648 τῷ
2678 4575 2870 4650 ἀγαθῷ
2927 4575 3072 4639 ὅλως
3137 4575 3527 4653 ἐρηρεισμένος
3566 4583 3705 4654 (19),
3763 4582 3853 4650 Μὴ

2189 4664 2421 4740 ἐπαίρου
2482 4662 2572 4720 διὰ
2619 4672 2719 4734 τῆς
2780 4664 3124 4741 προσκαίρου
3187 4665 3348 4740 δόξης
3407 4667 3552 4743 πρὸς
3629 4672 3855 4746 μάταιον

2190 4756 2438 4832 φύσημα·
2489 4753 2637 4810 ἀλλὰ
2682 4756 3073 4830 κεκαθαρμένῳ
3132 4754 3389 4831 λογισμῷ
3443 4758 3508 4812 τὸ
3573 4757 3856 4816 οὐτιδανὸν

2186 4853 2286 4916 τῆς
2318 4845 2510 4901 ἑαυτοῦ
2540 4845 2650 4899 νόει
2683 4844 2916 4923 φύσεως,
2948 4846 3011 4901 τὸ
3041 4846 3224 4922 βραχύ
3289 4867 3349 4902 τε
3402 4846 3492 4902 καὶ
3559 4849 3857 4925 ὠκύμορον

2187 4938 2286 5006 τῆς
2317 4932 2548 4999 ἐνταῦθα
2581 4937 2726 5004 ζωῆς
2769 4935 2859 4990 xui
2926 4936 3018 4991 τὸν
3081 4937 3508 5012 συνεζευγμένον
3569 4943 3642 5014 τῇ
3703 4942 3859 5016 σαρκὶ

500 5193 611 5285 (15)
643 5201 709 5285 ᾼ,
745 5193 948 5285 σφᾶληΙ.
983 5193 1418 5285 β,.σφαλ’ῆ.¹ῌδί
1447 5203 1505 5254 et
1535 5193 1716 5276 σφαλῇ
1750 5202 1906 5285 apud
1939 5206 2071 5276 Aga]

2183 5221 2266 5260 1m
2293 5220 2350 5285 ε.
2421 5207 2506 5261 10.
2567 5220 2745 5285 quem
2795 5209 3003 5261 noster
3063 5205 3399 5277 descripsit.
3462 5206 3554 5262 Ibi
3608 5210 3866 5285 diligens

427 5269 1360 5347 adnotator_Damken_iusnostri
1394 5269 1589 5347 locum
1621 5269 1899 5347 apposuit
1929 5291 1959 5329 e
1990 5269 2261 5330 versione
2293 5269 2688 5347 Trapezuiftii.

497 5344 608 5420 (16)
634 5345 703 5407 Α,
736 5340 990 5420 ungit-0t.
1019 5340 1886 5420 l’rmtuliscripturamcodicis
1914 5347 1974 5410 C,
1994 5364 2071 5420 qu

2243 5355 2303 5403 et
2346 5340 2641 5420 Agapetus
2704 5348 3194 5420 habet.ﬂ_Ubique
3283 5370 3316 5417 η
3379 5355 3438 5404 et
3484 5369 3536 5403 οι
3593 5355 3870 5410 confudit

418 5412 1194 5502 jot‘acismus.‘“Illieopliilu‘s
1215 5412 1630 5502 diemdiem“.
1666 5417 1836 5502 t3qus
1865 5412 2142 5502 res‘hoq'zo
2169 5412 2487 5502 similis-Cp;
2538 5422 2606 5475 2'3
2640 5437 2652 5502 ς

2714 5418 2830 5490 Οὐκ
2873 5417 3039 5474 οἷ’δειν
3095 5420 3200 5481 ἕως
3255 5423 3358 5474 τοῦ
3410 5423 3502 5474 νῦν
3559 5422 3648 5479 ὃτι
3709 5427 3868 5490 οὗτος

426 5480 762 5573 ἰστιΙζιικρὸς
795 5485 821 5537 ὁ
851 5480 1099 5550 Θάνατος.
1130 5483 1320 5540 Codex
1357 5489 1491 5541 1013
1526 5492 1687 5543 tenet
1717 5480 1880 5542 οἷ’δειν
1916 5495 1975 5544 et
2030 5489 2071 5544 oi

2183 5511 2212 5561 :,
2239 5480 2384 5564 Lege
2418 5480 2569 5566 ᾔδειν
2601 5498 2659 5547 et
2690 5489 2887 5553 οὕτως.
2943 5525 3006 5534 —-
3051 5480 3194 5550 Mox,
3233 5494 3295 5559 C,
3357 5491 3620 5567 παρίδῃς.
3657 5480 3866 5573 Agap.,

433 5551 831 5840 παξίξῖἓρὶει.
864 5623 938 5678 ad
967 5623 1142 5679 Hebr.
1165 5643 1264 5696 xu,
1292 5629 1378 5682 14.

532 5697 614 5764 18)
646 5696 926 5766 Sequitur
941 5696 1183 5766 Agapet.
1217 5714 1267 5752 c.
1293 5699 1378 5754 11.

527 5768 612 5838 1ο)
633 5765 800 5822 Conf.
827 5766 1070 5836 Agapet.
1099 5783 1150 5820 ο.
1186 5769 1273 5824 13.

532 5697 614 5764 18)
646 5696 926 5766 Sequitur
941 5696 1183 5766 Agapet.
1217 5714 1267 5752 c.
1293 5699 1378 5754 11.

527 5768 612 5838 1ο)
633 5765 800 5822 Conf.
827 5765 1081 5836 Agapet.’
1099 5783 1150 5820 ο.
1186 5769 1273 5824 13.
