4112 6396
349 402 491 459 1205

1525 408 1695 461 VITA
1735 402 2083 460 ΒΔΕΙιΔΔΠ
2117 404 2215 457 ΒΤ
2246 405 2585 459 «ΙΟΔΒΔΡΗ.

3642 403 3780 459 1206

343 530 595 585 θάνατον.
658 527 758 582 Καὶ
812 533 981 583 ταῦτα
1037 528 1394 605 λογιζόμενος
1450 530 1526 592 εἷς
1578 530 1670 585 τὸν
1697 535 1798 597 τῆς
1833 528 1998 602 ὓπερ-

2118 528 2402 585 vilitatem
2426 532 2894 605 cogita,vitaaque
2910 535 3090 606 hujus
3105 533 3451 589 brevitatem
3467 536 3643 605 atque
3664 534 3769 588 ad-

345 617 503 691 οῴίας
529 616 590 671 ού
619 615 880 691 βληθήσῃ
909 617 1106 691 βόθρον
1128 616 1414 689 (20),ἀλλᾶ
1430 614 1724 694 φοϐηθήσῃ
1747 618 1837 671 τὸν
1856 617 2007 685 Θεὸν,

346 707 438 763 τὸν
490 706 752 776 ἀληθινὸν
787 708 877 761 καὶ
924 706 1239 776 ἐπουράνιον
1277 708 1522 781 βασιλέα,
1567 708 1656 762 καὶ
1700 704 1867 767 ὅντως
1906 728 2008 779 μα-

346 796 539 868 κάριος
782 795 1075 870 Μακάριοι,
1156 798 1257 871 γὰρ
1331 812 1461 874 φησι
1514 800 1650 870 (21),
1710 796 1903 856 πάντες
1957 796 2009 849 οἱ

346 882 686 961 φοϐούμενοι
716 888 806 941 τὸν
842 892 1074 961 Κύριον,
1129 887 1179 940 οἱ
1229 886 1590 961 πορευόμενοι
1627 886 1678 941 ὲν
1709 892 1827 949 ταῖς
1858 883 2008 946 ὁδοῖς

348 977 541 1030 αὐτοῦ·
576 978 688 1031 καὶ’
752 976 1036 1049 Μακάριος
1094 980 1199 1046 (22)
1258 976 1397 1049 ἀνὴρ
1456 977 1483 1030 ὀ
1536 973 1881 1052 φοϐούμενος
1914 975 2004 1029 τὸν

346 1066 574 1140 Κύριον’
637 1066 688 1121 ἐν
745 1072 865 1127 ταῖς
926 1064 1179 1128 ἐντολαῖς
1255 1066 1420 1121 αὐτοῦ
1485 1066 1703 1135 θελήσει
1776 1063 2003 1143 σφόδρα.

350 1156 521 1218 Ποίας
572 1153 630 1209 δὲ
706 1156 812 1229 πρὸ
891 1156 1109 1210 πάντων
1198 1154 1438 1228 ὀφείλεις
1498 1162 1683 1227 τηρεῖν
1740 1154 2002 1222 ἐντολαςς

350 1250 504 1304 888
530 1248 807 1321 Μακάριοι
841 1250 954 1319 (23)
988 1248 1040 1301 οἱ
1070 1244 1388 1319 ἐλεήμονες,
1445 1246 1528 1301 ὅτι
1587 1246 1741 1301 αὐτοὶ
1768 1246 2007 1315 ἐλεηθή-

338 1355 546 1390 σονται·
604 1336 716 1390 καὶ·
779 1335 994 1399 Γίνεσθε
1052 1340 1159 1407 (24)
1218 1335 1581 1407 οἰκτίρμονες,
1638 1335 1711 1397 ὡς
1755 1336 1783 1390 6
1817 1336 2003 1408 Πατὴρ

340 1426 493 1498 ὑμῶν
557 1426 585 1479 6
645 1426 903 1498 ούρανιος
965 1425 1267 1499 οἰκτίρμων
1324 1423 1459 1481 ἐστί.
1516 1424 1728 1494 Ταύτην
1769 1425 1870 1499 γὰρ
1900 1426 2000 1493 τήν

336 1514 569 1582 ἐντολὴν
602 1514 709 1589 πρὸ
740 1513 957 1569 πάντων
987 1515 1340 1569 ἀπαιτοῦνται
1389 1515 1441 1568 οἱ
1491 1513 1542 1567 έν
1602 1514 1822 1588 μεγίστῃ
1850 1509 2002 1574 ὄντες

345 1604 520 1678 ἀρχῇ.
555 1604 657 1660 Καὶ
690 1603 915 1674 ἀληθῶς
948 1605 974 1658 6
1006 1602 1256 1677 μεγάλης
1306 1602 1548 1673 ἐξουσίας
1599 1598 2000 1675 ἐπιλαϐόμενος

348 1693 441 1747 τὸν
503 1690 707 1767 δοτῆρα
760 1700 861 1762 τῆς
922 1693 1168 1764 ἐξουσίας
1249 1692 1458 1770 ὀφείλει
1522 1698 1805 1765 μιμεῖσθαι
1864 1693 2000 1746 κατὰ

346 1780 598 1855 δύναμιν·
634 1782 685 1838 ἐν
716 1783 896 1855 τούτῳ
946 1781 1005 1837 δὲ
1066 1780 1306 1855 μάλιστα
1353 1784 1445 1837 τὸν
1505 1783 1634 1837 Θεὸν
1675 1784 1993 1855 μιμήσεται,

2113 619 2387 689 junctam
2412 622 2573 675 carni
2592 629 2843 678 mortem
2869 625 3222 696 cogita.llaec
3246 623 3405 677 enim
3422 624 3467 676 si
3489 622 3770 677 conside-

2119 725 2235 775 res,
2256 710 2317 764 in
2342 712 2681 781 superbiam
2703 714 3165 785 haudquaquam
3189 713 3435 778 incides,
3461 712 3563 765 sed
3588 714 3772 766 Deum

2118 814 2322 853 verum
2345 816 2411 854 ac
2438 801 2738 855 caelestem
2761 805 2973 875 Regem
2995 809 3243 864 metues,
3264 803 3465 871 sicque
3490 802 3772 871 praeclare

2118 904 2187 943 ac
2217 888 2473 942 feliciter
2507 897 2699 944 tecum
2730 898 2952 961 agetur.
2989 893 3149 946 Beati
3182 890 3364 955 enim,
3398 891 3595 960 inquit
3643 890 3765 955 ille,

2118 994 2327 1032 omnes
2358 979 2459 1048 qui
2495 979 2709 1034 timent
2740 982 3077 1045 Dominum,
3102 981 3203 1050 qui
3236 979 3547 1034 ambulant
3568 979 3627 1032 in
3662 980 3772 1032 viis

2117 1068 2246 1138 ejus
2270 1069 2439 1136 (l’sal.
2465 1076 2717 1135 cxxvm).
2742 1072 2823 1124 Ac
2846 1087 3116 1125 rursum:
3138 1071 3350 1123 Beatus
3374 1068 3459 1129 vir
3476 1069 3576 1138 qui
3602 1069 3773 1121 timet

2116 1157 2455 1223 Dominum,
2481 1158 2541 1211 in
2574 1158 2871 1212 mandatis
2903 1160 3031 1229 ejus
3055 1158 3213 1212 volet
3234 1158 3415 1211 nimis
3437 1156 3605 1226 (Psal.
3632 1166 3766 1223 cm).

2114 1246 2396 1310 Quasnam
2419 1253 2616 1300 autem
2641 1264 2762 1317 pra)
2785 1248 3015 1301 caeteris
3037 1252 3334 1317 praicepta
3361 1246 3466 1299 tibi
3486 1245 3774 1299 servanda

2114 1335 2255 1400 sint,
2278 1336 2417 1389 audi
2446 1353 2457 1388 :
2484 1336 2645 1390 Beati
2675 1335 3119 1402 misericordes,
3145 1336 3426 1404 quoniam
3457 1334 3568 1404 ipsi
3590 1334 3772 1388 mise-

2112 1424 2434 1478 ricordiam
2456 1431 2903 1495 consequentur
2921 1427 3108 1495 (Lucae
3132 1426 3226 1493 γι).
3251 1427 3331 1477 Ac
3356 1440 3594 1476 rursum
3620 1440 3631 1475 :
3657 1425 3769 1477 Es-

2112 1519 2233 1567 tote
2256 1514 2695 1578 misericordes,
2722 1515 2875 1569 sicut
2898 1520 2957 1568 et
2973 1516 3147 1568 Pater
3165 1518 3358 1566 vester
3381 1512 3636 1566 cmlestis
3661 1513 3768 1565 mi-

2112 1605 2365 1659 sericors
2384 1611 2489 1659 est.
2510 1606 2627 1660 Hoc
2646 1607 2806 1660 enim
2830 1611 3193 1676 praeceptum
3212 1604 3370 1658 abiis
3390 1602 3767 1673 potissimum

2112 1695 2451 1765 exposcitur
2464 1696 2565 1765 qui
2588 1696 2648 1749 in
2670 1712 2800 1750 sum
2810 1694 3168 1765 moimperio
3184 1692 3491 1747 constituti
3516 1697 3672 1745 sunt.
3684 1694 3765 1746 Ac

2110 1800 2251 1838 sane
2275 1784 2376 1853 qui
2398 1800 2675 1855 magnam
2701 1785 3031 1855 potentiam
3054 1789 3263 1837 nactus
3294 1788 3402 1847 est,
3433 1798 3569 1835 eum
3591 1797 3624 1834 a
3646 1798 3762 1851 quo

341 1871 395 1926 ἂν
421 1877 502 1943 τῷ
535 1870 705 1943 μηδὲν
756 1874 1011 1947 ἡγεῖσθαι
1059 1876 1155 1926 τοῦ
1205 1872 1375 1927 ἐλεεῖν
1426 1872 1824 1946 προτιμότερον
1858 1878 1994 1944 (2E3).

2110 1873 2452 1944 hujusmodi
2476 1874 2803 1944 potentiam
2819 1874 3016 1944 accepi
3028 1878 3048 1926 t
3060 1890 3163 1943 pro
3178 1871 3401 1925 viribus
3420 1871 3521 1924 imi
3534 1870 3638 1923 tari
3660 1870 3766 1924 de-

338 1960 520 2017 Ἀλλά
548 1963 636 2016 καὶ
669 1963 732 2016 τὸ
769 1963 1011 2032 ὑπήκοον
1051 1958 1205 2016 οὐδὲν
1254 1960 1427 2021 οὕτως
1476 1960 1549 2022 εἷς
1589 1958 1795 2015 εὔνοιαν
1832 1960 1993 2038 ἐφέλ-

333 2071 509 2122 κεται,
559 2051 634 2113 ὡς
682 2051 931 2113 εὐποιῗας
978 2052 1143 2126 χάρις
1196 2048 1457 2122 διδομένη
1507 2056 1624 2112 τοῖς
1669 2051 1992 2125 χρῄζουσιν·

346 2141 512 2214 ἡγὰρ
554 2138 646 2195 διὰ
699 2136 873 2218 φόϐον
929 2140 1191 2215 γινομένη
1252 2140 1525 2214 Θεραπεία,
1585 2160 1997 2213 κατεσχηματι-

340 2228 515 2299 σμένη
598 2227 711 2284 ἐστὶ
788 2231 1015 2298 θωπεία,
1094 2227 1461 2301 πεπλασμένῳ
1530 2236 1698 2300 τιμῆς
1767 2229 1996 2301 ὅνόματι

335 2316 700 2393 φενακίζουσα
726 2317 856 2375 τοὺς
877 2318 1016 2391 αὐτῇ
1052 2317 1451 2392 προσέχοντας·
1497 2317 1587 2371 καὶ
1634 2319 1696 2372 τὸ
1730 2317 1997 2378 ἀκουσίως

334 2406 776 2481 ὑποτεταγμένον
831 2408 1102 2475 στασιάζει
1175 2410 1369 2480 καιροῦ
1428 2401 1758 2478 λαϐόμενον·
1816 2407 1879 2460 τὸ
1939 2404 1997 2460 δὲ

329 2499 451 2555 τοῖς
512 2491 739 2566 δεσμοῖς
788 2502 889 2563 τῆς
946 2494 1157 2557 εὐνοίας
1216 2494 1585 2567 κρατούμενον
1625 2490 1843 2568 βεϐαίαν
1876 2489 1995 2569 ἔχει

334 2584 471 2658 πρὸς
521 2584 584 2638 τὸ
633 2589 863 2657 κρατοῦν
914 2587 1012 2654 τήν
1064 2584 1364 2655 εὐπείθειαν
1415 2588 1546 2657 (26).
1597 2585 1690 2638 Διὸ
1741 2584 1996 2658 εὐπρόσι-

331 2694 425 2736 τος
456 2667 547 2727 ἔσο
594 2678 713 2735 τοῖς
773 2671 1080 2745 δεομένοις,
1138 2673 1228 2728 καὶ
1287 2671 1470 2747 ἄνοιγε
1501 2674 1567 2727 τὰ
1597 2676 1705 2744 (27)
1733 2672 1845 2727 ὦτα
1872 2679 1991 2736 τοῖς

331 2762 681 2837 πενομένοις,
714 2763 804 2818 ἳνα
836 2763 999 2839 εὕρῃς
1046 2768 1146 2833 τὴν
1194 2768 1292 2819 τοῦ
1341 2768 1474 2819 Θεοῦ
1505 2764 1674 2831 ἀκοὴν
1707 2763 1995 2838 ἀνεῳγμέ-

332 2871 457 2923 νην·
496 2856 606 2907 οἴοι
657 2854 760 2927 γὰρ
814 2859 934 2917 τοῖς
991 2855 1285 2929 ἡμετέροις
1342 2854 1608 2927 γινόμεθα
1638 2852 1989 2922 συνδούλοις,

334 2946 587 2998 τοιοῦτον
637 2943 763 3018 περὶ
824 2945 974 3015 ἡμᾶς
1030 2943 1332 3017 εὐρήσομεν
1404 2943 1494 2997 τὸν
1557 2941 1849 3012 δεσπότην,
1904 2944 1993 2997 καὶ

333 3033 412 3094 ὡς
472 3031 742 3104 ἀκούομεν
804 3033 1256 3105 ἀκουσθησόμεθα
1311 3032 1384 3093 ὡς
1442 3033 1656 3106 ὁρῶμεν
1717 3033 1992 3106 ὁραθησό-

324 3123 467 3194 μεθα
527 3122 633 3176 ὑπὸ
688 3126 790 3177 τοῦ
870 3121 1017 3185 θείου
1093 3122 1185 3177 καὶ
1244 3122 1588 3196 παντεφόρου
1648 3121 1993 3197 βλέμματος.

2108 1962 2351 2016 bet.Hac
2375 1980 2549 2032 porro
2570 1964 2631 2017 in
2654 1980 2715 2017 re
2738 1965 2923 2018 Deum
2940 1962 3199 2017 maxime
3221 1960 3628 2025 imitabitur,si
3652 1959 3765 2012 mi—

2101 2050 2424 2105 sericordia
2442 2052 2591 2105 nihil
2610 2053 2804 2121 potius
2822 2052 3126 2121 antiquius
3145 2050 3511 2104 habeat.l:luc
3527 2048 3761 2102 accedit

2102 2141 2261 2211 quod
2283 2142 2551 2196 subditos
2573 2143 2725 2196 nihil
2748 2159 2916 2212 asque
2942 2142 3017 2196 ad
3039 2141 3521 2195 benevolentiam
3547 2140 3755 2205 allicit,

2105 2235 2172 2284 ut
2201 2231 2476 2286 beneficii
2509 2233 2698 2303 gratia
2729 2233 3037 2303 egentibus
3066 2248 3368 2286 concessa.
3406 2232 3551 2284 Nam
3581 2231 3762 2284 obse—

2101 2319 2310 2389 quium
2358 2320 2508 2375 illud
2540 2321 2698 2391 quod
2742 2338 2812 2375 ex
2852 2327 3015 2375 metu
3045 2322 3255 2385 oritur,
3285 2319 3637 2373 adumbrata
3672 2324 3765 2373 est

2101 2408 2502 2479 adulatio,per
2525 2411 2728 2464 ﬁctum
2750 2411 2996 2464 honoris
3014 2408 3364 2463 vocabulum
3385 2424 3485 2461 eos
3507 2409 3608 2477 qui
3632 2408 3763 2462 ani-

2099 2514 2266 2552 mum
2297 2499 2409 2568 ipsi
2457 2498 2769 2569 adjiciunt,
2806 2498 3125 2553 ludiﬁcans
3156 2514 3225 2552 ac
3272 2496 3760 2551 cirumscribens.

2098 2589 2289 2657 Atque
2323 2588 2372 2641 is
2400 2588 2500 2657 qui
2536 2589 2716 2642 invito
2749 2589 2948 2643 animo
2978 2592 3164 2658 paret,
3194 2585 3396 2641 oblata
3442 2584 3753 2639 occasione

2100 2676 2457 2731 seditionem
2485 2678 2725 2745 excitat;
2753 2677 2854 2747 qui
2878 2682 3075 2732 autem
3100 2675 3531 2731 benevolentia;
3553 2674 3759 2728 vincu-

2101 2766 2175 2821 lis
2200 2766 2559 2820 constrictus
2583 2767 3084 2833 tenetur,firmam
3109 2766 3161 2820 ei
3186 2765 3287 2835 qui
3310 2779 3511 2818 rerum
3535 2763 3763 2834 potitur

2102 2855 2506 2911 obedientiam
2530 2861 2792 2926 praestat.
2824 2858 2961 2922 Quas
2986 2872 3122 2910 cum
3145 2855 3229 2909 ita
3253 2856 3395 2921 sint,
3420 2852 3492 2907 da
3514 2869 3761 2924 operam

2099 2950 2169 3000 ut
2199 2945 2510 3017 egentibus
2540 2945 2735 3001 facilis
2776 2945 2850 3000 ad
2904 2950 2959 3000 te
3000 2960 3273 2999 accessus
3304 2944 3399 3009 sit,
3434 2942 3628 3012 iisque
3662 2942 3764 3013 qui

2101 3037 2306 3108 inopia
2330 3037 2774 3103 conﬂictantur,
2798 3052 2972 3092 aures
2995 3040 3111 3091 tuae
3138 3040 3401 3106 pateant,
3427 3038 3493 3087 ut
3523 3038 3585 3087 tu
3616 3050 3764 3103 quo-

2106 3143 2219 3196 que
2260 3132 2497 3197 apertas
2540 3126 2640 3180 Dei
2682 3142 2858 3181 aures
2896 3125 3186 3180 invenias.
3229 3125 3376 3178 Nam
3417 3122 3625 3193 quales
3649 3139 3760 3178 nos

326 3211 846 3285 Προεισενέγκωμεν
908 3209 999 3265 οῦν
1059 3215 1156 3266 τοῦ
1207 3209 1363 3267 ἐλέου
1416 3212 1508 3266 τὸν
1570 3205 1748 3279 ἔλεον,
1796 3212 1998 3284 ἳνατῷ

2110 3216 2267 3287 ipsos
2289 3216 2589 3270 conservis
2613 3215 3069 3286 praebuerimus,
3090 3214 3272 3269 talem
3295 3212 3473 3268 etiam
3498 3227 3636 3283 erga
3657 3228 3767 3266 nos

321 3299 509 3372 ὁμοίῳ
537 3300 602 3354 τὸ
633 3300 827 3372 ’ὅμοιον
860 3294 1267 3373 ἀντιλάϐωμεν.

2018 3287 2060 3353 C
2100 3304 2422 3359 Dominum
2440 3305 2882 3371 nanciscemur,
2904 3309 2963 3360 et
2978 3300 3481 3373 quemadmodum
3504 3299 3767 3356 audieri-

320 3406 479 3457 mus,
508 3390 842 3460 audiemur,
876 3396 934 3445 et
965 3391 1476 3462 quemadmodum
1508 3391 1854 3459 viderimus,
1888 3410 1924 3448 ε
1954 3393 2153 3448 divino
2186 3399 2245 3448 et
2274 3394 2545 3450 omnium
2576 3410 2777 3448 rerum
2805 3397 3197 3464 conspectore
3219 3391 3389 3446 oculo
3409 3389 3763 3445 videbimur.

320 3480 725 3546 Quamobrem
758 3486 894 3535 ante
922 3481 1396 3537 misericordiam
1425 3481 1901 3537 misericordiam
1932 3482 2328 3551 conferamus,
2357 3489 2423 3538 ut
2450 3483 2644 3539 simile
2672 3498 2777 3553 per
2807 3481 3005 3538 simile
3035 3481 3418 3551 recipiamus.

404 3567 585 3624 Ἀλλὰ
613 3568 705 3622 καὶ
753 3567 935 3641 ἑτέραν
990 3566 1151 3623 ἄκουε
1202 3567 1431 3636 ἐντολὴν
1464 3568 1691 3644 σύζυγον
1723 3574 1824 3638 τῆς
1857 3590 1997 3644 προ-

332 3654 518 3730 τέρας.
577 3656 796 3733 Ἅφετε,
840 3656 931 3711 καὶ
988 3656 1310 3733 ἀφεθήσεται
1378 3659 1529 3731 ὑμῖν
1588 3658 1699 3728 καὶ,
1760 3658 1848 3712 ἐὰν
1886 3661 1997 3731 (28)

335 3743 437 3799 οὐκ
490 3746 644 3802 ³84
700 3745 877 3821 ἀφῆτε
931 3750 1049 3807 τοῖς
1109 3745 1421 3821 ἀνθρώποις
1464 3746 1531 3801 τὰ
1579 3747 1999 3820 παραπτώματα

334 3834 537 3904 αὐτῶν,
587 3832 714 3890 οὐδὲ
746 3836 875 3908 ὑμῖν
926 3837 1121 3913 ἀφήσει
1181 3838 1210 3891 6
1270 3839 1460 3913 Πατὴρ
1496 3838 1651 3910 ὑμῶν
1685 3838 1712 3892 6
1745 3836 1999 3913 οὐράνιος

329 3924 399 3979 τὰ
424 3925 848 4000 παραπτώματα
902 3926 1077 3998 ὑμῶν.
1140 3926 1233 3981 Διὸ
1290 3928 1366 3999 μή
1432 3928 1853 4001 μνησικακήσῃς
1877 3931 1997 3989 τοῖς

331 4012 646 4069 πταίουσινο
700 4013 867 4081 ἀλλὰ,
925 4015 1253 4090 συγγνώμην
1305 4014 1628 4087 αἰτούμενος
1665 4017 2000 4089 ἁμαρτημά-

328 4126 465 4173 των,
500 4104 844 4181 συγγίνωσκε
890 4105 980 4161 καὶ
1034 4105 1197 4169 αὐτὸς
1244 4110 1362 4170 τοῖς
1412 4106 1489 4169 είς
1539 4107 1598 4161 σε
1627 4105 1997 4180 πλημμελοῦ-

339 4215 446 4262 σιν,
482 4193 565 4249 δτι
608 4196 791 4272 ἀφέσει
839 4192 1172 4250 ἀντιδίδοται
1223 4191 1430 4272 ἄφεσις,
1475 4195 1565 4249 καὶ
1597 4198 1664 4268 τῇ
1704 4196 1842 4270 πρὸς
1868 4194 1997 4256 τοὺς

342 4281 693 4354 ὁμοδούλους
743 4286 905 4355 ἡμῶν
955 4283 1277 4358 καταλλαγῇ
1316 4291 1415 4354 τῆς
1460 4282 1786 4353 δεσποτικῆς
1825 4284 1999 4359 ὅργῆς

343 4372 552 4446 γίνεται
606 4370 901 4448 ἀπαλλαγή
962 4376 1097 4446 (29).
1173 4375 1281 4429 Καὶ
1360 4371 1512 4437 αὖθις
1568 4374 1631 4428 τὸ
1689 4373 2002 4445 ἀσυμπαθὲς

338 4462 505 4534 ἡμῶν
556 4460 696 4537 πρὸς
748 4432 874 4524 τοὺς
925 4463 1219 4525 πταίοντας
1266 4462 1616 4539 ἀσύγγνωστα
1665 4468 1816 4518 ποιεῖ
1859 4465 1996 4535 ἡμῖν
2030 4432 2077 4496 D

336 4548 405 4605 τὰ
460 4550 704 4626 ἡμέτερα
758 4552 1091 4625 πταίσματα·
1156 4551 1397 4626 καθάπερ
1447 4552 1661 4615 ἀκούεις
1712 4553 1762 4606 τί
1815 4552 1842 4605 ὁ
1889 4556 1997 4606 τῶν

339 4640 551 4715 μυρίων
601 4642 867 4706 πέπονθεν
919 4640 1211 4717 ὀφειλέτης
1258 4642 1540 4698 ταλάντων
1588 4646 1725 4718 (30),
1762 4647 1830 4717 τῇ
1861 4643 1999 4717 πρὸς

337 4730 432 4786 τὸν
467 4727 767 4786 σύνδουλον
800 4727 1152 4807 ἆσπλαγχνιᾳ
1197 4732 1373 4805 ἑαυτῷ
1418 4734 1518 4802 τὴν
1566 4730 1841 4809 εἴσπραξιν
1872 4732 1997 4787 ἀνα-

404 4884 521 5025 (20)
550 4884 717 4967 Conf.
747 4887 993 5011 Agapet.
1029 4902 1079 4941 c.
1109 4889 1195 4942 14.

404 4959 491 5024 (21
549 4955 733 5011 Dav1d
764 4958 878 5013 Psa
908 5000 920 5012 .
948 4975 1152 5025 cxxvn,
1190 4978 1195 5013 τ

403 4955 517 5025 (21)
549 4955 733 5011 David
764 4955 920 5013 Psa].
948 4975 1152 5027 cxxvn,
1190 4963 1241 5017 1.

403 5030 516 5098 (22)
548 5027 706 5083 Psal.
741 5044 854 5097 cn,
892 5034 941 5084 1.

554 5099 720 5155 Conf.
754 5117 812 5171 p.
848 5102 935 5167 89,
970 5119 1030 5156 n.
1064 5102 1151 5155 81.

558 5172 695 5226 Luc.
731 5189 806 5241 v1,
840 5174 929 5226 36.

430 5101 498 5153 23

432 5173 502 5224 24

432 5245 499 5295 25

433 5316 523 5383 26)
552 5314 998 5387 ConffA’gapet.
1032 5334 1082 5370 c.
1118 5317 1205 5373 35.

506 5099 523 5311 ξ

405 5104 425 5383 Ξ

2180 3572 2333 3637 Quin
2359 3572 2537 3626 etiam
2561 3570 2725 3626 aliud
2754 3587 2992 3641 quoque
3021 3574 3384 3640 praaceptum
3412 3584 3546 3622 cum
3570 3584 3757 3638 supe-

2108 3662 2264 3716 riore
2288 3662 2400 3715 isto
2423 3661 2832 3731 conjunctum,
2856 3659 3091 3730 ipsique
3118 3664 3431 3730 cognatum
3452 3656 3591 3712 audi
3615 3674 3627 3711 :
3659 3658 3760 3711 Di—

2109 3749 2418 3817 mittite,et
2436 3748 2770 3803 dimittetur
2792 3747 2978 3805 vobis.
3004 3745 3175 3811 Quod
3197 3745 3245 3800 si
3268 3761 3389 3799 non
3410 3743 3764 3799 remiseritis

2108 3838 2456 3894 hominibus
2474 3837 2692 3892 delicta
2713 3836 3002 3906 ipsorum,
3026 3851 3138 3892 nec
3169 3837 3343 3889 Pater
3369 3837 3563 3888 vester
3588 3832 3767 3888 coele-

2111 3929 2216 3983 stis
2232 3932 2476 3999 peccata
2496 3931 2691 3981 vestra
2711 3924 2877 3980 vobis
2907 3923 3191 3979 remittet.
3217 3922 3300 3978 Ob
3324 3922 3502 3993 idque
3526 3938 3602 3977 ne
3623 3922 3699 3976 iis
3732 3938 3769 3977 a

2110 4017 2325 4089 quibus
2339 4012 3051 4084 offensusfuerisinjuriaa
3064 4027 3391 4067 memorem
3406 4017 3461 4065 te
3474 4010 3763 4081 praebeas;

2108 4123 2317 4162 verum
2339 4120 2474 4161 cum
2498 4105 2625 4177 ipse
2649 4108 3028 4175 peccatorum
3052 4106 3291 4157 tuorum
3312 4099 3546 4155 veniam
3570 4107 3771 4172 postu-

2110 4198 2217 4267 les,
2242 4196 2315 4251 iis
2345 4195 2520 4249 etiam
2547 4194 2647 4264 qui
2675 4194 2737 4247 in
2763 4198 2820 4248 te
2851 4197 3100 4263 peccant
3125 4191 3380 4263 ignosce.
3408 4189 3765 4244 Remissioni

2111 4287 2270 4342 enim
2282 4284 2557 4340 remissio
2571 4282 3008 4354 rependitur;et
3020 4281 3067 4335 si
3082 4296 3217 4335 cum
3231 4278 3451 4333 nostris
3465 4279 3766 4333 conservis

2110 4378 2172 4431 in
2198 4375 2449 4447 gratiam
2470 4370 3100 4433 redeamus,Dominus
3123 4385 3358 4440 quoque
3382 4384 3550 4422 suam
3568 4369 3631 4422 in
3656 4385 3766 4423 nos

2110 4463 2482 4522 iracundiam
2514 4460 2885 4533 comprimet.
2910 4461 2985 4514 At
3012 4463 3221 4514 contra
3254 4461 3459 4512 nostra
3487 4456 3771 4513 adversus

2110 4573 2209 4611 eos
2225 4555 2323 4626 qui
2341 4553 2569 4624 aliquid
2590 4552 2651 4605 in
2670 4568 2779 4606 nos
2796 4550 3173 4606 admiserunt
3195 4548 3419 4603 saivitia
3433 4549 3545 4607 hoc
3564 4547 3768 4614 efﬁcit,

2109 4650 2178 4701 ut
2205 4644 2464 4716 peccatis
2509 4642 2728 4697 nostris
2776 4640 2945 4695 nulla
2992 4639 3165 4695 venia
3214 4637 3511 4693 tribuatur
3541 4638 3769 4709 (Matth.

2110 4730 2814 4805 xvni).Quemadmodum
2837 4728 3008 4786 audis
3022 4729 3311 4802 quidnam
3329 4727 3418 4784 illi
3436 4728 3538 4801 qui
3561 4728 3771 4784 decem

554 5245 638 5317 Ex
667 5245 928 5317 Agapeto
952 5260 1003 5297 c.
1030 5245 1118 5298 37.
1154 5244 1318 5300 Conf.
1355 5249 1415 5299 et
1442 5243 1518 5299 ad
1549 5243 1908 5299 sententiam
1939 5261 1998 5315 p.
2031 5244 2156 5312 310,
2189 5259 2250 5297 ιι.
2283 5245 2373 5299 40.

408 5380 524 5459 (27)
556 5386 771 5459 Addidi
798 5380 897 5452 ξιξ
921 5394 1161 5443 secutus
1193 5390 1373 5459 Agap.
1408 5404 1536 5459 cap.
1566 5390 1619 5455 8,
1654 5403 1831 5457 quem
1865 5390 2070 5441 noster
2099 5386 2389 5456 sequitur.
2418 5384 2646 5459 Videet
2677 5383 2809 5459 loca
2841 5380 3168 5459 Damkenio
3202 5380 3398 5459 citata.

415 5448 525 5527 (28)
560 5448 880 5529 Matth._v1,'
911 5462 974 5512 15
1003 5476 1017 5523 ;
1050 5462 1223 5514 Marc.
1242 5448 1334 5528 ἵεις
1366 5462 1454 5529 26.
1480 5448 1868 5529 ‘Con'ffsupra
1892 5476 1968 5529 pp.

2110 5506 2113 5518 ,
2162 5448 2223 5513 Ii.
2248 5462 2363 5529 Δ92.
2413 5456 2689 5529 Basilius,
2724 5456 2899 5529 Mario.
2938 5454 3115 5529 Prasc.
3151 5469 3200 5507 c.
3236 5456 3304 5506 50
3330 5448 3767 5529 ίΚᾳθίξκάστφυ

325 5519 519 5605 ἑαυτῷ
544 5526 831 5605 παρεγγύα
857 5519 971 5605 τὴν,
991 5519 1230 5605 ἡμέραν,
1262 5519 1338 5591 ὡς
1368 5528 1596 5603 ἀφήσεις
1646 5529 1737 5583 καὶ
1760 5519 1945 5590 ἀὐτὸς
1993 5519 2258 5605 ἀφεθῆναί
2306 5549 2391 5582 σοι
2436 5527 2562 5603 παρ’
2604 5519 2797 5579 ἑαυτοῦ
2825 5519 3036 5591 ἔλπιζε.
3076 5524 3197 5580 lmo
3229 5523 3357 5597 παρ’
3387 5520 3575 5591 αὐτοῦ,
3606 5524 3766 5595 quod

327 5605 424 5657 est
444 5600 507 5655 in
539 5600 746 5657 codice
775 5602 905 5657 2991
945 5604 1013 5667 Α,
1041 5600 1281 5659 scilicet
1305 5600 1588 5658 τοῦΘεοῦ.

409 5673 517 5742 (29)
551 5674 718 5730 Conf.
752 5676 1002 5745 Agapet.
1034 5691 1084 5729 c.
1119 5677 1209 5730 64.

404 5744 522 5817 (30)
551 5745 719 5803 Conf.
752 5744 959 5804 Matth.
988 5762 1148 5817 xvm,
