4112 6420
362 428 500 486 1209

1550 430 1722 486 ἮΤΑ
1756 425 2110 486 BABLAAH
2144 426 2239 484 B’l‘
2270 426 2611 487 JOASAPH.

3648 431 3787 489 1210

358 556 459 625 τὴν
497 553 849 629 ὑποστροφὴν
899 552 1267 630 ἀπηγόρευον·
1311 555 1412 623 τήν
1464 554 1652 623 πόλιν,
1686 555 1762 616 ὡς
1819 552 2012 627 μηκέτι

2129 554 2275 611 fore.
2305 556 2424 611 Hoc
2446 572 2720 613 sermone
2740 558 2964 625 habito,
2999 556 3406 632 spectantibus
3436 559 3713 615 omnibus
3746 577 3777 616 e

364 642 589 699 δυνατόν
623 639 869 716 ὄμμασιν
902 642 1137 717 ὀφθῆναι
1182 648 1300 706 τοῖς
1328 643 1558 713 ἑαυτῶν,
1603 639 2017 719 ἀπεδίδρασκον.

361 735 452 795 Ὠς
503 732 561 787 δὲ
614 739 715 801 τῆς
776 730 998 792 πόλεως
1055 726 1157 803 ἔξω
1213 733 1487 808 γεγόνασι,
1550 730 1714 805 μόλις
1765 731 1916 797 ποτε,
1948 732 2019 802 τῇ

362 826 512 895 τομῇ
543 827 640 877 τοῦ
690 820 859 896 λόγου
901 825 1289 893 παραινοῦντος
1337 820 1501 876 αὐτοῦ
1550 821 1639 876 καὶ
1694 818 2020 896 δριμυτέραν

367 934 474 967 που
504 913 605 981 τὴν
649 910 968 983 ἐπιτίμησιν
1020 910 1395 987 ἐπιφέροντος,
1444 911 1535 965 ἀπ’
1584 911 1753 965 αὐτοῦ
1802 908 2017 985 διερρά-

364 1022 539 1077 γησαν
576 1046 592 1071 ,
648 1001 739 1055 καὶ
788 997 1008 1061 ἄκοντες
1066 998 1444 1075 ἐπανήρχοντο
1478 1044 1491 1069 ,
1549 1004 1768 1062 πυκνῶς
1826 998 2016 1061 αὐτοῖς

362 1097 472 1147 τῶν
528 1089 831 1167 ὀφθαλμῶν
910 1088 1383 1167 ἐπιστρεφομένων
1419 1131 1433 1155 ,
1490 1090 1577 1144 καὶ
1645 1091 1713 1159 τὴ
1791 1088 2011 1163 πορείαν

358 1186 475 1242 τοῖς
504 1180 661 1235 ποσὶν
707 1173 1087 1253 ἐγκοπτόντων
1118 1180 1252 1250 (38).
1282 1179 1437 1240 Τινὶς
1490 1176 1549 1233 δὶ
1594 1181 1701 1233 τῶν
1754 1177 2013 1253 θερμοτέ-

357 1289 466 1344 ρων
529 1269 622 1323 καὶ
680 1266 1007 1341 ὀδυρόμενοι
1090 1270 1240 1325 ³87
1316 1267 1584 1343 μακρόθεν
1667 1265 2013 1338 ἠκολούθουν

353 1358 526 1431 αὐτῷ,
585 1354 692 1420 ἕως
749 1358 785 1427 ἡ
839 1356 930 1430 νὺξ
982 1354 1290 1421 ἐπελθοῦσα
1346 1354 1618 1428 διέστησεν
1680 1356 1877 1420 αὐτοὺς
1917 1357 2011 1413 ἀπ’

354 1446 646 1519 ἀλλήλων.

431 1628 593 1683 ΚΕΦ.
650 1627 768 1683 AZ‘.
830 1622 1088 1697 Ἐξῆλθεν
1144 1623 1238 1680 οὖν
1295 1628 1407 1680 τῶν
1469 1624 1763 1701 βασιλείων
1814 1625 1843 1680 6
1888 1646 2008 1701 γεν-

360 1721 513 1778 ναῖος
539 1714 741 1777 ἐκεῖνος
765 1716 1002 1790 χαίρων,
1043 1716 1118 1777 ὡς
1150 1713 1275 1769 ὅταν
1308 1714 1368 1769 ἐκ
1419 1720 1626 1789 μακρᾶς
1673 1714 1882 1791 ἐξορίας
1936 1716 2010 1777 εἰς

362 1807 462 1873 τήν
497 1802 636 1859 ῗδίαν
691 1826 775 1866 τις
833 1804 1273 1879 ἐπανερχόμενος
1325 1805 1644 1881 γηθοσύνως
1696 1806 2007 1880 πορεύοιτο.

365 1896 467 1993 “Kal
502 1899 569 1965 ἦν
598 1894 976 1993 ἐνδεδυμένος,
1027 1894 1218 1969 ἔξωθεν
1276 1896 1370 1970 μὲν
1430 1896 1496 1951 τά
1525 1896 1573 1969 ἐξ
1608 1894 1765 1961 ἔθους
1793 1898 2008 1970 ἱμάτια,
2038 1928 2087 1993 Β

359 1982 559 2050 ἔσωθεν
595 1983 653 2041 δὲ
680 1986 744 2040 τὸ
773 1987 1019 2061 τρίχινον
1053 1984 1215 2061 ῥάκος
1268 1984 1440 2040 ἐκεῖνο
1491 1985 1623 2062 ὅπερ
1678 1987 1705 2040 6
1739 1984 2007 2062 Βαρλαᾶμ

359 2075 505 2147 αύτῷ
561 2073 786 2130 δεδώκει
845 2078 975 2149 (39).
1034 2079 1112 2148 Τῇ
1173 2073 1231 2130 δὲ
1285 2077 1434 2130 νυκτὶ
1498 2077 1675 2151 ἐκείνῃ
1731 2077 1806 2139 εἰς
1866 2077 2008 2131 οἰκί-

358 2184 486 2219 σκον
549 2166 664 2236 (49)
723 2163 961 2233 πὲνητός
1020 2184 1166 2224 τινος
1239 2166 1616 2234 καταντήσας,
1650 2165 1716 2218 τὰ
1772 2164 2007 2238 περικεί-

362 2273 497 2326 μενα
555 2252 703 2324 αὐτῷ
754 2253 930 2326 ἅμφια
979 2247 1247 2321 ἐκϐαλὼν,
1305 2251 1620 2308 τελευταίαν
1671 2252 1873 2322 ταύτην
1922 2254 2009 2308 εὖ-

356 2341 543 2397 ποιΐαν
574 2347 654 2413 τῷ
686 2341 872 2411 πένητι
932 2339 1141 2396 δίδωσι·
1200 2342 1289 2397 καὶ
1348 2343 1490 2397 οὕτω
1548 2347 1670 2405 ταῖς
1728 2341 1930 2398 ἐκείνου
1957 2365 2013 2400 τε

358 2431 448 2485 καὶ
480 2428 713 2486 πολλῶν
749 2430 945 2505 ἐτέρων
976 2432 1223 2503 πενήτων
1268 2431 1458 2507 εὐχαῖς
1503 2431 1789 2506 ἐπίκουρον
1821 2433 2013 2488 ἑαυτοῦ

356 2521 449 2576 τὸν
483 2522 614 2575 Θεὸν
647 2521 894 2594 θέμενος,
941 2520 1031 2576 καὶ
1074 2522 1172 2589 τήν
1229 2520 1394 2576 αὐτοῦ
1423 2523 1586 2597 χάριν
1619 2522 1709 2577 καὶ
1755 2524 2010 2597 βοήθειαν

361 2611 436 2673 ὡς
487 2610 707 2682 ἱμάτιον
769 2610 1045 2685 σωτηρίου
1102 2613 1216 2684 (41)
1265 2610 1356 2665 καὶ
1412 2615 1621 2686 χιτῶνα
1678 2610 2014 2690 εὐφροσύνης

363 2700 539 2771 ἰαυτῷ
597 2695 1073 2775 περιϐαλλόμενος
1106 2747 1121 2769 ,
1176 2699 1264 2754 ἐπὶ
1332 2701 1423 2755 τὸν
1497 2699 1761 2775 ἐρημικὸν
1821 2699 2017 2771 ἐξῆλθε

366 2789 515 2865 βίον,
552 2790 628 2861 μή
680 2787 841 2865 ἄρτον
892 2787 1304 2867 ἐπιφερόμενος,
1373 2790 1448 2862 μή
1482 2786 1651 2864 ὕδωρ,
1688 2788 1820 2863 μηδ’
1872 2786 2014 2843 ἄλλο

363 2900 418 2933 τι
442 2882 549 2933 τῶν
579 2878 713 2953 πρὸς
766 2879 975 2955 τροφὴν
1036 2876 1384 2948 ἐπιτηδείων,
1422 2880 1497 2951 μή
1531 2879 1750 2951 ἱμάτιον
1801 2876 2013 2934 ἐνδεδυο

366 2965 548 3041 μένος,
582 2966 708 3023 ἀλλ’
737 2968 772 3039 ἢ
802 2974 866 3022 τὸ
915 2966 1157 3043 σκληρὸν
1206 2966 1379 3023 ἐκεῖνο
1431 2967 1593 3043 ῥάκος
1627 2970 1817 3041 μόνον,
1848 2968 2014 3045 οὗπερ

358 3058 467 3131 πρὸ
513 3062 711 3131 μικροῦ
769 3058 1145 3131 ἐμνήσθημεν.
1210 3059 1372 3131 Πόθῳ
1427 3056 1532 3134 γάρ
1589 3080 1695 3113 τινι
1759 3060 2019 3138 ὑπερφυεῖ

358 3148 449 3202 καί
507 3144 669 3221 ἔρωτι
726 3145 857 3219 θείῳ
914 3146 1144 3222 τρωθεὶς
1198 3148 1298 3217 τήν
1357 3148 1545 3222 ψυχὴν
1606 3152 1704 3202 τοῦ
1756 3148 2017 3213 ἀθανάτου

362 3235 637 3314 βασιλέως
668 3240 903 3312 Χριστοῦ
934 3282 949 3308 ,
983 3235 1128 3299 ὅλως
1176 3238 1241 3305 ἦν
1276 3240 1373 3291 τοῦ
1403 3238 1749 3311 ποθουμένου
1798 3238 2012 3309 ἐξεστη-

357 3299 488 3396 κὼς,
544 3299 1139 3398 ’ὀλωςιήλλοιωμένος
1195 3330 1336 3399 Θεῷ,
1393 3326 1636 3402 κάτοχος
1688 3331 1759 3401 τῇ
1814 3326 2012 3383 τούτου
2045 3299 2089 3366 C

354 3415 556 3492 ἀγάπῃ,
614 3416 846 3491 κραταιὰ
894 3414 1015 3489 γάρ,
1080 3414 1243 3493 φησὶν
1300 3417 1457 3489 (42),
1510 3415 1585 3478 ὡς
1642 3420 1751 3492 πῦρ
1801 3416 2010 3492 ἀγάπη·

356 3504 619 3575 τοιαύτην
654 3504 815 3566 αὐτὸς
849 3504 954 3559 ἀπὸ
985 3510 1085 3574 τῆς
1118 3504 1263 3568 θείας
1296 3504 1512 3579 ἀγάπης
1566 3502 1781 3575 ἐδέξατο
1818 3504 2009 3579 μέθην,

357 3594 449 3649 καὶ
505 3596 656 3651 8³8
688 3592 864 3655 οὕτως
922 3591 1179 3666 ἐξεκαύθη
1232 3598 1311 3665 τῷ
1365 3592 1530 3668 δίψει,
1591 3596 1729 3651 κατά
1781 3596 1873 3651 τὸν
1926 3597 2011 3650 εἶ-

360 3682 533 3738 πὸντα
571 3686 699 3755 (43)·
760 3688 856 3740 ‘Ov
909 3682 1115 3757 τρόπον
1172 3683 1423 3739 ἐπιποθεῖ
1452 3687 1486 3753 ἡ
1527 3679 1727 3764 ἔλαφος
1773 3686 1861 3741 ἐπὶ
1917 3688 2015 3751 τὰς

356 3773 538 3848 πηγὰς
591 3777 699 3827 τῶν
763 3770 1009 3839 ὑδάτων,
1068 3772 1244 3837 οὕτως
1292 3770 1545 3837 ἐπιποθεῖ
1602 3777 1634 3844 ἡ
1694 3778 1848 3850 ψυχή
1908 3797 2012 3849 μου

346 3863 485 3937 πρὸς
540 3862 619 3930 σὲ,
665 3863 693 3916 6
725 3861 881 3924 Θεός·
946 3858 1199 3935 ἐδιψησεν
1257 3864 1291 3932 ἡ
1347 3865 1503 3938 ψυχή
1565 3885 1670 3937 μου
1727 3866 1863 3939 πρὸς
1919 3867 2010 3921 τὸν

346 3952 477 4007 Θεὸν
509 3952 603 4005 τὸν
667 3951 920 4026 ίσχυρόν⁹
978 3952 1071 4006 τὸν
1133 3955 1328 4020 ζῶντα·
1390 3952 1480 4007 καὶ
1536 3954 1779 4025 καθὼςὴ
1812 3976 2016 4029 τετρων

349 4041 489 4114 μένη
552 4046 654 4110 τῆς
712 4039 974 4109 τοιαύτης
1035 4040 1250 4117 ἀγάπης
1306 4043 1420 4114 (44)
1475 4043 1630 4117 ψυχή
1695 4044 1801 4117 βοᾷ
1855 4044 1906 4098 ἐν
1939 4049 2016 4115 τῷ

344 4133 593 4203 ’ᾼσματι
650 4134 761 4184 τῶν
822 4128 1101 4201 ᾀσματων·
1167 4126 1532 4203 Ἐκαρδίωσας
1585 4135 1695 4203 (45)
1745 4134 1892 4205 ἡμᾶς
1936 4139 2017 4206 τῷ

343 4222 499 4295 πόθῳ
563 4242 683 4287 σου,
744 4217 1083 4293 ἐκαρδίωσας
1133 4222 1306 4291 ἡμᾶς’
1358 4221 1478 4275 καὶ·
1534 4221 1713 4294 Δεῖξόν
1750 4226 1856 4294 (46)
1918 4246 2014 4297 μοι

344 4313 446 4379 τὴν
477 4310 601 4383 ὄψιν
657 4331 776 4381 σου,
807 4307 900 4363 καὶ
949 4306 1238 4363 ἀκούτισόν
1274 4330 1368 4382 μοι
1426 4314 1526 4378 τήν
1583 4314 1769 4388 φωνήν
1827 4332 1943 4368 σου⁶
1978 4318 2013 4385 ἡ

351 4399 454 4474 γὰρ
489 4400 644 4473 φωνή
679 4418 776 4452 σου
806 4398 962 4475 φωνὴ
993 4394 1153 4467 ἡδεῖα
1184 4400 1271 4454 καὶ
1307 4401 1339 4470 ἡ
1373 4395 1497 4473 ὄψις
1531 4422 1628 4456 σου
1659 4401 1854 4478 ὡραία.

2126 643 2347 716 palatio
2369 646 2600 701 excedit
2624 665 2637 714 ;
2661 663 2729 703 ac
2766 649 2966 703 statim
2999 666 3208 705 omnes
3238 650 3550 721 desperato
3582 650 3779 705 reditu

2127 749 2262 788 eum
2288 735 2710 805 sequebantur,
2735 742 2912 808 atque
2936 756 3005 793 ex
3021 740 3189 807 urbe,
3219 744 3284 794 ut
3305 755 3481 810 quam
3493 739 3622 811 jam
3645 755 3783 793 con-

2127 824 2354 895 spicere
2369 826 2620 880 minime
2633 832 2895 897 possent,
2923 828 3353 899 profugiebant.
3381 831 3775 898 Posteaquam

2125 918 2322 968 autem
2340 929 2369 967 e
2384 914 2617 969 civitate
2633 917 2849 987 egressi
2867 922 3023 983 sunt,
3042 919 3135 972 vix
3159 918 3397 972 tandem
3423 922 3598 988 atque
3622 933 3776 989 aegre

2123 1003 2320 1057 acrius
2335 1020 2435 1058 eos
2450 1004 2579 1075 ipso
2595 1004 2977 1073 admonente,
3005 1012 3182 1078 atque
3200 1008 3378 1062 etiam
3404 1005 3775 1077 superiorem

2122 1090 2421 1148 interdum
2446 1094 2919 1167 objurgationem
2942 1096 3035 1167 adj
3047 1095 3402 1168 ungente,ab
3419 1112 3485 1150 eo
3502 1096 3768 1150 distracti

2120 1187 2281 1251 sunt,
2313 1188 2489 1253 atque
2522 1184 2688 1238 inviti
2718 1184 3184 1251 revertebantur,
3216 1185 3542 1240 identidem
3566 1185 3771 1240 oculos

2116 1270 2514 1342 reﬂectentes,
2549 1289 2617 1328 ac
2648 1274 2900 1345 pedibus
2930 1274 3086 1329 inter
3124 1274 3552 1329 ambulandum
3584 1274 3767 1329 offen-

2119 1358 2637 1416 dentes.Nonnulli
2662 1369 2861 1418 autem
2894 1380 2965 1418 ex
2986 1363 3060 1418 iis
3078 1365 3178 1434 qui
3195 1364 3534 1419 ferventiori
3566 1364 3766 1418 animo

2117 1449 2352 1520 prwditi
2378 1452 2844 1523 erant,lugentes
2867 1452 3103 1507 eminus
3124 1453 3322 1524 ipsum
3342 1452 3766 1523 sequebantur,

2119 1538 2507 1611 quoadusque
2538 1557 2651 1596 nox
2683 1541 2890 1596 oborta
2913 1558 3013 1597 eos
3045 1543 3201 1597 inter
3230 1559 3291 1597 se
3322 1542 3630 1613 disjunxit.

2188 1629 2320 1684 CAP.
2347 1630 2623 1685 XXXVII.
2650 1661 2713 1671 --
2740 1633 3072 1687 Generosus
3094 1632 3273 1704 igitur
3292 1632 3395 1686 ille
3433 1631 3520 1684 vir
3540 1647 3610 1685 ex
3631 1631 3768 1685 aula

2120 1734 2392 1790 egressus
2414 1724 2522 1788 est,
2556 1720 2805 1791 perinde
2845 1720 3017 1776 laetus
3061 1728 3239 1792 atque
3269 1721 3503 1787 alacris,
3537 1724 3604 1775 ut
3631 1736 3767 1775 cum

2119 1807 2415 1877 quispiam
2439 1824 2469 1861 e
2483 1808 2808 1879 longinquo
2827 1826 2894 1864 ac
2917 1809 3199 1864 diuturno
3214 1808 3422 1864 exsilio
3437 1809 3498 1862 in
3513 1808 3765 1879 patriam

2120 1912 2182 1950 se
2204 1897 2602 1968 refert.Atque
2620 1906 2861 1953 externe
2888 1900 3128 1970 quidem
3154 1916 3252 1955 eas
3275 1899 3492 1970 quibus
3514 1899 3600 1952 uti
3621 1898 3770 1952 sole-

2118 1984 2945 2059 bat,vestesgerebat,interne
2958 1994 3155 2045 autem
3170 1990 3430 2045 cilicium
3445 1987 3596 2043 illud
3609 1985 3769 2058 quod

2121 2076 2388 2131 Barlaam
2403 2078 2514 2148 ipsi
2532 2078 2688 2133 dono
2702 2078 3156 2134 dederat.Porro
3172 2083 3341 2133 nocte
3356 2079 3461 2133 illa
3474 2078 3532 2131 in
3548 2093 3766 2148 paupe-

2118 2167 2202 2220 ris
2225 2166 2537 2237 cujusdam
2552 2166 2660 2221 viri
2684 2167 3103 2223 domunculam
3129 2185 3190 2222 se
3214 2167 3547 2232 conferens,
3574 2173 3769 2221 vestes

2124 2268 2222 2307 eas
2237 2253 2453 2323 quibus
2466 2253 2708 2308 indutus
2732 2260 2855 2308 erat
2868 2255 3068 2326 abjicit
3081 2298 3093 2322 ,
3114 2260 3600 2325 postremumque
3622 2251 3771 2306 illud

2122 2341 2484 2396 beneficium
2508 2344 2701 2415 egenti
2726 2344 2951 2398 tribuit.
2977 2345 3240 2414 Cumque
3258 2344 3330 2398 ad
3352 2344 3511 2398 hunc
3530 2341 3777 2398 modum

2126 2435 2252 2485 tum
2275 2431 2437 2486 illius
2458 2436 2585 2486 tum
2614 2432 2940 2487 multorum
2962 2433 3217 2488 aliorum
3241 2448 3569 2503 pauperum
3595 2431 3781 2502 preci-

2125 2519 2238 2576 bus
2251 2521 2354 2575 Dei
2367 2537 2541 2592 opem
2556 2526 2732 2593 atque
2745 2522 3033 2577 auxilium
3051 2522 3161 2578 sibi
3184 2522 3510 2589 accivisset,
3531 2520 3780 2592 ejusque

2126 2610 2316 2682 gratia
2328 2616 2383 2664 et
2398 2610 2674 2681 praisidio
2696 2616 2977 2682 tanquam
2993 2610 3202 2666 salutis
3215 2610 3565 2665 vestimento
3585 2626 3653 2664 ac
3684 2608 3784 2663 lua-

2127 2699 2272 2753 titim
2287 2700 2468 2771 pallio
2483 2717 2611 2755 sese
2624 2700 2938 2768 induisset,
2962 2700 3037 2755 ad
3051 2701 3378 2755 solitariam
3393 2700 3569 2754 vitam
3584 2714 3781 2753 exces-

2128 2789 2225 2855 sit,
2250 2806 2371 2843 non
2385 2805 2622 2860 panem,
2645 2806 2765 2844 non
2779 2805 3017 2860 aquam,
3041 2806 3161 2843 non
3184 2788 3506 2858 quidquam
3532 2787 3692 2841 aliud
3708 2804 3780 2841 ex

2128 2877 2202 2933 iis
2216 2894 2347 2949 quae
2362 2878 2433 2933 ad
2448 2878 2664 2933 victum
2677 2878 3015 2932 necessaria
3027 2882 3166 2932 sunt
3178 2893 3380 2932 secum
3394 2876 3613 2940 ferens,
3638 2876 3774 2931 nul-

2128 2967 2372 3038 lumque
2394 2968 2557 3022 aliud
2580 2968 2997 3022 indumentum
3016 2971 3471 3039 gerens,praater
3499 2982 3778 3037 asperum

2129 3056 2279 3112 illud
2305 3058 2590 3127 cilicium,
2623 3057 2695 3111 de
2729 3074 2845 3127 quo
2876 3058 3053 3127 paulo
3085 3062 3220 3110 ante
3253 3056 3619 3109 mentionem
3641 3055 3777 3112 feci.

2128 3148 2361 3202 Etenim
2378 3147 2664 3219 singulari
2678 3145 2935 3217 quodam
2952 3144 3249 3200 desiderio
3263 3160 3331 3199 ac
3342 3144 3539 3199 divino
3552 3144 3782 3198 immor-

2130 3237 2268 3292 talis
2288 3238 2443 3310 regis
2473 3238 2690 3293 Christi
2737 3253 2939 3292 amore
2962 3235 3222 3303 saucius,
3245 3238 3366 3289 toto
3399 3235 3597 3289 animo
3628 3234 3689 3288 in
3722 3232 3781 3287 id

2124 3328 2282 3399 quod
2295 3327 2533 3383 amabat
2545 3326 3114 3394 incumbebat,totus
3128 3330 3294 3379 extra
3308 3340 3370 3379 se
3386 3329 3685 3395 raptus,ac
3699 3323 3784 3378 di-

2127 3417 2349 3473 vinitus
2373 3416 2973 3486 immutatus,Deique
3000 3414 3287 3470 charitate
3319 3414 3481 3469 omni
3516 3430 3585 3467 ex
3614 3418 3783 3484 parte

2124 3513 2452 3579 correptus.
2487 3507 2676 3561 Fortis
2706 3506 2887 3573 enim,
2921 3504 3119 3575 inquit
3147 3503 3270 3570 ille,
3304 3502 3457 3558 sicut
3486 3520 3646 3557 mors
3677 3502 3778 3557 di-

2122 3597 2299 3654 lectio
2330 3598 2510 3665 (Cani.
2563 3597 2699 3666 vm).
2734 3596 2979 3649 Tantam
3008 3592 3289 3647 videlicet
3318 3592 3444 3663 ipse
3477 3607 3547 3647 ex
3578 3591 3778 3646 divino

2124 3703 2326 3743 amore
2340 3685 2751 3741 temulentiam
2764 3688 3158 3749 contraxerat,
3168 3687 3265 3736 tan
3275 3686 3449 3752 taque
3464 3681 3558 3735 siti
3573 3685 3782 3736 aestua-

2123 3776 2443 3842 bat,instar
2463 3775 2687 3830 scilicet
2702 3774 2866 3828 illius
2881 3773 2981 3843 qui
2996 3771 3249 3827 dicebat:
3265 3769 3779 3835 Quemadmodum

2124 3865 2423 3921 desiderat
2462 3880 2667 3919 cervus
2696 3862 2771 3918 ad
2803 3863 2999 3917 fontes
3030 3876 3340 3930 aquarum,
3369 3860 3452 3914 ita
3482 3858 3785 3915 desiderat

2125 3955 2326 4010 anima
2342 3971 2476 4009 mea
2499 3954 2573 4009 ad
2598 3958 2651 4007 te
2675 3953 2850 4007 Deus.
2877 3951 3068 4005 Sitivit
3092 3950 3292 4005 anima
3322 3964 3457 4004 mea
3486 3948 3561 4003 ad
3591 3950 3777 4004 Deum

2124 4049 2349 4103 fontem
2372 4047 2562 4100 vivum
2589 4043 2758 4114 (Psal.
2782 4043 2913 4113 xm).
2946 4043 3017 4095 Et
3043 4039 3545 4112 quemadmodum
3576 4039 3779 4094 anima

2128 4138 2253 4202 illa,
2285 4153 2416 4207 quae
2448 4133 2794 4205 hujusmodi
2843 4132 3131 4187 charitate
3181 4129 3490 4184 vulnerata
3536 4133 3681 4197 erat,
3716 4129 3779 4183 in

2127 4227 2367 4282 Cantico
2382 4224 2750 4280 canticorum
2772 4220 3205 4276 ait:Vulnerata
3225 4217 3513 4273 charitate
3528 4234 3633 4290 ego
3649 4235 3781 4273 sum

2126 4318 2308 4383 (Cant.
2342 4317 2421 4386 ιι).
2456 4317 2536 4369 Ac
2566 4327 2845 4368 rursum:
2884 4308 3140 4365 Ostende
3170 4308 3319 4362 mihi
3351 4307 3562 4363 faciem
3597 4313 3776 4375 tuam,

2129 4412 2187 4461 et
2209 4406 2302 4462 fac
2327 4421 2421 4460 me
2452 4402 2658 4459 audire
2689 4417 2893 4457 vocem
2925 4404 3089 4455 tuam
3115 4415 3127 4466 ;
3183 4414 3292 4453 vox
3322 4396 3483 4453 enim
3515 4402 3617 4452 tua
3642 4397 3776 4453 dul-

2127 4500 2232 4565 cis,
2266 4500 2324 4551 et
2352 4494 2532 4550 facies
2564 4497 2665 4547 tua
2694 4491 2930 4546 decora.

345 4618 428 4673 ita
460 4621 530 4692 ut;
554 4612 727 4692 δόξεις
756 4620 813 4669 et
842 4609 1114 4690 διαφύγῃς
1146 4616 1367 4692 optime
1399 4617 1713 4692 quadrent.
1750 4621 1892 4677 Vide
1923 4629 2047 4679 not.
2078 4626 2153 4681 ad
2183 4623 2457 4687 Aristacn,
2490 4636 2620 4692 pag.
2654 4620 2795 4692 252};
2829 4614 3180 4692 Hasiumad
3212 4613 3351 4692 Lyd:
3387 4615 3773 4692 D_e‘ostentis,

343 4708 402 4761 p.
437 4690 560 4761 3,16,
594 4686 827 4761 Addam
858 4686 1069 4761 novam
1103 4686 1434 4761 verborum_
1451 4691 1646 4745 Basilii

1750 4695 2010 4751 roximor

2170 4682 2511 4752 lectionem:
2550 4682 2642 4746 Svic
2678 4682 2835 4745 edita
2867 4694 3043 4760 sunt:
3081 4685 3184 4741 Καὶ
3208 4682 3357 4739 ὁϊτᾶ
3387 4687 3452 4738 σὰ
3485 4682 3773 4760 λογοπραὲ

339 4752 563 4835 γοῦντές
604 4755 865 4839 οὐδεμίαν
889 4752 1066 4839 ἕξουσι
1116 4756 1292 4825 λαϐὴν
1344 4763 1442 4839 τοῦ
1479 4752 1783 4837 μέμφεσθαι
1840 4766 1905 4820 τὰ
1960 4752 2396 4839 προσπίπτοντα.
2460 4764 2624 4817 Idem
2686 4762 2891 4830 codex,
2954 4752 3773 4833 λογοπραγμονοῦντες,’νθί’ὺο

344 4832 587 4905 perraro
612 4836 681 4905 et
710 4832 825 4897 hic,
858 4838 921 4886 ut
947 4832 1205 4905 videtur,
1238 4833 1484 4903 optimo.

417 4904 864 4985 (382_Glossator
888 4903 965 4958 ad
995 4901 1325 4985 marginem
1352 4921 1363 4958 :
1397 4905 1612 4985 στίχος.
1649 4909 1864 4966 Versus
1894 4916 1984 4985 est
2012 4908 2279 4985 quidem,
2314 4908 2418 4985 sed
2453 4906 2752 4985 politioris,
2778 4921 2887 4959 nec
2919 4901 3506 4985 notandus..1:3tenim
3539 4902 3585 4955 si
3612 4903 3770 4985 niam-

340 4975 483 5051 bici,
519 4976 679 5051 iique
712 4975 968 5051 maxime
998 4972 1270 5051 legitimi,
1304 4972 1692 5051 scriptoribus
1722 4983 2011 5051 prosaicis
2030 4972 2311 5040 excidere
2344 4972 2826 5051 imprudentibus
2854 4981 3123 5048 possunt,
3162 4972 3303 5045 quid
3364 4974 3579 5027 mirum
3608 4973 3772 5028 facil-

338 5048 518 5125 limos
550 5046 688 5125 i_l_l_o_s
720 5046 939 5125 sapius
970 5046 1313 5125 orationem
1336 5046 1564 5125 ingredi
1590 5050 1616 5104 ?
1647 5046 1815 5125 Conf.
1844 5070 1901 5125 p.
1938 5056 2061 5109 318.

408 5121 521 5197 (39)
546 5118 699 5197 Χίάο
730 5116 945 5197 p‘."_l85.
978 5149 1049 5159 —
1074 5119 1149 5197 C._
1198 5116 1477 5197 ἐδεδώκειἱ
1508 5122 1747 5197 Praetuli
1796 5116 2012 5180 forma:

2125 5128 2428 5197 Lugmento
2482 5124 2809 5197 carentem,
2843 5124 2908 5173 ut
2938 5123 2997 5197 et
3050 5132 3182 5197 pag.
3249 5118 3369 5197 192,
3402 5132 3449 5197 ιε
3476 5116 3768 5197 Lucianys

336 5186 512 5268 iis-in;
538 5192 629 5268 23_°
661 5186 1011 5268 breui-1:30.:
1044 5190 1230 5268 codex
1263 5194 1423 5268 1310,
1453 5190 1824 5268 ἀπολέλειπτο
1878 5196 2005 5268 Ibid

2135 5186 2479 5268 ,Ῐέγεγόνειν
2518 5209 2530 5247 :
2590 5191 2795 5268 codex,
2827 5186 3069 5268 γεγόνειν
3116 5186 3352 5268 Joseph.
3382 5188 3660 5268 “Maccab.
3684 5190 3762 5268 _6‘:

338 5262 406 5321 Et
432 5267 533 5336 γὰρ
563 5260 631 5315 τὰ
660 5260 931 5340 πάθη-τοῦ
962 5258 1235 5340 λογισμοῦ
1274 5261 1645 5339 ἐκεκρατήκει,
1670 5264 1886 5328 τούτοις
1918 5267 2011 5321 οὗν
2044 5258 2331 5340 ἀπεδόμην
2362 5265 2462 5334 τὴν
2512 5269 2613 5333 τῆς
2648 5258 2990 5337 ἐπικρατείας
3023 5258 3341 5332 μαρτυρίαν.
3376 5258 3570 5313 Codex
3601 5260 3761 5329 3010,

337 5331 516 5404 κεκρ.,
547 5340 606 5389 et
634 5351 739 5405 pro
774 5331 889 5391 οὗν.
921 5331 1145 5405 Optime
1177 5331 1258 5390 ἂν.

406 5408 520 5478 (40)
551 5407 611 5478 C,
645 5406 816 5458 οἷκον.

406 5475 518 5549 (41)
545 5477 625 5532 Cf.
670 5478 857 5549 Epist.
888 5475 963 5532 ad
993 5477 1208 5549 Ephes.
1238 5495 1311 5533 v1.
1344 5482 1432 5549 l7.

400 5548 513 5621 (42)
554 5548 735 5621 (Ζοιιιξ
758 5552 917 5603 cant.
949 5565 1067 5618 vui,
1101 5552 1156 5618 6,
1188 5549 1291 5605 ubi
1322 5548 1399 5612 ὡς
1430 5549 1681 5613 θάνατος.

402 5620 515 5692 (43)
546 5620 700 5676 Psal.
737 5637 847 5674 xu.
883 5624 981 5677 1...

545 5693 713 5772 Cant.
746 5696 904 5772 cant.
938 5708 998 5756 Il,
1029 5694 1060 5745 5
1095 5708 1109 5747 :
1139 5692 1465 5772 Tetpwpévn
1498 5691 1717 5767 ἀγάπης
1747 5690 1881 5772 ἐγώ.

424 5763 512 5831 45)
543 5763 691 5820 Ibid.
726 5780 801 5832 ιν,
835 5765 888 5830 9,
922 5778 1061 5819 cum
1088 5763 1390 5822 varietate.

402 5835 516 5909 (ιθ)
542 5835 690 5893 Ibid.
724 5851 785 5907 ιι,
819 5835 905 5893 η.
