4112 6364
419 367 554 426 1211

1950 361 2318 418 ΔΒΒΙΙΦΔ.

3710 364 3852 423 1212

470 495 728 568 Hujusce
749 491 913 550 omni
931 508 1206 550 sermone
1230 489 1665 564 prmstantioris
1686 487 2065 562 pulchritudi'

2262 486 2478 558 Ταύτης
2503 495 2606 560 τῆς
2655 489 3032 562 ἀνεκλαλήτω
3063 492 3404 568 ὡραιότητος
3459 495 3701 567 Χριστοῦ
3757 492 3848 548 τὸν

420 585 515 642 nis
546 585 759 641 Christi
788 583 1106 652 desiderio,
1132 588 1415 653 tanquam
1447 581 1580 653 igne
1603 580 1861 652 quodam
1885 581 1946 635 in
1967 596 2076 652 pe-

422 681 585 732 ctore
628 679 891 746 accepto,
925 672 1330 745 apostolorum
1363 671 1600 737 chorus,
1629 687 1698 726 ac
1747 675 2074 740 martyrum

420 765 680 840 agmina,
714 763 913 819 omnia
942 779 1010 816 ea
1029 778 1160 832 qum
1193 760 1382 815 oculis
1405 764 1734 815 cernuntur
1765 764 2077 829 contemp-

418 859 645 921 serunt,
679 858 856 923 atque
895 851 1056 905 omni
1090 849 1227 904 huic
1259 849 1434 904 fluxae
1467 854 1525 903 et
1553 847 1793 903 caducae
1826 848 1957 901 vita)
1982 848 2071 902 in-

417 959 666 1000 numera
697 945 1126 996 tormentorum
1158 945 1218 994 et
1260 939 1470 994 mortis
1522 953 1742 1010 genera
1795 936 2076 1008 prmtule-

416 1039 557 1089 runt
577 1031 788 1086 divina)
815 1029 1283 1102 pulchritudinis
1309 1045 1512 1085 amore
1537 1029 1876 1101 ﬂagrantes.
1895 1033 2073 1099 atque

414 1122 717 1195 ingentem
750 1121 854 1176 Dei
881 1119 1050 1175 Verbi
1075 1136 1215 1192 erga
1250 1135 1360 1174 nos
1385 1134 1654 1174 amorem
1675 1134 1811 1173 cum
1852 1117 2073 1173 animis

417 1212 540 1268 suis
560 1214 928 1283 reputantes.
954 1209 1119 1264 Hunc
1142 1209 1341 1281 ignem
1363 1224 1498 1262 cum
1520 1207 1842 1279 prmclarus
1865 1207 2072 1274 etiam,

418 1317 487 1357 ac
499 1315 750 1372 corpore
763 1297 1008 1370 quidem
1030 1297 1270 1366 nobilis,
1288 1302 1568 1353 caeterum
1582 1295 1756 1367 longe
1778 1295 2072 1351 nobiliore

413 1407 482 1447 ac
513 1389 702 1462 magis
733 1389 894 1459 regio
926 1387 1127 1444 animo
1149 1386 1433 1458 praaditus
1463 1386 1550 1440 vir
1580 1386 1644 1440 in
1672 1385 1868 1457 seipso
1899 1400 2070 1440 acce-

415 1479 621 1551 pisset,
657 1484 897 1533 terrena
927 1477 1129 1533 omnia
1158 1492 1402 1548 prorsus
1433 1480 1810 1547 aSpernatur,
1860 1490 2071 1530 omnes

415 1568 683 1640 corporis
712 1567 1044 1639 voluptates
1073 1567 1398 1639 proculcat,
1430 1582 1572 1638 opes
1604 1572 1662 1622 et
1689 1566 1940 1639 gloriam
1971 1570 2070 1621 at-

420 1676 536 1732 que
566 1660 860 1714 humanos
882 1659 1138 1714 honores
1161 1674 1268 1729 pro
1301 1656 1490 1712 nihilo
1509 1655 1694 1723 ducit,
1715 1654 1991 1711 diadema
2014 1655 2078 1708 et‘

419 1765 744 1822 purpuram
767 1748 991 1819 abjicit,
1025 1763 1376 1803 aranearum
1411 1746 1546 1802 telis
1575 1746 1780 1802 viliora
1811 1763 1882 1801 ea
1912 1745 2066 1800 exis-

2185 577 2352 632 πόθον
2405 578 2456 634 ἐν
2517 580 2718 658 καρδίᾳ
2773 580 3061 656 δεξάμενος
3093 584 3258 639 ὁτῶν
3319 579 3646 638 ἀποστόλων
3679 585 3848 660 χορὸς

2183 668 2411 723 καὶτῶν
2465 671 2754 747 μαρτύρων
2811 674 2864 727 οἱ
2921 670 3091 746 δῆμοι
3145 673 3357 728 πάντων
3423 671 3708 749 ὑπερεῖδον
3738 679 3845 728 τῶν

2185 757 2504 832 ὁρωμένων,
2563 763 2744 832 πάσης
2777 759 2835 816 δὲ
2865 769 3009 832 ζωῆς
3064 770 3165 832 τῆς
3216 763 3578 838 προσκαίρου,
3637 764 3728 818 καὶ
3781 765 3846 819 τά

2187 847 2354 922 μυρία
2381 853 2488 904 τῶν
2555 851 2800 924 βασάνων
2857 852 2946 906 καὶ
3000 851 3240 906 θανάτων
3304 850 3423 922 εἶ’δη
3484 851 3838 928 προείλοντο,

2183 935 2494 1013 ἐρασθέντες
2539 945 2637 996 τοῦ
2667 941 2811 996 θείου
2843 942 3087 1006 κάλλους
3117 942 3205 997 καὶ
3262 943 3325 998 τὸ
3383 942 3507 1016 περὶ
3548 945 3700 1015 ἡμᾶς
3749 945 3846 998 τοῦ

2181 1026 2329 1083 θείου
2360 1029 2542 1106 Λόγου
2573 1028 2926 1106 λογισάμενοι
2979 1031 3233 1111 φίλτρον.
3292 1038 3460 1088 Τοῦτο
3517 1035 3580 1088 τὸ
3612 1039 3719 1109 πῦρ
3754 1036 3844 1090 καὶ

2183 1119 2212 1173 ὁ
2241 1117 2410 1182 καλὸς
2442 1119 2622 1191 οὗτος,
2654 1122 2744 1177 καὶ
2799 1122 3018 1197 εὐγενὴς
3065 1124 3162 1196 μὲν
3217 1129 3295 1196 τῷ
3346 1125 3586 1196 σώματι,
3637 1125 3846 1200 εὐγενέ-

2182 1229 2376 1272 στατος
2407 1208 2464 1266 δὲ
2505 1211 2720 1286 μᾶλλον
2773 1213 2863 1268 καὶ
2923 1213 3362 1288 βασιλικώτατος
3409 1215 3506 1284 τήν
3541 1217 3754 1290 ψυχήν,
3791 1215 3839 1270 ἐν

2181 1299 2356 1373 ἐαυτῷ
2413 1298 2728 1376 δεξάμενος,
2780 1303 2995 1359 πάντων
3059 1305 3202 1377 ὁμοῦ
3259 1309 3367 1360 τῶν
3428 1303 3636 1381 γηίνων
3680 1327 3841 1361 κατα-

2179 1393 2391 1463 φρονεῖ,
2413 1395 2573 1444 πατεῖ
2597 1392 2769 1454 πάσας
2798 1391 2895 1454 τὰς
2944 1395 3042 1446 τοῦ
3105 1393 3359 1464 σώματος
3413 1391 3641 1462 ἡδονᾶς,
3678 1395 3838 1467 ὑπερ-

2182 1480 2283 1550 ορᾷ
2336 1476 2582 1534 πλούτου
2631 1480 2717 1535 καὶ
2779 1475 2941 1554 δόξης
3018 1482 3105 1536 καί
3165 1488 3266 1550 τῆς
3322 1483 3469 1555 παρά
3543 1480 3839 1556 ἀνθρώπων

2179 1572 2372 1640 τιμῆς,
2405 1567 2719 1624 ἀποτίθεται
2771 1567 3021 1642 διάδημα
3073 1569 3164 1625 καὶ
3211 1567 3541 1645 ἁλουργίδα,
3569 1576 3680 1626 τῶν
3714 1571 3840 1647 ἀρα-

2184 1654 2354 1731 χνίων
2406 1657 2736 1734 ὑφασμάτων
2798 1657 3151 1736 εὐτελέστερα
3197 1664 3364 1714 ταῦτα
3428 1659 3793 1734 λογισάμενος
3825 1708 3840 1731 ,

2179 1747 2317 1819 πρὸς
2350 1748 2524 1802 πάντα
2563 1745 2620 1803 δὲ
2647 1748 2715 1804 τὰ
2771 1747 3002 1804 ἐπίπονα
3059 1748 3150 1805 καὶ
3209 1747 3432 1825 λυπηρά
3461 1755 3557 1805 τοῦ
3616 1752 3838 1820 ἀσκητι-

423 1839 663 1907 timans,
687 1843 865 1909 atque
886 1837 962 1893 ad
983 1837 1186 1893 omnia
1205 1835 1354 1891 dura
1375 1841 1435 1892 et
1452 1836 1701 1892 accerba
1721 1835 2065 1892 monasticae

2179 1840 2278 1892 κοῦ
2311 1836 2432 1913 βίου
2463 1837 2763 1911 προθύμως
2785 1839 2984 1894 ’ἐαυτὸν
3035 1837 3342 1910 ἐκδίδωσιν,
3375 1839 3692 1913 Ἐκολλήθη
3729 1846 3836 1913 (47)

415 1929 546 1984 vitae
579 1927 777 1984 studia
797 1932 1072 1999 prompto
1103 1927 1304 1982 animo
1337 1942 1467 1982 sese
1501 1925 1700 1992 tradit,
1721 1923 1873 1980 illud
1903 1923 2071 1980 Psal-

416 2017 609 2073 mistaa
637 2016 968 2089 (clamans:
1021 2016 1288 2071 Adhaasit
1327 2017 1530 2071 anima
1578 2030 1712 2072 mea
1758 2019 1894 2086 post
1922 2019 2001 2082 te,
2035 2029 2070 2068 ο

415 2106 668 2170 Christe,
701 2105 989 2177 suscipiat
1008 2121 1102 2160 me
1127 2103 1370 2160 dextera
1398 2109 1501 2160 tua
1531 2104 1700 2176 (Psal.
1731 2105 1898 2173 τινι).

485 2196 752 2267 Cumque
773 2194 850 2250 ad
868 2195 1028 2250 hunc
1051 2193 1316 2259 modum,
1349 2193 1538 2250 oculis
1560 2209 1595 2248 a
1622 2198 1786 2265 tergo
1819 2191 2069 2247 minime

412 2285 790 2353 contortis,in
811 2284 1086 2340 intimam
1099 2273 1487 2340 solitudinem
1517 2299 1580 2338 se
1609 2282 2072 2347 contulisset,at—

412 2392 528 2448 que
551 2373 910 2430 caducarum
927 2389 1131 2429 rerum
1156 2373 1594 2441 confusionem,
1619 2377 1910 2442 tanquam
1938 2387 2066 2426 mo-

413 2465 800 2522 lestissimam
831 2463 1135 2534 quandam
1158 2462 1450 2518 sarcinam
1479 2467 1538 2516 et
1565 2467 1838 2517 catenam
1859 2476 2068 2515 excus-

415 2555 612 2620 sisset,
638 2554 854 2626 spiritu
873 2552 1208 2617 lmtabatur,
1232 2551 1639 2624 conjectisque
1656 2551 1720 2605 in
1742 2549 2065 2617 Christum,

411 2643 584 2716 cujus
613 2642 909 2698 desiderio
938 2640 1204 2708 ardebat,
1231 2640 1452 2708 oculis;
1487 2639 1561 2696 ad
1588 2655 1746 2708 eum,
1780 2643 2066 2709 tanquam

407 2732 483 2789 ad
504 2738 861 2804 prmsentem
872 2737 1050 2802 atque
1064 2731 1252 2802 ipsius
1269 2746 1471 2786 vocem
1485 2728 1830 2784 audientem
1843 2727 2068 2782 clama-

407 2821 793 2893 bat,eumque
810 2821 1230 2893 alloquebatur
1241 2820 1334 2875 his
1346 2819 1623 2875 videlicet
1636 2817 1832 2873 verbis
1845 2821 2022 2872 utens
2048 2831 2062 2872 :

407 2914 490 2968 Ne
496 2912 646 2984 jam,
670 2928 932 2983 quieso,o
957 2909 1439 2978 Domine,oculus
1456 2924 1626 2964 meus
1659 2907 1909 2980 hujusce
1931 2907 2064 2961 vita

408 3001 568 3057 bona
586 3001 812 3067 videat;
836 3017 948 3056 nec
971 3015 1237 3071 praesens
1255 2999 1482 3056 vanitas
1507 3001 1773 3053 mentem
1803 3013 1999 3052 meam
2029 3012 2065 3051 a

409 3094 683 3161 suscepto
707 3090 923 3145 itinere
945 3088 1278 3155 abstrahat;
1297 3086 1785 3154 verum,Domine
1807 3086 2060 3153 mi,ocn-

408 3178 501 3236 los
531 3196 696 3235 meos
727 3177 1140 3252 spiritualibus
1175 3177 1456 3250 lacrymis
1476 3175 1682 3249 imple,
1704 3192 2062 3249 gressusque

2185 1925 2352 2001 βοῶν,
2409 1927 2455 1980 ὦ
2486 1929 2681 2002 Χριστέ
2741 1950 2868 2001 μου,
2929 1928 3212 2000 ἐκολλήθη
3246 1933 3280 2000 ἡ
3314 1933 3464 2006 ψυχή
3505 1952 3612 2004 μου
3663 1931 3837 1986 ὁπίσω

2180 2034 2297 2070 σουο
2333 2017 2485 2074 339
2517 2015 2654 2091 ἐμοῦ
2678 2015 2736 2073 δὲ
2767 2013 3094 2074 ἀντελάϐετο
3127 2021 3161 2088 ἡ
3195 2017 3340 2090 δεξιά
3371 2041 3492 2079 σου.

2252 2195 2350 2250 Καὶ
2381 2195 2555 2259 οὕτως
2615 2197 3009 2274 ἀμεταστρεπτὶ
3043 2201 3310 2274 χωρήσας
3363 2199 3440 2264 εἷς
3465 2200 3530 2255 τὸ
3574 2207 3678 2270 τῆς
3711 2199 3837 2275 ἐρή-

2181 2302 2292 2358 μου
2328 2285 2518 2360 βάθος,
2566 2287 2658 2341 καὶ
2715 2288 2790 2350 ὡς
2846 2289 3019 2362 ἄχθος
3075 2309 3125 2342 τι
3156 2289 3245 2343 καὶ
3277 2288 3466 2345 κλοιὸν
3533 2291 3833 2366 βαρύτατον

2176 2370 2514 2446 ἀποθέμενος
2543 2379 2652 2430 τῶν
2700 2377 3046 2449 προσκαίρων
3078 2377 3178 2446 τήν
3211 2378 3474 2454 σύγχυσιν
3513 2421 3527 2447 ,
3561 2379 3836 2458 εὐφράνθη

2173 2467 2255 2534 τῷ
2295 2464 2583 2536 πνεύματι,
2645 2464 2734 2519 καὶ
2782 2470 2864 2538 τῷ
2910 2468 3243 2539 ποθουμένῳ
3297 2467 3542 2532 ἀτενίσας
3597 2474 3836 2543 Χριστῷ,

2177 2547 2309 2608 ἐϐόα
2367 2553 2505 2627 πρὸς
2554 2553 2738 2622 αὐτὸν,
2772 2556 2848 2616 ὡς
2907 2554 3133 2630 παρόντι
3191 2555 3281 2609 καὶ
3339 2563 3439 2625 τῆς
3498 2565 3685 2635 φωνῆς
3748 2558 3841 2613 ἐπ-

2175 2639 2351 2697 αΐοντι
2409 2640 2822 2717 διαλεγόμενοςθ
2876 2645 2969 2712 Μὴ
3027 2645 3096 2698 τὰ
3152 2645 3347 2719 ἀγαθὰ,
3389 2647 3546 2722 φησὶ,
3603 2651 3705 2701 τοῦ
3749 2647 3842 2703 κό-

2174 2751 2318 2804 σμου
2371 2732 2570 2787 τούτου
2621 2730 2728 2787 ἴδοι
2761 2731 3110 2808 ὁόφθαλμὸς
3171 2755 3278 2806 μου
3336 2733 3450 2807 ἔτι,
3515 2736 3702 2810 Κύριε”
3759 2739 3832 2810 μή

2177 2820 2598 2896 μετεωρισθείην
2633 2822 2740 2876 ἀπὸ
2767 2829 2868 2891 τῆς
2921 2820 3082 2898 δεύρο
3136 2824 3230 2879 τὸν
3259 2828 3384 2880 νοῦν
3423 2826 3528 2880 ὑπὸ
3577 2833 3678 2896 τῆς
3707 2846 3835 2899 παρ·

2172 2909 2342 2980 ούσης
2405 2911 2772 2984 ματαιότητος
2836 2915 2976 2985 (48)·
3035 2909 3161 2968 ἀλλ’
3217 2907 3508 2986 ἔμπλησον
3562 2915 3690 2980 τοὺς
3735 2916 3826 2993 όφ-

2173 2998 2424 3072 θαλμοὺς
2485 3021 2612 3072 μου,
2672 3001 2834 3073 Κύριε
2868 3045 2882 3070 ,
2944 2999 3192 3076 δακρύων
3262 3009 3659 3076 πνευματικῶν.
3718 3003 3819 3058 Καὶ

2170 3088 2494 3144 κατεύθυνον
2549 3091 2618 3144 τὰ
2671 3085 2987 3163 διαϐήματά
3049 3112 3154 3163 μου
3216 3095 3347 3166 (49),
3403 3092 3490 3146 κάί
3543 3089 3814 3161 ὑπόδειεόν

2177 3199 2278 3252 μοι
2307 3178 2400 3233 τὸν
2434 3178 2524 3234 σὸν
2560 3177 2866 3252 θεράποντα
2919 3180 3208 3255 Βαρλαάμ.
3266 3179 3561 3252 Ὑπόδειεόν
3598 3201 3693 3254 μοι
3723 3181 3811 3235 τὸν

408 3230 498 3236 -ν-
533 3230 693 3235 --η-
727 3230 1056 3252 -τ---ν-η--η
1078 3230 1134 3234 π-
1176 3230 1450 3250 ηψπ-ητ-
1641 3230 1756 3249 tu-
1887 3230 2052 3247 κ

407 3285 574 3325 meos
595 3269 804 3342 dirige,
821 3267 1233 3338 famulumque
1257 3272 1425 3322 tuum
1448 3265 1721 3322 Barlaam
1738 3265 1886 3320 mihi
1906 3281 2063 3320 com-

2179 3230 2302 3340 ἐμοὶ
2336 3230 2936 3342 σωτηρίαςΓγενόμενον
2991 3230 3273 3344 ⁴πρόξεινον,
3298 3271 3388 3324 ἳνα
3414 3230 3506 3324 καί
3565 3230 3661 3325 τδῦ
3691 3269 3816 3345 ἐρη-

406 3363 695 3414 monstra.
719 3357 881 3424 Mihi,
914 3357 1184 3427 inquam,
1210 3371 1347 3411 eum
1377 3371 1484 3426 per
1510 3369 1690 3426 quem
1718 3353 1867 3409 mihi
1900 3353 2062 3409 salus

402 3453 574 3521 parta
605 3452 695 3503 est
722 3446 992 3513 ostende,
1039 3451 1104 3500 ut
1133 3445 1414 3500 solitaria:
1445 3460 1514 3500 ac
1554 3442 1899 3498 monasticaa
1928 3443 2060 3497 vita;

402 3537 810 3594 sinceritatem
841 3553 950 3607 per
978 3536 1176 3607 ipsum
1205 3534 1533 3601 addiscam,
1568 3549 1636 3589 ac
1667 3549 1790 3588 non
1820 3532 1893 3587 ob
1919 3533 2062 3588 hos-

404 3627 528 3682 tilis
597 3626 743 3682 belli
800 3623 1162 3696 imperitiam
1219 3625 1282 3680 in
1337 3623 1614 3678 fraudem
1671 3621 1942 3678 inducar.
1977 3623 2063 3678 Da

403 3716 573 3782 mihi,
603 3715 869 3785 Domine,
901 3715 1056 3770 viam
1099 3730 1297 3770 meam
1326 3712 1615 3778 nancisci,
1648 3728 1756 3783 per
1793 3728 1974 3782 quam
2005 3716 2063 3767 te

402 3805 722 3878 adipiscar,
756 3805 1047 3876 quoniam
1077 3803 1279 3860 anima
1307 3818 1444 3859 mea
1472 3802 1558 3858 tui
1590 3801 1887 3857 desiderio
1919 3818 2060 3858 sau-

402 3897 496 3953 cia
521 3901 630 3964 est,
664 3901 840 3966 teque
872 3893 1084 3950 salutis
1111 3893 1339 3950 fontem
1369 3891 1651 3949 ardenter
1681 3891 1826 3946 sitit.

477 3985 612 4040 Haec
643 3999 847 4040 secum
886 3986 1174 4054 perpetuo
1221 3980 1511 4046 volvebat,
1541 3985 1720 4051 atque
1769 3979 1844 4035 ad
1877 3981 2062 4036 Deum

403 4074 784 4146 loquebatur,
815 4089 922 4144 per
941 4071 1274 4126 orationem
1293 4086 1361 4125 ac
1383 4068 1878 4126 sublimissimam
1922 4086 2062 4125 con-

408 4163 860 4235 templationem
884 4161 997 4233 ipsi
1021 4176 1152 4217 sese
1171 4159 1304 4231 conj
1314 4175 1567 4232 ungens.
1586 4162 1779 4230 Atque
1811 4159 1896 4215 ita
1915 4176 2060 4215 con-

405 4259 573 4310 tento
602 4268 810 4326 gressu
841 4256 1099 4322 emptum
1122 4249 1236 4305 iter
1266 4247 1721 4319 exsequebatur,
1756 4247 1832 4303 ad
1862 4247 2059 4304 locum

403 4360 542 4400 eum
564 4343 626 4398 in
645 4359 762 4414 quo
780 4339 1052 4397 Barlaam
1071 4337 1323 4411 degebat
1340 4338 1648 4409 pervenire
1669 4337 2059 4394 contendens.

407 4432 617 4487 Herbis
648 4447 823 4502 porro
858 4430 930 4484 iis
961 4446 1094 4500 qua)
1126 4429 1188 4482 in
1228 4426 1463 4483 deserto
1497 4425 1831 4482 existebant
1859 4427 2064 4484 aleba-

404 4528 520 4577 tur.
550 4523 750 4594 Neque
785 4521 965 4590 enim,
990 4526 1056 4575 ut
1062 4520 1191 4591 jam
1215 4535 1250 4573 a
1271 4535 1365 4573 me
1383 4524 1918 4574 commemoratum
1949 4523 2058 4587 est,

2175 3360 2340 3429 μικοῦ
2375 3355 2496 3430 βίου
2525 3355 2722 3412 τούτου
2761 3359 2850 3412 καὶ
2911 3359 3211 3428 ἀσκητικοῦ
3265 3356 3332 3414 δι’
3389 3359 3554 3414 αὐτοῦ
3581 3360 3680 3426 τὴν
3715 3362 3822 3431 (50)

2169 3439 2447 3520 ἀκρίϐειαν
2485 3446 2719 3519 μάθοιμι
2777 3446 2868 3502 καὶ
2917 3449 2994 3520 μή
3026 3452 3094 3521 τῇ
3128 3448 3348 3521 ἀπειρίᾳ
3397 3449 3505 3502 τῶν
3563 3445 3822 3520 πολέμων

2168 3539 2267 3590 τοῦ
2295 3533 2498 3609 ἐχθροῦ
2549 3534 2948 3592 ὑποσκελισθῶ.
3009 3537 3108 3598 Δός
3171 3558 3289 3609 μοι,
3351 3537 3540 3610 Κύριε,
3571 3537 3671 3604 τήν
3705 3533 3822 3590 ὁδον

2171 3624 2349 3699 εύρεῖν
2383 3621 2455 3678 δι’
2483 3625 2549 3692 ἧς
2579 3624 2827 3700 ἐπιτύχω
2862 3646 2983 3692 σου,
3021 3625 3106 3680 ὅτι
3156 3625 3420 3701 τέτρωται
3455 3629 3488 3694 ἡ
3519 3626 3676 3700 ψυχὴ
3729 3645 3826 3696 μου

2167 3717 2250 3785 τῷ
2275 3713 2434 3784 πόθῳ
2464 3733 2588 3786 σου,
2619 3712 2711 3768 καὶ
2743 3715 2801 3768 σὶ
2831 3711 2974 3787 διψῶ
3005 3715 3106 3784 τήν
3138 3735 3328 3789 πηγην
3377 3721 3478 3783 τῆς
3532 3713 3824 3785 σωτηρίας.

2242 3982 2427 4038 Ταῦτα
2479 3977 2699 4058 ἔστρεφε
2758 3981 2879 4045 καθ’
2936 3981 3126 4037 ἑαυτὸν
3183 3981 3287 4050 ἀεὶ,
3337 3982 3426 4037 καὶ
3479 3986 3561 4055 τῷ
3600 3985 3716 4053 Θεῷ
3746 3977 3824 4036 δι-

2172 4068 2412 4146 ελέγετο,
2443 4067 2535 4125 διὰ
2560 4073 2878 4145 προσευχῆς
2908 4070 3056 4142 αὐτῷ
3085 4070 3176 4126 καὶ
3208 4070 3436 4146 θεωρίας
3477 4069 3828 4145 ὑψηλοτάτης

2171 4159 2485 4231 ἕνούμενος,
2519 4159 2624 4216 Καὶ
2654 4159 2797 4214 οὕτω
2825 4158 3096 4221 συντόνως
3128 4161 3226 4230 τὴν
3261 4158 3581 4235 ὁδοιπορίαν
3623 4159 3826 4231 διήνυε,

2169 4249 2262 4304 τὸν
2293 4253 2478 4323 χῶρον
2527 4245 2774 4304 σπεύδων
2837 4244 3193 4319 καταλαϐεῖν,
3254 4245 3379 4314 ἔνθα
3434 4247 3703 4324 Βαρλαὰμ
3751 4247 3831 4304 δι-

2169 4343 2323 4413 ῆγεν.
2356 4337 2642 4415 Ἐτρὲφετο
2676 4336 2734 4392 δὲ
2761 4343 2882 4400 ταῖς
2935 4339 3230 4412 φνομέναις
3265 4339 3520 4415 βοτάναις
3549 4341 3689 4395 κατά
3735 4341 3830 4409 τὴν

2169 4421 2400 4501 ἔρημον·
2436 4423 2590 4481 ούδὶν
2621 4427 2723 4502 γὰρ
2785 4426 2927 4482 ἄλλο
2991 4427 3302 4506 ἐπεφέρετο,
3361 4427 3602 4503 καθάπερ
3662 4423 3827 4504 ἔφθην

2171 4514 2337 4570 εἰπὼν
2370 4519 2504 4588 (51),
2539 4515 2584 4570 εἰ
2637 4517 2712 4589 μὴ
2779 4518 2940 4589 μόνον
2997 4519 3061 4573 τὸ
3120 4523 3280 4592 σῶμα
3336 4517 3400 4573 τὸ
3453 4515 3592 4573 ἴδιον
3650 4517 3830 4574 καὶτὸ

403 4616 623 4685 praeter
652 4627 868 4682 corpus
890 4627 959 4666 ac
974 4625 1205 4681 pannos
1227 4607 1366 4664 illos
1396 4607 1612 4679 quibus
1641 4607 1885 4663 indutus
1908 4612 2053 4677 erat,

2179 4602 2330 4667 idm;
2361 4603 2390 4659 ’ὀ
2421 4599 2844 4681 περιεϐέϐλητο.

405 4701 736 4776 quidquam
767 4699 930 4756 aliud
959 4714 1161 4754 secum
1191 4697 1440 4754 ferebat.

471 4793 764 4848 Cmterum
778 4804 912 4844 cum
926 4787 1202 4860 exiguum
1212 4802 1281 4843 ac
1294 4785 1521 4842 nullius
1533 4787 1776 4842 omnino
1793 4803 2059 4844 momen-

401 4881 445 4938 ti
462 4881 685 4937 victum
699 4883 790 4936 est
803 4877 1002 4933 herbis
1015 4876 1127 4933 sibi
1148 4881 1406 4950 pararet,
1425 4892 1596 4948 aquai
1617 4877 1870 4949 penuria
1886 4894 2059 4950 pror-

403 4989 504 5027 sus
534 4968 862 5036 laborabat,
885 4967 1046 5039 quod
1066 4965 1341 5022 videlicet
1360 4965 1621 5021 solitudo
1645 4965 1752 5021 illa
1769 4982 1939 5038 aqua:
1953 4983 2051 5023 ex-

2235 4781 2411 4840 Ἀλλά
2437 4784 2647 4862 τροφήν
2702 4785 2798 4857 μὶν
2856 4783 3078 4860 μετρίαν
3111 4785 3202 4840 καὶ
3235 4782 3546 4854 οὐδαμινὴν
3605 4785 3667 4842 ἐκ
3718 4791 3828 4842 τῶν

2168 4873 2411 4948 βοτανῶν
2445 4872 2837 4949 ποριζόμενος,
2869 4870 3070 4938 ὕδατος
3098 4873 3384 4936 παντελῶς
3416 4877 3573 4932 840
3605 4876 3827 4954 ἠπόρει,

2163 4957 2400 5036 ἀνύδρου
2438 4962 2526 5017 καὶ
2562 4961 2727 5035 ξηρᾶς
2761 4959 2931 5034 οὔσης
2986 4969 3088 5034 τῆς
3146 4962 3357 5040 ἐρήμου
3418 4962 3644 5036 ἐκείνης.
3683 4962 3826 5036 Ἤδη

401 5077 538 5134 pers
553 5063 728 5117 esset.
745 5060 891 5114 Cum
919 5058 1100 5130 igitur
1120 5055 1245 5111 sole
1256 5055 1386 5128 jam
1412 5055 1521 5110 sub
1545 5055 1858 5112 meridiem
1879 5057 2056 5112 vehe-

2179 5051 2341 5107 ιοίνυν
2399 5052 2522 5128 περὶ
2574 5051 2670 5114 τὰς
2733 5047 3082 5127 μεσημϐριας
3121 5099 3134 5121 ,
3218 5056 3316 5108 τοῦ
3368 5051 3534 5122 ἡλίου
3595 5051 3828 5131 σφοδρὸν

397 5155 634 5206 menter
653 5147 899 5204 ardente
930 5148 1044 5202 iter
1063 5145 1307 5210 faceret,
1331 5145 1741 5200 vehementius
1755 5145 1829 5200 ob
1843 5151 2055 5202 uastum

397 5241 457 5296 in
472 5239 639 5296 arida
653 5239 894 5311 regione
909 5237 1005 5292 siti
1030 5234 1338 5307 ﬂagrabat,
1361 5239 1538 5305 atque
1554 5239 1888 5291 extremaet
1916 5253 2052 5308 gra-

396 5330 639 5385 vissima
659 5342 930 5382 aerumna
951 5324 1290 5380 vexabatur.
1321 5325 1540 5379 Verum
1561 5323 1864 5395 cupiditas
1876 5330 2052 5380 natu-

496 5453 588 5523 47)
621 5450 775 5507 Psal.
810 5466 941 5515 Lxu,
973 5451 1023 5505 8.

2164 5141 2503 5218 φλέγοντος,
2560 5147 2664 5211 τῆς
2711 5139 3032 5218 ὁδοιπορίας
3091 5141 3404 5217 ἐχόμενος,
3463 5141 3831 5220 σφοδρότερον

2166 5230 2327 5292 αὐτὸς
2355 5229 2612 5309 ἐφλέγετο
2634 5229 2686 5287 ἐν
2721 5229 2866 5304 δίψει
2897 5231 3178 5305 καύματος
3221 5230 3274 5286 ἐν
3323 5229 3565 5308 ἀνύδρω,
3595 5234 3688 5287 καὶ
3739 5243 3834 5301 την

2165 5321 2403 5397 ἐσχάτην
2462 5321 2896 5397 ἐταλαιπωρεῖτο
2945 5322 3350 5398 ταλαιπωρίαν⁸
3418 5321 3546 5378 ἀλλ’
3604 5321 3756 5378 ἐνίκα
3808 5323 3834 5377 ὁ

613 5455 775 5579 11:32]].
803 5455 1093 5589 gallis.“
1123 5516 1520 5592 εἈπόστρεψον
1552 5516 1682 5580 τοὺς
1709 5513 2033 5593 ὀφθαλμούς
2067 5537 2173 5592 μου
2201 5520 2301 5573 τοῦ
2333 5517 2412 5591 μή
2436 5513 2571 5573 ἰδεῖν
2607 5516 2948 5592 ματαιότητα

493 5597 584 5665 49)
617 5593 781 5668 Conf.
815 5609 948 5668 pag.
983 5593 1103 5659 182,
1130 5607 1197 5668 _n_.
1228 5592 1318 5646 76.
1363 5661 1376 5668 _
1450 5659 1462 5668 _

493 5597 584 5665 49)
617 5593 781 5665 Conf.
815 5609 948 5665 pag.
983 5593 1103 5659 182,
1131 5607 1197 5665 n.
1228 5592 1318 5646 76.

469 5659 583 5740 (50)
610 5665 676 5740 _C,
709 5659 840 5740 βίου
867 5659 990 5740 τῆν,
1014 5662 1229 5719 mediis
1259 5659 1518 5718 omissis.

467 5736 580 5812 (si)
608 5736 750 5809 Pag'.
782 5737 913 5793 337.
