4112 6420
367 434 513 493 1213

1532 433 1711 491 VITA
1746 432 2091 490 BABLAAI
2128 434 2223 488 ΒΤ
2254 434 2595 492 ΙΟΔΒΑΡΗ.

3653 433 3795 490 1214

364 560 542 625 πόθος
572 560 674 629 τὴν
704 556 886 635 φύσιν,
914 556 1006 612 καὶ
1038 558 1073 626 ἡ
1106 553 1259 630 δίψα,
1289 558 1356 627 ἢν
1389 558 1527 633 πρὸς
1557 557 1647 612 τὸν
1689 556 1816 611 Θεὸν
1849 552 2025 631 ἒδίψα,

2142 570 2272 613 ram
2304 558 2594 631 vincebat,
2627 577 2695 618 ac
2725 562 2855 618 sitis
2881 577 2953 618 ea
3008 561 3206 617 divina
3255 574 3374 632 qua
3418 558 3792 614 afficiebatur

368 653 470 721 τήν
502 648 685 725 φλόγα
717 645 964 724 ὲδρόσιζε
991 654 1093 717 τῆς
1119 651 1216 702 τοῦ
1241 645 1435 711 ὕδατος
1464 645 1648 722 δίψης.

446 741 506 799 Ὀ
541 736 599 795 δὲ
634 736 936 813 μισόκαλος
964 736 1055 790 καὶ
1083 737 1343 813 φθονερὸς
1377 732 1661 805 διᾶϐολος,
1695 736 1772 809 μὴ
1827 736 2027 813 ὑποφέ.

371 851 481 905 ρων
515 828 569 884 ἐν
601 828 748 900 αὐτῷ
776 829 876 898 τὴν
916 825 1175 897 τοιαύτην
1237 828 1364 903 ὁρᾷν
1424 827 1680 902 πρόθεσιν
1737 826 1828 880 καὶ
1887 824 2029 881 οὕτω

380 918 723 995 θερμοτάτην
753 918 889 990 πρὸς
942 916 1036 970 τὸν
1090 915 1219 971 Θεὸν
1279 917 1520 991 ἀγάπην,
1580 914 1830 977 πολλοὺς
1882 914 2030 987 αὐτῷ

370 1008 510 1065 κατά
556 1010 655 1078 τήν
712 1001 920 1079 ἔρημον
981 1004 1227 1079 ἐξήγειρε
1282 1004 1641 1079 πειρασμοὺς,
1697 999 2027 1060 ὑποϐάλλων

369 1097 521 1170 αὖτῷ
547 1098 659 1171 (53)
695 1097 923 1169 μνήμην
980 1101 1081 1164 τῆς
1143 1095 1437 1170 βασιλικῆς
1494 1095 1660 1151 αὐτοῦ
1718 1092 1880 1168 δόξης
1937 1093 2027 1149 καὶ

370 1194 470 1257 τῆς
525 1185 941 1261 παρισταμένης
997 1183 1150 1256 αὗτῷ
1212 1183 1608 1260 λαμπροτάτης
1675 1180 2026 1260 δορυφορίας,

366 1275 544 1354 φίλων
574 1295 635 1330 τε
690 1275 784 1329 καὶ
843 1277 1115 1351 συγγενῶν
1173 1274 1263 1329 καὶ
1324 1272 1641 1348 ὁμηλίκων,
1692 1273 1783 1329 καὶ
1842 1274 1918 1337 ὡς
1973 1273 2029 1327 αἱ

361 1368 580 1422 πάντων
608 1363 785 1440 ψυχαὶ
811 1370 913 1434 τῆς
971 1362 1138 1418 αὐτοῦ
1187 1364 1487 1439 ὶξήρτηντο
1544 1366 1757 1439 ψυχῆς,
1810 1361 2026 1423 καὶτὰς

362 1454 536 1518 ἄλλας
570 1453 782 1516 ἀοὲσιις
806 1458 906 1510 τοῦ
940 1452 1085 1530 βίου’
1146 1453 1261 1509 εἶτα
1310 1454 1373 1509 τὸ
1428 1453 1613 1529 τραχὺ
1672 1460 1772 1523 τῆς
1830 1452 2029 1527 ἀρετῆς

363 1540 742 1621 προεϐάλλετο
773 1542 863 1598 καὶ
895 1543 1021 1606 τοὺς
1059 1541 1311 1606 πολλοὺς
1368 1544 1544 1614 αὐτῆς
1598 1540 1833 1618 ἱδρῶτας
1892 1545 2024 1615 (53),

366 1639 467 1690 τοῦ
500 1632 753 1707 σώματός
784 1654 843 1689 τι
879 1635 978 1703 τήν
1038 1632 1318 1689 ἀσθένειαν
1370 1632 1461 1689 καὶ
1513 1634 1575 1687 τὸ
1619 1631 1881 1704 ἀσύνηθες
1932 1630 2031 1687 αὐ-

371 1727 471 1781 τοῦ
503 1721 553 1778 ἐν
583 1727 651 1797 τῇ
709 1721 933 1796 τοιαύτῃ
992 1721 1366 1798 ταλαιπωρίᾳ,
1425 1723 1513 1778 καὶ
1569 1726 1665 1778 τοῦ
1717 1723 1919 1798 χρόνου
1966 1720 2029 1776 τὸ

378 1819 579 1886 μῆκος,
610 1812 710 1881 τήν
743 1810 794 1867 ἦν
828 1810 1019 1888 χερσίν
1051 1833 1109 1868 τε
1170 1812 1403 1887 ανάγκην
1448 1816 1549 1879 τῆς
1597 1810 1781 1886 δίψης,
1834 1812 1923 1867 καὶ
1965 1810 2029 1866 τὸ

372 1899 691 1976 μηδαμόθεν
744 1898 1060 1977 ἐκδέχεσθαι
1114 1901 1459 1976 παράκλησιν
1489 1900 1709 1973 ἢτὲλος
1755 1905 1851 1955 τοῦ
1899 1921 2024 1955 τοσ-

369 1988 533 2045 ούτου
560 1990 757 2045 κόπου·
792 1990 880 2045 καὶ
913 1988 1061 2053 ’ὀλως
1094 1989 1269 2046 πολὺν
1323 1990 1469 2063 αὐτῷ
1515 1990 1701 2067 ἤγειρε
1743 1988 2023 2066 κονιορτὸν

364 2084 476 2135 τῶν
509 2078 800 2155 λογισμῶν
832 2077 884 2135 ἐν
916 2083 986 2153 τῇ
1018 2076 1231 2151 διανοίᾳ
1257 2082 1396 2154 (54),
1419 2081 1557 2144 καθά
1605 2101 1710 2136 που
1760 2081 1849 2135 καὶ
1898 2079 2021 2153 περί

367 2173 466 2224 τοῦ
502 2168 747 2247 μεγάλου
777 2169 1074 2247 γέγραπται
1106 2174 1259 2228 341
1297 2170 1617 2229 Ἀντωνίου.

2147 647 2277 703 sitis
2306 665 2475 720 aquae
2506 651 2809 708 flammam
2842 652 3169 708 minuebat.

2207 740 2697 797 Atveroilleboni
2717 743 2997 797 inimicus
3022 748 3080 797 et
3100 741 3338 796 invidus
3361 737 3655 803 diabolus,
3677 737 3788 791 hu-

2127 827 2394 899 jusmodi
2414 830 2597 885 animi
2621 832 2959 887 institutum
2982 838 3161 903 atque
3186 847 3372 901 usque
3396 828 3542 884 adeo
3562 827 3788 882 arden-

2136 922 2258 971 tem
2307 918 2495 989 ipsius
2548 937 2685 993 erga
2732 923 2918 977 Deum
2968 922 3320 976 charitatem
3366 917 3787 990 indignissimo

2135 1008 2335 1063 animo
2368 1010 2759 1081 perspiciens,
2793 1012 3012 1067 multas
3044 1012 3156 1083 ipsi
3188 1011 3250 1065 in
3283 1009 3607 1065 solitudine
3659 1012 3791 1061 ten-

2136 1096 2391 1152 tationes
2414 1098 2729 1165 excitabat,
2781 1100 2956 1172 regiae
3012 1100 3299 1154 nimirum
3348 1097 3538 1169 ipsius
3586 1095 3791 1168 glorim

2136 1184 2760 1259 splendidissimisque
2779 1189 3105 1245 satellitum
3120 1205 3357 1254 manus,
3377 1185 3693 1258 quaipsius
3707 1184 3790 1239 la—

2137 1279 2232 1330 tus
2254 1275 2411 1348 cingi
2437 1276 2875 1349 solebat.atque
2888 1279 3216 1333 amicorum
3231 1279 3373 1332 item
3395 1281 3455 1331 et
3470 1274 3795 1344 aequalium

2134 1367 2487 1423 memoriam
2519 1366 2633 1438 ipsi
2665 1367 2993 1435 refricans;
3037 1367 3305 1438 illudque
3347 1366 3489 1420 item
3546 1364 3658 1434 ipsi
3708 1362 3784 1417 ob

2137 1455 2401 1511 animum
2426 1473 2786 1528 proponens,
2820 1457 3088 1511 omnium
3112 1456 3342 1511 animas
3361 1471 3430 1510 ex
3456 1453 3643 1524 ipsius
3657 1452 3790 1507 ani-

2137 1559 2235 1598 ma
2255 1544 2537 1615 pendere,
2562 1561 2631 1601 ac
2652 1546 2914 1616 reliquas
2939 1544 3198 1616 denique
3220 1544 3369 1599 alias
3391 1543 3639 1614 hujusce
3654 1540 3787 1595 vitae

2141 1632 2572 1690 oblectationes
2631 1635 2745 1706 ipsi
2789 1635 3099 1707 objiciens.
3158 1636 3236 1690 Ac
3278 1631 3496 1688 deinde
3558 1628 3794 1683 virtutis

2136 1723 2541 1793 asperitatem,
2574 1729 2753 1795 atque
2794 1724 3064 1797 ingentes
3099 1724 3228 1795 ejus
3251 1722 3499 1778 sudores
3523 1719 3635 1790 ipsi
3660 1734 3791 1789 pro-

2135 1813 2414 1884 ponebat,
2470 1816 2738 1887 corporis
2797 1816 3271 1871 imbecillitatem
3331 1818 3388 1868 et
3453 1812 3793 1881 inexpertas

2135 1908 2313 1974 atque
2346 1904 2611 1960 insuetas
2643 1922 2962 1975 aerumnas,
2997 1911 3056 1960 et
3086 1904 3370 1976 temporis
3393 1898 3793 1973 longinquita-

2136 1997 2277 2061 tem,
2311 2010 2378 2049 ac
2410 2001 2767 2066 prmsentem
2798 1996 2927 2051 sitis
2981 1995 3455 2068 oppressionem,
3507 1989 3786 2062 quodque

2134 2082 2302 2138 nulla
2331 2100 2403 2139 ex
2428 2089 2593 2155 parte
2628 2085 2956 2141 consolatio
2986 2085 3111 2141 ulla
3138 2084 3251 2156 ipsi
3275 2080 3671 2154 exspectanda
3693 2094 3785 2133 es-

2135 2177 2244 2242 set,
2280 2178 2382 2227 aut
2412 2174 2562 2228 tanti
2592 2174 2814 2229 laboris
2860 2179 3159 2246 tantaeque
3207 2171 3570 2245 fatigationis
3621 2168 3786 2223 finis.

439 2262 523 2316 Ac
550 2261 808 2331 denique
839 2261 1139 2334 ingentem
1170 2262 1232 2316 in
1272 2261 1459 2333 ipsius
1486 2262 1710 2330 animo,
1739 2259 2243 2333 quemadmodum
2275 2261 2535 2333 quodam
2566 2262 2696 2318 loco
2729 2263 2800 2319 de
2832 2280 3044 2336 magno
3067 2263 3324 2319 Antonio
3348 2260 3651 2333 proditum
3671 2261 3780 2325 est,

367 2349 797 2422 cogitationum
829 2350 1133 2421 pulverem
1164 2349 1591 2407 commovebat.

438 2436 528 2497 Ὠς
560 2433 617 2490 Si
648 2433 783 2490 εἶδεν
819 2436 1006 2491 ἑαυτὸν
1041 2438 1068 2492 ὁ
1125 2435 1325 2512 ἐχθρὸς
1376 2436 1696 2492 ἀσὲενοῦντα
1745 2436 1881 2511 πρὸς
1936 2437 2031 2505 τὴν

375 2523 585 2580 ἐκείνου
613 2526 868 2599 πρόθεσιν
923 2526 1037 2599 (τὸν
1094 2527 1325 2602 Χριστὸν
1384 2527 1490 2603 γὰρ
1539 2526 1698 2590 αὐτὸς
1753 2525 2028 2599 ἐνθυμού-

373 2635 534 2689 μενος
567 2615 659 2669 καὶ
689 2618 770 2686 τῷ
800 2613 1005 2670 ἐκείνου
1064 2616 1222 2690 πόθῳ
1272 2615 1635 2695 φλεγόμενος,
1685 2614 2030 2692 ῥωννύμενύς

375 2725 436 2759 τε
462 2702 647 2766 καλῶς
677 2707 746 2777 τῇ
805 2701 989 2759 ἐλπίδι
1037 2705 1128 2759 καὶ
1156 2709 1225 2779 τῇ
1266 2705 1442 2761 πίστει
1492 2705 1906 2779 στηριζόμενος,
1947 2702 2026 2766 εἷς

378 2790 532 2848 οὐδὲν
564 2794 659 2855 τὰς
690 2791 896 2849 ἐκείνου
945 2788 1255 2869 ὑπερϐολὰς
1301 2792 1621 2869 ἐλογίζετο),
1671 2792 2023 2868 κατῃσχύνθη

377 2884 406 2938 ὁ
436 2880 707 2956 πολέμιος
737 2882 795 2936 ἐκ
824 2884 1070 2957 πρώτης,
1105 2884 1135 2938 ὅ
1162 2880 1400 2958 λέγεται,
1451 2878 1775 2958 προσϐολῆς
1822 2881 2024 2951 πεσών,

373 2972 595 3047 Ἑτέραν
629 2972 719 3027 οὖν
753 2970 972 3048 ἔρχεται
1004 2969 1130 3028 ὁδόν
1186 2971 1419 3047 (πολλαὶ
1469 2973 1572 3049 γὰρ
1623 2973 1772 3045 αὐτῷ
1818 2973 1875 3027 αἱ
1924 2978 2024 3042 τῆς

368 3062 567 3123 κακίας
593 3055 819 3135 τρίϐοι),
850 3062 942 3116 καὶ
991 3061 1325 3136 σαντάσμασι
1378 3060 1659 3125 ποικίλοις
1707 3059 2024 3135 ἀνατρέπειν

370 3150 537 3207 αὐτὸν
561 3148 815 3226 ἐπειρᾶτο
840 3152 928 3206 καὶ
980 3150 1055 3213 εἷς
1123 3149 1332 3207 δείλίαν
1389 3147 1676 3225 ἐμϐαλεῖν,
1735 3152 1868 3207 ποτὶ
1928 3150 2023 3224 μὶν

379 3240 550 3314 μέλας
580 3240 727 3314 αὗτῴ
785 3240 1139 3319 φαινόμενος,
1198 3241 1314 3304 οἷός
1367 3240 1501 3297 ἐστι’
1560 3242 1695 3297 ποτε
1746 3238 1823 3310 δὲ,
1886 3239 2022 3317 ῥομς-

2217 2440 2289 2494 Ut
2303 2445 2501 2495 autem
2524 2441 2598 2497 ad
2620 2440 3100 2497 labefactandum
3119 2440 3307 2512 ipsius
3330 2438 3516 2495 animi
3541 2436 3790 2492 institu-

2143 2530 2268 2583 tum
2292 2528 2654 2585 imbecillem
2674 2532 2863 2586 hostis
2886 2531 2987 2586 ille
3011 2548 3073 2586 se
3095 2530 3240 2585 vidit
3275 2528 3598 2599 (Christum
3630 2525 3793 2580 enim

2141 2618 2267 2689 ipse
2293 2619 2403 2673 sibi
2425 2619 2496 2674 ob
2512 2620 2778 2675 animum
2802 2624 3352 2691 proponens,atque
3368 2618 3553 2688 ipsius
3569 2614 3795 2670 deside-

2140 2708 2228 2762 rio
2244 2708 2901 2781 inflammatus,speque
2924 2710 3153 2783 egregie
3176 2709 3660 2773 conﬁrmatus,ac
3674 2703 3789 2759 ﬁde

2142 2797 2620 2865 subnixus,illius
2642 2800 2961 2854 instinctus
2989 2805 3047 2853 et
3066 2798 3317 2854 consilia
3343 2812 3447 2867 pro
3470 2795 3659 2849 nihilo
3682 2794 3794 2848 du-

2137 2888 2350 2960 cebat),
2378 2890 2603 2960 pudore
2626 2892 2887 2945 sutfusus
2917 2895 3025 2957 est,
3049 2894 3253 2960 utpote
3275 2887 3349 2943 ad
3386 2887 3668 2958 primum,
3723 2888 3791 2937 ut

2138 2977 2253 3032 dici
2281 2978 2452 3046 solet,
2473 2979 2762 3050 impetum
2785 2984 3135 3051 prostratus.
3160 2974 3792 3048 Quapropteralteram

2135 3066 2289 3121 viam
2313 3067 2463 3122 inire
2485 3069 2662 3139 cepit
2690 3068 2927 3127 (multas
2972 3068 3193 3138 quippe
3225 3067 3338 3137 ipsi
3368 3065 3494 3120 vitii
3541 3062 3785 3118 semitas

2136 3156 2360 3228 habet),
2384 3174 2452 3213 ac
2473 3159 2649 3213 variis
2670 3160 2920 3229 spectris
2947 3175 3083 3213 eum
3107 3162 3368 3212 evertere
3390 3154 3644 3225 atquein
3660 3170 3786 3208 me-

2137 3252 2262 3300 tum
2276 3247 2574 3318 conjicere
2589 3248 3358 3316 nitebatur.Nonnunquam
3382 3244 3541 3299 enim
3565 3243 3794 3313 aterip-

372 3301 546 3407 φαίαν
592 3301 963 3403 ἆσπίισμῖἑνην¹
1020 3301 1310 3407 κατέχων,
1366 3329 1612 3402 ἐπεπήδα
1680 3301 1849 3403 αὐτῶ,
1886 3301 1895 3317 ι
1933 3301 2024 3385 καὶ

2140 3335 2284 3403 si,ut
2299 3336 2740 3408 est,apparebat
2754 3353 3209 3407 ;nonnunquam
3232 3350 3439 3389 rursus
3456 3333 3792 3388 districtum

364 3417 595 3491 πατᾶξαι
629 3418 875 3490 ἠπείλει,
908 3419 953 3474 εἰ
983 3420 1060 3493 μὴ
1095 3425 1287 3484 θᾶττον
1321 3419 1399 3483 εἷς
1447 3422 1515 3476 τά
1563 3420 1741 3476 ὀπίσω
1789 3426 2023 3496 πραφῆ·

370 3507 578 3566 ἄλλοτε
609 3508 815 3583 θηρίων
852 3509 1136 3584 ὑπήρχετο
1188 3508 1552 3566 παντοδαπῶν
1606 3510 1842 3589 μορφὰς,
1895 3510 2028 3585 βρυ-

378 3598 497 3673 χῶν
525 3600 640 3653 κατ’
670 3598 834 3653 αὐτοῦ
894 3598 984 3652 καὶ
1030 3596 1339 3654 δεινότατον
1395 3597 1679 3654 ἀποτελῶν
1739 3600 2027 3671 μυκηθμὸν

376 3687 468 3743 καὶ
500 3687 689 3765 ψόφον*
726 3689 839 3743 εἶτα
892 3686 984 3742 καὶ
1032 3688 1108 3749 εἰς
1161 3686 1429 3762 δράκοντα
1478 3693 1892 3766 μετεμορφοῦτο
1935 3688 2025 3743 καὶ

371 3775 574 3832 ἀσπίδα
604 3777 693 3832 καὶ
729 3774 1048 3852 βασιλίσκον
1082 3780 1214 3852 (55).
1248 3779 1307 3835 Ὀ
1359 3776 1417 3833 δὲ
1466 3778 1635 3840 καλὸς
1686 3777 1889 3841 ἐκεῖνος
1937 3777 2025 3833 καὶ

368 3864 748 3940 γενναιότατος
788 3864 1040 3937 ἀθλητὴς
1098 3866 1336 3940 ἀτρέμας
1392 3871 1458 3937 ἦν
1505 3869 1607 3937 τὴν
1666 3870 1874 3943 ψυχὴν,
1933 3866 2027 3922 an

369 3950 438 4023 δὴ
471 3957 561 4009 τὸν
611 3954 835 4030 ὕψιστον
898 3957 1089 4012 ὲαττοῦ
1145 3959 1458 4034 καταφυγὴν
1517 3958 1762 4031 θέμενος.
1816 3959 2021 4035 Νήφων

370 4040 429 4099 δὶ
458 4048 547 4118 ςτῇ
610 4042 827 4117 διανοίᾳ
880 4046 967 4100 καὶ
1029 4049 1139 4119 (56)
1195 4044 1539 4123 κατεγγελῶν
1595 4052 1692 4103 τοῦ
1750 4052 2023 4121 πονηροῦ,

368 4127 580 4208 ἔλεγεν·
640 4134 756 4192 Οὐκ
814 4129 1003 4197 ἔλαθές
1063 4156 1151 4207 με,
1212 4137 1256 4191 ὦ
1307 4137 1577 4207 ἀπατεὼν,
1636 4136 1786 4199 ὅστις
1871 4138 1935 4204 εἴ,
1996 4139 2023 4193 ὁ

364 4224 537 4277 ταῦτά
571 4244 664 4296 μοι
714 4223 958 4299 ἐγείρων,
993 4224 1021 4278 ὁ
1054 4222 1108 4295 ἐξ
1165 4225 1349 4300 ἀρχῆς
1404 4227 1544 4281 κακά
1600 4228 2023 4300 τεκταινόμενος

367 4314 480 4365 τῶν
514 4311 817 4388 ἀνθρώπων
847 4313 929 4385 τῷ
958 4314 1120 4390 γένει,
1181 4315 1271 4369 καὶ
1325 4315 1405 4369 ἀεί
1456 4335 1591 4370 ποτε
1646 4317 1889 4392 πονηρὸς
1948 4316 2020 4372 ὥν

2136 3424 2401 3496 gladium
2446 3431 2676 3493 tenens,
2711 3426 2773 3480 in
2810 3442 2947 3480 eum
2975 3425 3264 3497 impetum
3294 3422 3568 3489 faciebat,
3609 3436 3790 3492 seque

2141 3529 2299 3581 eum,
2326 3515 2444 3570 nisi
2468 3532 2646 3586 quam
2668 3515 2930 3586 primum
2953 3514 3025 3569 ab
3050 3514 3324 3569 instituto
3348 3512 3628 3578 resiliret,
3653 3528 3790 3581 per-

2137 3622 2455 3661 cussurum
2473 3606 2832 3661 minabatur.
2864 3604 3229 3674 Quandoque
3262 3619 3467 3659 rursus
3498 3602 3794 3655 variarum

2135 3692 2466 3748 bestiarum
2482 3694 2736 3749 formam
2761 3694 3017 3761 subibat,
3036 3693 3317 3747 adversus
3334 3692 3531 3762 ipsum
3549 3689 3794 3761 rugiens

2138 3796 2206 3836 ac
2254 3798 2543 3851 perquam
2597 3782 2965 3837 horrendum
3006 3782 3299 3854 mugitum
3356 3785 3414 3835 et
3476 3779 3794 3849 strepitum

2139 3870 2322 3926 edens
2345 3890 2359 3938 ;
2394 3876 2571 3941 atque
2596 3871 2776 3926 etiam
2798 3872 2862 3926 in
2883 3872 3160 3927 draconis
3181 3875 3241 3926 et
3264 3868 3488 3940 aspidis
3514 3873 3574 3923 et
3601 3866 3791 3939 reguli

2133 3959 2386 4016 formam
2419 3976 2548 4016 sese
2582 3960 2832 4016 subinde
2853 3961 3226 4017 immutabat.
3250 3963 3324 4015 At
3348 3958 3669 4030 praaclarus
3688 3957 3790 4012 ille

2138 4065 2205 4104 ac
2236 4050 2690 4105 strenuissimus
2716 4051 2879 4123 pugil
2906 4050 3229 4120 tranquillo
3261 4048 3460 4105 animo
3492 4046 3790 4102 consiste-

2136 4138 2256 4205 bat,
2287 4139 2474 4209 utqui
2504 4139 2902 4206 Altissimum,
2935 4139 3269 4211 perfugium
3297 4152 3472 4193 suum
3494 4135 3793 4208 posuisset

2136 4228 2307 4300 (Psal.
2328 4230 2439 4293 xc).
2470 4235 2549 4284 Ac
2569 4233 2768 4284 mente
2792 4228 3110 4297 excubans,
3126 4228 3595 4300 pestiferumque
3615 4224 3793 4295 spiri-

2137 4322 2263 4373 tum
2311 4318 2591 4386 irridens,
2624 4318 2895 4375 dicebat:
2931 4321 3057 4374 Non
3088 4335 3183 4374 me
3212 4318 3381 4390 fugit,
3414 4334 3446 4371 ο
3478 4317 3792 4387 impostor,

370 4400 463 4453 καὶ
514 4402 577 4456 τὸ
639 4401 896 4476 βλάπτειν
983 4400 1243 4476 οὐδαμῶς
1310 4404 1648 4460 ἀπολείπων.
1729 4404 1888 4461 Ἀλλ’
1948 4407 2024 4469 ὡς

2140 4408 2382 4480 quinam
2430 4409 2532 4476 sis,
2566 4409 2669 4479 qui
2702 4409 2829 4464 haec
2860 4409 2921 4463 in
2953 4426 3048 4465 me
3080 4409 3333 4463 excites:
3368 4406 3654 4461 nimirum
3687 4403 3790 4473 qui

373 4490 661 4564 προσῆκόν
693 4492 872 4544 σοιτὸ
931 4499 1125 4566 σχῆμα
1180 4493 1269 4546 καὶ
1329 4492 1687 4563 οἰκειότατον,
1747 4494 1896 4567 αὐτῷ
1955 4493 2020 4565 δὴ

2140 4497 2407 4569 iaminde
2433 4497 2504 4551 ab
2529 4498 2698 4552 initio
2724 4498 3066 4552 mortalium
3089 4497 3291 4570 generi
3316 4495 3639 4567 perniciem
3666 4509 3793 4547 mo-

372 4578 554 4651 τούτῳ
605 4584 684 4650 τῷ
739 4579 950 4655 θηρίοις
1007 4582 1097 4636 καὶ
1154 4582 1403 4655 ἑρπετοῖς
1460 4586 1613 4641 342
1674 4585 2021 4656 ὁμοιοῦσθαι,

2140 4588 2440 4655 liaris,nec
2462 4604 2724 4657 unquam
2744 4588 3108 4659 improbitati
3124 4588 3361 4642 studere
3381 4603 3451 4642 ac
3463 4601 3789 4641 nocumen-

365 4668 431 4723 τὸ
459 4665 729 4744 θηριῶδες
758 4690 855 4724 σου
882 4676 981 4740 τῆς
1009 4671 1240 4748 γνώμης
1270 4670 1361 4727 καὶ
1410 4670 1657 4741 σκολιὸν,
1713 4667 1935 4728 ἰοϐόλον
1964 4695 2023 4730 τε

2140 4681 2260 4732 tum
2286 4676 2506 4731 inferre
2529 4676 2788 4732 desinas.
2812 4680 2895 4732 Ac
2921 4694 3063 4733 sane
3079 4694 3258 4748 quam
3280 4676 3528 4748 pulchre
3559 4675 3663 4730 tibi
3690 4674 3786 4729 hic

363 4757 455 4813 καὶ
511 4756 814 4834 βλαπτικὸν
871 4766 976 4829 τῆς
1031 4763 1366 4836 πρσιρὲσεως
1417 4759 1812 4835 ἐνδεικνυμὲνῳ
1871 4765 2019 4835 (53)!

2140 4766 2364 4822 aabitus
2382 4766 2652 4837 quadrat!
2682 4769 2826 4821 Nam
2847 4768 2962 4822 hoc
2982 4769 3111 4839 ipso
3134 4767 3292 4838 quod
3315 4766 3536 4821 bestias
3560 4769 3619 4819 et
3647 4781 3783 4834 rep-

363 4848 432 4905 Τί
466 4847 559 4903 οὗν
589 4847 876 4918 ἀνηνύτοις
906 4846 1228 4924 ἐπιχειρεῖς,
1262 4849 1457 4921 ἄθλιες
1499 4852 1649 4923 ὶξότε
1695 4853 1797 4928 γὰρ
1851 4851 2023 4928 ἔγνων

2140 4856 2769 4923 tiliaimitaris,mentis
2785 4862 2898 4911 tuas
2919 4856 3216 4911 feritatem
3236 4862 3294 4911 et
3314 4854 3784 4926 perversitatem,

430 5054 543 5135 (ξόῇ)
654 5055 783 5135 sine
813 5052 982 5127 αὐτῷ.
1015 5056 1580 5135 Restituamybiter
1617 5058 1912 5135 Luciano,
1932 5061 2100 5135 Asin.
2134 5063 2223 5135 23,
2254 5061 2549 5135 voculam,
2579 5078 2697 5133 qua
2745 5078 2940 5133 neque
2985 5078 3217 5135 carere“
3238 5062 3488 5135 videtur,
3534 5075 3788 5135 quaeque

359 5124 563 5199 addita
591 5126 705 5181 loci
738 5124 1006 5199 leporem
1034 5129 1273 5197 augebit
1299 5146 1311 5183 :
1344 5124 1389 5181 ὦ
1418 5127 1555 5183 καλὲ
1584 5128 1668 5198 σὺ,
1705 5136 1795 5185 est
1824 5124 1983 5187 edita
2015 5134 2025 5187 Ι

2140 5124 2228 5199 ἱοξ
2267 5134 2454 5189 codex
2489 5124 2688 5188 autem
2718 5124 2861 5188 1316
2889 5135 3147 5196 exhibet,
3182 5133 3227 5186 ὧ
3256 5131 3390 5185 καλὲ
3420 5124 3506 5184 ὅνε
3538 5124 3623 5186 ἀΰ.

432 5198 546 5277 (53)
578 5198 935 5277 Digtum’des}
966 5199 1205 5277 ῌεεῇοάἰ
1238 5200 1459 5277 n9b_ile,
1492 5202 1652 5277 quod
1675 5209 1888 5277 auctor
1917 5198 2343 5277 respexit,raut
2396 5222 2557 5277 non;
2610 5212 2694 5277 ut
2730 5212 2789 5260 et
2841 5224 2897 5277 p.
2955 5210 3075 5262 197.
3129 5206 3342 5277 Confer
3390 5222 3521 5277 quas
3576 5203 3784 5256 monui

362 5269 438 5351 ad
469 5269 603 5351 Hes.
638 5272 784 5343 Opp.
980 5271 1376 5351 IsidorusPel
1407 5291 1479 5351 μγ,
1507 5269 1647 5351 1-805
1674 5273 1808 5335 Τοῖς
1838 5278 1942 5351 τῆς
1988 5269 2025 5328 ἆ

2140 5269 2192 5351 ᾖς’
2222 5275 2436 5351 πόνοιςΔ
2469 5269 2554 5330 ἐκ
2584 5274 2810 5348 πρώτης
2842 5269 3038 5351 ’μέχρι
3095 5276 3355 5346 τελευτῆς
3408 5269 3785 5350 ἒγκαρτερῆσα

363 5336 623 5421 δύχηαῖόν
649 5336 746 5421 re;
765 5341 841 5413 μή
865 5347 966 5411 τῆς
991 5336 1475 5421 προσδοκῃίαςᾼτῶν
1504 5336 2042 5421 γερῶν-’κιρναμένηξ
2068 5336 2252 5421 ἡρέμα
2280 5352 2363 5420 τῷ
2391 5336 2603 5421 ἱδρῶτι.

576 5415 770 5492 Υθψδ.
800 5414 1280 5492 suntAAtiianasii
1319 5417 1444 5492 _Vjta
1474 5414 1711 5492 Antonii
1732 5414 1779 5492 ,δ’
1799 5421 1852 5485 5,
1878 5414 2025 5492 qui}

2140 5414 2186 5476 is
2215 5414 2634 5476 coni‘erendus.
2671 5422 2736 5482 A,
2760 5419 3063 5492 ἐξήγειρεν
3084 5418 3229 5492 αρτᾠ
3259 5418 3464 5475 κόνιον.

574 5486 730 5565 Psal.
774 5502 864 5555 xc,
890 5486 1166 5565 ,13-ε-ᾚπὶ
1200 5485 1404 5541 ἀσπίδα
1416 5487 1522 5565 καί
1559 5485 2170 5565 βασικίσκονξέπιϐήσῃ,
2206 5493 2294 5546 καὶ
2328 5492 2726 5565 καταπατήσεις
2758 5485 3072 5565 λέοντακαὶ
3106 5485 3394 5565 δράκοντα.

430 5556 629 5639 (56)“Α
660 5558 789 5639 sine
815 5557 929 5612 καὶ.
953 5559 1382 5639 Philostratus,
1416 5556 1599 5639 Epist.
1632 5564 1742 5639 26_:
1778 5561 1839 5617 Ὁ
1886 5558 2025 5639 Sail

2140 5556 2202 5639 ἧς
2252 5567 2402 5636 κομᾷ
2454 5556 2713 5639 κροτάφῳ
2768 5562 2858 5616 καὶ
2895 5568 3027 5639 ’τοῖς
3072 5556 3333 5639 σφυροῖς.
3394 5567 3520 5619 Non
3553 5563 3789 5639 irriqu

364 5631 512 5682 tune
539 5627 763 5708 duplici
797 5629 1013 5708 capula
1034 5630 1219 5687 codex
1252 5631 1431 5708 Yaiic.
1632 5632 1722 5685 καὶ
1743 5651 1907 5708 κροτ.
1945 5634 2025 5708 βίη

2144 5627 2354 5708 Chrys;
2382 5627 2531 5691 brat.
2686 5627 2835 5707 'pag.
2888 5636 3011 5703 310,
3061 5627 3141 5690 2έ
3190 5627 3286 5693 Καὶ
3332 5639 3502 5690 ταῦτα
3549 5627 3791 5689 αὐλούν-

368 5697 1233 5784 των-καῖ’ἰδόντωνζάινὲχονταικ
1253 5702 1448 5784 Codex
1475 5704 1638 5784 29§§,
1667 5704 1760 5758 καὶ
1788 5697 1841 5763 τ.
1874 5703 2025 5784 ueni}

2156 5697 2283 5765 Nec.
2301 5707 2362 5763 id
2395 5708 2524 5764 sine
2547 5707 2621 5762 vi.

411 5770 550 5845 (5'1)
581 5769 695 5846 AC,
727 5770 860 5829 αὐτὸ
891 5769 961 5845 δὴ
989 5769 1152 5831 τοῦτο
1180 5774 1245 5831 τὸ
1272 5783 1374 5839 θ...
1401 5769 1669 5849 θηριῶδες
1699 5793 1878 5839 που...
1907 5772 2334 5855 ἐνδεικνύμενος.
