4112 6374
447 360 584 416 1223

1979 349 2351 408 ADDRNDA.

3739 347 3881 403 1224

442 485 714 542 inveniri.
749 484 914 550 Quod
937 485 1181 556 quidem
1201 500 1524 557 generosus
1562 484 1663 538 ille
1695 488 1755 538 et
1780 479 2087 552 expeditus

2204 469 2300 526 ἀπ’
2330 471 2516 546 ἀρχῆς
2573 471 2740 545 μέχρὶ
2789 469 3006 539 τέλους,
3055 465 3345 533 ἀναϐάσεις
3400 469 3484 526 ἀεὶ
3556 468 3613 526 ἐν
3675 469 3876 547 καρδίᾳ

440 575 698 630 οωιθεῐίε
711 575 946 630 itineris
959 591 1166 630 cursor
1178 574 1405 645 egregie
1419 572 1899 644 praestitit,atque
1916 566 2090 624 animi

441 655 531 710 sui
547 653 822 709 ardorem
843 654 916 708 ab
940 654 1108 708 initio
1140 654 1214 708 ad
1237 658 1568 708 extremum
1592 667 1780 722 usque
1802 654 2087 720 perpetuo

437 743 1211 809 conservavit,ascensiones
1239 743 1298 797 in
1323 743 1500 797 corde
1514 739 2088 812 semperdisponens

440 834 606 899 (Psal.
637 832 894 902 Lxxxm),
927 848 995 886 ac
1026 831 1097 886 de
1128 832 1342 886 virtute
1364 831 1438 886 ad
1462 830 1874 887 sublimiorem
1904 826 2090 881 virtu-

2199 561 2508 632 τιθέμενος,
2551 560 2641 615 καὶ
2702 557 2762 616 ἐκ
2818 557 3102 633 δυνάμεως
3161 558 3238 623 εἷς
3288 559 3643 633 ὑψηλοτέραν
3708 581 3874 632 μετα-

2201 643 2402 704 ϐαίνων
2463 646 2716 722 δύναμιν,
2773 651 2928 722 πόθῳ
2983 650 3153 713 πόθον
3209 649 3300 704 καὶ
3358 647 3608 718 σπουδὴν
3659 647 3872 725 σπουδῇ

2201 733 2466 808 διηνεκῶς
2493 739 2830 812 προστιθεὶς,
2861 735 2966 800 ἓως
2997 735 3223 811 ἔφθασεν
3268 737 3346 801 εἷς
3399 740 3500 808 τὴν
3563 735 3872 812 ἐλπιζομέ-

2196 847 2295 896 νην
2323 827 2414 881 καὶ
2441 826 2788 900 ποθουμένην
2822 828 3222 901 μακαριότητα.

440 928 559 977 tem
591 921 955 988 transiliens,
987 920 1472 992 desideriumque
1504 920 1825 985 desiderio,
1857 932 1926 972 ac
1958 913 2220 970 studium
2244 917 2440 973 studio
2466 918 2878 975 indesinenter
2901 919 3468 992 adjungens,quoad
3500 919 3760 976 tandem
3791 918 3866 974 ad

439 1017 736 1082 speratam
769 1015 828 1064 et
856 1010 1195 1081 expeditam
1224 1010 1660 1066 beatitudinem
1689 1006 1979 1081 pervenit.

515 1102 646 1155 CAP.
683 1101 1013 1156 XXXIX.—-
1043 1101 1188 1156 Cum
1210 1101 1412 1172 itaque
1431 1101 1543 1156 hoc
1561 1105 1731 1171 pacto
1750 1098 2020 1154 Barlaam
2039 1101 2098 1152 et

433 1191 715 1261 Josaphat
735 1205 857 1245 una
871 1195 1343 1258 versarentur,ac
1373 1190 1621 1261 pulchro
1652 1190 1810 1244 inter
1830 1205 1893 1243 se
1905 1192 2096 1243 certa-

435 1279 598 1335 mine
629 1278 1081 1346 contenderent,
1115 1279 1187 1334 ab
1215 1279 1378 1334 omni
1405 1296 1548 1335 cura
1577 1284 1635 1333 et
1681 1277 1930 1349 hujusce
1959 1277 2091 1332 vitae

431 1369 885 1440 perturbatione
915 1369 1630 1440 immunes,mentemque
1661 1368 1734 1424 ab
1766 1369 1930 1423 omni
1950 1384 2091 1423 con-

433 1459 670 1514 fusione
700 1475 911 1530 puram
934 1475 1002 1514 ac
1033 1459 1366 1530 sejunctam
1397 1458 1849 1528 habentes,post
1869 1456 2090 1512 multos

436 1548 508 1603 ab
541 1548 688 1620 ipsis
720 1548 958 1620 pietatis
989 1565 1169 1604 causa
1197 1552 1505 1620 susceptos
1537 1547 1792 1614 labores,
1829 1546 2090 1617 quodam

439 1637 535 1692 die
569 1654 750 1692 senex
781 1638 1067 1692 accersito
1095 1638 1390 1708 spirituali
1426 1637 1757 1707 ﬁlio,quem
1775 1654 1882 1708 per
1909 1639 2092 1691 Evan-

329 1747 336 1754 ο
435 1726 659 1797 gelium
672 1727 1330 1798 genuerat,hujusmodi
1346 1726 1720 1798 spiritualem
1744 1743 2086 1782 sermonem

435 1831 748 1887 aggressus
775 1821 897 1869 est:
929 1816 1055 1870 1am
1079 1815 1374 1886 pridem,o
1408 1816 1598 1872 amice
1628 1815 1992 1887 Josaphat,te
2023 1815 2086 1871 in

434 1904 545 1959 hac
578 1903 897 1959 solitudine
929 1904 1198 1960 habitare
1219 1905 1549 1976 oportebat,
1581 1911 1758 1978 atque
1789 1907 1902 1961 hoc
1935 1905 2085 1961 mihi

432 1993 628 2048 oranti
650 1994 916 2048 Christus
943 1993 1016 2049 de
1040 1999 1096 2050 te
1114 1994 1418 2066 pollicitus
1434 1995 1628 2051 fuerat
1644 1996 1768 2052 fore
1795 2001 1862 2051 ut
1881 2001 1937 2051 te
1949 2000 2088 2052 ante

433 2088 765 2138 extremum
795 2084 925 2138 vitae
950 2083 1108 2140 diem
1127 2083 1547 2140 viderem.Vidi
1577 2085 1779 2157 itaque
1800 2085 2093 2157 quemad-

434 2172 679 2228 modum
712 2172 1024 2244 cupiebam
1059 2191 1072 2241 ;
1123 2173 1262 2242 vidi,
1294 2176 1562 2245 inquam,
1615 2181 1670 2230 te
1701 2191 1737 2230 a
1766 2175 1989 2231 mundo
2034 2179 2094 2231 et

434 2261 643 2317 mundi
676 2261 855 2318 rebus
891 2263 1259 2330 avulsum,ac
1282 2264 1516 2319 Christo
1548 2265 1799 2320 minime
1827 2264 2005 2320 dubio
2022 2281 2092 2320 ac

431 2351 731 2406 vacillanti
763 2351 963 2407 animo
997 2352 1408 2424 conjunctum,
1439 2358 1616 2424 atque
1648 2353 1721 2408 ad
1766 2353 2091 2426 perfectam

432 2440 826 2513 plenitudinis
855 2442 1043 2513 ipsius
1092 2458 1438 2498 mensuram
1495 2459 1892 2515 progressum.
1927 2445 2092 2500 Nunc

430 2531 634 2602 igitur,
669 2529 1159 2602 quandoquidem
1191 2532 1400 2586 mortis
1442 2548 1588 2587 mem
1622 2538 1855 2604 tempus
1887 2533 2088 2602 instat,

431 2625 609 2689 atque
631 2619 1001 2675 collactanea
1023 2625 1081 2674 et
1101 2620 1248 2674 mihi
1267 2621 1516 2691 aequalis
1549 2637 1616 2676 ea
1637 2622 2091 2693 cupiditas,quaa

431 2713 497 2763 ut
517 2724 651 2764 cum
678 2708 908 2763 Christo
941 2725 1400 2781 essem,semper
1419 2727 1514 2766 me
1536 2712 1875 2783 tenuit,jam
1890 2713 2089 2784 exple-

433 2803 622 2866 tur,tu
654 2797 896 2868 quidem
928 2814 1145 2870 corpus
1170 2815 1368 2854 meum
1401 2806 1560 2856 terra
1590 2801 1799 2867 conde,
1834 2801 2091 2872 pulveri-

436 2903 552 2958 que
575 2886 878 2958 pulverem
909 2888 1113 2943 redde.
1152 2891 1290 2945 Post
1320 2895 1515 2945 autem
1568 2890 1695 2962 ipse
1725 2890 1788 2945 in
1817 2891 1930 2946 hoc
1961 2890 2091 2947 loco

435 2977 618 3044 haare,
635 2983 977 3048 susceptum
993 2977 1320 3048 spiritualis
1334 2980 1466 3034 vita;
1498 2996 1685 3052 genus
1701 2996 2088 3051 persequens,

441 3081 710 3135 memque
761 3065 1072 3120 tenuitatis
1125 3068 1477 3122 memoriam
1535 3067 1824 3124 retinens.
1871 3070 2092 3124 Vereor

433 3153 598 3208 enim
620 3170 695 3208 ne
717 3153 1100 3209 tenebrosum
1131 3155 1472 3211 daamonum
1503 3171 1715 3228 agmen
1738 3157 1938 3212 animo
1957 3173 2089 3213 meo

432 3245 677 3313 propter
707 3240 1180 3313 ignorantiarum
1202 3261 1471 3300 mearum
1501 3244 1950 3301 multitudinem
1971 3245 2085 3301 im-

431 3329 842 3402 pedimentum
873 3332 1100 3388 afferat.

501 3421 584 3475 Tu
611 3435 766 3486 vero,
802 3419 911 3488 fili,
944 3437 1020 3475 ne
1049 3421 1340 3495 religiosae
1363 3423 1804 3479 exercitationis
1817 3423 2086 3480 laborem

429 3513 887 3579 metuas,neque
906 3509 979 3564 ad
997 3511 1284 3583 temporis
1303 3511 1740 3584 longitudinem
1755 3530 1823 3569 ac
1851 3513 2083 3570 deamo-

428 3597 840 3653 numinsidias
864 3599 1279 3672 elanguescas;
1301 3603 1445 3673 quin
1467 3601 1664 3674 potius
1682 3603 1949 3674 ipsorum
1969 3604 2082 3659 im-

427 3675 1060 3755 becillitatem,Christi
1082 3691 1295 3747 virtute
1310 3693 1931 3761 communitus,audax
1949 3693 2082 3749 irri-

427 3774 500 3831 de
526 3794 540 3842 ;
556 3775 629 3831 ad
642 3777 910 3832 laborum
930 3784 1128 3834 autem
1143 3779 1448 3852 duritiam,
1463 3798 1532 3836 ac
1547 3781 1834 3854 temporis
1846 3783 2081 3838 diutur-

424 3865 674 3920 nitatem
689 3866 891 3922 animo
907 3868 988 3924 ita
1001 3885 1128 3924 com
1137 3876 1343 3941 parato
1359 3876 1799 3943 esto,tanquam
1813 3872 2080 3944 quotidie

426 3953 759 4011 discessum
787 3973 817 4012 e
848 3958 966 4014 vita
993 3965 1367 4031 exspectans,
1401 3965 1580 4032 atque
1613 3961 1890 4017 eumdem
1921 3962 2080 4018 diem

426 4043 534 4098 tibi
567 4045 699 4100 vita:
731 4047 1102 4118 monasticaa,
1147 4054 1271 4105 tum
1304 4050 1700 4118 initium,tum
1736 4051 1916 4108 finem
1951 4068 2080 4108 esse

427 4133 795 4191 existimans.
825 4137 916 4192 Sic
950 4153 1188 4210 semper
1212 4155 1282 4195 ea
1337 4157 1470 4210 qum
1500 4157 1536 4196 a
1567 4145 1728 4213 tergo
1759 4146 1901 4196 sunt
1930 4141 2079 4196 obli-

425 4223 865 4296 viscens,atque
899 4227 973 4282 ad
1005 4243 1074 4282 ea
1103 4245 1235 4298 quae
1267 4245 1303 4284 a
1322 4229 1516 4284 fronte
1540 4235 1680 4285 sunt
1699 4231 1956 4302 teipsum
1980 4247 2080 4287 ex-

427 4311 786 4379 tendens,ad
818 4314 1184 4371 destinatum
1210 4334 1593 4389 persequere,
1609 4319 1682 4373 ab
1696 4318 1962 4374 bravium
1980 4337 2081 4375 su-

423 4419 625 4474 pernis
661 4406 982 4462 vocationis
1004 4408 1105 4463 Dei
1166 4408 1225 4462 in
1285 4409 1514 4465 Christo
1543 4411 1680 4465 Jesu
1714 4410 1939 4482 (Philip.
1974 4413 2078 4482 xu),

425 4493 931 4561 quemadmodum
962 4502 1202 4552 sanctus
1231 4498 1550 4570 Apostolus
1600 4499 1693 4554 his
1722 4500 1916 4556 verbis
1938 4501 2079 4556 hor-

2275 1099 2432 1155 ιδο
2469 1099 2629 1155 ΚΕΦ.
2690 1097 2816 1154 AG‘.
2877 1095 3067 1159 Οὕτως
3125 1093 3220 1151 οὗν
3268 1093 3553 1167 ἀλλήὶοις
3614 1095 3872 1160 συνόντες

2203 1184 2478 1260 Βαρλαάμ
2513 1207 2574 1242 τε
2617 1185 2708 1241 καὶ
2764 1186 3021 1262 Ἱωάσαφ,
3070 1185 3164 1240 καὶ
3211 1186 3312 1254 τήν
3371 1184 3551 1256 καλὴν
3619 1183 3868 1259 ἅμιλλαν

2201 1275 2614 1350 ἁμιλλώμενοι,
2692 1277 2846 1339 ἐκτὸς
2903 1278 3082 1348 πάσης
3166 1275 3437 1352 μερίμνης
3510 1276 3606 1332 καὶ
3697 1279 3872 1348 πάσης

2199 1368 2473 1442 βιωτικῆς
2501 1363 2652 1429 ὄντες
2676 1373 2949 1442 ταραχῆς,
3009 1363 3417 1430 ἀνεπιθόλωτόν
3474 1387 3534 1422 τε
3587 1367 3692 1421 τὸν
3747 1369 3869 1422 νοῦν

2197 1455 2522 1529 κεκτημένοι
2551 1456 2643 1512 καὶ
2676 1457 2853 1530 ἀμιγῆ
2888 1455 3068 1526 πάσης
3127 1455 3473 1531 συγχύσεως,
3539 1456 3688 1528 μετὰ
3745 1457 3871 1520 τοὺς

2198 1544 2446 1607 πολλοὺς
2474 1543 2532 1600 δὶ
2559 1544 2734 1600 αὐτῶν
2771 1545 2905 1616 ὑπὲρ
2963 1540 3240 1606 εὐσεϐείας
3287 1545 3596 1618 καμάτους,
3664 1544 3719 1600 ἐν
3773 1550 3869 1618 μιᾷ

2195 1639 2303 1690 τῶν
2331 1637 2554 1709 ἡμερῶν
2614 1631 3130 1708 προσκαλεσάμενος
3177 1633 3272 1688 τὸν
3318 1634 3698 1706 πνευματικὸν
3728 1635 3863 1702 υἱὸν,

2196 1725 2254 1780 ὃν
2288 1721 2379 1778 διὰ
2431 1727 2530 1778 τοῦ
2588 1722 2931 1799 Εὐαγγελίου
2971 1721 3225 1798 ἐγέννησε
3254 1725 3388 1796 (81),
3449 1720 3630 1798 λόγου
3659 1722 3862 1793 ἥπτετο

2194 1813 2284 1869 καὶ
2317 1813 2544 1886 ὁμιλίας
2596 1815 2992 1885 πνευματικῆς,
3035 1810 3237 1882 Πάλαι,
3299 1813 3499 1888 λέγων,
3530 1813 3575 1867 ὦ
3637 1812 3859 1887 φίλτατε

2192 1904 2453 1982 Ἰωάσαφ,
2485 1903 2538 1960 ἐν
2567 1903 2738 1978 ταύτῃ
2770 1923 2828 1959 σε
2883 1907 2953 1977 τῇ
3013 1903 3208 1980 ἐρήμῳ
3265 1908 3540 1959 κατοικεῖν
3600 1900 3736 1960 ἔδει·
3768 1907 3852 1961 καὶ

2194 1994 2357 2050 τοῦτό
2393 2014 2486 2066 μοι
2518 1993 2546 2048 6
2578 1993 2810 2068 Χριστὸς
2841 1993 3286 2069 προσευχομένῳ
3341 1992 3467 2067 περὶ
3525 1997 3628 2049 σοῦ
3686 1993 3854 2070 έπηγ-

2193 2081 2416 2156 γείλατο
2445 2083 2670 2158 πρὸτῆς
2718 2084 2818 2136 τοῦ
2880 2079 3006 2156 βίου
3057 2080 3318 2150 τελευτῆς
3375 2081 3626 2155 ὃψεσθαι.
3688 2081 3851 2139 Εἶδον

2197 2170 2289 2227 οῦν
2321 2174 2396 2234 ὡς
2426 2170 2750 2244 ἐπεθύμουν·
2785 2167 2929 2225 εἶδόν
2957 2191 3014 2226 σε
3051 2169 3423 2248 ἀπορραγέντα
3474 2172 3570 2243 μέν
3632 2170 3847 2245 κόσμου

2195 2262 2284 2317 καὶ
2313 2266 2422 2318 τῶν
2456 2261 2508 2316 ἐν
2538 2260 2756 2334 κόσμῳ,
2815 2260 3147 2338 συναφθέντα
3199 2258 3258 2317 δὲ
3312 2266 3394 2334 τῷ
3450 2262 3678 2336 Χριστῷ
3728 2260 3844 2316 ἀδι-

2198 2351 2412 2423 στάκτῳ
2443 2354 2511 2424 τῇ
2540 2348 2756 2425 γνώμῃ,
2788 2349 2880 2403 καὶ
2913 2348 2990 2414 εἲς
3019 2349 3217 2424 μέτρον
3279 2348 3508 2406 ἐλθόντα
3563 2349 3842 2421 τελειότη-

2194 2461 2291 2502 τος
2315 2444 2412 2495 τοῦ
2442 2437 2822 2512 πληρώματος
2851 2437 3037 2496 αὐτοῦ.
3071 2443 3176 2493 Νῦν
3223 2438 3315 2494 οὗν
3346 2437 3535 2510 ἐπειδή
3567 2461 3664 2512 μοι
3694 2441 3721 2494 6
3747 2442 3840 2508 τῆς

2197 2527 2510 2590 ἀναλύσεως
2542 2529 2731 2604 καιρὸς
2783 2527 2868 2584 ἐπὶ
2913 2527 3124 2602 θύραις,
3162 2527 3251 2582 καὶ
3312 2529 3347 2597 ἡ
3407 2527 3705 2603 σύντροφος
3757 2526 3843 2583 καὶ

2195 2619 2493 2689 ἡλικιῶτις
2574 2616 2839 2691 ἐπιθυμία
2908 2619 3006 2672 τοῦ
3063 2620 3298 2671 συνεῖναι
3355 2621 3436 2688 τῷ
3492 2622 3705 2692 Χριστῷ
3757 2614 3842 2672 διὰ

2195 2708 2394 2770 παντὸς
2427 2705 2535 2778 ἤδη
2571 2705 2902 2783 πληροῦται,
2942 2708 3000 2761 σὲ
3031 2707 3128 2780 μὲν
3184 2703 3268 2761 δεῖ
3323 2703 3565 2782 καλῦψαί
3625 2728 3726 2780 μου
3776 2707 3837 2762 τὸ

2197 2803 2358 2872 σῶμα
2388 2801 2458 2872 τῇ
2489 2801 2563 2873 γῇ
2594 2797 2683 2852 καὶ
2711 2796 2805 2852 τὸν
2857 2796 2992 2871 χοῦν
3049 2793 3344 2852 ἀποδοῦναι
3400 2801 3480 2869 τῷ
3559 2794 3653 2873 χοῒ
3713 2799 3845 2868 (82),

2200 2893 2380 2961 μεῖναι
2410 2884 2468 2943 δὲ
2496 2891 2594 2942 τοῦ
2624 2884 2826 2942 λοιποῦ
2857 2884 2909 2942 ἐν
2940 2881 3084 2959 τῷδε
3137 2890 3218 2957 τῷ
3273 2885 3431 2960 τόπῳ
3477 2893 3579 2957 τῆς
3605 2905 3854 2956 πνευμα-

2193 2984 2354 3048 τικῆς
2384 2976 2654 3054 ἐχόμενον
2685 2974 2968 3037 πολιτείας
2987 2974 3078 3030 καὶ
3108 2977 3209 3046 τῆς
3240 2974 3382 3049 ἇμῆς
3427 2975 3610 3049 μνείαν
3640 2973 3849 3032 ποιού-

2199 3087 2358 3140 μενον
2395 3064 2776 3140 μετριότητος.
2803 3061 3031 3120 Δέδοικα
3080 3065 3182 3140 γὰρ
3239 3066 3315 3138 μή
3373 3084 3501 3119 ποτε
3555 3065 3588 3132 ἡ
3636 3059 3841 3139 ζοφερά

2191 3160 2299 3211 τῶν
2332 3152 2608 3228 δαιμόνων
2639 3153 2856 3225 πληθὺς
2887 3155 2956 3228 τῇ
2988 3155 3144 3228 ψυχῇ
3181 3173 3284 3226 μου
3313 3150 3561 3226 ἐμποδὼν
3583 3151 3828 3223 καταστῇ

2197 3242 2289 3300 διὰ
2313 3245 2378 3300 τὸ
2405 3243 2621 3313 πλῆθος
2642 3247 2751 3298 τῶν
2784 3241 2931 3316 ἐμῶν
2966 3241 3346 3318 ἀγνοημάτων.

2270 3421 2345 3478 Σὺ
2376 3417 2726 3494 οῦν,τέκνον,
2789 3421 2865 3495 μὴ
2925 3419 3283 3497 ὀλιγωρήσῃς
3311 3419 3373 3475 τὸ
3426 3417 3681 3475 ἐπίπονον
3736 3424 3836 3488 τῆς

2193 3512 2491 3582 ἀσκήσεως,
2521 3508 2662 3584 μηδὶ
2692 3506 2975 3585 δειλιάσῃς
3002 3511 3066 3565 τὸ
3126 3515 3303 3582 μῆκος
3356 3513 3453 3564 τοῦ
3511 3509 3714 3583 χρόνου
3745 3507 3835 3562 καὶ

2190 3603 2288 3666 τὰς
2307 3595 2605 3662 ἐπιϐουλὰς
2630 3604 2740 3656 τῶν
2773 3597 3070 3673 δαιμόνων·
3127 3597 3275 3655 ἀλλὰ
3323 3597 3536 3653 τούτων
3593 3597 3689 3670 μὶν
3738 3603 3837 3666 τῆς

2190 3691 2492 3760 ἀσθενείας,
2521 3693 2591 3763 τῇ
2619 3693 2718 3745 τοῦ
2748 3689 2989 3763 Χριστοῦ
3048 3686 3394 3764 ῥωννύμενος
3447 3685 3656 3762 χάριτι,
3706 3685 3834 3741 τολ-

2193 3783 2388 3856 μηρῶς
2418 3779 2710 3854 καταγέλα,
2733 3778 2870 3854 πρὸς
2902 3775 2961 3832 δὲ
2988 3778 3088 3846 τὴν
3117 3776 3469 3852 σκληρότητα
3522 3781 3630 3831 τῶν
3663 3775 3835 3830 πόνων

2190 3870 2372 3926 καὶτὸ
2422 3872 2571 3929 ⁸51
2644 3872 2742 3924 τοῦ
2799 3866 3007 3942 χρόνου
3051 3864 3328 3940 διάστημα
3387 3861 3563 3930 οὕτως
3588 3861 3704 3934 icto,
3760 3865 3832 3928 ὡς

2187 3962 2308 4025 καθ’
2363 3958 2577 4035 ἡμέραν
2660 3959 2761 4028 τὴν
2848 3955 3088 4021 ἐντεῦθεν
3169 3955 3422 4013 ἄνάλυσιν
3493 3953 3835 4032 προσδοκῶν,

2189 4048 2279 4105 καὶ
2310 4049 2387 4112 ὡς
2445 4049 2626 4125 ἀρχὴν
2673 4045 2810 4102 εἷναί
2868 4067 2954 4102 σοι
3025 4053 3127 4116 τῆς
3202 4047 3483 4117 ἀσκήσεως
3508 4045 3612 4114 τὴν
3672 4044 3836 4114 αύτήν

2188 4139 2400 4214 ἡμέραν
2441 4137 2531 4193 οιαὶ
2559 4135 2742 4199 τέλος.
2777 4134 2970 4198 Οὕτως
3001 4135 3083 4192 ἀεὶ
3109 4139 3221 4191 τῶν
3255 4135 3349 4210 μὶν
3379 4134 3557 4191 ὀπίσω
3614 4133 3841 4191 ἕπιλαν·

2188 4226 2510 4302 θανόμενος,
2557 4238 2695 4301 προς
2748 4230 2868 4288 τοῖς
2919 4222 2977 4280 δὶ
3034 4219 3339 4301 ἔμπροσθεν
3385 4223 3843 4298 ἐπεκτεινόμενος,

2189 4321 2546 4374 κατασκοπῶν
2580 4313 2745 4371 δίωκε
2770 4317 2835 4370 τὸ
2869 4309 3126 4391 βραϐεῖον
3152 4321 3253 4385 τῆς
3308 4313 3419 4369 ἄνω
3463 4311 3720 4385 κλήσεως
3744 4316 3842 4369 τοῦ

2190 4411 2323 4462 Θεοῦ
2353 4405 2405 4462 ὲν
2437 4407 2656 4479 Χριστῷ
2683 4405 2890 4475 Ἰησοῦ,
2944 4403 3202 4481 καθάπερ’
3246 4404 3275 4458 6
3307 4403 3453 4466 θεῖος
3503 4403 3846 4465 Ἀπόστολος

2187 4494 2638 4572 παρακελεύεται,
2673 4495 2766 4563 Μὴ
2815 4493 3152 4566 ὲκκακῶμεν,
3204 4490 3378 4568 λέγων
3438 4495 3570 4566 (82)*
3622 4490 3751 4548 ἀλλ’
3801 4490 3847 4547 εἰ

425 4583 616 4635 tatur:
648 4583 774 4636 Non
801 4582 1190 4653 deﬁciamus;
1234 4586 1336 4642 sed
1384 4587 1527 4643 licet
1575 4587 1625 4643 is
1681 4588 1782 4660 qui
1811 4588 1958 4645 foris
1990 4595 2080 4646 est

2199 4587 2336 4641 ιαὶὸ
2367 4584 2471 4657 ἔξω
2501 4587 2667 4658 ἡμῶν
2685 4582 2972 4658 ἄνθρωπος
3029 4579 3416 4660 διαφθείρεται,
3475 4581 3605 4638 ἀλλ’
3653 4583 3683 4637 6
3739 4579 3847 4637 ἔσω

427 4668 608 4723 homo
645 4675 848 4725 noster
869 4679 1298 4745 corrumpatur,
1334 4681 1532 4731 tamen
1583 4677 1634 4732 is
1669 4677 1771 4747 qui
1801 4677 1961 4733 intus
1992 4683 2084 4734 est

2199 4675 2574 4732 ἰνακαινοῦται
2621 4671 2804 4748 ἡμέρᾳ
2857 4672 2949 4727 καὶ
3006 4669 3210 4747 ἡμέρᾳ·
3267 4671 3331 4727 τὸ
3383 4673 3488 4747 γὰρ
3542 4671 3852 4746 παραυτίκα

425 4756 1014 4814 renovaturdediein
1047 4759 1380 4818 diemNam
1411 4763 1572 4834 quod
1596 4770 2084 4823 momentaneum

2199 4763 2427 4842 ἐλαφρὸν
2451 4770 2550 4834 τῆς
2583 4760 2825 4836 θλίψεως
2865 4764 3028 4835 ἡμῶν
3060 4762 3178 4826 καθ’
3211 4755 3524 4836 ὑπερϐολὴν
3567 4760 3647 4823 εἷς
3683 4762 3853 4836 ὓπερ-

428 4850 520 4900 est
550 4851 609 4901 et
637 4846 762 4902 leve
781 4847 1184 4906 tribulationis
1199 4858 1514 4921 nostrm,su
1521 4871 1628 4926 pra
1647 4855 1892 4911 modum
1913 4856 1976 4912 in
1993 4872 2085 4912 su-

2199 4837 2369 4924 Bolijv
2402 4851 2626 4908 αἰώνιον
2662 4850 2826 4928 βάρος
2866 4847 3031 4922 δόξης
3083 4851 3470 4926 κατεργάζεται
3517 4852 3680 4924 ἡμῖν,
3770 4837 3874 4924 μὴ’

426 4933 721 4992 blimitate
752 4941 1042 4995 aaternum
1054 4940 1258 5013 glorias
1271 4941 1505 5014 pondus
1519 4950 1798 5015 operatur
1813 4946 1874 5001 in
1888 4945 2082 5016 nobis,

2199 4946 2539 5000 σκοπούντων
2572 4943 2736 5015 ἡμῶν
2783 4941 2854 4996 τὰ
2910 4937 3246 5016 βλεπόμενα,
3278 4937 3427 4995 ἀλλὰ
3481 4939 3551 4994 τὰ
3609 4941 3686 5014 μὴ
3719 4938 3853 5016 βλε-

425 5039 548 5080 non
571 5027 1118 5100 contemplantibus
1140 5030 1316 5088 nobis
1347 5048 1480 5104 qum
1496 5033 1796 5104 videntur,
1813 5035 1916 5092 sed
1949 5053 2081 5107 quaa

2199 5035 2428 5108 πόμεναο
2485 5032 2554 5088 τὰ
2604 5031 2710 5107 γὰρ
2770 5028 3087 5108 βλεπόμενα
3143 5028 3474 5107 πρόσκαιρα,
3528 5028 3596 5085 τὰ
3653 5025 3713 5085 δὲ
3764 5029 3851 5103 μὴ

425 5131 545 5170 non
577 5116 871 5174 videntur.
906 5120 1044 5185 Quas
1062 5121 1223 5176 enim
1255 5121 1530 5178 videntur
1546 5124 1900 5196 temporalia
1920 5129 2080 5194 sunt,

2199 5122 2514 5200 βλεπόμενα
2545 5117 2678 5176 αῗών
2688 5139 2761 5176 ια.

425 5220 557 5276 quae
589 5211 791 5262 autem
819 5225 940 5264 non
970 5209 1267 5282 videntur,
1300 5217 1524 5268 aeterna
1554 5211 1634 5284 (II
1655 5213 1778 5270 Cor.
1811 5217 1906 5283 Iv).

498 5294 632 5351 Haec
665 5313 798 5351 cum
833 5298 1032 5354 animo
1056 5304 1157 5354 tuo
1175 5302 1578 5372 reputans,vir
1610 5301 2078 5369 cbarissime,vi-

423 5382 619 5439 riliter
648 5401 754 5458 age
785 5391 845 5441 et
873 5388 1209 5446 confortare
1233 5392 1407 5460 (Psal.
1438 5390 1615 5462 xxvx),
1648 5396 1826 5462 atque
1839 5397 2086 5465 utegre-

2261 5304 2442 5360 Ταῦτα
2472 5297 2853 5376 λογιζόμενος,
2907 5295 3175 5374 άγαπητὶ,
3230 5297 3484 5376 ἐνδρίζου
3509 5298 3600 5354 καὶ
3656 5298 3852 5375 ἳσχυε,

2187 5389 2279 5447 καὶ
2314 5389 2391 5452 ὡς
2447 5386 2618 5450 καλὸς
2701 5387 3043 5462 στρατιώτης
3091 5385 3363 5458 σπούδαζε
3416 5392 3496 5462 τῷ
3545 5385 3854 5465 στρατολο-

521 5537 608 5608 81)
639 5539 805 5596 Conf.
835 5559 894 5613 p.
930 5544 1053 5611 185,
1086 5561 1146 5599 n.
1182 5546 1235 5602 8.

524 5608 592 5661 82
641 5611 804 5667 Conf.
848 5618 890 5668 t.
925 5615 950 5667 Ι
1048 5655 1060 5668 .
1094 5617 1161 5670 95
1215 5634 1235 5672 ῐ

495 5538 610 5747 383;
641 5683 691 5737 ΙΙ
720 5684 904 5747 Epist.
933 5631 1184 5742 a’deor.’
1205 5705 1235 5742 ιη

524 5608 610 5682 _8_2)
641 5611 804 5667 Conf.
839 5608 890 5668 ῖ.
925 5615 970 5682 Ι,
1002 5608 1060 5682 ρ’.
1094 5617 1184 5682 95,
1215 5633 1275 5672 n.
1306 5618 1363 5672 2.

524 5611 592 5661 82
641 5611 804 5667 Conf.
839 5611 890 5668 ~t.
925 5615 950 5667 Ι
1048 5655 1060 5668 .
1094 5617 1161 5670 95
1215 5633 1275 5672 n.
1306 5618 1363 5672 2.

519 5611 610 5750 εὖ
641 5683 691 5737 11
720 5684 904 5753 Epist.
933 5631 1184 5742 a’deor.’
1205 5705 1277 5757 ιν,
1308 5690 1398 5744 ιδ.
