4120 6368
361 449 535 526 ιεὲγε

1893 425 2269 506 mnuum.

3662 457 3806 518 1228

361 609 542 668 quam
565 581 638 649 ex
655 589 961 648 uberrimo
981 589 1143 645 fonte
1176 575 1591 647 scaturientes,
1623 579 1822 652 ipsum
1845 589 2015 647 pror-

2133 571 2286 668 ἀλλ’,
2317 575 2393 668 ὡς
2421 575 2482 634 ἐκ
2510 585 2699 658 πηγῆς
2757 543 3185 657 πολυχεύμονος
3237 577 3501 668 βρύουσα,
3528 565 3663 638 ὅλον
3695 581 3806 638 αύ-

364 703 486 755 sus,
520 700 590 740 ac
622 688 844 740 terram
877 681 938 736 in
969 696 1088 751 qua
1126 674 1393 738 sedebat,
1426 669 1799 744 proluerunt.
1833 668 2027 736 Atque

365 771 867 848 ipse,hujusmodi
889 767 1208 825 dissidium
1242 763 1584 836 deplorans,
1617 774 1910 848 perquam
1940 772 2031 848 ar-

368 845 581 926 denter
601 845 674 919 ab
695 878 763 918 eo
787 855 1278 926 contendebat,ut
1297 850 1585 925 postremi
1608 849 1773 904 illius
1796 845 2030 902 itineris

368 953 648 1010 comitem
669 966 730 1006 se
753 947 1084 1012 adhiberet,
1105 960 1218 1000 nec
1240 946 1376 1016 post
1395 939 1585 1013 ipsius
1606 938 1937 994 discessum
1967 935 2030 990 in

371 1040 597 1100 mundo
613 1040 743 1112 jam
758 1039 1118 1103 remaneret,
1138 1032 1233 1089 his
1254 1030 1452 1087 verbis
1472 1034 1650 1086 utens
1677 1044 1690 1083 :
1712 1025 1960 1098 Ecquid,
1994 1041 2028 1080 ο

363 1129 647 1205 pater,tui
669 1128 1053 1193 duntaxat,ac
1073 1139 1197 1180 non
1218 1119 1470 1195 proximi
1487 1119 1784 1175 rationem
1807 1114 2032 1172 habes?

366 1204 635 1288 Quonam
658 1222 857 1275 autem
880 1214 1057 1271 modo
1077 1212 1279 1269 hacin
1315 1227 1380 1266 re
1418 1208 1696 1283 perfecta
1723 1204 2031 1263 charitatis

367 1309 565 1367 ofﬁcio
585 1306 854 1380 fungeris
885 1306 1013 1378 (pro
1045 1320 1113 1360 eo
1142 1307 1320 1374 atque
1347 1317 1382 1357 a
1410 1299 1644 1355 Christo
1670 1297 1896 1352 dictum
1919 1298 2028 1350 est.

368 1399 587 1473 Diliges
607 1397 946 1472 proximum
968 1399 1136 1449 tuum
1159 1392 1313 1448 sicut
1331 1395 1387 1446 te
1409 1390 1798 1462 ipsum),cum
1817 1390 1884 1440 tu
1901 1383 2030 1456 qui-

372 1491 509 1548 dem
535 1488 609 1546 ad
631 1486 900 1559 requiem
931 1499 1162 1557 pergas,
1195 1496 1290 1537 me
1321 1485 1520 1536 autem
1553 1477 1615 1532 in
1646 1475 2030 1548 oppressione

371 1587 550 1654 atque
573 1593 841 1636 aerumna
869 1573 1273 1644 relinquas,ac
1289 1570 1638 1642 priusquam
1659 1565 1718 1621 id
1739 1564 2031 1637 religiosa)

370 1672 507 1727 vitae
529 1664 983 1730 certaminibus,
1017 1667 1083 1719 ut
1104 1679 1212 1735 par
1233 1665 1341 1728 est,
1376 1657 1734 1715 exercitatus
1765 1655 1900 1723 sim,
1931 1670 2029 1710 va-

372 1760 614 1829 riasque
633 1755 896 1812 hostium
915 1750 1168 1808 insidias
1189 1753 1524 1820 compertas
1545 1744 1901 1811 habeam,ad
1915 1742 2034 1798 sin-

367 1847 634 1923 gularem
660 1855 921 1917 pugnam
943 1857 1079 1897 cum
1105 1839 1250 1912 ipsis
1279 1835 1606 1892 ineundam
1639 1851 1733 1889 me
1755 1833 2034 1906 objicias?

2129 663 2224 718 τὸν
2255 667 2344 721 καὶ
2387 669 2487 738 τὴν
2546 675 2650 747 γῆν
2709 670 2762 727 ἰν
2793 670 2830 747 ᾗ
2860 670 3096 742 ὶκάθητο
3148 665 3504 748 κατέὅρεχεν.
3566 668 3806 746 Ὀδυρό-

2136 775 2298 828 μενος
2352 754 2410 812 δὲ
2458 759 2555 815 τὸν
2611 761 2923 836 χωρισμὸν,
2982 761 3140 834 ἠξίου
3189 759 3340 834 μάλα
3393 761 3615 836 θερμῶς
3672 784 3802 817 συν-

2134 841 2430 923 οδοιπόρος
2463 849 2616 924 αὖτῷ
2643 842 2746 916 τῆς
2786 849 3102 913 τελευταίας
3132 849 3357 926 πορείας
3400 843 3672 926 γενέσθαι,
3705 851 3801 909 καὶ

2137 935 2333 1006 μηκέτι
2390 944 2724 1014 παραμεῖναι
2779 943 2860 1012 τῷ
2913 938 3015 1016 βίῳ
3047 940 3185 1013 μετὰ
3224 939 3323 1011 τήν
3374 937 3585 996 ἐκείνου
3631 938 3808 1014 ἐκδη-

2138 1023 2286 1097 μίαν.
2320 1026 2419 1081 Διά
2472 1029 2549 1098 τί,
2609 1027 2808 1106 λέγων,
2866 1029 2928 1085 τὸ
2986 1031 3212 1085 σεαυτοῦ
3271 1034 3456 1101 ζητεῖς
3515 1031 3716 1106 μόνον,
3759 1033 3805 1088 ὦ

2137 1112 2334 1202 Πατερ,
2383 1115 2473 1202 καὶ
2529 1118 2606 1190 μή
2665 1118 2757 1174 καὶ
2813 1119 2876 1174 τὸ
2925 1122 3023 1174 τοῦ
3081 1116 3370 1191 πλησίονς
3426 1122 3548 1183 πῶς
3599 1118 3662 1176 δὲ
3702 1122 3805 1193 τὴν

2131 1201 2344 1260 τελείαν
2377 1201 2636 1282 ἐντούτῳ
2675 1206 2918 1284 πληροῖς
2974 1208 3192 1285 ἀγάπην
3226 1208 3368 1263 κατᾶ
3418 1209 3511 1264 τὸν
3546 1208 3802 1286 εἰπόντα,

2134 1299 2470 1374 ’Δγαπήσεις
2502 1299 2619 1374 (97)
2659 1299 2753 1355 τὸν
2808 1297 3046 1371 πλησίον
3099 1320 3194 1355 σου
3252 1299 3328 1362 ὡς
3375 1301 3622 1372 σεαυτὸν,
3654 1301 3804 1378 πρὸς

2133 1384 2431 1442 ἀνάπαυσιν
2485 1386 2579 1462 μέν
2636 1387 2727 1443 καὶ
2763 1389 2907 1458 ζωὴν
2967 1386 3128 1451 αὐτὸς
3186 1387 3460 1464 ἂπαίρων,
3496 1389 3574 1452 εἷς
3606 1388 3805 1466 θλίψιν

2136 1473 2194 1530 δὲ
2247 1475 2338 1530 καὶ
2383 1473 2766 1554 ταλαιπωρίαν
2827 1476 2925 1552 ἐμὲ
2979 1476 3434 1553 καταλιμπάνων,
3493 1477 3608 1552 καὶ,
3670 1479 3804 1556 πρὶν

2133 1562 2320 1628 καλῶς
2369 1562 2810 1640 ἃγγυμνασθῆναι
2841 1570 2960 1646 τοῖς
3015 1563 3209 1629 ἄθλοις
3250 1572 3351 1637 τῆς
3384 1566 3673 1640 ἀσκήσεως
3707 1569 3803 1626 καὶ

2133 1655 2241 1707 τῶν
2300 1655 2588 1728 πολεμίων
2653 1657 2840 1728 μαθεῖν
2903 1654 3001 1718 τὰς
3077 1652 3462 1732 πολυτρόπους
3517 1653 3754 1737 ἐφόδους
3785 1702 3802 1732 ,

2134 1742 2272 1818 πρὸς
2330 1743 2688 1822 μονομαχίαν
2724 1766 2791 1818 με
2837 1751 2936 1816 τῆς
2991 1743 3168 1801 αὐτῶν
3229 1747 3582 1822 παρατάξεως
3647 1768 3800 1824 προ-

2137 1826 2528 1906 6αλλύμενος;
2559 1835 2724 1892 Ἰνατί
2755 1835 2980 1912 γενηται
3027 1832 3194 1904 ἄλλο,
3227 1833 3276 1890 εἴ
3308 1836 3384 1909 μή
3420 1832 3701 1912 βληθῆναι
3735 1859 3804 1912 με

361 1919 445 1994 Ex
466 1952 584 2009 quo
611 1932 901 2006 quidnam
927 1927 1092 1986 aliud
1117 1927 1461 2000 contingere
1483 1923 1824 2000 potest,nisi
1846 1926 1913 1977 ut
1929 1939 2015 1978 ve-

2137 1926 2260 1985 ταῖς
2315 1919 2683 1999 κακοτρόποις
2740 1923 2918 1979 αὐτῶν
2975 1929 3275 2000 μηχαναῖς,
3331 1925 3423 1980 καὶ
3482 1927 3799 2001 ἀποθανεῖν,

364 2024 666 2082 teratoriis
687 2023 955 2095 ipsorum
978 2017 1207 2075 artibus
1228 2021 1600 2088 prosternar,
1619 2018 1798 2085 atque
1821 2017 1888 2067 ut
1909 2011 2026 2066 im-

367 2115 576 2189 peritis
588 2129 656 2170 ac
670 2109 896 2167 timidis
909 2107 1339 2183 gladiatoribus
1357 2119 1470 2161 usu
1483 2104 1685 2160 venire
1699 2101 2028 2170 solet,sem—

368 2207 667 2279 piternam
697 2201 913 2257 animae
944 2203 1201 2254 mortem
1221 2193 1542 2268 oppetam?
1563 2193 1651 2248 Ad
1682 2190 2023 2258 Dominum,

363 2307 737 2366 qumso,roga
757 2295 936 2361 atque
967 2286 1234 2354 obsecra,
1263 2289 1330 2340 ut
1349 2300 1444 2340 me
1465 2296 1702 2354 quoque
1728 2281 1814 2336 tui
1846 2297 1876 2335 e
1906 2281 2025 2335 vita

363 2383 662 2439 discessus
695 2379 924 2435 socium
965 2375 1245 2444 asciscas,
1299 2374 1359 2428 id
1410 2378 1476 2429 ut
1519 2371 1724 2442 facias,
1753 2386 1860 2442 per
1889 2386 2020 2427 eam

359 2473 555 2546 ipsam
586 2485 754 2542 spem
776 2483 955 2538 quam
986 2464 1169 2521 habes
1191 2464 1318 2520 fore
1346 2467 1414 2518 ut
1431 2461 1655 2518 laboris
1680 2460 2020 2516 mercedem

357 2561 741 2636 percipias,te
766 2557 1052 2614 obtestor.
1079 2555 1219 2623 Hoc,
1244 2553 1512 2625 inquam,
1547 2568 1580 2607 a
1597 2551 1716 2607 Deo
1741 2550 2020 2623 precibus

355 2649 672 2716 contende,
706 2651 772 2704 ut
801 2662 876 2701 ne
907 2643 1155 2701 unicum
1204 2641 1449 2715 quidem
1494 2639 1655 2697 diem
1684 2644 1821 2712 post
1850 2644 2019 2696 tuum

354 2741 685 2798 discessum
715 2734 778 2792 in
811 2736 921 2791 hac
950 2734 1069 2789 vita
1090 2731 1647 2806 peregriner,atque
1688 2729 1751 2785 in
1782 2729 2016 2786 densis-

354 2831 508 2887 sima
535 2828 647 2884 hac
677 2824 1000 2882 solitudine
1035 2821 1332 2878 oberrem.

425 2935 560 2992 Haec
582 2951 717 2992 cum
743 2931 1027 3004 Josaphat
1045 2929 1289 3002 plorans
1307 2927 1555 2992 diceret,
1580 2943 1759 2983 senex
1781 2925 2015 2998 placide

353 3041 421 3082 ac
445 3024 664 3080 leniter
684 3023 882 3094 ipsum
900 3015 2014 3090 reprimens,Deijudiciis,inquit,quaa

354 3113 862 3172 mentisbumanaa
876 3114 1116 3181 captum
1131 3105 1743 3172 excedunt,obluctari
1765 3106 2012 3162 minime

354 3201 663 3272 debemus.
697 3200 843 3254 Nam
870 3213 1139 3270 ego,cum
1164 3194 1236 3252 de
1257 3196 1369 3250 hac
1389 3211 1454 3250 re
1475 3193 1695 3250 multas
1720 3193 1794 3249 ad
1826 3195 2013 3249 Deum

2141 2010 2300 2084 οἴμοι
2337 2013 2350 2069 l
2380 2014 2473 2068 τὸν
2505 2013 2743 2090 ψυχικὸν
2772 2009 2946 2077 ὄντως
2975 2015 3068 2070 καὶ
3097 2013 3319 2070 αἰώνιον
3350 2015 3611 2088 θάνατονς
3663 2015 3797 2095 ὅπερ

2132 2106 2252 2164 τοῖς
2311 2102 2559 2178 ἀπείροις
2604 2104 2695 2159 καὶ
2754 2100 2960 2166 δειλοῖς
3023 2098 3338 2178 συμϐαίνειν
3389 2105 3596 2182 πέφυκε
3629 2126 3796 2180 μονα-

2135 2195 2262 2264 χοῖς
2293 2195 2428 2268 (98).
2459 2191 2644 2249 Ἀλλά
2675 2189 2900 2265 δεήθητι
2931 2197 3029 2249 τοῦ
3061 2193 3286 2270 Κυρίου,
3321 2190 3582 2265 δυσωπῶ,
3614 2195 3792 2254 συνέκ-

2134 2277 2311 2353 δημον
2342 2284 2490 2341 ³54
2518 2281 2661 2356 κάμὲ
2691 2286 2788 2338 τοῦ
2827 2282 2951 2358 βίου
3008 2277 3222 2341 λαϐεῖν.
3285 2282 3415 2354 Ναὶ,
3462 2283 3602 2361 πρὸς
3631 2284 3798 2357 αὐτῆς

2131 2376 2233 2439 τῆς
2269 2367 2493 2434 ἐλπίδος
2542 2371 2611 2441 ἧς
2672 2369 2822 2448 ἔχεις
2873 2366 3173 2427 ἀπολαϐεῖν
3229 2375 3326 2427 τοῦ
3382 2374 3634 2447 καμάτου
3687 2376 3777 2431 τὸν

2138 2459 2354 2532 μισθὸν,
2415 2457 2642 2532 δεήθητι
2707 2458 2981 2536 μηδεμίαν
3039 2461 3250 2536 ἡμέραν
3336 2461 3472 2535 μετὰ
3538 2461 3630 2519 τὸν
3691 2465 3777 2519 σὸν
3833 2465 3836 2472 ’

2130 2547 2418 2623 χωρισμὸν
2447 2554 2727 2625 παροικεῖν
2759 2549 2839 2622 τῷ
2887 2548 3016 2624 βίῳ,
3066 2549 3154 2605 καὶ
3189 2547 3266 2613 είς
3295 2549 3359 2606 τὸ
3391 2549 3632 2628 πέλαγος
3651 2551 3790 2608 ταύ-’

2123 2656 2225 2708 της
2247 2634 2552 2702 πλανᾶσθαι
2573 2644 2676 2708 τῆς
2702 2637 2798 2714 ἐρή
2809 2659 2940 2713 μου.

2193 2926 2370 2980 Ταῦτα
2397 2927 2500 2980 τοῦ
2558 2924 2796 3002 Ἰωᾶσαφ
2829 2923 2922 2981 σὺν
2972 2925 3196 3004 δάκρυσι
3238 2927 3518 3006 λέγοντος,
3549 2935 3578 2990 6
3608 2933 3775 3010 γέρων

2123 3011 2315 3096 πρᾴως
2370 3009 2694 3070 ἀνακόπτων
2748 3016 2839 3070 καὶ
2897 3015 3127 3091 ὁμαλῶς
3159 3061 3177 3089 ,
3259 3019 3378 3077 Οὐκ
3433 3009 3763 3098 ὀφείλομεν,

2118 3099 2326 3175 τέκνον,
2360 3099 2487 3181 ἔφη,
2528 3109 2647 3168 τοῖς
2703 3104 3009 3183 ἀνεφίκτοις
3059 3105 3290 3182 κρίμασι
3343 3113 3438 3165 τοῦ
3476 3113 3608 3166 Θεοῦ
3639 3111 3760 3174 ἀνθ-

2124 3188 2406 3249 ίστασθαι.
2472 3194 2618 3268 Ἐγὼ
2676 3195 2780 3270 γὰρ
2838 3194 3026 3252 πολλᾶ
3081 3193 3288 3269 δεηθεὶς
3341 3197 3464 3272 περὶ
3519 3199 3764 3272 τούτου,

351 3307 561 3365 preces
612 3288 924 3356 fudissem,
953 3302 1211 3358 eumque
1241 3283 1337 3340 cui
1367 3282 1537 3339 nulla
1561 3283 1647 3338 vis
1676 3283 1874 3338 afferri
1905 3301 2012 3356 po-

2126 3279 2211 3374 καὶ
2241 3281 2334 3338 τὸν
2369 3279 2622 3374 ἂϐίαστον
2681 3285 2958 3374 Δεσπότην
3012 3287 3302 3362 βιασάμενς
3327 3292 3423 3344 τοῦ
3485 3290 3765 3374 μήχωρι-

352 3387 492 3447 test,
523 3378 683 3436 velut
711 3393 818 3452 per
845 3376 964 3431 vim
1005 3374 1244 3448 adigere
1277 3379 1624 3445 tentassem,
1656 3378 1722 3427 ut
1749 3389 1823 3429 ne
1855 3373 2014 3429 inter

2126 3373 2314 3441 σθῆναι
2346 3375 2496 3446 ἡμᾶς
2529 3373 2616 3428 ἀπ’
2676 3371 2970 3450 ἀλλήλων,
3003 3374 3305 3454 ἰδιδὸίχθην
3348 3377 3492 3454 παρᾶ
3519 3371 3640 3449 τῆς
3672 3377 3766 3435 αὖ-

350 3488 462 3527 nos
474 3463 1054 3543 disjungeremur,ab
1079 3464 1268 3536 ipsius
1288 3462 1554 3518 bonitate
1568 3461 2013 3532 bocdidici,mi-

347 3560 511 3616 nime
533 3557 639 3614 tibi
663 3573 825 3612 nunc
847 3553 1223 3611 conducibile
1247 3569 1377 3609 esse
1391 3552 1587 3608 carnis
1609 3569 1761 3608 onus
1782 3551 2011 3625 abjice-

346 3665 643 3718 re,verum
675 3647 738 3707 in
766 3644 1046 3719 religiosa
1076 3642 1500 3699 exercitatione
1531 3641 1742 3698 tandiu
1771 3659 2007 3714 perma-

345 3755 513 3807 nere,
537 3735 742 3809 quoad
775 3732 1246 3806 splendidiorem
1277 3747 1560 3788 coronam
1583 3730 1690 3786 tibi
1721 3731 2004 3788 texueris.

343 3825 616 3884 Nondum
650 3824 811 3882 enim
846 3841 950 3896 pro
983 3839 1054 3878 ea
1082 3839 1214 3895 quas
1245 3821 1350 3876 tibi
1376 3825 1584 3894 parata
1614 3827 1704 3877 est
1729 3821 2005 3878 mercede

346 3917 489 3974 satis
513 3913 853 3980 decertasti;
878 3929 1077 3969 verum
1099 3911 1346 3985 paulum
1365 3911 1558 3968 adhuc
1580 3910 1814 3968 labores
1837 3929 2008 3984 opor-

343 4011 448 4076 tet,
466 4011 534 4062 ut
552 4006 726 4061 laetus
749 4005 810 4059 in
831 4002 1067 4058 Domini
1091 4002 1175 4058 tui
1195 4001 1477 4076 gaudium
1505 4002 1713 4057 intres.
1749 4003 1875 4057 Non
1897 4018 2002 4074 ego

342 4095 586 4167 quidem
599 4095 727 4167 jam
753 4109 905 4164 pene
920 4091 1520 4160 centenarius,annos
1539 4090 1803 4161 quinque
1828 4095 1887 4145 et
1909 4106 2000 4145 se-

338 4184 650 4259 ptuaginta
707 4183 769 4238 in
824 4182 935 4237 hac
994 4179 1318 4237 solitudine
1372 4179 1620 4236 confeci.
1683 4179 1809 4234 Tibi
1840 4197 1999 4249 vero,

338 4273 572 4330 etiamsi
599 4290 718 4328 non
741 4278 906 4327 tanta
923 4269 1208 4342 temporis
1226 4285 1395 4324 mora
1410 4269 1609 4324 futura
1631 4273 1807 4336 est,at
1839 4275 1999 4326 certe

2118 3459 2216 3516 τοῦ
2247 3463 2588 3546 ἀγαθότητος
2621 3465 2696 3529 ὡς
2725 3464 2823 3550 οὐκ
2853 3461 2963 3522 ἔστι
2995 3468 3272 3546 συμφέρον
3305 3467 3364 3523 σὶ
3392 3471 3482 3524 νῦν
3507 3469 3570 3523 τὸ
3600 3466 3766 3546 ἄχθος

2116 3557 2220 3622 τῆς
2249 3553 2448 3627 σαρκὸς
2479 3551 2794 3618 ἀποθέσθαιο
2829 3552 2978 3611 ἀλλὰ
3011 3561 3343 3632 παραμεῖναι
3395 3553 3574 3632 δεῖτῇ
3606 3557 3769 3632 ἀσκή-

2116 3661 2222 3712 σει,
2259 3638 2364 3705 ἓως
2417 3640 2800 3720 λαμπρότερον
2855 3644 3031 3718 ἑαυτῷ
3087 3645 3182 3702 τὸν
3240 3647 3498 3726 στέφανον
3557 3644 3771 3725 πλέξῃς.

2116 3729 2191 3786 Ού
2244 3730 2346 3807 γὰρ
2381 3730 2694 3806 ἀρκούντως
2726 3733 2921 3808 ἀκμὴν·
2942 3734 3196 3810 ἠγωνίσω
3224 3734 3362 3813 πρὸς
3391 3737 3492 3806 τήν
3535 3738 3775 3812 ἡτοιμαο

2113 3819 2313 3892 σμὲνην
2349 3840 2432 3874 σοι
2469 3816 2916 3894 μισθαποδοσίαν·
2977 3819 3126 3879 ἀλλὰ
3156 3818 3241 3878 δεῖ
3285 3843 3343 3878 σε
3393 3822 3650 3881 κοπιάσαι
3686 3846 3776 3899 μι-

2113 3909 2270 3985 κρὸν,
2295 3905 2387 3963 ἵνα
2435 3908 2646 3986 χαίρῶν
2681 3908 2931 3986 εἰσέλθῃς
2962 3909 3040 3974 εἷς
3069 3911 3170 3982 τήν
3205 3911 3380 3988 χαρὰν
3428 3916 3526 3968 τοῦ
3577 3913 3776 3987 Κυρίου

2113 4019 2214 4053 σου
2247 4000 2385 4074 (99).
2445 3999 2590 4076 Ἐγὼ
2647 3999 2753 4078 γὰρ
2808 3997 2973 4076 ἐγγὺς
3028 4021 3134 4056 που
3185 4006 3292 4058 τῶν
3352 4001 3542 4058 ἑκατὸν
3575 3992 3772 4062 λοιπόν

2113 4087 2228 4162 είμι
2278 4089 2522 4164 χρόνων,
2583 4086 2898 4154 διατελᾶσας
2926 4089 2979 4144 ἑν
3013 4095 3081 4165 σῇ
3115 4086 3311 4166 ἐρήμῳ
3351 4089 3537 4170 ,ταύτῃ
3592 4090 3775 4150 ἐνιαυ-

2107 4178 2238 4242 τοὺς
2268 4176 2376 4250 ἤδη
2408 4179 2687 4254 πὲντεηκαὶ
2746 4174 3150 4254 ἒϐδομήκοντα³
3212 4179 3297 4237 σοὶ
3329 4167 3409 4252 δὲ,
3442 4180 3491 4236 εἴ
3512 4167 3606 4240 καὶ
3641 4204 3774 4240 τοσ-

2110 4273 2265 4324 οὖτον
2328 4267 2427 4323 οὐκ
2479 4267 2832 4341 ἐκταθήσεται
2866 4271 2893 4325 ὁ
2926 4269 3156 4346 χρόνος,
3205 4268 3350 4327 ἀλλὰ
3389 4268 3627 4341 πλησίον
3661 4293 3770 4329 που

337 4365 412 4420 ad
437 4364 497 4419 id
527 4363 807 4436 spatium,
840 4363 906 4415 ut
927 4360 1104 4432 jubet
1133 4359 1440 4426 Dominus,
1475 4359 1721 4431 propius
1749 4359 1998 4415 accedas

2126 4357 2342 4430 Γενέσθαι
2392 4354 2492 4428 δεῖ,
2526 4357 2704 4422 καθὼς
2747 4353 2958 4414 κελεύει
2984 4359 3013 4415 6
3048 4360 3268 4436 Κύριος,
3322 4356 3393 4414 ἵν’
3451 4357 3768 4438 ἐφάμιλλος

334 4461 580 4510 necesse
601 4459 711 4522 est,
745 4469 861 4524 quo
898 4451 972 4506 iis
1016 4450 1184 4506 nulla
1207 4467 1276 4506 ex
1299 4454 1467 4522 parte
1489 4449 1737 4504 inferior
1757 4450 1861 4516 sis,
1894 4449 1996 4521 qui

2126 4444 2462 4523 ἱναδειχθῆς,
2495 4447 2586 4504 καὶ
2614 4443 2785 4520 μηδὲν
2815 4446 2963 4512 ὅλως
2994 4447 3387 4526 ὑστερούμενος
3417 4453 3528 4504 τῶν
3562 4449 3772 4526 βαστα-

334 4542 453 4598 diei
476 4547 534 4598 et
554 4547 734 4597 aestus
755 4539 988 4611 pondus
1010 4539 1390 4612 pertulerunt
1423 4538 1645 4608 (Matth.
1679 4539 1795 4611 xx).
1828 4540 2013 4604 ρυλ-

2126 4534 2307 4592 ιάντων
2339 4536 2400 4592 τό
2449 4535 2615 4613 βάρος
2669 4542 2771 4607 τῆς
2795 4528 3007 4614 ἡμέρας
3062 4537 3154 4594 καὶ
3209 4538 3302 4594 τὸν
3360 4536 3611 4594 καύσωνα

330 4636 594 4705 prepter,
619 4647 651 4684 ο
675 4629 1022 4699 amice,qute
1045 4645 1079 4684 a
1096 4629 1215 4683 Deo
1247 4627 1487 4683 decreta
1517 4633 1678 4698 sunt,
1712 4633 1990 4700 prompto

329 4738 398 4777 ac
435 4718 665 4776 lubenti
715 4717 914 4772 animo
963 4717 1186 4788 accipe.
1219 4717 1363 4771 Nam
1396 4732 1528 4787 quas
1558 4717 1671 4788 ipsi
1706 4716 1986 4783 decrevit,

326 4811 460 4882 quis
486 4808 728 4865 tandem
767 4805 1112 4862 mortalium
1165 4805 1456 4877 dissipare
1513 4805 1736 4877 queat?
1791 4807 1984 4878 Atque

323 4900 512 4972 ipsius
541 4897 732 4973 gratia
761 4901 1162 4964 conservatus,
1201 4895 1578 4951 tolerantiam
1606 4900 1843 4967 prassta.

391 5007 546 5063 Illud
560 5007 741 5062 etiam
761 5003 1286 5074 cura,utadversus
1300 5002 1572 5071 inimicas
1588 5003 1980 5075 cogitationes

2021 4675 2070 4741 D

2104 4623 2280 4700 Δέχου
2326 4624 2528 4696 τοίνυν,
2561 4623 2604 4680 ὦ
2636 4623 2871 4697 φιλότης
2929 4629 3031 4699 (2),
3061 4626 3128 4682 τὰ
3179 4631 3272 4700 τῷ
3317 4631 3434 4700 Θεῷ
3461 4624 3774 4706 δεδογμένα

2103 4714 2377 4787 ἀσμένως.
2435 4716 2503 4773 ’Ἀ
2529 4715 2634 4789 γὰρ
2693 4713 2856 4779 αὐτὸς
2884 4727 2890 4740 "
2915 4710 3294 4792 βεϐούλευται,
3325 4715 3407 4777 τίς
3453 4715 3639 4788 ἱκανὸς
3671 4717 3772 4772 ἆνο

2099 4804 2336 4878 θρώπων
2371 4801 2717 4860 διασκεδάσαι
2745 4823 2759 4876 ;
2793 4803 2897 4861 Καὶ
2929 4804 3175 4882 καρτέρει
3203 4809 3286 4879 τῇ
3317 4803 3523 4861 ἐκείνου
3557 4801 3774 4882 φυλατ-

2091 4893 2324 4966 τόμενος
2356 4893 2565 4970 χάριτι.

2168 5005 2318 5062 ³55
2369 5007 2526 5082 Νῆφε
2555 4999 2612 5058 δὲ
2644 5001 2724 5058 ἀεὶ
2757 5002 2892 5079 πρὸς
2921 5002 3050 5067 τοὺς
3095 5001 3372 5066 ἐναντίους
3396 5031 3401 5037 ·
3424 5001 3760 5082 λογισμοὺς,

319 5095 520 5154 animo
545 5087 822 5162 excubes,
845 5111 914 5151 ac
939 5095 1156 5151 mentis
1176 5093 1521 5168 puritatem,
1553 5109 1675 5149 non
1707 5085 1877 5152 secus
1905 5109 1998 5152 ac‘

2126 5091 2178 5147 αὶ
2205 5093 2307 5164 τήν
2339 5090 2730 5167 ,καθαρότητα
2760 5097 2857 5148 τοῦ⁹
2905 5093 3038 5162 ,νοὸς
3070 5092 3253 5171 ὥσπερ
3303 5091 3425 5150 τινὰ
3476 5097 3754 5172 θησαυρὸν

319 5186 638 5259 quemdam
662 5185 921 5259 ingentis
933 5185 1109 5257 pretii
1129 5183 1734 5252 thesaurum,salvum
1749 5184 1977 5242 etinco-

405 5389 498 5483 97)
532 5415 697 5472 Conf.
731 5433 790 5488 p.
823 5393 950 5479 328.
977 5429 1038 5471 n.
1071 5417 1125 5469 7.

2085 5179 2420 5257 πολύτιμον,
2460 5178 2661 5238 ἄσυλον
2703 5177 2976 5260 διατήρει,
3007 5179 3145 5259 πρὸς
3200 5182 3544 5259 ὑψηλοτέραν
3587 5182 3752 5260 ἀργα-

403 5481 492 5558 98)
531 5489 596 5553 C,
631 5481 928 5560 μοναχοῖς.
951 5488 1018 5560 Α,
1045 5481 1412 5560 μονομάχοις.
1449 5485 1568 5560 Hoc
1597 5484 2015 5560 Trapezuntius

2126 5486 2245 5554 rtit,
2276 5485 2428 5542 illud
2461 5486 2708 5544 Biblius.

384 5553 495 5629 (99)
527 5553 730 5620 Matth.
773 5553 902 5622 'x'xv.
935 5553 1055 5612 23:-
1077 5553 1308 5619 Εἴσελθὲ
1337 5555 1412 5618 εἰς
1442 5556 1540 5622 τήν
1574 5553 1750 5682 ξαρᾶν
1784 5560 1882 5611 τοῦ
1913 5563 2015 5629 Κυε

384 5632 458 5682 (ll
490 5631 690 5682 Matth.
720 5648 815 5682 xx.
849 5632 912 5682 l2
939 5645 950 5682 :
987 5628 1161 5682 ’Ἱσους
1191 5628 1328 5682 ἡμῖν
1362 5625 1558 5682 αὐτοὺς
1615 5626 1849 5682 ποίησας
1869 5634 1989 5682 τοῖς

2155 5553 2255 5612 σου
2266 5597 2277 5612 .

2126 5629 2277 5682 τάσαε

382 5626 458 5700 (1)
478 5626 690 5686 Matth.
720 5648 815 5696 xx,
849 5632 912 5684 l2
939 5645 950 5682 :
987 5628 1161 5689 Ἲσους
1191 5628 1328 5700 ἡμῖν
1362 5626 1558 5689 αὐτοὺς

1615 5626 1849 5703 ποίησας
1869 5626 2311 5703 τοῖςβαστάσασι
2341 5627 2405 5682 τὸ
2440 5629 2805 5703 βάροςτῆς...

381 5698 455 5773 (2)
488 5702 662 5783 A‘,_ad
692 5717 879 5783 marg;
906 5699 1125 5783 :lpaizp.
1158 5698 1403 5783 φίλτατε.
1440 5701 1526 5783 De
1545 5699 1847 5783 Af_orr_nula,
1957 5722 2014 5779 φι

2126 5721 2213 5783 ης.
2268 5703 2402 5783 vine
2440 5698 3264 5783 'S_chol.“ljlnat._p._55-;_Graii.
3396 5705 3541 5783 Luc.
3573 5705 3744 5783 Rhet.

349 5771 487 5829 me.
521 5775 588 5827 14
620 5777 782 5837 ;not.
810 5771 885 5826 ad
913 5771 1184 5826 Aristum;
1221 5789 1258 5836 ι,
1293 5773 1380 5841 17,
1411 5789 1470 5844 p.
1504 5774 1644 5839 467;
1681 5771 2015 5830 Wernsdfa

308 5788 483 5913 ξενίας
514 5843 582 5894 τὰ
598 5842 950 5915 χαριστήρια.
983 5842 1069 5896 lbi
1100 5841 1345 5914 quidem
1366 5859 1503 5914 ergo
1533 5843 1901 5915 prmtulerim
1932 5863 2015 5903 sci

2126 5773 2330 5828 iimerii
2366 5773 2540 5855 yerba
2562 5790 2618 5845 p.
2650 5773 2794 5828 508:
2826 5771 3012 5838 Ἑαῦτα
3043 5773 3553 5849 ᾄμῖνξῶφιλότηέ,
3578 5775 3746 5852 φιλο-

2126 5861 2237 5903 area
2268 5849 2635 5915 varietatem,
2667 5841 2712 5898 ὦ
2743 5842 2923 5915 φίλοι,
2950 5851 3048 5915 τῆς
3077 5843 3198 5915 φιλ.
3511 5898 3514 5910 ,

735 5842 950 5950 imitata.
983 5842 1069 5896 lbi
1100 5842 1345 5914 quidem
1366 5842 1503 5914 ergo
1533 5843 1901 5916 praetulerim
1932 5863 2015 5903 εοι

2126 5861 2237 5903 arae
2268 5842 2635 5917 varietatem,
2667 5842 2712 5898 ὦ
2743 5842 2923 5920 φίλοι,
2950 5842 3200 5924 τῆςῖριλ.
3297 5842 3306 5848 ’
3476 5842 3484 5846 ⁷
3511 5898 3514 5910 ,
