4120 6370
307 458 443 520 1231

1865 452 2232 511 ΔΒΒΒΝΒΑ.

3598 458 3746 517 1282

304 586 470 645 omni
498 584 841 658 acceptione
860 584 1096 657 dignus:
1118 581 1176 638 Si
1199 580 1645 649 commorimur,
1680 583 1738 635 et
1761 579 1962 635 convi-

2084 565 2427 653 ὖπομένομεν
2457 624 2472 650 ,
2528 580 2619 635 καὶ
2677 575 3189 654 συμϐασιλεύσομεν
3270 578 3551 656 βασιλείαν
3626 584 3729 653 τὴν

304 692 512 733 vemus
536 694 550 743 ;
575 674 625 731 si
652 675 1108 739 sustinemus,et
1127 670 1717 744 conregnabimus,in
1750 668 1962 740 sempi-

308 772 482 821 terno
505 765 606 820 illo
634 781 701 819 ac
727 763 863 818 finis
886 766 1124 833 experte
1146 776 1326 833 regno
1353 758 1809 831 incomparabili
1830 758 1963 813 luce

311 854 666 922 collustrati,
698 858 873 924 atque
897 868 1029 906 vere
1051 849 1239 905 beata:
1262 866 1328 904 ac
1361 849 1645 921 principis
1663 847 1965 902 Trinitatis

310 945 754 1002 illuminatione
778 941 1144 997 donatiJlaac
1166 939 1436 995 Barlaam
1450 938 1524 993 ad
1544 953 1853 1008 vesperam
1874 952 1967 991 us-

314 1051 451 1105 que,
482 1050 550 1088 ac
571 1049 677 1105 per
702 1036 888 1087 totam
916 1030 1095 1085 etiam
1118 1033 1378 1096 noctem,
1410 1028 1728 1098 Josaphato
1753 1025 1965 1095 loque-

309 1124 488 1180 batur
507 1121 864 1178 effusissime
884 1119 1260 1191 lacrymanti,
1291 1122 1468 1187 atque
1488 1114 1833 1187 hujusmodi
1852 1113 1965 1168 dis-

301 1212 682 1286 junctionem
704 1209 1011 1282 aagerrimo
1030 1208 1231 1263 animo
1251 1205 1487 1261 ferenti.
1506 1205 1633 1259 Jam
1656 1207 1855 1258 autem
1879 1201 1964 1256 lu-

311 1307 483 1358 cente
503 1301 597 1357 die
626 1315 841 1355 manus
872 1302 1049 1369 atque
1085 1295 1289 1351 oculos
1332 1295 1395 1349 in
1434 1293 1650 1349 cmlum
1698 1291 1960 1361 sustulit,

310 1392 551 1461 Deoque
580 1389 800 1462 gratias
829 1387 1108 1454 reddens,
1154 1386 1268 1440 hoc
1317 1399 1591 1439 sermone
1639 1398 1784 1437 usus
1833 1386 1960 1436 est:

383 1498 631 1554 Domine
652 1498 804 1551 Deus
826 1511 1013 1562 meus,
1030 1493 1133 1564 qui
1154 1491 1379 1562 ubique
1401 1506 1664 1561 praesens
1686 1504 1769 1551 es,
1790 1493 1968 1558 atque

311 1588 517 1645 omnia
529 1583 990 1658 imples,gratias
1004 1582 1110 1637 tibi
1125 1579 1549 1653 ago,quoniam
1565 1578 1968 1633 humilitatem

310 1694 510 1736 meam
538 1674 847 1746 respexisti
879 1671 1045 1742 (Psal.
1077 1675 1152 1737 L),
1186 1675 1365 1740 atque
1406 1668 1518 1723 hoc
1548 1668 1695 1723 mihi
1722 1682 1970 1722 conces-

315 1766 612 1834 sisti,utin
627 1763 955 1819 orthodoxa
969 1766 1069 1815 tua
1081 1759 1285 1826 ﬁde,et
1298 1757 1715 1814 mandatorum
1732 1761 1969 1811 tuorum

312 1855 681 1927 via,hujusce
702 1849 1200 1924 peregrinationis
1219 1864 1461 1903 cursum
1484 1845 1858 1902 absolverim.
1884 1846 1966 1900 Ac

2075 667 2298 723 αἰώνιον
2330 671 2418 725 καί
2465 667 2848 740 ἀτελεύτητον,
2904 674 2984 741 τῷ
3042 669 3182 749 φωτῖ
3240 668 3735 745 καταλαμπόμενοι

2071 761 2154 829 τῷ
2185 758 2464 834 ἀπροσίτῳ
2493 762 2628 831 (10),
2659 759 2749 813 καὶ
2796 762 2897 824 τῆς
2930 758 3261 833 ἐλλάμψεως
3317 759 3733 835 καταξιοόμενοι

2070 853 2175 915 τῆς
2208 847 2477 923 μακαρίας
2498 844 2669 911 ὅντῶς
2710 846 2801 903 καί
2834 854 3156 924 ζωαρχικῆς
3202 846 3460 919 Τριάδος.
3492 852 3737 908 Τοιαῦτα

2079 935 2174 1008 μὲν
2203 936 2229 989 ὁ
2266 932 2403 1009 Βαρλ
2416 935 2530 1008 αὰμ
2555 932 2660 999 ἕως
2689 936 2915 1011 ἑσπέρας
2944 935 3034 990 καὶ
3081 936 3210 1009 παρ’
3267 935 3406 1008 ὅλην
3436 939 3539 1008 τήν
3568 939 3735 996 νύκτα

2072 1027 2153 1095 τῷ
2202 1024 2435 1101 Ἰωάσαφ
2479 1023 2707 1097 ὡμίλει,
2765 1024 3165 1100 ἀκατασχέτοις
3223 1022 3477 1100 δάκρυσιν
3537 1025 3733 1105 ὀδυρο-

2080 1111 2225 1185 μὲνῳ
2255 1114 2339 1167 καὶ
2401 1114 2494 1167 τὸν
2556 1114 2845 1188 χωρισμὸν
2905 1115 2981 1187 μὴ
3033 1112 3277 1192 φέροντι.
3312 1117 3471 1190 ’Ἄρτι
3528 1113 3586 1173 δὶ
3628 1127 3733 1189 τῆς

2076 1203 2287 1277 ἡμέρας
2348 1199 2685 1280 διαφαοόσης
2740 1205 2879 1277 (11),
2934 1204 3033 1272 τὴν
3093 1204 3230 1279 πρὸς
3280 1203 3440 1261 αὐτὸν
3501 1207 3729 1283 ὁμιλίαν

2078 1289 2419 1368 διαπεράνας,
2468 1294 2597 1368 ἦρεν
2648 1292 2726 1357 εἷς
2781 1292 3007 1368 οὐρανὸν
3036 1296 3228 1370 χεῖράς
3255 1315 3316 1350 τε
3347 1295 3440 1351 καὶ
3483 1292 3732 1371 ὄμματα,

2078 1381 2170 1437 καὶ
2203 1380 2555 1459 εὐχαριστίαν
2587 1381 2936 1457 ἀνάπέμψαςθ
2964 1387 3044 1455 τῷ
3076 1389 3216 1456 θεῷ’
3249 1382 3375 1462 ἔφη.

2150 1488 2339 1565 Κύριε,
2382 1490 2411 1545 ὁ
2459 1489 2589 1552 Θεός
2655 1510 2783 1563 μου,
2841 1490 2870 1544 ὁ
2928 1494 3213 1565 πανταχοῦ
3271 1491 3459 1567 παρὼν
3520 1494 3612 1548 καὶ
3668 1495 3736 1551 τὰ

2076 1580 2248 1635 πάντα
2294 1578 2552 1651 πληρῶν,
2610 1578 2923 1654 εὐχαριστῶ
2982 1601 3091 1650 σοι,
3125 1580 3207 1635 ὅτι
3266 1579 3475 1645 ἐπεῖδες
3504 1584 3606 1653 τήν
3634 1606 3735 1640 τα-

2076 1668 2332 1724 πείνωσίν
2365 1689 2469 1742 μου
2498 1668 2588 1723 καὶ
2622 1666 2675 1724 ἑν
2731 1672 2801 1742 τῇ
2855 1665 3131 1743 όρθοδόξῳ
3188 1690 3285 1726 σου
3342 1670 3616 1747 ὁμολογίᾳ
3644 1676 3735 1729 καὶ

2077 1759 2131 1815 ἐν
2164 1756 2278 1831 ὁδῷ
2305 1763 2412 1813 τῶν
2446 1755 2687 1813 ἐντολῶν
2732 1778 2828 1811 σου
2877 1756 3114 1827 ἠξίωσας
3137 1759 3228 1813 τὸν
3262 1756 3470 1836 δρόμον
3518 1760 3735 1818 τελέσαι

2080 1870 2147 1923 με
2171 1853 2274 1918 τῆς
2304 1844 2490 1911 ἐνθάδε
2527 1847 2817 1923 παροικίας
2870 1868 2998 1921 μου.
3059 1847 3165 1904 Καὶ
3192 1845 3309 1919 νῦν,
3343 1850 3615 1927 φιλάγαθε
3645 1850 3738 1907 Δὲ-

313 1943 729 2014 nunc,optime
752 1940 1205 2008 Domine,atque
1226 1936 1301 1991 ad
1331 1935 1806 1991 misericordiam
1827 1952 1966 2006 pro-

2084 1958 2255 1993 σποτα
2283 1936 2373 1991 καὶ
2429 1935 2850 2010 πανοικτίρμον,
2883 1933 3027 2007 δέξαι
3090 1958 3157 2011 με
3213 1938 3290 2000 εἰς
3346 1940 3444 2001 τὰς
3484 1939 3741 2003 αἰωνίους

314 2030 762 2107 pensissime,in
778 2033 1001 2083 aaterna
1015 2025 1400 2082 tabernacula
1413 2030 1515 2080 tua
1525 2041 1619 2080 me
1632 2024 1970 2096 recipe,nec

315 2140 387 2181 ea
405 2121 697 2178 memoria
710 2119 904 2174 retine
921 2133 1052 2188 quas
1073 2115 1165 2170 vel
1195 2116 1392 2170 sciens
1414 2114 1509 2169 vel
1539 2114 1803 2169 insciens
1834 2114 1896 2168 in
1914 2119 1970 2168 te

312 2211 573 2286 peccavi.
593 2211 888 2265 Conserva
898 2212 1098 2262 autem
1112 2205 1291 2261 etiam
1307 2204 1547 2260 ﬁdelem
1562 2205 1720 2260 hunc
1736 2220 1971 2259 servum

312 2308 508 2369 tuum,
541 2300 750 2356 cuime
773 2296 1047 2352 inutilem
1076 2294 1371 2351 famulum
1402 2300 1571 2349 tuum
1598 2311 1853 2366 praeesse
1877 2310 1970 2348 vo-

313 2390 500 2447 luisti.
525 2389 611 2444 Ab
636 2388 798 2444 omni
823 2385 1081 2442 vanitate
1110 2390 1289 2455 atque
1312 2382 1634 2439 adversarii
1664 2384 1971 2439 vexatione

312 2483 514 2554 ipsum
533 2480 760 2545 exime;
783 2477 1052 2548 illudque
1065 2476 1255 2544 efﬁce,
1278 2481 1347 2530 ut
1365 2474 1970 2530 nodosissimisiisla-

317 2572 489 2642 queis
502 2586 654 2641 quos
668 2567 942 2623 diabolus
955 2566 1029 2622 ad
1050 2582 1257 2620 eorum
1280 2565 1550 2619 omnium
1570 2564 1787 2635 quibus
1811 2565 1972 2620 salus

317 2659 483 2715 cordi
513 2664 604 2714 est
632 2657 1023 2712 offensionem
1050 2652 1333 2725 expandit
1378 2653 1694 2708 sublimior
1736 2654 1968 2708 existat.

318 2754 570 2807 Omnem
601 2747 943 2820 impostoris
964 2745 1314 2817 potentiam,
1338 2744 1719 2816 omnipotens
1740 2746 1914 2813 Deus,
1938 2761 1973 2801 a

317 2841 471 2897 servi
484 2839 572 2895 tui
586 2838 733 2894 facie
752 2836 907 2902 dele;
930 2841 1107 2907 atque
1121 2851 1220 2889 eas
1233 2834 1348 2904 ipsi
1362 2835 1515 2889 vires
1527 2835 1610 2889 δ.ίῖ
1611 2851 1696 2901 er,
1713 2839 1779 2890 ut
1789 2834 1970 2905 pesti-

315 2932 511 2986 ferum
524 2928 714 2983 hostis
726 2927 1064 2982 animarum
1083 2929 1425 2979 nostrarum
1447 2928 1626 2994 caput
1645 2924 1969 2994 proculcet.

318 3019 573 3090 Spiritus
587 3017 671 3071 tui
685 3016 875 3071 sancti
887 3014 1138 3086 gratiam
1154 3029 1221 3067 ex
1236 3012 1355 3067 alto
1370 3012 1433 3065 in
1448 3028 1583 3067 eum
1598 3012 1863 3081 demitte,
1885 3018 1971 3068 at-

318 3124 434 3179 que
452 3106 527 3163 ad
546 3104 875 3161 invisibiles
893 3102 1205 3158 conﬂictus
1218 3100 1400 3156 robur
1412 3100 1523 3172 ipsi
1540 3101 1785 3170 adde,ut
1800 3102 1976 3158 victo-

312 3198 421 3253 riae
435 3210 717 3250 coronam
732 3198 842 3248 ate
859 3196 1279 3262 consequatur,
1300 3205 1367 3245 ac
1382 3206 1603 3245 nomen
1616 3196 1846 3258 tuum,o
1862 3191 1972 3246 Pa-

2074 2050 2172 2086 σου
2203 2026 2406 2089 σκηνὰς
2442 2026 2576 2097 (l2),
2634 2024 2726 2079 καὶ
2784 2025 2860 2097 μὴ
2897 2028 3143 2097 μνησθῆς
3200 2028 3299 2082 ὅσα
3356 2048 3441 2082 σοι
3489 2027 3738 2105 ἥμαρτον

2076 2120 2127 2175 ἐν
2162 2118 2358 2193 γνώσει
2386 2136 2447 2169 τε
2490 2113 2582 2169 καὶ
2640 2113 2849 2189 ἀγνοίᾳ.
2911 2114 3157 2186 Φύκαξον
3192 2112 3249 2171 δὶ
3299 2118 3387 2172 καὶ
3420 2120 3510 2174 τὸν
3543 2120 3734 2175 πιστόν

2076 2229 2174 2263 σου
2206 2203 2407 2260 δοῦλον
2436 2207 2629 2258 τοῦτον
2665 2246 2679 2272 ,
2713 2202 2879 2277 οὗπερ
2911 2204 3216 2278 προστῆναί
3276 2228 3345 2279 με
3383 2208 3475 2262 τὸν
3510 2209 3738 2284 ἆχρεῖόν

2077 2317 2176 2351 σου
2225 2296 2465 2369 ἠξίωσας
2522 2292 2760 2363 οἰκέτην*
2822 2292 2979 2369 ῥῦσαι
3011 2295 3176 2349 αὐτὸν
3236 2296 3344 2351 ἀπὸ
3401 2296 3579 2369 πάσης
3633 2321 3737 2372 μα-

2076 2385 2367 2456 ταιότητος
2395 2384 2549 2442 858
2604 2382 2691 2438 καὶ
2754 2380 3013 2459 ἐπηρείας
3070 2388 3168 2438 τοῦ
3216 2385 3614 2460 ἀντικειμένου,
3644 2387 3733 2444 καὶ

2078 2473 2421 2550 ὑψηλότερον
2462 2472 2616 2530 αὐνὸν
2645 2472 2876 2542 ποίησον
2908 2476 3017 2528 τῶν
3060 2471 3434 2531 πολυπλόκων
3462 2475 3734 2554 παγίδων,

2076 2566 2148 2619 ὧν
2182 2564 2259 2627 εἰς
2310 2560 2612 2618 σκάνδαλον
2670 2558 2924 2630 ἥπλωσεν
2984 2563 3012 2617 ὁ
3069 2564 3313 2640 πονηρὸς
3363 2565 3578 2622 πάντων
3625 2572 3732 2623 τῶν

2076 2654 2344 2711 θελόντων
2405 2654 2667 2720 σωθῆναι.
2729 2648 3044 2729 Ἀφᾶνισον,
3098 2650 3507 2729 παντοδύναμε,
3558 2662 3730 2714 πᾶσαν

2074 2745 2174 2813 τήν
2209 2741 2437 2815 δύναμιν
2469 2744 2567 2795 τοῦ
2615 2741 2929 2804 ἀπατεῶνος
2980 2741 3087 2796 ἀπὸ
3145 2744 3447 2818 προσώπου
3476 2750 3576 2801 τοῦ
3606 2744 3733 2802 δού-

2078 2832 2181 2889 λου
2211 2853 2329 2900 σου,
2358 2831 2449 2886 καὶ
2484 2828 2575 2891 δὸς
2624 2829 2774 2901 αὖτῷ
2814 2829 3057 2902 ἐξουσίαν
3117 2836 3307 2886 πατεῖν
3343 2834 3445 2901 τήν
3504 2832 3732 2912 ὀλεθρο-

2074 2923 2235 2978 τόκον
2295 2922 2462 2996 κάραν
2519 2922 2617 2975 τοῦ
2668 2917 2947 2991 πολεμίου
2977 2923 3111 2974 ’τῶν
3160 2923 3448 2998 ἡμετέρων
3500 2926 3730 3001 ψυχῶν.

2076 3013 2447 3085 Κατάπεμψον
2524 3008 2575 3080 ἐξ
2637 3006 2807 3082 ὕψους
2885 3009 2985 3077 τὴν
3042 3010 3206 3084 χάριν
3262 3015 3362 3066 τοῦ
3430 3013 3587 3088 ἁγίου
3635 3035 3726 3069 σου

2078 3100 2412 3174 Πνιύματος.
2449 3098 2548 3153 Καὶ
2593 3096 2911 3173 ἐνίσχκυσον
2944 3096 3104 3152 αὐτὸν
3155 3100 3294 3172 πρὸς
3342 3100 3436 3163 τὰς
3466 3103 3721 3174 ἀοράτους

2077 3191 2445 3267 παρατάξεις,
2502 3189 2591 3244 ἳνα
2647 3189 2743 3244 τὸν
2789 3194 2893 3259 τῆς
2945 3188 3103 3259 νίκης
3155 3190 3357 3265 ἀξιωθῇ
3431 3192 3575 3264 παρὰ
3625 3196 3718 3247 σοῦ

311 3291 501 3353 ter,ac
514 3283 643 3339 Filii
676 3281 777 3348 tui,
803 3287 862 3336 et
882 3279 1132 3352 Spiritus
1155 3278 1369 3347 sancti,
1392 3278 1454 3333 in
1469 3279 1597 3350 ipso
1612 3279 1967 3349 celebretur,

2084 3280 2338 3358 στέφανον
2395 3276 2665 3352 δέξασθαι,
2720 3277 2811 3333 καὶ
2862 3275 3096 3353 δοξασθῇ
3155 3278 3208 3333 ἐν
3263 3278 3403 3352 αὐτῷ
3458 3280 3521 3335 τὸ
3552 3276 3726 3352 ὄνομά

312 3373 603 3448 quoniam
633 3376 689 3428 te
723 3369 894 3426 decet
921 3369 1051 3426 laus
1084 3373 1142 3423 et
1168 3367 1358 3440 gloria
1382 3367 1445 3422 in
1479 3368 1719 3425 saecula.
1754 3370 1967 3425 Amen.

388 3662 508 3719 Hac
526 3658 871 3732 precatione
892 3655 1259 3723 habita,cum
1286 3660 1537 3726 paterno
1571 3656 1787 3711 aﬂ'ectu
1816 3656 1979 3713 Josa-

318 3752 571 3826 pbatum
592 3747 1143 3820 complexus,atque
1157 3744 1363 3800 osculo
1382 3749 1586 3801 sancto
1601 3744 1979 3800 exosculatus

318 3842 555 3908 fuisset,
586 3855 655 3895 ac
706 3853 835 3893 sese
887 3835 1081 3892 crucis
1112 3833 1279 3907 signo
1309 3834 1647 3903 muniisset,
1674 3834 1978 3906 pedesque

323 3929 655 3996 extulisset,
685 3924 912 3999 ingenti
930 3924 1139 3980 laetitia
1158 3922 1455 3995 perfusus,
1487 3939 1609 3978 non
1633 3939 1804 3979 secus
1834 3940 1901 3979 ac
1929 3924 1978 3978 si

320 4019 499 4077 amici
531 4016 775 4089 quidam
806 4014 1223 4080 accessissent,
1255 4011 1328 4067 ab
1362 4010 1601 4069 beatum
1632 4012 1766 4081 iter,
1800 4018 1979 4085 atque

318 4108 394 4167 ad
414 4104 760 4179 recipienda
788 4103 978 4159 beata
1023 4101 1188 4157 illius
1227 4101 1362 4156 vita)
1400 4102 1648 4172 prmmia
1676 4102 1979 4174 profectus

319 4204 430 4268 est,
462 4211 645 4255 senex
671 4195 871 4268 plane,
904 4209 973 4249 ac
1004 4190 1408 4264 spiritualium
1454 4190 1689 4248 dierum
1736 4191 1975 4263 plenus.

389 4408 523 4463 CAP.
547 4405 658 4462 XL.
683 4435 754 4446 —
772 4401 1056 4474 Josaphat
1076 4405 1542 4471 autem,snmma
1572 4416 1709 4455 cum
1738 4416 1979 4456 venera-

318 4506 482 4561 tione
507 4509 684 4575 atque
706 4502 934 4575 ejulatu
950 4503 1179 4571 patrem
1201 4497 1975 4570 complexus,lacrymisque

315 4605 519 4662 abluto
542 4601 727 4673 ipsius
750 4603 1203 4670 corpore,atque
1235 4613 1446 4669 aspero
1464 4596 1570 4651 illo
1592 4596 1973 4667 cilicio,quod

316 4704 390 4761 ab
409 4720 477 4759 eo
498 4702 561 4757 in
574 4700 715 4757 aula
734 4694 1686 4769 acceperat,involuto,consuetos
1706 4694 1970 4765 psalmos
2006 4671 2050 4736 υ
2081 4680 2115 4713 κ

310 4803 547 4868 recitat,
577 4815 685 4872 per
714 4802 899 4851 totum
936 4793 1094 4848 diem
1126 4808 1194 4848 ac
1225 4798 1410 4849 totam
1435 4796 1676 4847 noctem
1700 4792 1880 4848 simul
1911 4800 1971 4850 et

311 4904 622 4969 canens,et
648 4897 977 4970 pretiosum
996 4893 1152 4949 beati
1184 4892 1291 4947 viri
1336 4909 1550 4964 corpus
1582 4892 1863 4964 lacrymis
1888 4895 1970 4949 ri-

309 5019 476 5077 gans.
511 4997 803 5057 Postridie
830 5001 1031 5052 autem
1065 4995 1281 5049 effosso
1300 4993 1474 5065 juxta
1504 4993 1852 5064 speluncam
1885 5012 1971 5050 se-

308 5100 615 5174 pulcro,ac
646 5112 813 5152 sacro
845 5109 1095 5167 corpore
1130 5096 1475 5147 reverenter
1504 5090 1828 5146 admodum
1867 5109 1968 5161 ge-

311 5204 486 5267 stato,
521 5194 898 5269 spiritualem
930 5197 1160 5265 patrem
1194 5189 1460 5263 egregius
1492 5194 1550 5245 et
1578 5189 1972 5247 charissimus

310 5297 471 5354 illius
501 5289 1288 5361 inhumavit,ardentiusque
1313 5286 1512 5343 animo
1535 5270 1968 5360 inflammatus,

405 5541 497 5608 ιο)
526 5539 691 5612 Conf.
716 5557 774 5612 p.
806 5539 904 5612 44,
930 5553 992 5594 n.
1025 5538 1117 5595 93.

407 5607 493 5685 M)
527 5612 587 5685 C,
622 5607 1036 5685 διαῷαινούσης,

377 5682 492 5755 (12)
523 5682 689 5755 Conl‘.
719 5682 780 5754 p.
810 5684 897 5751 17,
928 5698 990 5755 ῃ.
1020 5682 1109 5734 54.

380 5756 496 5823 (13)
524 5754 854 5823 Conf._pag.
891 5754 1016 5808 185.

383 5820 498 5895 (ib)
529 5826 596 5890 Α,
619 5820 880 5893 ἐχόμενα.

2086 3391 2204 3441 σου,
2235 3373 2332 3424 τοῦ
2364 3368 2594 3444 Πατρὸς,
2626 3367 2714 3423 καὶ
2747 3370 2843 3422 τοῦ
2874 3367 3025 3436 ι’ἳοῦ,
3056 3367 3147 3423 καὶ
3174 3373 3273 3424 τοῦ
3302 3368 3452 3445 ἁγίου
3482 3368 3732 3441 Πνεὺμα-

2082 3480 2201 3529 τος,
2232 3457 2317 3515 ὅτι
2346 3458 2433 3515 σοὶ
2463 3458 2656 3534 πρέπει
2691 3454 2820 3528 δόξα
2848 3457 2939 3513 καὶ
2965 3454 3168 3521 αἶ’νεσις
3216 3458 3296 3521 εἷς
3354 3456 3481 3522 τοὺς
3511 3457 3733 3521 αἰῶνας.

2084 3549 2286 3623 Ἀμήν.

2154 3654 2335 3713 Ταῦτα
2368 3655 2678 3730 εὖξαμενος,
2726 3655 2818 3710 καὶ
2873 3654 2967 3711 τὸν
3019 3654 3250 3735 Ἰωάσαφ
3306 3659 3589 3732 πατρικῶς
3648 3676 3739 3711 πι-

2086 3747 2503 3823 ριπτυξάμενος,
2532 3745 2621 3801 καὶ
2675 3744 2959 3819 ἀσπασμὸν
3006 3744 3154 3818 αὖτῷ
3203 3742 3331 3808 δοὺς
3364 3744 3417 3801 ἐν
3467 3744 3740 3823 φιλήματι

2084 3835 2246 3913 ἁγίῳ,
2412 3856 2569 3908 τυπῳ
2622 3854 2681 3890 τε
2727 3837 2827 3890 τοῦ
2886 3839 3120 3910 σταυροῦ
3174 3836 3361 3891 ἑαυτὸν
3422 3835 3743 3914 ἐπισφραγι-

2085 3926 2338 4000 σάμενος,
2367 3923 2458 3981 καὶ
2487 3924 2616 3988 τοὺς
2647 3920 2819 3985 πόδας
2868 3922 3077 3999 ἐξάρας,
3132 3923 3222 3979 καὶ
3282 3923 3404 3980 λίαν
3431 3925 3737 4000 περιχαρὴς

2082 4015 2396 4093 γενόμενος,
2428 4013 2609 4089 ὥσπερ
2656 4017 2824 4069 τιοῶν
2881 4010 3344 4087 ἐπιδημησάντων
3376 4013 3576 4089 φίλων,
3606 4014 3741 4089 πρὸς

2081 4107 2183 4176 τήν
2240 4104 2509 4181 μακαρίαν
2594 4102 2811 4173 ἀπῆλθε
2867 4102 3091 4176 πορείαν
3126 4148 3143 4175 ,
3195 4103 3334 4179 πρὸς
3383 4105 3486 4173 τήν
3546 4103 3743 4160 ἐκεῖθεν

2085 4192 2318 4250 διελθὼν
2374 4190 2712 4270 γεροδοσίαν,
2758 4186 3074 4267 πρεσϐύτης
3103 4189 3177 4247 ὣν
3209 4191 3300 4248 καὶ
3331 4192 3559 4268 πλήρης
3591 4194 3741 4269 ἠμε-

2086 4288 2195 4359 ρῶν
2226 4287 2336 4339 τῶν
2366 4287 2465 4339 τοῦ
2493 4281 2832 4356 πνεύματος.

2154 4393 2319 4448 ΚΕΦ.
2352 4393 2441 4448 Μ’.
2510 4391 2567 4445 Ὀ
2625 4387 2683 4445 δι
2730 4389 2988 4467 Ἰωάσαφ,
3049 4388 3368 4465 περιχυθεὶς
3424 4395 3507 4464 τῷ
3566 4391 3736 4469 Πατρὶ

2086 4481 2201 4552 μεθ’
2263 4477 2397 4549 ὅσης
2456 4476 2514 4533 ἂν
2576 4475 2752 4540 εἴποις
2800 4482 2901 4544 τῆς
2954 4473 3243 4542 εὐλαϐείας
3290 4480 3381 4535 καὶ
3440 4479 3740 4561 οἰμωγῆς,

2083 4566 2308 4641 δάκρυσί
2336 4588 2395 4623 τε
2438 4568 2503 4623 τὸ
2561 4566 2812 4641 λείψανον
2861 4565 3086 4638 Λούσας,
3132 4565 3223 4621 καὶ
3272 4571 3350 4639 τῷ
3378 4566 3613 4643 τριχίνῳ
3642 4568 3740 4644 ῥα-

2122 4657 2205 4731 ίῳ,
2256 4658 2390 4732 ὅπερ
2452 4656 2613 4719 αὐτὸς
2674 4655 2725 4712 ἒν
2785 4660 2865 4729 τῷ
2928 4655 3179 4729 παλατίῳ
3223 4658 3525 4733 παρασχὼν
3576 4662 3739 4733 (13),

2078 4745 2407 4823 περιελίξας,
2479 4745 2608 4807 τοὺς
2660 4744 3084 4819 νενομισμένους
3141 4743 3386 4820 ἐπιλέγει
3442 4744 3743 4821 ψαλμοὺς,

2082 4834 2171 4891 διὰ
2200 4837 2377 4907 πάσης
2407 4842 2506 4905 τῆς
2535 4836 2749 4909 ἡμέρας
2776 4835 2868 4889 καὶ
2920 4841 3024 4904 τῆς
3082 4835 3277 4889 νυκτὸν
3308 4832 3449 4906 ὅλης
3506 4835 3741 4910 ψάλλων

2081 4930 2194 5002 ἅμα
2248 4928 2337 4983 καὶ
2397 4924 2623 5003 δάκρυσι
2680 4927 2741 4981 τὸ
2799 4925 2981 4999 τίμίον
3055 4930 3153 4981 τοῦ
3211 4927 3460 5003 μάκαρος
3521 4928 3739 5003 βρέχων

2080 5022 2261 5091 σῶμα.
2293 5020 2379 5092 Τῇ
2422 5014 2480 5073 δὶ
2531 5016 2760 5091 ἐπιούσῃ
2806 5016 3011 5091 ἡμέρᾳ,
3040 5018 3209 5092 τάφον
3262 5018 3498 5087 ποιήσας
3532 5016 3738 5092 ἐχόμε-

2079 5129 2167 5163 νον
2199 5110 2310 5181 (14)
2357 5110 2453 5162 τοῦ
2512 5105 2813 5177 σπηλαίου,
2872 5105 2963 5160 καὶ
3013 5108 3167 5164 359
3204 5100 3457 5168 εὐλαϐῶς
3489 5104 3623 5181 ἄγαν
3672 5106 3740 5161 τὸ

2080 5198 2225 5273 ἱερὸν
2257 5196 2514 5271 Λείψανον
2565 5190 2949 5266 διαϐαστάσας,
2983 5195 3034 5250 ἐν
3063 5200 3147 5267 τῷ
3181 5196 3431 5269 μνήματι
3488 5194 3740 5251 κατέθετο

2077 5287 2169 5342 τὸν
2204 5286 2569 5360 πνευματικὸν
2628 5283 2835 5360 πατέρα
2866 5284 3094 5347 ὁκαλὸς
3142 5284 3262 5347 υἱὸς
3320 5283 3411 5340 καὶ
3468 5283 3746 5359 τιμιώτα-
