4120 6424
534 339 674 398 1233

1720 354 1895 411 vm
1929 322 2282 409 suum
2317 352 2412 406 nr
2444 351 2788 409 masne.

3821 354 3967 418 1236

531 483 646 526 τος.
714 464 844 540 Καὶ,
903 467 1233 546 θερμότερον
1310 470 1587 536 ἐκκαυθεὶς
1662 473 1764 543 τήν
1845 472 2055 550 ψυχὴν,
2113 470 2159 527 εὶ

2274 532 2277 539 _
2307 476 2485 544 atque
2516 472 2589 529 ad
2622 474 2956 530 orationem
2987 473 3251 547 seipsum
3281 490 3461 547 quam
3510 476 3770 534 maxime
3817 495 3963 536 con-

536 550 908 629 ἰκτενεστέραν
939 576 998 611 τε
1028 556 1303 621 συντείνας
1332 560 1504 637 εὐχὴν
1539 560 1751 631 ἐαυτὸν,
1782 558 1907 638 ἔφη.

605 641 789 717 Κύριε,
826 644 853 698 6
885 646 1017 707 Θεός
1052 668 1181 720 μου,
1208 647 1522 704 εἰσάκουσον
1552 657 1654 719 τῆς
1684 657 1871 727 φωνῆς
1922 672 2027 724 μου
2074 654 2187 722 (15)

530 734 597 800 ἧς
646 731 922 807 ἐκέκραξα·
984 734 1213 808 ἐλέησόν
1276 759 1343 811 με
1384 740 1472 794 καὶ
1536 739 1847 795 είσάκουσόν
1914 763 2040 814 μου,
2102 741 2187 795 ὅτι

530 842 589 877 σε
618 821 677 878 ἐκ
720 821 953 899 καρδίας
988 848 1093 900 μου
1137 832 1306 898 ζητῶ.
1363 829 1683 902 Ἐξεζήτησέ
1721 832 1831 904 (16)
1876 852 1932 885 σε
1962 834 1997 901 ἡ
2030 834 2183 905 ψυχή

531 932 657 985 μου·
695 914 771 987 μή
804 913 1154 991 ἀποστρέψῃς
1178 922 1289 990 (17)
1317 919 1381 973 τὸ
1412 919 1708 998 πφόσωπόν
1744 942 1839 975 σου
1872 922 1964 976 ἀπ’
2024 921 2183 990 ἐμοῦ,

524 1003 615 1058 καὶ
648 1004 727 1077 μὴ
758 1003 1012 1081 ἐκκλίνῃς
1043 1005 1094 1061 ἐν
1130 1006 1270 1083 ὀργῇ
1301 1010 1409 1064 ἀπὸ
1432 1012 1529 1065 τοῦ
1560 1008 1763 1065 δούλου
1793 1033 1909 1068 σου.
1973 1011 2183 1082 Βοηθός

532 1112 637 1166 μου
682 1098 862 1168 γενοῦο
926 1097 1004 1168 μὴ
1066 1097 1509 1175 ἀποσκορακίσῃς
1569 1122 1657 1174 με,
1711 1101 1802 1156 καὶ
1881 1103 1958 1175 μή
2018 1101 2183 1177 ἐγκα-

523 1177 765 1257 ταλίπῃς
799 1203 887 1256 με,
921 1184 949 1238 6
980 1188 1134 1257 Θεὸς,
1168 1186 1197 1241 6
1245 1189 1443 1263 Σωτήρ
1496 1209 1624 1262 μου,
1667 1189 1750 1244 ὃτι
1784 1190 1813 1244 6
1844 1191 2025 1261 πατήρ
2073 1210 2180 1262 μου

522 1268 614 1324 καὶ
654 1272 689 1341 ἡ
754 1274 940 1355 μήτηρ
1003 1295 1111 1348 μου
1163 1274 1522 1352 ἐγκατέλιπόν
1580 1296 1666 1352 με·
1726 1279 1789 1333 σὺ
1848 1276 1925 1344 δὶ,
1988 1278 2176 1355 Κύριε,

520 1354 844 1433 προσλαϐοῦ
906 1382 973 1436 με
1031 1366 1166 1437 (18).
1228 1366 1619 1439 Νομοθέτησόν
1673 1388 1740 1440 με
1795 1370 1931 1441 (19),
1991 1354 2177 1443 Κύριε,

522 1447 574 1503 ἐν
605 1452 674 1523 τῇ
707 1447 819 1522 ὁδῷ
852 1472 970 1521 σου,
1029 1453 1119 1508 καὶ
1177 1452 1457 1529 ὁδήγησόν
1523 1477 1589 1529 με
1636 1456 1687 1513 ἐν
1746 1452 1918 1532 τρίϐῳ
1975 1455 2175 1530 εὐθείᾳ,

517 1534 674 1623 ἕνεκα
703 1542 815 1593 τῶν
844 1540 1057 1616 ἐχθρῶν
1108 1564 1237 1616 μου.
1292 1545 1388 1613 Μὴ
1435 1543 1695 1621 παραδῷς
1749 1567 1816 1619 με
1864 1546 1940 1609 εἰς
1990 1547 2175 1623 ψυχὰς

520 1622 822 1684 θλιϐόντων
861 1651 949 1703 με,
980 1630 1065 1687 ὅσι
1098 1632 1187 1688 ἐπὶ
1218 1635 1276 1689 σὶ
1326 1636 1440 1708 (20)
1490 1633 1783 1713 ἐπεῤῥίφην
1834 1636 1895 1691 ἐκ
1940 1622 2173 1713 μήτρας.

523 1716 661 1771 Ἀπὸ
691 1719 927 1793 γαστρὸς
958 1723 1168 1795 μητρός
1222 1744 1329 1797 μου
1378 1722 1507 1786 Θεός
1556 1746 1662 1796 μου
1695 1726 1745 1779 εἶ
1769 1724 1853 1779 σύ⁸
1908 1728 1986 1799 μὴ
2036 1728 2173 1782 ἀπο-

686 1808 777 1863 ἀπ’
808 1809 968 1916 ἐμοῦ,
999 1812 1083 1866 δτι
1105 1809 1255 1883 πλὴν
1286 1817 1384 1867 σοῦ
1416 1812 1515 1869 οὐκ
1543 1812 1684 1871 ἔστιν
1719 1816 1747 1871 6
1782 1816 2002 1892 βοηθῶν
2053 1838 2167 1890 μοι.
2206 1853 2252 1918 Β

518 1893 659 1953 Ἰδοὺ
691 1900 796 1976 γὰρ
829 1899 905 1963 εἰς
937 1902 999 1956 τὸ
1020 1902 1256 1976 πέλαγος
1276 1908 1383 1959 τῶν
1405 1904 1709 1980 οἰκτιρμῶν
1732 1928 1827 1962 σου
1847 1908 1947 1977 τήν
1971 1906 2174 1963 ἐλπίδα

518 1982 723 2060 ἐθέμην
753 1995 853 2058 τῆς
882 1992 1071 2066 ψυχῆς
1106 2012 1230 2064 μου·
1265 1988 1596 2069 κυϐἐρνησόν
1633 2016 1739 2069 μου
1784 1997 1883 2065 τήν
1939 1999 2111 2068 ζωὴν,
2142 1998 2170 2052 6

523 2081 697 2131 πᾶσαν
728 2078 827 2147 τὴν
860 2086 1051 2149 κτῆσιν
1085 2080 1307 2157 ἀρῥήτῳ
1353 2082 1545 2161 σοφίας
1588 2085 1821 2157 προνοίᾳ
1870 2081 2169 2163 κυϐερνῶν,

518 2166 609 2221 καὶ
638 2168 903 2244 γνώρισόν
940 2192 1036 2243 μοι
1066 2174 1179 2246 (21)
1212 2170 1336 2228 ὁδὸν
1367 2172 1418 2229 ἐν
1516 2174 1879 2251 πορεύσομαι.
1913 2176 2012 2232 Καὶ
2060 2182 2173 2233 σῶ-

518 2257 611 2310 σόν
647 2278 736 2341 με,
764 2258 840 2321 ὡς
864 2260 1063 2336 ἀγαθὸς
1092 2261 1223 2327 Θεὸς
1268 2263 1359 2318 καὶ
1409 2260 1799 2340 φιλάνθρωπος
1848 2264 2039 2341 εὐχαῖς
2077 2264 2168 2321 καὶ

514 2340 827 2420 πρεσϐείαις
854 2353 953 2404 τοῦ
987 2351 1319 2424 θεράποντός
1350 2373 1446 2408 σου
1478 2352 1764 2427 Βαρλαὰμ,
1815 2355 1898 2410 ὅτι
1942 2340 2012 2409 σὺ
2063 2356 2113 2411 εἴ
2139 2357 2169 2411 6

513 2438 644 2501 Θεός
680 2460 807 2513 μου,
838 2441 925 2495 καὶ
963 2442 1021 2496 σὲ
1052 2439 1260 2515 δοξάζω
1290 2444 1381 2499 τὸν
1431 2446 1587 2502 ³80)
1644 2446 1877 2522 Πατέρα,
1926 2446 2016 2502 καὶ
2072 2447 2164 2502 τὸν

510 2526 635 2583 Υἱὸν
665 2527 756 2583 καὶ
786 2531 848 2584 τὸ
880 2527 1031 2605 ἅγιον
1065 2536 1286 2606 Πνεῦμα
1316 2531 1393 2598 εἷς
1420 2534 1549 2596 τοὺς
1578 2533 1782 2597 αῗῶνας
1806 2539 1915 2590 τῶν
1930 2534 2165 2595 αἶ’ώνων.

510 2618 717 2689 Ἀμήν.
749 2620 934 2675 Ταῦτα
966 2618 1281 2694 εὐξάμενος,
1310 2620 1549 2693 πλησίον
1575 2628 1673 2679 τοῦ
1708 2626 1994 2698 μνήματος
2042 2623 2168 2681 ἐκά-

511 2705 627 2761 θισε
655 2704 887 2765 κλαίων.
919 2708 1018 2763 Καὶ
1049 2709 1418 2784 καθεζόμενος
1448 2710 1685 2770 ὕπνωσε.
1742 2713 1847 2771 Καὶ
1890 2714 1991 2789 ὁρᾷ
2037 2712 2166 2777 τοὺς

511 2792 779 2873 φοϐεροὺς
807 2793 1004 2872 ἄνδρας
1053 2798 1311 2870 ἐκείνους,
1372 2798 1466 2863 οὕς
1519 2801 1609 2856 καὶ
1666 2801 1930 2877 πρότερον
1991 2802 2163 2876 ἑωρά-

510 2904 592 2940 κει
640 2887 775 2959 (22),
834 2886 1091 2952 ἐλθόντας
1147 2887 1288 2965 πρὸς
1348 2890 1537 2963 αὐτὸν,
1613 2891 1703 2946 καὶ
1784 2892 2161 2969 ἀπαγαγόντας

510 2974 671 3030 αὐτὸν
704 2975 781 3039 εἷς
808 2977 909 3046 τὴν
946 2978 1205 3053 μεγίστην
1259 2979 1349 3035 καὶ
1410 2981 1727 3055 θαυμαστὴν
1785 2980 1995 3053 ἐκείνην
2055 3003 2161 3037 πε-

509 3059 687 3136 διάδα,
717 3066 807 3121 καὶ
839 3067 975 3142 πρὸς
1006 3067 1106 3137 τὴν
1163 3064 1566 3143 δεδοξασμὲνην
1625 3069 1717 3125 καὶ
1766 3069 2159 3146 ὑπέρλαμπρον

507 3152 883 3266 ξῖσαγαγόντες
912 3156 1528 3266 πόλιν.“1ῖέίσερχομέν“ῳ
1558 3156 1615 3215 δὲ
1647 3159 1794 3233 αὐτῷ
1822 3160 1953 3266 τὴν1
1972 3159 2153 3232 πύλην
2187 3195 2231 3266 c

502 3240 678 3320 ἴτεροι
712 3246 986 3317 ὑπήντουν
1038 3246 1240 3321 πολλῷ
1290 3248 1757 3324 κατηγλαῖσμένοι
1815 3248 1979 3328 φωτὶ,
2038 3271 2154 3305 στε-

504 3334 705 3413 φάνους
729 3330 951 3411 ἔχοντες
986 3336 1037 3392 ἐν
1069 3338 1261 3414 χερσὶν
1304 3338 1529 3415 ἀρρήτῳ
1560 3338 1969 3414 διαλάμποντας
2020 3339 2158 3397 κάλ-

503 3422 589 3480 λιι
619 3424 709 3480 καὶ
742 3427 891 3489 οἳους
925 3425 1206 3503 ὀφθαλμοί
1239 3425 1501 3484 οὐδέποτε
1562 3429 1801 3505 βρότειοι
1847 3430 2154 3494 ἐθεάσαντο.

502 3514 802 3590 Ἐρομένου
842 3512 901 3570 δὲ
957 3520 1055 3571 τοῦ
1105 3516 1357 3596 Ἰωάσαφ,
1415 3518 1576 3581 Τίνος
1633 3521 1686 3575 οἱ
1743 3517 1996 3595 στέφανοι
2052 3527 2155 3590 τῆς

501 3600 662 3675 δόξης
694 3606 747 3660 οἱ
780 3603 1193 3681 ὑπὲρλαμπροι,
1226 3605 1319 3670 οῧς
1352 3609 1467 3682 ὁρῶ
1504 3630 1518 3679 ;
1552 3609 1656 3671 Σὸς
1692 3609 1789 3681 μὲν
1824 3610 1851 3663 6
1884 3612 1982 3679 εἷς,
2018 3604 2157 3687 ἔφη-

502 3715 617 3765 σαν,
652 3694 786 3770 ὐπὶρ
816 3699 923 3751 τῶν
953 3695 1183 3751 πολλῶν
1214 3718 1300 3751 σοι
1359 3699 1555 3773 ψυχῶν
1597 3698 1673 3752 ὧν
1724 3694 1928 3761 ἔσωσας
1984 3720 2153 3755 κατα-

501 3785 831 3859 σκευασθεὶς,
860 3786 1163 3860 κοσμηθεὶς
1194 3783 1251 3842 δὲ
1278 3787 1391 3841 νυνὶ
1425 3786 1592 3842 πλέον
1648 3786 1780 3862 ὑπὲρ
1826 3794 1929 3857 τῆς
1977 3786 2153 3860 ἀσκη-

501 3895 636 3937 σεως
668 3875 734 3946 ἧς
766 3874 1028 3951 μετέρχῃ,
1062 3874 1211 3952 εἴπερ
1243 3872 1507 3950 ἀνδρείως
1554 3875 1756 3947 ταύτην
1800 3873 1905 3939 ἕως
1954 3875 2149 3938 τέλους

499 3961 735 4040 διέλθῃς·
771 3966 799 4020 6
832 3962 889 4020 δὲ
915 3962 1101 4041 ῖτερος
1128 3965 1224 4028 σὸς
1253 3966 1347 4039 μὲν
1381 3963 1472 4021 καί
1501 3964 1688 4028 αὐτός·
1722 3964 1964 4039 ἀλλᾶτῷ
1984 3965 2149 4041 πατρί

497 4074 594 4109 σου
628 4052 799 4110 δεῖσε
828 4059 1020 4111 τοῦτον
1054 4060 1376 4132 παρασχεῖν,
1434 4060 1513 4129 τῷ
1575 4052 1665 4110 διὰ
1721 4059 1817 4110 σοῦ
1862 4062 1961 4126 τῆς
2018 4054 2148 4112 ὁδοῦ

495 4141 937 4215 ἐκκλίναντιτῆς
995 4151 1241 4221 πονηρᾶς
1298 4144 1392 4200 καὶ
1454 4146 1845 4219 μετανοήσαντι
1902 4145 2147 4221 γνησίως

491 4236 571 4305 τῷ
605 4231 813 4310 Κυρίῳ.
847 4234 908 4291 Ὀ
941 4231 999 4289 δὲ
1051 4235 1283 4313 Ἰωάσαφ
1334 4231 1751 4310 δυσχεραίνοντι
1797 4234 1975 4307 ἐῴκει·
2034 4234 2147 4309 καὶ,

490 4324 617 4385 Πῶς
649 4320 897 4389 δυνατὸν,
928 4323 1115 4402 φησὶν,
1141 4322 1279 4377 ’ίσων
1310 4324 1471 4397 ἐμοῦ,
1527 4328 1625 4380 τοῦ
1668 4329 1903 4380 τοσαῦτα
1945 4327 2147 4381 κοπιά-

490 4430 704 4479 σαντος,
735 4416 923 4486 τυχεῖν
955 4413 1047 4467 τὸν
1079 4412 1287 4487 πατέρα
1338 4435 1450 4487 μου
1501 4411 1720 4488 δωρεῶν
1779 4416 1913 4488 ὑπὶρ
1969 4414 2143 4489 μόνης

487 4504 587 4569 τῆς
620 4500 949 4574 μετανοίας;
985 4501 1120 4558 Eine
1147 4505 1340 4572 ταῦτα,
1372 4502 1463 4557 καὶ
1523 4504 1614 4558 τὸν
1664 4504 1937 4578 Βαρλαᾶμ
1986 4503 2144 4569 εὐθὺς

2298 562 2571 620 tendens.
2600 564 2693 618 his
2723 563 2916 619 verbis
2946 581 3091 621 usus
3124 570 3254 620 est:

2369 653 2617 708 Domine
2641 654 2796 709 Deus
2816 670 3006 721 meus,
3028 654 3242 710 exaudi
3266 655 3598 711 orationem
3620 674 3817 714 meam
3839 675 3958 731 qua

2298 744 2542 799 clamavi
2566 744 2639 799 ad
2662 746 3029 812 te,miserere
3050 745 3255 813 mei,et
3276 746 3486 802 exaudi
3510 764 3626 815 me,
3662 751 3951 820 quoniam

2299 838 2353 888 te
2377 852 2447 889 ex
2468 835 2667 889 animo
2682 836 3229 906 quwrozexquisivit
3245 841 3301 890 te
3323 836 3517 891 anima
3532 854 3767 905 mea,ne
3788 856 3952 894 aver-

2296 927 2384 977 tas
2405 923 2619 977 faciem
2644 928 2804 979 tuam
2828 940 2862 979 a
2884 941 2999 991 me,
3036 930 3093 979 et
3116 942 3189 979 ne
3223 924 3489 980 declines
3518 925 3581 979 in
3615 926 3706 981 ira
3730 944 3765 982 a
3785 945 3950 984 servo

2295 1016 2415 1067 tuo.
2452 1011 2707 1083 Adjutor
2727 1030 2895 1068 meus
2919 1018 3068 1082 esto,
3100 1030 3175 1069 ne
3202 1013 3587 1086 derelinquas
3607 1032 3726 1085 me,
3756 1033 3952 1089 neque

2293 1102 2589 1173 despicias
2610 1120 2727 1169 me,
2753 1105 2905 1159 Deus
2930 1103 3206 1160 salutaris
3237 1121 3425 1160 meus.
3460 1106 3753 1170 Quoniam
3782 1113 3954 1179 pater

2289 1209 2459 1248 meus
2473 1198 2532 1247 et
2554 1198 2746 1248 mater
2765 1210 2901 1249 mea
2920 1193 3372 1265 dereliquerunt
3389 1200 3576 1263 me,tu
3597 1200 3817 1268 autem,
3833 1198 3950 1252 Do-

2289 1282 2855 1354 mine,assumpsisti
2878 1299 2993 1340 me.
3010 1284 3222 1356 Legem
3242 1300 3395 1355 pone
3420 1284 3589 1353 mihi,
3607 1286 3948 1355 Domine,in

2287 1372 2380 1426 via
2399 1376 2520 1438 tua,
2547 1378 2605 1427 et
2622 1372 2810 1444 dirige
2832 1387 2927 1427 me
2951 1372 3011 1427 in
3034 1373 3307 1428 semitam
3327 1378 3550 1429 rectam
3563 1380 3807 1446 propter
3836 1376 3949 1430 ini-

2286 1461 2474 1516 micos
2487 1463 2759 1517 meos.Ne
2774 1461 3086 1517 tradideris
3100 1478 3195 1517 me
3208 1462 3269 1517 in
3282 1463 3513 1518 animas
3527 1464 3942 1520 tribulantium

2290 1568 2384 1605 me
2415 1552 2583 1623 (Psal.
2617 1554 2792 1621 xxvi),
2826 1552 3112 1623 quoniam
3156 1553 3218 1606 in
3268 1557 3322 1607 te
3373 1553 3674 1624 projectus
3705 1570 3838 1609 sum
3870 1572 3941 1610 ex

2285 1645 2475 1695 utero.
2500 1642 2581 1695 De
2599 1646 2802 1697 ventre
2826 1642 3033 1697 matris
3059 1658 3205 1697 mem
3230 1642 3385 1696 Deus
3402 1657 3569 1696 meus
3593 1657 3655 1695 es
3679 1658 3693 1695 :
3724 1659 3799 1697 ne
3822 1643 3940 1697 dis-

2283 1730 2537 1785 cesseris
2568 1747 2603 1785 a
2633 1747 2727 1786 me
2758 1730 2930 1803 (Psal.
2964 1730 3103 1801 xxi).
3138 1730 3429 1796 Quoniam
3476 1735 3694 1802 praeter
3732 1736 3787 1787 te
3818 1748 3941 1788 non

2284 1822 2374 1872 est
2393 1818 2541 1873 mihi
2571 1818 2923 1890 adjutor.En
2952 1818 3013 1873 in
3036 1818 3489 1874 miserationum
3513 1823 3749 1874 tuarum
3771 1819 3943 1892 abys-

2283 1923 2347 1961 so
2373 1924 2537 1979 spem
2562 1908 2777 1963 animae
2799 1924 2947 1963 mea:
2970 1907 3170 1964 defixi.
3206 1908 3397 1963 Vitam
3428 1924 3625 1963 meam
3647 1908 3935 1981 guberna,

2281 1998 2382 2069 qui
2406 2014 2501 2053 res
2524 2014 2733 2053 omnes
2755 1998 3024 2053 conditas
3047 1997 3353 2070 sapientiae
3371 1998 3934 2069 providentia,omni

2281 2103 2555 2142 sermone
2579 2084 3648 2158 prasstantiori,moderaris.Etnotam
3670 2085 3761 2141 fac
3781 2086 3933 2141 mihi

2277 2176 2455 2243 viam,
2476 2176 2537 2229 in
2560 2192 2677 2246 qua
2698 2174 3021 2242 ambulem;
3056 2179 3231 2245 atque
3252 2180 3319 2229 ut
3338 2174 3529 2230 bonus
3545 2190 3613 2230 ac
3637 2174 3932 2248 benignus

2278 2266 2455 2335 Deus,
2474 2282 2581 2336 per
2600 2264 2807 2319 famuli
2833 2264 2915 2318 tui
2938 2264 3206 2319 Barlaam
3229 2280 3433 2335 preces
3463 2280 3531 2319 ac
3548 2265 3934 2336 supplicatio-

2278 2371 2386 2409 nes
2409 2370 2504 2409 me
2527 2353 3006 2424 serva,quoniam
3030 2358 3092 2408 tu
3115 2353 3269 2408 Deus
3291 2369 3459 2408 meus
3482 2370 3565 2423 es,
3589 2370 3656 2408 ac
3676 2358 3732 2408 te
3754 2353 3936 2426 glori-

2280 2444 2390 2499 fico
2413 2444 2673 2509 Patrem,
2701 2448 2761 2497 et
2784 2442 3020 2509 Filium,
3048 2446 3106 2496 et
3124 2442 3413 2513 Spiritum
3437 2447 3706 2497 sanctum
3731 2442 3791 2496 in
3815 2460 3935 2497 sae-

2276 2533 2431 2588 cula.
2456 2534 2668 2587 Amen.
2701 2532 2818 2587 Hac
2849 2531 3117 2587 oratione
3148 2531 3517 2603 perfunctus,
3542 2532 3714 2603 juxta
3733 2531 3938 2603 sepul-

2274 2638 2443 2678 crum
2466 2622 2618 2677 ﬂens
2641 2621 2937 2689 consedit,
2968 2636 3035 2676 ac
3086 2620 3300 2676 sedens
3332 2618 3706 2676 obdormivit.
3741 2623 3935 2691 Atque

2271 2709 2680 2767 formidandos
2699 2710 2835 2765 illos
2857 2710 3036 2780 viros,
3056 2726 3204 2781 quos
3226 2710 3391 2781 prius
3412 2715 3822 2782 conspexerat,
3855 2709 3932 2765 ad

2272 2818 2333 2856 se
2355 2800 2874 2871 venientes,seque
2896 2816 2962 2854 ac
2984 2799 3312 2855 maximum
3338 2799 3508 2854 illum
3532 2805 3591 2855 et
3619 2799 3931 2855 admiran-

2270 2890 2411 2945 dum
2461 2906 2736 2961 campum
2794 2888 3102 2957 ducentes,
3150 2894 3326 2961 atque
3358 2888 3419 2943 in
3450 2887 3925 2944 illustrissimam

2270 2978 2436 3034 illam
2462 2995 2531 3034 ac
2561 2977 3111 3050 splendidissimam
3131 2976 3427 3032 civitatem
3450 2976 3922 3047 introducentes,

2270 3068 2489 3123 intueri
2522 3068 2635 3123 sibi
2665 3068 2824 3123 visus
2856 3072 2965 3122 est.
2998 3068 3144 3122 Cum
3177 3072 3374 3123 autem
3400 3067 3527 3138 ipse
3559 3072 3792 3139 portam
3826 3067 3925 3121 in-

2269 3156 2745 3229 grederetur,alii
2777 3156 2891 3227 ipsi
2924 3155 3156 3211 obviam
3176 3154 3668 3228 fuerunt,ingenti
3694 3154 3922 3210 lumine

2269 3247 2515 3320 perfusi,
2540 3262 2909 3317 coronasque
2941 3244 3236 3317 ejusmodi
3268 3243 3710 3316 pulchritudine
3742 3244 3925 3300 collu-

2267 3342 2639 3408 centes,quaa
2672 3335 2840 3391 nulla
2869 3335 3138 3390 oratione
3167 3334 3417 3406 exprimi
3447 3333 3655 3406 possit,
3689 3340 3747 3389 et
3776 3351 3925 3406 qua-

2264 3426 2352 3482 les
2382 3442 2693 3498 nunquam
2726 3425 3008 3481 mortales
3050 3424 3207 3480 oculi
3234 3429 3697 3496 conspexerunt,
3728 3423 3925 3480 mani-

2262 3516 2373 3571 bus
2401 3520 2693 3571 tenentes.
2723 3517 3117 3570 Percontante
3158 3520 3356 3569 autem
3405 3514 3689 3585 Josaphat
3718 3514 3921 3586 cujus-

2260 3622 2401 3661 nam
2416 3611 2616 3661 essent
2637 3603 3135 3675 splendidissima:
3155 3602 3273 3657 illaa
3287 3618 3521 3657 coronae
3536 3618 3684 3671 quas
3696 3602 3921 3673 perspi-

2262 3700 2441 3750 ceret:
2476 3696 2596 3749 Tua
2626 3692 2867 3763 quidem
2898 3708 3020 3747 una
3055 3696 3145 3746 est
3172 3689 3633 3762 (responderunt
3661 3690 3771 3758 illi)
3805 3691 3915 3746 tibi

2260 3783 2333 3838 ob
2357 3783 2577 3839 multas
2599 3799 2698 3837 eas
2721 3783 2953 3837 animas
2974 3780 3190 3853 quibus
3220 3779 3473 3835 salutem
3496 3779 3747 3835 attulisti
3771 3796 3910 3835 con-

2257 3873 2446 3941 fecta;
2472 3890 2633 3928 nunc
2664 3889 2798 3927 vero
2821 3871 2894 3926 ob
2926 3870 3220 3943 religiosas
3242 3870 3373 3925 vitae
3397 3870 3906 3939 exercitationem,

2258 3966 2352 4023 cui
2375 3966 2481 4021 das
2500 3981 2764 4037 Operam,
2799 3962 3125 4019 studiosius
3151 3967 3209 4017 et
3236 3962 3572 4018 accuraitus
3598 3962 3907 4034 adornata,

2258 4058 2305 4112 si
2339 4056 2580 4127 quidem
2603 4061 2845 4110 strenuo
2867 4053 3067 4109 animo
3099 4070 3228 4109 eam
3259 4051 3334 4108 ad
3367 4058 3696 4108 extremum
3718 4069 3909 4123 usque

2255 4144 2817 4218 peragraris.Altera
2838 4148 3035 4197 autem
3062 4147 3161 4197 tua
3181 4158 3419 4213 quoque
3437 4141 3558 4213 ipss
3573 4148 3682 4208 est;
3702 4157 3908 4197 verum

2254 4237 2407 4309 patri
2432 4241 2552 4302 tuo,
2585 4234 2685 4306 qui
2713 4233 2785 4288 ab
2810 4230 3083 4304 improba
3102 4230 3332 4287 vivendi
3356 4231 3585 4286 ratione
3608 4247 3787 4303 opera
3812 4235 3913 4287 tua

2254 4330 2356 4381 tua
2377 4324 2640 4391 deﬂexit,
2675 4323 3028 4392 sinceroque
3056 4321 3257 4376 animo
3288 4321 3557 4392 resipuit,
3593 4338 3661 4375 ac
3681 4336 3811 4376 sese
3832 4319 3909 4375 ad

2254 4415 2573 4470 Dominum
2598 4412 3048 4479 convertit,eam
3071 4410 3337 4481 praebeas
3356 4414 3609 4482 Oportet;
3627 4410 3910 4481 Josaphat

2253 4512 2453 4561 autem
2472 4521 2601 4559 eam
2628 4520 2755 4558 rem
2780 4501 3029 4557 moleste
3051 4501 3206 4555 ferre
3224 4499 3551 4555 videbatur.
3584 4501 3655 4553 Et
3675 4501 3775 4571 qui
3800 4499 3876 4554 lie
3894 4530 3907 4542 ο

489 4568 664 4645 ἐδόκει
702 4568 1295 4665 βλὲπειννὸνιιδίζοντα
1327 4568 1544 4664 ὀίονεὶ,
1594 4594 1687 4650 καὶ
1732 4568 1979 4669 λέγοντα·

2274 4596 2301 4649 ’ἰ
2323 4599 2521 4667 potest
2544 4591 2897 4665 (inquiebat)
2926 4596 2994 4645 ut
3021 4597 3191 4662 pater
3220 4606 3388 4645 meus
3418 4589 3598 4644 unius
3620 4568 3907 4644 duntaxat

486 4701 571 4735 τοι
604 4681 656 4735 οἱ
688 4678 843 4755 λόγοι
874 4704 1002 4754 μου,
1036 4683 1294 4757 ’Ῑωάσαφ,
1331 4682 1423 4747 οὕς
1452 4685 1585 4739 ποτέ
1620 4705 1727 4757 σοι,
1759 4688 1924 4743 ’Όταν
1978 4685 2140 4762 ὑπερ-

485 4768 833 4846 πλουτήσῃς,
863 4767 1050 4849 ἔλεγον
1110 4773 1245 4844 (23),
1306 4771 1404 4827 οὐκ
1462 4772 1825 4847 εὐμετάδοτος
1875 4771 1987 4849 ἔσῃ’
2047 4775 2139 4831 καὶ

482 4858 645 4923 αὐτὸς
675 4860 907 4938 ἠπόρεις
940 4859 1028 4917 ἐπὶ
1058 4866 1139 4934 τῷ
1171 4860 1400 4938 ῥήματι.
1456 4862 1590 4919 Νυνὶ
1638 4861 1697 4918 δὲ
1738 4868 1855 4926 πῶς
1901 4862 2137 4939 ἐδυσχὲ-

480 4969 644 5026 ρανας
671 4947 759 5005 ἐπὶ
791 4953 862 5025 τῇ
894 4949 1143 5025 ἰσοτιμίᾳ
1168 4954 1269 5006 τοῦ
1317 4951 1526 5027 πατρός
1574 4974 1691 5027 σου,
1742 4953 1832 5009 καὶ
1886 4953 1948 5008 οὐ
1991 4953 2136 5028 μᾶλ-

546 5153 663 5222 (15)
690 5150 845 5206 Psal.
875 5158 1034 5220 xxvi,
1065 5154 1120 5210 7.

2251 4683 2615 4757 poenitentiae
2636 4680 3020 4756 gratia,paria
3040 4680 3318 4751 mihi,qui
3341 4684 3427 4735 tot
3445 4697 3511 4735 ac
3528 4684 3723 4736 tantos
3744 4678 3905 4733 labo-

2248 4792 2345 4829 res
2372 4770 2985 4843 exantlavi,beneficia
3006 4775 3405 4841 consequatur
3424 4770 3451 4825 ?
3474 4771 3605 4825 Haec
3636 4774 3701 4823 ut
3729 4769 3898 4837 dixit,

2248 4863 2625 4920 Barlaamum
2673 4860 2985 4917 confestim
3036 4859 3148 4917 sibi
3183 4859 3380 4915 videre
3414 4859 3569 4916 visus
3601 4863 3709 4926 est,
3739 4860 3902 4915 velut

2246 4952 2482 5026 probris
2509 4970 2570 5009 se
2602 4952 3021 5019 insectantem,
3073 4965 3142 5006 ac
3188 4948 3524 5005 dicentem:
3558 4948 3627 5003 Hi
3671 4954 3831 5019 sunt,
3864 4966 3897 5005 ο

873 5225 945 5301 ξε
978 5222 1078 5277 Σοὶ
1111 5221 1259 5278 εἶπεν
1290 5223 1325 5293 ἡ
1356 5221 1554 5300 καρδία
1588 5242 1714 5299 μου·
1750 5225 2084 5297 Ἐξεζήτησα
2111 5223 2174 5280 τὸ
2202 5221 2497 5301 πρόσωπόν
2528 5242 2648 5281 σου.

573 5294 661 5351 17)
690 5294 841 5350 Ibid.
875 5296 978 5351 9...

571 5357 661 5443 18)
685 5369 771 5443 ὲ,
792 5386 920 5443 μου.
954 5371 1210 5423 Praastat
1238 5369 1629 5426 accusativus.
1664 5371 1820 5429 Psal.
1856 5370 2001 5426 ibid.
2037 5371 2146 5428 1οε

2280 5366 2339 5424 δὶ
2368 5365 2567 5443 Κύριος
2598 5357 2971 5443 προσελάϐετό
3004 5382 3087 5438 με.

570 5440 656 5495 19)
688 5438 837 5494 Ibid.
874 5442 1010 5495 11...

568 5510 659 5581 20)
692 5510 851 5566 Psal.
882 5528 1005 5581 xxi,
1040 5512 1126 5580 10,
1164 5514 1248 5567 11.

568 5582 659 5653 21)
690 5582 848 5638 Psal.
878 5599 1050 5653 exul,
1077 5585 1131 5638 8.

565 5654 655 5726 22)
686 5654 854 5726 Conf.
886 5670 1019 5726 pag.
1050 5655 1176 5709 280.

566 5724 655 5800 23)
686 5725 855 5785 Conf.
886 5724 1020 5801 pag.
1056 5727 1181 5784 158.

637 5440 659 5800 ἓ
