4120 6412
214 331 224 341 .
313 251 454 341 4”“

1849 249 2217 338 Αοοααοι.

315 365 933 450 Josaphat,sermones
958 377 1253 450 mei,quos
1275 374 1576 448 quondam
1599 372 1673 429 ad
1693 378 1747 429 te
1769 343 1974 429 habui:

2101 369 2190 426 λον
2225 371 2529 448 εὖφράνθης
2557 373 2705 431 SOI
2740 374 2841 443 τήν
2891 377 3214 452 ψοχήννότι
3261 374 3594 448 εἰσηκούσθη
3649 399 3753 434 σου

318 467 605 522 nimirum
626 467 750 523 fore
775 475 838 524 ut
862 485 999 524 cum
1023 468 1388 540 ad‘ingentes
1412 482 1554 537 opes
1584 463 1996 535 pervenisses,"

319 574 440 611 non
458 556 587 628 jam
610 557 879 614 liberalis
901 554 968 613 ac
990 557 1266 630 profusus
1295 572 1476 622 esses,
1501 571 1569 609 ac
1594 558 1653 608 tu
1677 553 1750 606 ob
1769 552 1824 606 id
1852 569 1984 606 ver-

318 646 461 700 bum
487 647 731 718 ancipiti
748 649 946 704 animo
970 650 1503 703 eras.Nuncautem
1526 660 1782 716 quonam
1814 647 1982 714 pacto

321 753 530 806 parem
550 738 652 792 tibi
671 739 897 793 honore
911 744 1138 809 patrem
1156 753 1284 790 esse
1299 735 1548 790 moleste
1564 733 1748 787 tulisti
1762 749 1846 799 ,ac
1863 748 1982 786 non

325 827 523 897 potius
545 827 658 882 hoc
679 828 921 882 nomine
944 827 1212 881 laetitiam
1240 825 1440 880 animo
1463 822 1811 894 concepisti,
1838 837 1984 891 quo-

323 916 486 970 niam
509 916 712 970 multaa
738 923 853 971 tuas
877 933 981 987 pro
1007 933 1074 970 eo
1097 915 1243 970 fusae
1264 930 1470 986 preces
1495 912 1786 968 exauditae
1810 910 1986 965 sunt?

322 1006 605 1076 Josaphat
634 1010 854 1072 autem,
891 1023 997 1076 pro
1031 1022 1100 1060 eo
1133 1021 1200 1060 ac
1232 1003 1493 1071 nolebat,
1528 1001 1602 1057 ad
1627 1017 1762 1056 eum
1794 1000 1981 1056 dixit:

324 1080 590 1166 IgnosCe,
615 1098 804 1165 pater,
829 1095 1092 1167 ignosce.
1121 1094 1375 1150 Ubinam
1399 1097 1600 1148 autem
1623 1091 1876 1157 habites,
1895 1089 1985 1144 fac

323 1181 676 1254 intelligam.
711 1185 857 1238 Tum
890 1185 1159 1240 Barlaam
1188 1201 1200 1240 :
1237 1187 1301 1240 In
1333 1184 1443 1237 hac
1469 1180 1875 1252 pulcherrima
1897 1183 1987 1233 at-

326 1288 440 1342 que
462 1273 691 1344 ingenti
713 1274 947 1329 civitate
972 1273 1342 1329 domicilium
1367 1278 1577 1326 nactus
1602 1286 1754 1336 sum,
1783 1269 1844 1322 in
1868 1283 1986 1322 me-

325 1361 424 1416 dio
443 1362 608 1417 urbis
626 1363 1078 1428 vico,immenso
1101 1363 1332 1417 lumine
1361 1359 1986 1416 coruscanliBursum

325 1457 525 1506 autem
547 1454 830 1524 Josaphat
862 1453 972 1508 sibi
1007 1469 1143 1508 cum
1167 1470 1235 1507 eo
1268 1468 1441 1523 agere
1472 1449 1799 1510 videbatur,
1827 1453 1892 1501 ut
1913 1447 1985 1502 ab

327 1557 396 1595 eo
419 1542 480 1596 in
498 1541 688 1612 ipsius
707 1543 1158 1598 tabernaculum
1182 1541 1599 1605 abduceretur,
1620 1538 1987 1606 comiterque

295 1619 298 1622 ’
326 1629 586 1701 hospitio
639 1632 1031 1702 exciperetur.
1066 1632 1174 1686 Ille
1204 1637 1404 1686 autem
1437 1627 1705 1684 nondum
1748 1632 2010 1697 tempus

2091 462 2126 529 ἡ
2158 459 2348 530 πολλή
2381 460 2506 536 περῖ
2547 461 2714 518 αὐτοῦ
2763 461 2981 537 δέησιςς
3015 467 3078 524 Ὁ
3109 463 3168 522 δὲ
3221 462 3488 541 Ἰωάσαφ,
3549 466 3627 529 ὡς
3671 465 3753 523 εῗ-

2092 550 2242 604 θιστο
2284 549 2366 604 ἀεὶ
2427 550 2607 626 λέγειν
2666 551 2835 625 αύτῷ,
2894 553 3294 631 Συγχώρησον,
3356 551 3511 630 ἔφη,
3545 555 3754 630 Πάτερ,

2094 640 2484 715 συγχώρησον.
2514 643 2625 697 11οῦ
2657 638 2713 695 δὲ
2745 641 2905 706 αὐτὸς
2935 643 3106 706 οἰκεῖς
3162 643 3434 719 γνώρισόν
3489 665 3605 718 μοι.
3657 649 3758 702 Ἐν

2091 734 2285 801 ταύτῃ,
2318 729 2472 806 φησὶ,
2507 733 2574 803 τῇ
2614 729 2822 807 μεγάλη
2851 733 2942 787 καὶ
2971 731 3297 809 περικαλλεῖ
3341 732 3526 789 πόλει·
3578 733 3759 790 οἰκεῖν

2093 815 2299 892 ἔλαχον
2332 817 2386 874 ἐν
2421 821 2715 895 μεσαιτάτῃ
2743 828 2844 892 τῆς
2874 822 3095 886 πόλεως
3123 820 3358 895 πλατείᾳ
3389 823 3530 901 φωτὶ
3586 844 3766 880 κατα-

2093 907 2475 981 στραπτομὲνῃ
2532 907 2771 982 ἀπλέτῳ.
2834 910 3044 982 Ἀξιοῦν
3107 907 3164 966 δί
3220 909 3374 974 αὖθις
3435 911 3465 966 ὁ
3519 911 3766 986 Ἰωάσαςρ

2093 993 2268 1051 ἐδόκει
2298 997 2390 1050 τὸν
2425 995 2696 1072 Βαρλαάμ
2752 998 2830 1062 εἷς
2884 1000 3192 1056 τό’ὲαοτοῦ
3245 987 3542 1079 ἀπαγαγεῖν
3592 1001 3772 1058 αὐτὸν

2095 1085 2364 1158 σκήνωμα
2392 1084 2481 1140 καὶ
2514 1083 2868 1163 φιλοφρόνως
2897 1090 3220 1164 ξεναγῆσαι.’
3241 1088 3404 1147 Ἀλλ’
3459 1087 3638 1146 οὔπω
3663 1091 3771 1147 τὸν

2091 1177 2281 1249 καιρὸν
2313 1176 2466 1246 ἥκειν
2496 1174 2677 1252 ἔλεγεν
2726 1177 2954 1248 ἐκεῖνος,
3007 1181 3145 1257 πρὸς
3185 1180 3365 1237 ἐκεῖνά
3408 1203 3466 1238 σε
3509 1182 3574 1238 τά
3617 1203 3766 1254 σκη-

2093 1265 2320 1338 νώματα
2350 1264 2548 1336 ἐλθεῖν,
2581 1264 2658 1322 ἔτι
2688 1272 2768 1341 τῷ
2801 1270 3008 1345 φορτίῳ
3038 1274 3134 1326 τοῦ
3166 1271 3422 1345 σώμαιος
3454 1272 3764 1347 ὑποκείμε-

2094 1375 2205 1410 νον.
2240 1352 2404 1430 Εἴπερ
2459 1354 2551 1410 οὖν
2606 1355 2866 1433 ἀνδρείως
2927 1362 3305 1434 καρτερήσεις,
3363 1361 3605 1440 καθάπερ
3662 1384 3766 1418 σοι

2096 1442 2476 1518 ἐνετειλάμην,
2507 1445 2658 1517 ἥξεις
2692 1449 2886 1528 μικρὸν
2946 1449 3192 1525 ὕστερον,
3254 1454 3348 1506 καὶ
3404 1456 3513 1507 τῶν
3575 1453 3766 1508 αὐτῶν

2099 1533 2377 1608 ἀξιωθήσῃ
2408 1536 2810 1609 σκηνωμάτων,
2871 1545 2972 1607 τῆς
3023 1539 3191 1610 αύτῆς
3247 1539 3407 1616 τεύξῃ
3463 1547 3645 1618 χαρᾶς
3707 1563 3771 1598 τε

2093 1623 2183 1676 καὶ
2217 1619 2399 1695 δόξης,
2426 1623 2515 1679 καὶ
2558 1622 2991 1697 σονδιαιωνίζων
3040 1623 3134 1703 ἔσῃ
3196 1650 3315 1702 μοι.
3357 1630 3641 1700 ’Ἔξυπνος
3708 1628 3771 1687 δὶ

330 1720 538 1803 adesse
553 1721 1154 1792 respondit,utadilla
1175 1719 1556 1776 tabernacula
1570 1717 1992 1808 veniret,quipf

2101 1710 2184 1766 ἐπὶ
2215 1711 2432 1775 τούτοις
2477 1714 2805 1789 γενόμενος,
2833 1718 2861 1772 ὁ
2895 1716 3129 1794 Ἰωᾶσαφ
3177 1723 3274 1774 τοῦ
3317 1717 3500 1797 φωτὸς
3547 1719 3766 1776 ἐκείνου

332 1826 407 1882 pe
431 1809 532 1880 qui
556 1811 823 1881 corporis
846 1811 1078 1866 sarcina
1103 1810 1294 1866 adhuc
1316 1814 1705 1881 premeretur.
1740 1804 1905 1870 Quod
1941 1804 1988 1860 si

331 1899 473 1954 forti
495 1899 718 1966 animo,
743 1901 959 1971 inquit,
984 1901 1046 1955 in
1071 1905 1275 1956 sancto
1295 1901 1428 1954 vita:
1446 1913 1684 1971 genere,
1707 1895 1864 1950 velut
1884 1893 1989 1948 tibi

336 1977 636 2056 mandavi,
685 1990 1039 2060 perstiteris,
1099 1990 1408 2061 aliquanto
1461 1991 1595 2059 post
1649 1984 1871 2049 venies,
1906 1987 1996 2037 at-

2098 1803 2316 1873 καὶτῆς
2351 1803 2594 1880 ἆρῥήτοο
2629 1804 2792 1878 δόξης
2849 1809 2966 1884 εἶχε
3010 1810 3110 1880 τήν
3149 1811 3336 1886 ψυχὴν
3386 1805 3464 1866 ἔτι
3660 1833 3763 1867 πε-

2100 1890 2501 1968 πληρωμένην,
2528 1896 2619 1950 καὶ
2655 1895 2749 1950 σὺν
2778 1895 2980 1971 πολλῷ
3009 1901 3090 1972 τῷ
3121 1897 3355 1974 θαύματι
3385 1904 3466 1972 τῷ
3516 1899 3764 1976 Δεσπότῃ

2106 1985 2470 2058 χαριστήριον
2503 1983 2811 2060 ἀνέπεμπεν
2842 1986 3034 2062 ὕμνον.
3397 2007 3403 2012 ”

334 2092 450 2148 quc
472 2076 680 2132 eadem
705 2077 1089 2134 tabernacula
1102 2078 1441 2134 eteamdem
1458 2076 1725 2131 lmtitiam
1741 2090 1809 2129 ac
1822 2071 2074 2143 gloriam
2093 2075 2866 2150 consequeris,mecumque
2881 2079 2943 2134 in
2957 2079 3389 2152 sempiternum
3402 2079 3768 2153 eris.Exper-

331 2171 529 2222 rectus
555 2173 754 2224 autem
775 2169 1077 2241 Josaphat,
1100 2169 1368 2224 animum
1392 2167 1496 2222 illa
1514 2166 1646 2220 luce
1669 2169 1846 2234 atque
1869 2161 2031 2216 omni
2054 2163 2348 2218 sermonis
2365 2164 2646 2222 facultate
2669 2167 3004 2248 sublimiori
3027 2167 3216 2243 gloria
3237 2169 3545 2242 perfusum
3567 2169 3764 2227 adhuc

331 2255 607 2326 habebat,
641 2275 709 2314 ac
740 2258 931 2313 multa
960 2275 1098 2344 cum
1128 2256 1524 2314 admiratione
1556 2255 1630 2310 ad
1651 2252 1802 2326 grati
1829 2250 2018 2338 animi
2049 2251 2555 2324 signiﬁcationem
2588 2257 2773 2313 Deum
2805 2258 3082 2315 laudibus
3113 2259 3418 2316 eil‘erebat.

404 2365 828 2420 Mansitautem
848 2363 920 2420 ad
945 2371 1276 2422 extremum
1298 2380 1488 2436 usque
1510 2378 1642 2418 vere
1666 2359 1999 2432 angelicam

332 2453 395 2509 in
423 2459 581 2510 terra
601 2454 779 2509 vitam
801 2455 1122 2523 ducens,ac
1145 2455 1369 2510 duriori
1391 2452 1685 2525 religiosae
1710 2448 1997 2505 exercita-

335 2544 516 2599 tionis
538 2551 752 2617 genere
775 2550 910 2616 post
931 2545 1090 2599 senis
1110 2545 1439 2600 discessum
1465 2548 1659 2597 utens.
1695 2541 1838 2594 Nam
1864 2554 1998 2592 cum

335 2649 495 2687 anno
520 2633 712 2687 aetatis
737 2633 1016 2705 vigesimo
1040 2633 1247 2704 quinto
1270 2649 1520 2704 regnum
1543 2637 1843 2683 terrenum
1867 2627 2002 2682 reli-

330 2713 1051 2784 quiSSet,monasticaaque
1065 2714 1195 2768 vitae
1208 2720 1509 2768 certamen
1523 2708 2001 2778 subiisset,quin-

335 2819 451 2874 que
474 2808 533 2858 et
553 2803 793 2876 triginta
811 2821 1003 2860 annos
1030 2805 1092 2859 in
1111 2804 1448 2860 vastissima
1461 2820 1530 2859 ea
1551 2799 2001 2872 solitudine,pe—

329 2891 504 2949 rinde
525 2909 593 2949 ac
616 2893 664 2948 si
689 2894 857 2959 nulla
871 2895 1068 2958 carnis
1083 2901 1248 2967 parte
1264 2893 1853 2960 constaret,humana
1865 2907 2000 2946 con-

303 2977 306 2981 λ
335 2981 562 3039 ditione
586 2981 1001 3052 sublimiorem
1027 2985 1207 3040 vitam
1235 2985 1373 3056 egit:
1409 2983 1492 3039 sic
1515 2974 1824 3054 nempe,ut
1841 2980 1995 3036 mul-

2180 2357 2402 2431 Ἔμεινε
2433 2357 2490 2416 δὲ
2522 2361 2691 2440 μέχρι
2720 2358 2916 2428 τέλους
2945 2365 3047 2434 τὴν
3079 2364 3378 2442 ἀγγελικὴν
3415 2363 3643 2441 ἀληθῶς
3672 2364 3760 2421 ἐπὶ

2104 2456 2208 2524 γῆς
2239 2449 2410 2505 ἀνύων
2445 2447 2742 2530 διαγωγὴν,
2788 2454 2876 2512 καὶ
2935 2453 3284 2532 σκληροτέρᾳ
3337 2456 3563 2534 ἀσκήσει
3625 2455 3759 2536 μετά

2107 2540 2207 2609 τήν
2260 2539 2582 2614 παρὲλευσιν
2637 2541 2734 2602 τοῦ
2807 2544 3062 2620 γέροντος
3137 2545 3450 2621 χρώμενος’
3527 2543 3759 2622 πεμπτῳ

2112 2632 2207 2704 μὲν
2241 2631 2332 2687 καὶ
2358 2631 2589 2707 εἰκοστῷ
2619 2631 2720 2704 τῆς
2752 2632 2980 2705 ἡλικίας
3009 2631 3113 2690 ἔτει
3157 2630 3260 2705 τήν
3311 2633 3552 2711 ἐπίγειον
3600 2657 3759 2692 κατα-

2109 2719 2286 2776 λιπὼν
2321 2723 2596 2798 βασιλείαν
2629 2727 2719 2780 γαί
2761 2727 2854 2780 τὸν
2910 2724 3203 2796 ἀσκητικὸν
3261 2715 3511 2782 ὑπελθὼν
3557 2721 3754 2802 ἀγῶνα,

2107 2811 2265 2866 πέντε
2297 2807 2355 2866 δὲ
2413 2812 2500 2868 καὶ
2557 2814 2851 2889 τριάκοντα
2912 2803 3153 2892 χρόνους
3211 2812 3263 2868 ἰν
3324 2817 3397 2887 τῇ
3450 2805 3755 2891 παντρήμῳ

2081 2892 2272 2974 ⁷ταύτῃ
2298 2892 2562 2972 ἀσκήσας,
2606 2891 2812 2978 ὥσπερ
2840 2891 3218 2982 τιςμᾶσαρκος
3272 2909 3408 2976 (25),
3465 2906 3566 2975 τὴν
3627 2893 3750 2982 ύπὲρ

2107 2991 2262 3047 862
2294 2985 2858 3072 ἀνοριοπον’ἃσκησιν,
2917 2979 3135 3056 πολλάς
3200 2993 3296 3069 μὲν
3347 2979 3748 3076 πρᾷτὲρονῦψυ·

335 3078 428 3127 tas
452 3072 693 3144 quidem
725 3074 1040 3130 hominum
1072 3074 1307 3130 animas
1340 3091 1374 3130 a
1401 3073 1683 3147 pestifero
1717 3075 1992 3143 serpente

2107 3077 2211 3154 χᾶς
2242 3079 2542 3154 ἀνθρώπων
2583 3085 2686 3137 τοῦ
2710 3081 3072 3160 ψυχοφθύρου
3103 3072 3402 3160 δράκοντος
3429 3072 3741 3160 ἀποσπάσας

341 3162 509 3235 prius
526 3163 1145 3235 abstraxerit,Deoque
1170 3165 1430 3238 integras
1451 3162 1856 3220 etincolumes
1877 3169 2028 3216 ser-‘

341 3252 856 3325 vaverit,eaquein
881 3271 942 3309 re
956 3255 1344 3326 apostolicam
1367 3256 1618 3329 gratiam
1640 3258 1998 3309 consecutus

343 3343 752 3414 sit,animique
776 3343 952 3400 etiam
978 3343 1320 3400 inductione
1339 3350 1565 3416 martyr
1586 3342 1897 3410 exstiterit,
1930 3357 1998 3396 ac

339 3432 642 3488 Christum
665 3433 726 3487 in
746 3450 948 3506 regum
973 3450 1039 3490 ac
1058 3439 1446 3506 tyrannorum
1465 3433 1653 3489 oculis
1676 3437 1735 3487 et
1756 3436 1998 3502 aspectu

338 3520 549 3577 fidenti
575 3523 774 3578 animo
797 3525 1107 3580 confessus
1121 3524 1788 3594 sit,vocalissimumque
1811 3521 1998 3593 ipsius

337 3612 668 3684 majestatis
681 3630 1017 3685 praeconem
1032 3631 1160 3670 sese
1174 3613 1862 3687 praebueritmiultosque
1875 3627 2002 3666 rur-

343 3715 477 3757 sum
499 3719 708 3774 pravos
731 3703 974 3776 spiritus
988 3705 1050 3758 in
1065 3703 1386 3761 solitudine
1404 3703 2000 3776 proﬂigarit,omnes-

345 3808 460 3863 que
482 3793 697 3848 Christi
719 3793 772 3848 vi
796 3811 864 3850 ac
886 3795 1155 3866 potentia
1175 3793 1875 3866 sup‘erari't,ccelestisque
1901 3792 2001 3848 be-

343 3881 545 3937 neﬁcii
569 3887 747 3955 atque
778 3883 981 3956 gratiae
1011 3883 1314 3940 uberrime
1347 3883 1646 3957 particeps
1677 3884 1867 3939 factus
1899 3884 1995 3939 sit.

339 3971 506 4028 Unde
529 3973 710 4028 etiam
733 3973 918 4030 animi
942 3974 1183 4030 oculum
1206 3975 1279 4030 ab
1301 3975 1468 4030 omni
1488 3979 1726 4030 terrena
1743 3973 1996 4047 caligine

336 4054 556 4134 purum
582 4059 936 4131 habebat,ac
951 4064 1154 4120 futura
1172 4069 1459 4136 tanquam
1490 4063 1812 4138 praesentia
1827 4082 1984 4137 pros-

331 4152 1006 4226 piciebat,Christusque
1020 4154 1133 4227 ipsi
1148 4172 1349 4210 rerum
1365 4156 1632 4210 omnium
1646 4155 1837 4211 instar
1848 4159 1993 4224 erat,

333 4235 634 4298 Christum
657 4243 1297 4315 expetebat,Christum
1311 4261 1433 4300 non
1458 4261 1628 4300 secus
1652 4261 1720 4300 ac
1741 4261 2000 4316 praesen-

338 4338 457 4388 tem
481 4331 1003 4403 cernebat,Christi
1017 4334 1528 4406 pulchritudinem
1550 4351 1861 4407 nunquam
1877 4351 1998 4391 non

335 4423 700 4494 intuebatur,
718 4425 892 4498 juxta
914 4424 1063 4504 illud
1083 4425 1393 4500 Propheta)
1421 4444 1433 4482 :
1458 4425 1848 4482 Providebam
1881 4427 1998 4482 Do-

333 4511 568 4568 minum
601 4514 662 4568 in
691 4521 1012 4587 conspectu
1035 4532 1168 4571 meo
1198 4533 1454 4588 semper,
1483 4515 1768 4588 quoniam
1790 4532 1824 4571 a
1853 4515 1993 4571 dex-
2021 4480 2074 4548 Β

333 4601 442 4656 tris
476 4607 565 4657 est
586 4603 754 4671 mihi,
787 4621 861 4659 ne
885 4621 1261 4662 commovear
1289 4606 1457 4676 (Psal.
1483 4608 1595 4674 xv).
1617 4608 1701 4670 ,Ac
1731 4622 1992 4662 rursum:

331 4687 600 4746 Adhaasit
628 4693 831 4748 anima
861 4711 994 4749 mea
1023 4701 1158 4768 post
1207 4701 1285 4766 te,
1319 4707 1412 4752 me
1459 4695 1997 4769 suscepitfdextera

329 4785 434 4837 tua
465 4781 635 4854 (Psal.
669 4785 838 4856 xxw).
873 4785 1106 4842 Etenim
1135 4803 1201 4842 re
1231 4803 1369 4843 vera
1412 4787 1599 4859 ipsius
1632 4786 1833 4844 anima
1862 4793 1997 4860 post

332 4871 632 4928 Christum
663 4873 934 4942 adhaesit,
972 4875 1315 4931 firmissimo
1349 4893 1504 4931 nexu
1537 4877 1648 4948 ipsi
1679 4877 1991 4950 fcopulata.

335 4962 535 5033 Neque
568 4964 729 5019 enim
762 4962 835 5019 ab
867 4965 1221 5021 admiranda
1249 4966 1355 5021 illa
1398 4966 1744 5038 operatione
1795 4967 1998 5025 desci-

333 5051 439 5121 vit,
500 5069 609 5110 nec
665 5054 959 5127 religiosa:
1021 5073 1142 5110 sum
1213 5056 1655 5113 exercitationis
1726 5058 1995 5131 regulam

406 5335 518 5408 (24)
549 5337 617 5404 Α,
652 5335 782 5408 sine
815 5328 917 5408 En,
948 5333 1181 5408 Psellu_s
1208 5334 1288 5408 De
1317 5334 1476 5391 datm.
1510 5352 1569 5408 p.
1601 5337 1668 5393 98
1697 5350 1710 5390 :
1744 5333 1901 5404 Οῖον,

339 5402 450 5464 dei
480 5402 547 5462 39
573 5402 659 5480 ξέ..
693 5404 863 5480 λόγον
893 5402 970 5459 ἔτι
1002 5403 1345 5462 καταλιπών.

434 5481 524 5549 25)
556 5479 724 5536 Conf.
757 5479 817 5551 p.
852 5480 977 5534 349.

438 5553 506 5605 26
561 5550 719 5606 Psal.
747 5550 839 5619 iv,
868 5551 922 5604 8.

438 5551 531 5694 27}
559 5620 713 5677 Psal.
745 5637 882 5691 Lm,
913 5624 922 5673 1

436 5620 528 5691 27)
559 5620 713 5677 Psal.
745 5637 882 5691 un,
913 5622 968 5677 8.

2105 3168 2195 3222 καὶ
2227 3173 2306 3241 τῷ
2358 3174 2476 3244 Θεῷ
2535 3172 2895 3250 προσαγαγὼν
2952 3175 3314 3248 σεσωσμένας,
3365 3173 3450 3229 καὶ
3506 3172 3741 3227 ἀποστο-

2107 3257 2270 3329 λικῆς
2300 3259 2352 3314 ἐν
2384 3260 2563 3334 τούτῳ
2597 3261 2827 3340 χάριτος
2859 3262 3130 3335 ἀξιωθεὶς,
3169 3265 3366 3340 μάρτυς
3396 3260 3453 3319 δὲ
3480 3253 3551 3338 τῇ
3605 3283 3742 3340 προ-

2107 3347 2308 3423 αιρέσει
2338 3350 2654 3426 γενόμενος,
2687 3351 2776 3407 καὶ
2811 3351 3090 3430 παῤῥησίᾳ
3115 3353 3209 3410 τὸν
3241 3353 3464 3433 Χριστὸν
3515 3350 3742 3408 ἐνώπιον

2078 3435 2382 3511 ’βασιλέων
2411 3437 2768 3519 ὁμολογήσας
2817 3441 2908 3496 καὶ
2954 3443 3253 3518 τυράννων,
3301 3441 3394 3500 καὶ
3440 3440 3613 3519 κήρυξ
3658 3461 3753 3515 με-

2104 3518 2562 3606 γαλοφωνότατος
2607 3536 2710 3600 τῆς
2752 3529 2918 3588 αὐτοῦ
2972 3527 3402 3608 μεγαλειότητος
3451 3531 3752 3608 ἀναφανεις,

2105 3615 2294 3673 πολλὰ
2321 3615 2366 3673 δ’
2399 3615 2464 3673 αὖ
2491 3609 2656 3676 πᾶλιν
2701 3621 2986 3694 πνεύματα
3042 3621 3313 3700 πονηρίας
3357 3620 3409 3677 ἐν
3452 3625 3523 3696 τῇ
3569 3620 3758 3698 ἐρήμῳ

2104 3708 2536 3778 καταπαλαίσας,
2567 3709 2658 3765 καὶ
2702 3709 2918 3766 πάντων
2974 3713 3044 3786 τῇ
3100 3715 3198 3767 τοῦ
3247 3710 3488 3788 Χριστοῦ
3544 3731 3762 3789 περιγε-

2105 3795 2332 3872 νόμενος
2380 3795 2623 3873 δυνάμει.
2687 3800 2790 3862 Καὶ
2845 3802 2948 3871 ,τῆς
3003 3797 3201 3857 ἄνωθεν
3245 3789 3540 3863 ἐπλουσίως
3599 3820 3760 3874 μετα-

2105 3883 2497 3963 σχὼνλδωρεᾶς
2527 3909 2586 3944 τε
2641 3888 2731 3944 καὶ
2781 3889 3032 3966 χάριτος,
3079 3890 3319 3966 ὶντεῦβεν
3359 3877 3760 3966 κεκαθαρμένον

2103 3976 2166 4031 τὸ
2194 3983 2295 4047 τῆς
2324 3979 2514 4053 ψυχῆς
2542 3972 2699 4053 ὄμμα
2746 3978 2927 4052 πάσης
2961 3978 3262 4057 ,περιγείοο
3318 3976 3534 4056 ἀχλύος
3589 3977 3763 4056 εἶχεν,

2105 4067 2181 4129 ὡς
2214 4067 2457 4142 παρόντα
2490 4064 2548 4123 δὶ
2575 4067 2644 4124 τά
2669 4066 2948 4143 μέλλοντα
2976 4059 3334 4149 πρὸεθεώρει,
3381 4069 3472 4148 καὶ
3523 4068 3763 4149 Χριστὸς

2103 4157 2172 4225 ἦν
2203 4154 2349 4232 αὐτῷ
2379 4155 2499 4213 ἀντὶ
2553 4156 2795 4229 πάντων,
2856 4158 3346 4238 Χριστὸνέπόθει,
3399 4158 3632 4235 Χριστὸν
3691 4159 3765 4222 ὡς

2103 4247 2349 4322 παρόντα
2375 4247 2542 4323 ἱώρα,
2601 4247 2839 4326 Χριστοῦ
2895 4247 2960 4304 τὸ
3016 4247 3227 4327 κάλλος
3284 4241 3375 4304 8ιά
3429 4248 3629 4312 παντὸς
3661 4245 3763 4310 ξέν-

2106 4335 2428 4410 ωπτρίζετο,
2488 4339 2625 4393 κατᾶ
2656 4325 2767 4393 τὸν
2824 4325 3152 4420 ’Προφήτην-Δ
3181 4339 3274 4394 τὸν
3333 4337 3568 4420 λεγοντα
3594 4419 3597 4420 ν

2105 4427 2475 4504 Προωρώμην
2500 4427 2593 4482 τὸν
2624 4417 2829 4504 Κύριον
2863 4417 3092 4483 ἐνώπιόν
3124 4449 3230 4502 μου
3262 4423 3352 4483 διά
3394 4417 3627 4508 παντὸς,
3655 4417 3768 4503 ζὸτι

2107 4516 2167 4572 ἐκ
2192 4515 2379 4588 δεξιῶν
2417 4517 2526 4592 μοῦ
2557 4515 2698 4581 ἔστιν
2725 4513 2815 4572 ἵνα
2849 4517 2927 4591 μὴ
2961 4517 3232 4583 σαλευθῶ·
3283 4517 3373 4573 καὶ
3422 4505 3578 4575 αὖθις
3627 4518 3765 4592 (27)·

2101 4603 2425 4678 Έκολλήθη
2459 4607 2495 4676 ἡ
2527 4607 2690 4690 ψυχή,
2711 4628 2819 4690 μου
2851 4606 3027 4662 ὀπίσω
3048 4596 3166 4662 eos:
3192 4607 3330 4681 ἐμοῦ
3353 4595 3767 4690 δὲ’,ἀντελάξετο

2100 4697 2137 4763 ἡ
2171 4694 2317 4766 δεξιά
2349 4716 2466 4753 σου.
2511 4687 2831 4768 Ἐκολλήθη
2883 4696 2996 4774 ’γὰρ
3057 4692 3230 4759 ὅντως
3287 4697 3323 4766 ἡ
3385 4696 3541 4776 ψυχὴ
3598 4687 3768 4750 αὐτοῦ

2103 4783 2280 4840 ὀπίσω
2327 4788 2426 4839 τοῦ
2481 4785 2743 4861 Χριστοῦ,
2803 4787 3242 4862 σοναρμοσθεῖσα
3299 4785 3452 4858 αὐτῷ
3534 4779 3770 4862 ἀῤῥαγεῖ

2103 4869 2381 4953 συναφείᾳ.
2417 4873 2494 4932 Οὐ
2526 4873 2834 4952 μετετράπη
2881 4875 2984 4946 τῆς
3046 4865 3370 4951 θαυμαστῆς
3419 4874 3626 4954 ταύτης
3682 4871 3770 4950 ἐρ-

2101 4965 2320 5039 γασίας,
2353 4963 2452 5020 ούκ
2480 4956 2763 5035 ἠλλοίωσε
2791 4964 2883 5020 τὸν
2914 4959 3113 5020 κανόνα
3163 4955 3262 5034 τῆς
3306 4953 3591 5035 ἀσκήσεως
3637 4961 3770 5017 ἑαυ-

2103 5059 2224 5128 τοῦ,
2255 5053 2346 5109 ἀπ’
2377 5053 2558 5130 ἀρχῆς
2593 5055 2761 5130 μέχρι
2785 5052 3000 5117 τὲλους.
3036 5053 3158 5125 ἴσην
3185 5053 3428 5129 τηρήςας
3477 5053 3580 5123 τήν
3624 5071 3770 5127 προ-

1954 5330 1999 5387 ὦ
2052 5331 2257 5406 ἑταῖρε,
2310 5336 2508 5404 ποιεῖς,
2567 5329 2810 5407 ἑκκρεμῆ
2869 5329 2963 5388 τὸν
2998 5328 3191 5407 λόγον
3252 5326 3595 5400 καταλιπών.
3651 5328 3772 5387 Co-
