4120 6416
348 379 364 409 κλ
433 320 577 407 i237

1606 329 1781 384 Vin
1819 323 2184 412 nanum.
2207 322 2300 376 σοι·
2333 320 2675 378 magna.

3733 315 3873 376 i238

436 439 638 517 θυμίαν
689 443 748 499 ἐκ
802 447 1069 524 νεωτέρας
1131 447 1300 524 μέχρι
1359 451 1460 520 τῆς
1514 447 1784 519 τοσαύτης
1841 443 2061 517 ἡλικίας

2207 442 2556 501 immutavit.
2592 443 2743 511 Quin
2775 443 2971 517 potius
2994 443 3066 499 ab
3115 443 3287 499 initio
3325 441 3398 500 ad
3430 443 3614 500 ﬁnem
3646 457 3861 514 usque,

435 530 651 606 μᾶλλον
687 529 862 589 δὲκαὶ
894 535 969 599 εἰς
1028 537 1369 613 ὑψηλοτέραν
1431 540 1702 613 ὁσημέραι
1761 534 2087 611 προκόπτων

430 623 532 691 τήν
565 621 763 697 ἀρετὴν
806 623 896 679 καὶ
923 628 1307 702 καθαρωτέρας
1340 628 1659 701 ἀξιούμενος
1691 625 1942 704 Θεωρίας.

2203 539 2380 605 atque
2399 535 2468 589 ab
2484 536 2727 591 ineunte
2753 539 2923 590 aetate
2938 550 3128 607 usque
3151 534 3223 589 ad
3238 539 3358 590 tam
3375 537 3712 606 provectam
3731 537 3869 587 ata-

2202 629 2322 678 tem
2354 625 2622 680 eamdem
2656 625 2842 680 animi
2871 624 3242 680 alacritatem
3275 622 3560 688 retinuit;
3593 622 3734 690 imo,
3790 626 3859 676 ut

430 713 652 768 rectius
684 713 918 786 loquar,
950 717 1024 771 ad
1056 718 1467 774 sublimiorem
1501 719 1763 789 quotidie
1797 718 2073 772 virtutem
2100 715 2412 786 processit,
2444 731 2510 770 ac
2541 715 2845 787 puriorem
2889 715 3085 769 divino
3145 711 3438 768 beneﬁcio
3487 711 3858 782 contempla-

435 802 661 857 tionem
695 811 1049 861 consecutus
1083 814 1192 865 est.

500 888 722 962 Ἀμέλει
777 892 1037 963 τοιαύτην
1096 895 1564 970 πολιτευσάμενος
1646 893 1932 952 πολιτείαν
1996 891 2085 948 καὶ

430 977 603 1042 οὕτως
634 979 781 1051 ἀξίαν
809 985 911 1047 τῆς
943 984 1136 1039 ὶαυτοῦ
1195 983 1447 1055 κλήσεως
1509 985 1753 1060 ἐργασίαν
1804 980 2084 1039 ἀποδεδω-

427 1071 539 1133 κὼς
569 1075 647 1142 τῷ
676 1070 988 1141 καλέσαντι,
1020 1075 1333 1148 σναυρώσας
1362 1078 1516 1133 363
1547 1077 1639 1130 τὸν
1673 1074 1876 1148 κόσμον
1911 1074 2084 1145 ἑαυτῷ

2269 893 2533 966 Denique
2558 912 2694 950 cum
2726 895 2800 950 ad
2827 894 2984 949 hunc
3017 893 3261 948 modum
3295 891 3558 959 vixisset,
3588 894 3646 945 et
3666 906 3854 960 usque

2196 983 2343 1038 adeo
2375 983 2613 1056 dignam
2644 985 2948 1038 vocatione
2981 1000 3088 1038 sua
3118 999 3361 1054 operam
3395 982 3448 1036 ei
3480 998 3514 1036 a
3545 997 3662 1050 quo
3688 996 3851 1034 voca-

2196 1078 2288 1128 tus
2319 1073 2512 1128 fuerat
2540 1071 3340 1143 reddidisset,mundumque
3365 1070 3478 1125 sibi
3513 1069 3625 1142 ipsi
3647 1085 3714 1123 ac
3738 1068 3854 1123 sei-

426 1161 516 1214 καὶ
550 1159 738 1214 ἑαυτὸν
769 1164 848 1233 τῷ
878 1163 1074 1236 κόσμῳ
1105 1167 1232 1236 (28),
1268 1163 1344 1238 ιέν
1397 1165 1588 1240 εἰρήνῃ
1648 1165 1782 1239 πρὸς
1835 1164 1927 1218 τὸν
1983 1169 2061 1231 τῆ

2191 1180 2366 1235 psum
2398 1163 2619 1218 mundo
2653 1163 3065 1229 cruciﬁxisset,
3099 1162 3172 1217 ad
3203 1162 3389 1217 Deum
3419 1159 3584 1231 pacis
3613 1158 3674 1212 in
3705 1173 3852 1228 pace

423 1247 649 1324 εἰρήνης
681 1249 906 1305 ἀναλύει
939 1253 1091 1324 Θεὸν,
1123 1253 1214 1308 καὶ
1263 1255 1401 1330 πρὸς
1451 1254 1544 1309 τὸν
1596 1254 1676 1309 ἀεὶ
1735 1253 2081 1326 ποθούμενον

425 1335 662 1411 ἐκδημεῖ
691 1339 987 1412 Δεσπότην,
1021 1343 1110 1396 καὶ
1157 1347 1238 1416 τῷ
1281 1344 1563 1419 προσώπῳ
1607 1342 1814 1418 Κυρίου
1862 1343 2079 1416 ἀμέσως

420 1426 513 1483 καὶ
544 1429 798 1502 καθαρῶς
837 1430 1210 1506 ἐμφανίζεται,
1266 1438 1346 1506 τῷ
1398 1441 1499 1504 τῆς
1553 1431 1750 1488 ἐκεῖθέν
1799 1454 1856 1488 τε
1915 1430 2076 1502 δόξης

421 1515 534 1588 ἤδη
565 1519 1098 1595 προηυτρεπισμένῳ
1129 1523 1281 1595 αὐτῷ
1338 1525 1581 1598 στεφάνῳ
1625 1528 1936 1596 κοσμεῖται,
1983 1524 2072 1577 καὶ

2189 1254 2423 1326 migrat,
2460 1258 2637 1324 atque
2656 1253 2731 1308 ad
2754 1254 3096 1320 Dominum,
3124 1252 3293 1324 cujus
3318 1256 3602 1323 perpetua
3624 1248 3850 1319 cupidi-

2190 1348 2280 1399 tas
2312 1361 2447 1399 eum
2475 1350 2769 1413 tenuerat,
2802 1344 3220 1416 proficiscitur,
3253 1341 3559 1412 vultuique
3605 1337 3843 1393 Domini

2187 1450 2333 1504 pure
2361 1450 2429 1488 ac
2461 1434 2589 1489 sine
2622 1433 2806 1487 ullius
2841 1433 2926 1487 rei
2958 1431 3313 1503 interpositu
3356 1434 3620 1501 apparet,
3655 1443 3843 1498 eaque

2179 1523 2306 1594 jam
2339 1523 2452 1594 ipsi
2485 1527 2816 1595 praeparata
2836 1522 3038 1595 gloriae
3062 1537 3282 1575 corona
3303 1523 3641 1584 exornatur,
3661 1516 3841 1586 idque

417 1609 648 1684 Χριστὸν
686 1609 906 1685 βλέπειν
939 1615 1304 1685 καταξιοῦται,
1357 1619 1582 1690 Χριστῷ
1630 1620 1888 1683 συνεῖναι,
1937 1619 2061 1688 Χρι-

514 1704 539 1715 ..
615 1705 636 1714 -
729 1699 810 1716 ..η
910 1699 934 1716 .
973 1704 985 1716 .
1192 1705 1204 1716 .
1311 1703 1325 1716 .
1455 1703 1531 1716 ,η
1617 1708 1636 1716 -
1809 1705 1827 1716 .
2027 1704 2040 1716 .

2186 1612 2467 1668 divinitus
2499 1614 2903 1684 consequitur,
2955 1616 3019 1667 ut
3076 1611 3376 1666 Christum
3425 1612 3648 1675 cernat,
3707 1623 3842 1661 cum

2187 1702 2241 1716 nn
2307 1702 2316 1712 ι
2361 1708 2370 1716 .
2475 1703 2509 1716 -.
2563 1703 2615 1716 ηε
2681 1703 2690 1712 ι
2735 1703 2770 1716 .-
2874 1703 2887 1716 ι
2932 1702 2946 1716 1
3010 1702 3043 1716 ι.
3115 1701 3152 1716 1·
3443 1704 3454 1716 ι
3573 1714 3583 1716 μ
3646 1695 3816 1716 ,__‘L_A

415 1704 543 1755 σ’τοῦ
571 1705 650 1772 τῷ
678 1699 873 1757 κάλλει
907 1699 997 1758 διὰ
1044 1705 1245 1766 παντὸς
1307 1703 1726 1782 ἐναγάλλεσθαι,
1773 1705 1940 1780 οὗπερ
1999 1704 2061 1758 εἰς

2183 1702 2414 1756 Christo
2442 1703 2537 1770 sit,
2558 1703 2772 1757 Christi
2790 1701 3236 1774 pulchritudine
3254 1704 3540 1772 perpetuo
3563 1695 3836 1761 exsultet,

409 1795 602 1866 χεῖρας
629 1791 727 1860 τὴν
771 1791 965 1848 ἑαυτοῦ
1022 1795 1210 1869 ψυχὴν
1260 1797 1641 1871 παραθέμενος
1701 1799 1836 1870 (29),
1892 1794 1944 1849 ἐν
2002 1796 2071 1866 τῇ

405 1883 516 1934 τῶν
553 1881 766 1949 ζώντων
803 1883 1162 1960 μετειροίτησε
1208 1885 1370 1959 χώρᾳ
1402 1888 1536 1959 (30),
1588 1880 1714 1950 ἔνθα
1758 1886 1904 1960 ἧχος
1953 1884 2075 1959 ἑορ-

406 1967 684 2038 ταζόντων
744 1973 879 2045 (31),
939 1966 1063 2026 ἔνθα
1118 1977 1226 2028 τῶν
1285 1975 1728 2049 εὐφραινομένων
1787 1977 1824 2044 ἡ
1882 1994 2069 2029 κατοιη

412 2057 506 2113 κία
536 2061 671 2133 (32).

483 2149 562 2204 Τὸ
590 2145 647 2203 δέ
672 2169 734 2224 γε
755 2147 942 2223 τίμιον
966 2150 1130 2206 αὐτοῦ
1163 2156 1323 2226 σῶμα
1369 2151 1429 2208 ἐκ
1469 2154 1730 2230 γειτόνων
1784 2152 1930 2227 αὐτῷ
1971 2153 2068 2218 τᾶς

409 2237 654 2309 οἰκήσεις
687 2240 1020 2314 ποιούμενός
1050 2263 1132 2304 τις
1166 2242 1300 2317 ἀνὴρ
1334 2243 1506 2319 ἅγιος,
1541 2243 1599 2306 ὅς
1630 2244 1722 2298 καί
1779 2244 1879 2312 τήν
1929 2245 2069 2320 πρὸς

404 2327 678 2403 Βαρλαᾶμ
730 2331 955 2404 πορείαν
1019 2329 1206 2404 ἐκείνῳ
1259 2334 1392 2386 ποτὶ
1447 2330 1686 2405 ὑπέδειξε
1739 2334 1873 2406 (33),
1950 2334 2069 2406 θείᾳ

404 2416 513 2471 τινὶ
548 2419 781 2490 μυηθεὶς
813 2417 1160 2494 ἀποκαλύψει
1215 2421 1334 2476 κατ’
1392 2420 1562 2490 αὐτὴν
1615 2423 1714 2490 τὴν
1763 2420 1906 2496 ὥραν
1964 2429 2068 2492 τῆς

404 2504 746 2569 τελειώσεως
795 2508 960 2564 αὐτοῦ
1013 2511 1388 2586 παραγίνεται,
1449 2511 1539 2565 καὶ
1626 2509 1819 2584 ὕμνοις
1893 2512 2062 2585 ἱεροῖς

402 2597 663 2667 τιμήσας,
697 2593 903 2673 δάκρυά
931 2619 989 2654 τε
1019 2599 1399 2669 κατασπείσας,
1447 2597 1733 2673 σύμϐολον
1779 2605 1876 2655 τοῦ
1924 2602 2061 2676 πρὸς

405 2683 568 2738 αὐτὸν
600 2686 795 2755 πόθου,
828 2686 1009 2742 τᾶλλα
1049 2686 1116 2757 δὴ
1177 2689 1244 2743 τὰ
1294 2689 1659 2763 νενομισμένα
1714 2693 2059 2764 Χριστιανοῖς

403 2773 580 2828 πάντα
617 2773 866 2845 τελέσας,
920 2776 974 2831 ἐν
1030 2781 1110 2848 τῷ
1166 2782 1265 2832 τοῦ
1323 2779 1534 2852 Πατρὸς
1594 2773 1742 2833 ἔθετο
1792 2778 2060 2855 Βαρλαὰμ

412 2864 677 2936 μνήματι.
714 2871 956 2920 Συνεῖναι
987 2866 1086 2942 γᾶρ
1119 2863 1227 2922 ἔδει
1262 2867 1330 2922 τὰ
1377 2868 1606 2943 σώματα
1655 2869 1731 2922 ὧν
1781 2869 1834 2922 αἱ
1881 2871 2058 2946 ψυχαὶ

408 2950 832 3025 συνδιαιωνίζειν
861 2951 1097 3030 ἔμελλον
1126 2954 1428 3028 ἀλλήλαις.

471 3225 866 3300 Ιῐροστάγματι
919 3223 976 3281 δέ
1030 3247 1180 3288 τινος
1264 3221 1650 3306 φοϐερωτάτου
1725 3228 1843 3283 κατ’
1923 3224 2054 3302 ὄναρ

400 3315 557 3371 ³64
612 3319 886 3389 κραταιῶς
947 3315 1387 3388 ἐπισκήπτῠντος
1465 3318 1724 3387 πεισθεὶς,
1780 3319 1809 3373 ὁ
1862 3323 2056 3375 τοῦτον

395 3401 668 3473 κηδεύσας
729 3404 1099 3480 ἀναχωρητής
1179 3406 1245 3461 τὰ
1325 3405 1576 3482 βασίλεια
1649 3405 2053 3483 καταλαμϐάνει

393 3489 609 3562 Ἰνδῶν,
655 3491 746 3547 καί
797 3493 878 3566 τῷ
935 3493 1152 3571 βασιλεῖ
1203 3496 1453 3571 Βαραχίᾳ
1503 3496 1826 3573 προσελθὼν
1883 3499 2056 3553 πάντα

399 3579 546 3653 αὐτῷ
578 3579 724 3652 δῆλα
748 3581 812 3636 τὰ
831 3582 956 3657 περὶ
996 3587 1098 3637 τοῦ
1159 3582 1424 3657 Βαρλαάμ
1480 3587 1570 3640 καὶ
1621 3590 1720 3641 τοῦ
1783 3586 2052 3661 μακαρίου

395 3669 592 3725 τούτου
650 3670 867 3741 τίθησιν
926 3673 1183 3750 ’[ωάσαφ.
1242 3673 1304 3730 Ὁ
1354 3673 1431 3742 δὲ,
1495 3673 1664 3747 μηδὲν
1745 3673 2049 3749 μελλήσας,

393 3758 691 3836 ἀπέρχεται
721 3760 881 3823 αὐτὸς
908 3762 1042 3834 μετᾶ
1071 3758 1355 3835 δυνάμεως
1388 3759 1590 3838 ὄχλου,
1639 3764 1729 3818 καὶ
1779 3769 1857 3836 τῷ
1914 3787 2050 3836 σπη-

396 3839 536 3914 λαίῳ
595 3841 898 3917 ἐφίσταται,
951 3843 1017 3898 τὸ
1069 3842 1259 3915 μνῆμά
1314 3864 1372 3898 τε
1427 3845 1642 3918 θεωρεῖ,
1700 3846 1811 3917 καὶ,
1869 3846 2049 3918 τούτῳ

396 3930 702 4005 θερμότατα
732 3929 1118 4007 ἐπιδακρύσας,
1150 3929 1289 4008 αἶ’ρει
1330 3933 1393 3988 τὸ
1441 3931 1728 4006 κάλυμμα.
1791 3935 1889 3990 Καὶ
1949 3936 2049 4010 ὁρᾷ

388 4021 484 4076 τόν
515 4041 576 4075 τε
607 4021 875 4096 Βαρλαᾶμ
917 4023 1008 4076 καὶ
1057 4022 1150 4077 τὸν
1211 4023 1445 4100 Ἰωάσαφ
1495 4018 1722 4098 ἔχοντας
1775 4026 1842 4078 τὰ
1901 4023 2043 4098 μέλη

385 4110 524 4165 κατὰ
555 4116 754 4186 σχῆμα
783 4109 1030 4184 κείμενα,
1062 4111 1153 4165 καὶ
1182 4111 1249 4164 τὰ
1290 4113 1519 4186 σώματα
1550 4111 1706 4167 οὐδὲν
1763 4119 1861 4168 τοῦ
1907 4135 2045 4187 προ-

389 4201 554 4272 τέρου
584 4200 803 4275 χρωτὸς
835 4198 1310 4273 παραλλάττοντα,
1344 4200 1634 4275 ὁλόκληρα
1664 4199 1721 4256 δὶ
1748 4203 1838 4257 καὶ
1887 4203 2043 4278 ἀκρι-

391 4283 509 4348 ϐῶς
541 4287 670 4360 ὑγιῆ
705 4287 798 4341 σὺν
830 4294 950 4353 τοῖς
1006 4287 1294 4363 ἐνγύμασι.
1347 4294 1524 4345 Ταῦτα
1577 4291 1756 4346 τοίνυν
1804 4293 1870 4346 τὰ
1926 4292 2045 4367 ἱερὰ

2181 1791 2243 1846 in
2276 1794 2446 1864 cujus
2479 1809 2694 1848 manus
2725 1791 3142 1848 commendata
3171 1791 3391 1858 anima,
3453 1789 3526 1844 ad
3575 1788 3836 1845 vivorum

2178 1882 2482 1954 rcgionem
2537 1881 2794 1951 transiit,
2857 1882 2957 1936 ubi
3017 1881 3388 1952 epulantium
3466 1895 3670 1947 sonus,
3729 1878 3832 1934 ubi

2176 1969 2512 2028 laetantium
2544 1971 2834 2027 habitatio
2858 1975 2947 2027 est
2977 1971 3145 2043 (Psal.
3177 1973 3311 2040 xu).

2246 2150 2609 2205 Praeclarum
2632 2155 2830 2206 autem
2850 2150 3036 2222 ipsius
3060 2166 3273 2222 corpus
3295 2149 3381 2204 vir
3415 2148 3659 2221 quidam
3693 2164 3832 2205 san-

2174 2245 2303 2297 ctus
2335 2241 2463 2312 (qui
2495 2259 2614 2297 non
2648 2242 2821 2314 longe
2854 2242 2926 2296 ab
2960 2259 3026 2296 eo
3059 2241 3409 2310 habitabat),
3441 2241 3662 2312 quique
3719 2240 3834 2296 iter

2172 2328 2287 2401 ipsi
2321 2330 2396 2384 ad
2427 2330 2800 2385 Barlaamum
2833 2331 2999 2401 prius
3058 2335 3575 2397 commonstrarat,
3630 2329 3830 2384 divino

2173 2419 2433 2490 quodam
2456 2419 2793 2490 admonitu,
2819 2435 2889 2474 ea
2908 2420 3039 2491 ipsa
3066 2419 3359 2489 hora,qua
3382 2423 3571 2473 morte
3592 2417 3833 2472 functus

2172 2513 2282 2577 est,
2316 2526 2582 2579 praasens
2605 2509 3266 2576 aastans,‘sacrosanctis
3289 2507 3563 2562 cantibus
3583 2507 3833 2573 ornavit,

2169 2597 2549 2668 profusisque
2579 2597 2881 2668 lacrymis,
2941 2615 3073 2669 qum
3124 2597 3311 2669 ipsius
3362 2613 3500 2668 erga
3550 2596 3832 2668 Josaphat

2167 2688 2389 2741 amoris
2409 2687 2637 2743 indices
2663 2693 2884 2755 essent,
2908 2688 3162 2758 aliisque
3187 2687 3464 2742 omnibus
3482 2687 3660 2741 rebus
3693 2703 3826 2757 qum

2165 2777 2322 2845 apud
2344 2776 2712 2832 Christianos
2741 2777 2803 2832 in
2852 2793 3019 2832 more
3078 2782 3258 2847 atque
3307 2777 3583 2832 instituto
3630 2776 3827 2847 posita

2165 2870 2304 2919 sunt
2330 2866 2616 2920 confectis
2648 2872 2824 2936 atque
2856 2865 3170 2934 absolutis,
3205 2866 3266 2920 in
3297 2865 3484 2937 patris
3526 2865 3822 2920 Barlaami

2161 2961 2554 3010 monumento
2587 2956 2995 3011 condidit.Par
3013 2955 3309 3026 siquidem
3333 2959 3461 3010 erat
3479 2959 3546 3010 ut
3565 2971 3821 3026 quorum

2085 3025 2129 3092 C
2167 3045 2384 3100 animas
2415 3046 2478 3100 in
2510 3049 2864 3116 perpetuum
2895 3045 3076 3099 simul
3104 3044 3319 3100 futura)
3367 3049 3559 3113 erant,
3613 3060 3821 3099 eorum

2167 3135 2349 3190 etiam
2378 3152 2629 3207 corpora
2658 3136 3186 3208 conjungerentur.

2237 3225 2318 3279 Cu
2319 3224 2562 3295 jusdam
2576 3229 2775 3280 autem
2789 3223 3153 3281 formidandi
3172 3223 3303 3292 viri,
3319 3223 3421 3296 qui
3438 3224 3499 3279 id
3518 3223 3579 3279 in
3595 3225 3821 3280 somnis

2166 3314 2320 3369 serio
2353 3314 2707 3385 imperabat,
2742 3314 3073 3369 monachus
3104 3313 3206 3368 ille
3238 3314 3339 3385 qui
3372 3313 3568 3385 ipsum
3611 3312 3823 3369 funere

2165 3403 2461 3459 extulerat
2489 3404 2772 3459 mandato
2804 3404 3247 3474 obtemperans,
3273 3403 3334 3457 in
3359 3403 3542 3457 Indiae
3573 3419 3822 3474 regnum

2164 3510 2226 3548 se
2250 3493 2502 3561 confert,
2535 3510 2854 3566 regemque
2913 3493 3262 3548 Barachiam
3311 3493 3698 3562 conveniens,
3748 3493 3820 3547 de

2162 3581 2441 3636 omnibus
2467 3582 2770 3652 Josaphati
2791 3580 2971 3636 rebus
2993 3580 3519 3650 certioremipsum
3537 3579 3818 3636 facit.Ille

2161 3678 2360 3728 autem
2393 3673 2562 3727 nulla
2591 3673 2944 3743 interposita
2972 3688 3141 3726 mora
3186 3687 3322 3726 cum
3353 3671 3580 3742 ingenti
3609 3670 3814 3741 populi

2159 3760 2546 3815 multitudine
2579 3761 2692 3814 iter
2720 3761 2852 3826 init,
2886 3765 3063 3831 atque
3095 3758 3170 3814 ad
3201 3759 3541 3830 speluncam
3570 3759 3812 3814 tandem

2156 3850 2447 3920 pervenit,
2479 3865 2548 3905 ac
2578 3849 2922 3920 sepulcrum
2954 3850 3240 3914 intuetur,
3264 3847 3508 3918 illicque
3538 3847 3813 3902 calentis-

2159 3937 3276 4009 simislacrymisfusisintegumentum
3301 3936 3477 4003 tollit,
3502 3936 3810 4006 cernitque

2157 4025 2534 4080 Barlaamum
2566 4031 2625 4080 et
2648 4026 2931 4096 Josaphat
2958 4025 3227 4080 membra
3252 4025 3580 4096 composito
3603 4024 3809 4079 habitu

2155 4116 2270 4170 sita
2295 4115 2608 4183 habentes,
2639 4132 3007 4186 corporaque
3031 4115 3183 4170 nihil
3231 4132 3266 4170 a
3313 4115 3565 4186 pristino
3611 4114 3809 4170 colore

2152 4204 2488 4270 immutata,
2509 4221 2710 4259 verum
2729 4205 2958 4276 integra
2980 4210 3039 4259 et
3064 4221 3308 4276 prorsus
3323 4203 3666 4271 incolumia,
3691 4219 3812 4259 una

2153 4311 2288 4349 cum
2312 4293 2843 4349 indumentisllaac
2857 4295 3036 4366 igitur
3053 4301 3565 4349 sacrosanctarum
3580 4293 3809 4348 anima-

384 4379 492 4429 τῶν
544 4373 723 4450 ἁγίων
752 4379 948 4451 ψυχῶν
1009 4378 1364 4451 σκηνώματα,
1423 4379 1643 4449 πολλὴν
1692 4380 2040 4455 ἐκπέμποντα

2177 4402 2283 4439 ‘um
2317 4383 2723 4451 tabernacula,
2747 4385 3166 4439 suavissimum
3188 4383 3432 4439 odorem
3449 4383 3805 4451 emittentia,

381 4464 483 4531 τήν
540 4461 766 4518 εὐωδίαν
826 4466 920 4521 καὶ
979 4463 1132 4522 οὐδέν
1193 4466 1339 4531 ὅλως
1391 4467 1554 4541 ἀηδὲς
1602 4469 2034 4545 ἐπιδεικνύμενα,

2147 4491 2258 4530 nec
2289 4475 2429 4530 {cedi
2461 4474 2788 4545 quidquam
2837 4474 3201 4539 exhibentia,
3235 4473 3560 4545 praaclaris,
3595 4473 3806 4528 loculis

384 4552 584 4622 θήκαις
640 4550 812 4616 ἐνθεὶς
871 4554 899 4607 ὁ
953 4552 1210 4630 βασιλεὺς
1264 4557 1498 4631 τιμίαις,
1563 4557 1640 4621 εἰς
1695 4559 1794 4628 τήν
1844 4558 2038 4615 ἑαυτοῦ

2177 4565 2449 4636 inposita,
2477 4580 2581 4620 rex
2611 4564 2673 4618 in
2693 4563 2950 4636 patriam
2977 4579 3144 4619 suam
3179 4563 3481 4624 transfert.

381 4638 615 4714 πατρίδα
649 4642 1026 4718 μετακομίζει.

792 4953 924 5009 pag.
961 4939 1049 5005 10,
1081 4953 1141 5009 n.
1167 4938 1256 4996 3t.

453 5007 574 5128 (2%
592 5007 746 5091 Psal.
779 5025 796 5061 ι

377 5075 541 5150 Ἔνθα
581 5095 796 5150 εσωμα

381 5149 486 5202 324-
517 5152 577 5201 et
600 5149 724 5204 355.

478 4932 544 4987 28
595 4933 762 4991 Conﬁ

478 4933 574 5128 2?:
592 5007 746 5091 Psal.

478 5085 541 5128 θα
581 5095 604 5128 ε
633 5095 762 5128 cum

592 5007 746 5091 Ρδεξι.
779 5007 916 5094 Χξξ,
949 5013 979 5063 5
1007 5026 1021 5064 :
1053 5007 1373 5094 Εἰς-χεῖράς
1404 5030 1501 5094 σου
1531 5014 1921 5094 παρα-θήσομαι
1941 5015 2015 5094 ,τὸ
2045 5037 2061 5071 1

2184 5017 2419 5094 ggtpou.
2461 5018 2631 5094 _Hinc
2690 5019 2854 5094 color
2902 5020 3346 5094 epigrammatis
3398 5021 3606 5077 incerti
3656 5024 3799 5079 688:

825 5077 1086 5154 λέλοιμεν
1121 5077 1484 5146 Ἀπελλιανός
1518 5077 1634 5161 μέγ
1666 5077 1906 5161 ἁρὶστδςσ
1939 5090 2162 5164 [Ψυχὴν
2184 5077 2244 5144 ’δ’
2276 5077 2328 5144 ἓν
2381 5087 2656 5166 χείρεσσιν
2711 5091 2804 5159 ἒήν
2855 5077 3224 5167 παρεῖάτθετο
3275 5097 3518 5167 Χριστῷ.
3571 5094 3653 5149 Cf.

448 5219 852 5310 Diligens
877 5223 1274 5310 βὶρεξᾶῑιιηιλᾶά
1305 5227 1639 5310 marginem
1671 5231 1910 5304 scripsit
1940 5229 2151 5307 στίχος.
2186 5236 2402 5290 Versus
2435 5239 2525 5290 est
2553 5236 2716 5292 enim
2765 5253 2949 5309 purus
3000 5240 3201 5310 putus,
3255 5236 3358 5292 sed
3407 5235 3712 5309 politicus,
3745 5241 3805 5291 et

380 5289 617 5368 idcirco
638 5289 759 5368 non
792 5289 1093 5368 notabilis.
1127 5296 1210 5352 Cf.
1234 5315 1292 5368 p.
1317 5289 1441 5355 336.

583 5364 738 5456 1:831;
772 5383 886 5456 xm,
921 5369 950 5420 5
1024 5367 1112 5456 ’ἓν
1143 5363 1315 5456 «φωνῇ
1341 5368 1729 5456 ἀγαλλιασεως
1759 5373 1849 5456 καὶ
1883 5374 2516 5456 ἐξομολογήσειυςιῆχου
2548 5379 2936 5456 ἑορταζόντων.

446 5434 564 5574 (32)
595 5436 750 5491 Psal.
783 5455 1006 5509 LXXXVI,
1039 5442 1109 5494 7:
1143 5434 1230 5500 Ὧς
1266 5434 1704 5514 εὐφραινομένων
1741 5434 2024 5518 πάντοῖν

469 5505 558 5574 33)
592 5507 675 5561 Cf.
707 5525 836 5574 pag.
871 5511 993 5566 344.
1028 5539 1094 5552 -—-
1137 5512 1428 5568 Caeterum
1463 5519 1728 5574 syntaxis
1759 5520 1927 5574 valde
1963 5527 2021 5574 tu

2057 5447 2307 5503 κατοικία
2337 5447 2390 5504 ἐν
2413 5447 2532 5506 ⁷ιῖοί.

469 5505 558 5586 33)
592 5507 681 5589 Cf.
706 5525 836 5581 pag.
871 5505 1000 5566 344.7
1028 5539 1094 5552 -
1137 5505 1428 5568 Caeterum
1463 5505 1728 5585 syntaxis
1759 5520 1927 5576 valde
1963 5505 2061 5576 tu'r

469 5591 638 5632 trima
668 5581 1034 5638 intercidunt
1059 5583 1329 5640 membra
1361 5602 1492 5650 quae
1524 5604 1646 5644 non
1680 5599 1933 5650 possunt
1963 5593 2026 5649 in
2059 5623 2061 5639 ι

2177 5539 2198 5577 1
2229 5527 2336 5577 est.
2370 5523 2446 5577 Τὸ
2477 5523 2662 5596 τίμιον
2695 5528 2857 5598 σῶμα
2879 5523 3256 5650 jungendum
3287 5541 3423 5582 cum
3471 5519 3644 5592 ἔθετο,
3694 5523 3798 5579 sed

2177 5594 2332 5650 inem
2365 5596 2513 5650 coni.
2545 5598 2788 5650 Forsan.
2822 5596 2938 5650 θεία
2964 5616 2992 5650 τ
3052 5615 3158 5650 τινι
3189 5598 3407 5650 nono...
3433 5629 3503 5640 —
3535 5597 3617 5650 De
3651 5615 3798 5650 μυη-

374 5571 1034 5698 εὲἓΐέῐὲἓΐξὶῐίξὶθῖὲὲίὲυῗὶι
1059 5583 1329 5698 ιόιξωὺτᾶ
1361 5571 1646 5657 (ἶιΠΒυῙΙΟΠ
1677 5599 1933 5662 possunt
1963 5593 2026 5649 in
2059 5593 2332 5650 ordinem
2365 5596 2513 5669 cogi.
2534 5571 2992 5668 Ῥοτεαηῗθείξῖ

411 5644 488 5712 εὶς
521 5663 702 5722 supra
730 5669 785 5726 p.
823 5655 948 5726 266,
982 5671 1044 5711 n.
1071 5655 1162 5712 98.

3052 5615 3158 5650 τινι
3188 5598 3407 5670 μυηθ...
3433 5629 3503 5640 -
3535 5597 3617 5654 De
3650 5615 3798 5669 μυη-
