4120 6360
409 518 721 574 merabilis
751 519 1076 576 multitudo
1109 537 1180 575 ex
1212 519 1492 576 omnibus
1521 519 1772 576 urbibus
1789 535 1856 574 ac
1879 515 2066 572 finiti-

407 608 524 663 mis
545 607 694 664 locis
726 608 800 664 ad
830 609 1141 664 beatorum
1168 609 1410 665 illorum
1442 625 1757 682 corporum
1777 622 2062 678 conspec-

406 702 534 752 tum
552 702 611 752 et
633 697 1046 754 adorationem
1068 699 1376 754 conﬂuxit.
1396 699 1504 754 Ubi
1529 699 1707 754 etiam
1721 713 2066 753 sacrosanc-

408 788 487 843 tis
517 787 756 859 hymnis
815 804 1022 843 eorum
1067 804 1246 844 causa
1289 788 1640 855 decantatis,
1692 786 2066 859 copiosisque

407 876 787 949 lampadibus
818 878 1110 948 accensis,
1142 884 1276 950 apte
1309 879 1433 935 illic
1466 878 1764 951 quispiam
1815 893 1884 932 ac
1931 892 2068 948 per-

410 983 590 1038 quam
613 966 1060 1023 accommodate
1081 966 1349 1038 dixisset,
1372 969 1622 1024 Lumina
1641 967 1798 1022 circa
1818 963 2068 1021 luminis

409 1055 568 1112 ﬁlios
604 1061 662 1111 et
693 1054 982 1113 haeredes.
1016 1056 1375 1114 Luculenter
1404 1063 1604 1114 autem
1633 1056 1813 1112 simul
1843 1071 1911 1110 ac
1941 1069 2069 1110 ma-

409 1144 626 1219 gniﬁce
659 1145 722 1200 in
757 1161 826 1200 ea
856 1145 1111 1202 ecclesia
1142 1164 1274 1218 quaa
1305 1146 1378 1203 ab
1413 1147 1556 1219 ipsis
1597 1143 2006 1202 fundamentis
2035 1158 2069 1199 a

407 1235 691 1307 Iosaphat
719 1240 1019 1291 exstructa
1049 1235 1263 1305 fuerat,
1297 1253 1506 1292 eorum
1547 1252 1798 1308 corpora
1827 1233 2070 1290 condita

413 1329 573 1380 sunt.
603 1323 784 1379 Multa
813 1342 989 1396 porro
1023 1325 1332 1394 miracula,
1360 1327 1826 1397 morborumque
1855 1323 2068 1396 depul-

413 1415 638 1483 siones,
674 1418 800 1469 tum
833 1415 896 1470 in
948 1432 1264 1488 corporum
1310 1417 1769 1483 transvectione,
1821 1420 1947 1470 tum
2005 1412 2069 1467 in

413 1519 621 1559 eorum
653 1503 1092 1574 inhumatione,
1128 1512 1254 1561 tum
1285 1507 1465 1561 etiam
1497 1506 1752 1578 posteris
1784 1501 2072 1576 tempori-

413 1592 547 1661 bus,
580 1592 871 1648 Dominus
901 1610 1010 1665 per
1040 1595 1169 1666 pios
1199 1594 1455 1650 famulos
1488 1612 1626 1650 suos
1654 1593 1870 1649 effecit.
1891 1590 2073 1646 Vidit-

414 1700 529 1755 que
561 1699 663 1738 rex
685 1700 752 1738 ac
779 1683 987 1756 vulgus
1008 1702 1216 1742 omnes
1240 1687 1485 1742 virtutes
1504 1703 1602 1742 eas
1626 1702 1758 1757 qua:
1782 1701 1887 1756 per
1909 1683 2070 1753 ipsos

414 1771 766 1827 edebantur.
829 1775 911 1828 Ac
965 1775 1238 1847 plerique
1299 1794 1330 1832 e
1382 1775 1656 1831 finitimis
1724 1771 2070 1829 nationibus

412 1861 790 1917 inﬁdelitatis
823 1879 890 1918 ac
917 1862 1306 1935 ignorationis
1337 1867 1439 1920 Dei
1472 1864 1679 1920 morbo
1729 1863 2068 1919 laborantes

411 1969 520 2024 per
550 1969 621 2008 ea
649 1952 817 2026 signa
847 1953 979 2024 quaa
1011 1956 1072 2010 in
1105 1962 1494 2012 monumento
1528 1955 1751 2011 fiebant
1775 1954 1849 2010 ad
1890 1953 2070 2008 ﬁdem

409 2045 1014 2114 accesserunt.Atque
1037 2062 1246 2102 omnes
1269 2047 1370 2118 qui
1389 2046 1578 2118 ipsius
1599 2043 2070 2116 Josaphatw'tam

411 2129 486 2185 ad
505 2130 857 2202 angelorum
881 2132 1278 2190 imitationem
1302 2139 1851 2207 expressam,atque
1871 2149 1904 2187 a
1918 2136 2076 2186 tene-

409 2219 494 2274 ris
524 2219 828 2293 unguibus
855 2220 1167 2278 ardentem
1199 2223 1386 2296 ipsius
1420 2240 1557 2296 erga
1587 2223 1772 2278 Deum
1805 2235 2071 2278 amorem

412 2314 728 2365 cernentes
778 2314 957 2381 atque
995 2313 1327 2382 audientes,
1357 2311 1751 2368 admiratione
1785 2309 2071 2382 corripie-

414 2397 654 2469 bantur,
673 2398 858 2454 Deum
882 2399 943 2454 in
964 2401 1244 2456 omnibus
1265 2401 1765 2473 celebrantes,qui
1780 2417 1842 2456 se
1864 2415 2076 2456 aman-

416 2486 577 2542 tibus
603 2504 779 2560 opem
813 2494 872 2544 et
904 2490 1194 2547 auxilium
1254 2508 1563 2564 nunquam
1617 2491 1772 2546 ferre
1829 2489 2072 2559 desinit,

416 2591 638 2648 eosque
674 2577 1063 2649 amplissimis
1093 2579 1404 2636 beneficiis
1434 2584 1874 2636 remuneratur.

491 2703 596 2759 Hic
628 2705 944 2776 prmsentis
964 2704 1101 2760 libri
1125 2707 1263 2764 ﬁnis
1285 2712 1395 2776 est,
1425 2724 1602 2780 quem
1625 2724 1734 2778 pro
1763 2723 1899 2763 mea
1919 2705 2074 2761 virili

417 2794 1282 2866 conscripsi,quemadmodum
1297 2815 1332 2854 a
1343 2798 1646 2870 praeclaris
1658 2797 1798 2852 viris
1812 2797 1912 2868 qui
1929 2796 2076 2852 mihi

421 2884 551 2939 haac
579 2884 740 2940 haud
771 2884 920 2941 falso
953 2886 1328 2943 tradiderunt
1355 2887 1578 2959 accepi.
1614 2887 1848 2942 Utinam
1879 2892 2079 2942 autem

420 2991 551 3041 vos,
573 2974 673 3044 qui
698 2974 855 3030 hanc
879 2975 1100 3031 animis
1120 2977 1332 3032 utilem
1354 2977 1666 3032 historiam
1685 2976 1881 3048 legitis
1902 2981 2081 3046 atque

425 3062 668 3130 auditis,
693 3062 768 3117 ad
793 3080 998 3128 eorum
1018 3070 1248 3136 partem
1271 3065 1672 3132 asciscamini,
1697 3065 1797 3134 qui
1819 3065 1937 3120 Deo
1950 3065 2080 3118 vitae

1827 269 1830 272 ’
1935 296 2309 358 meum.

480 429 555 485 Ut
582 429 784 486 autem
815 445 886 486 ea
915 445 1012 486 res
1043 428 1118 486 ad
1145 429 1339 503 plebis
1371 445 1544 488 aures
1575 427 1863 504 pervenit,
1889 428 2065 484 innu-

2244 423 2335 486 Ὠς
2367 419 2426 478 δὲ
2454 420 2533 486 εἰς
2561 423 2658 486 τὰς
2685 419 2852 487 ἀκοὰς
2899 421 3092 480 ἔπιπτε
3135 425 3235 480 τοῦ
3279 421 3421 480 λαοῦ
3465 425 3531 482 τὸ
3580 426 3830 505 γεγονὸς,

2173 512 2394 583 πλῆθος
2424 511 2662 590 ἀριθμοῦ
2716 517 2963 590 κρεῖττον
3023 511 3085 570 lx
3138 513 3355 569 πάντων
3412 533 3473 570 τε
3525 518 3634 571 τῶν
3693 519 3830 591 (34),

2170 601 2390 658 πόλεων
2421 603 2510 658 καὶ
2539 606 2647 658 τῶν
2679 603 3011 679 περιχώρων
3041 601 3120 665 είς
3149 600 3516 678 προσκύνησιν
3563 605 3655 660 καὶ
3706 607 3830 670 θέαν

2174 693 2456 773 ωνέῥρεον
2496 699 2604 750 τῶν
2668 694 2950 771 μακαρίων
3006 694 3278 768 σωμάτων
3339 693 3586 756 ἐκείνων.
3640 697 3833 754 Ἔνθεν

2173 805 2259 840 τοι
2288 783 2380 839 καὶ
2411 784 2617 858 ὕμνους
2647 783 2731 838 ἐπ’
2779 782 2966 847 αὐτοῖς
3020 783 3148 848 τοὺς
3205 782 3388 861 ἱεροὺς
3441 780 3688 860 ᾄσαντες,
3743 789 3832 845 καὶ

2174 870 2471 948 λαμπάδας
2513 871 2825 950 φιλοτίμως
2882 871 3180 949 ἀνάψαντες
3237 872 3604 947 (ἀκολούθως,
3653 873 3716 931 ἂν
3749 897 3837 941 τις

2177 965 2348 1034 εἶπεν,
2380 961 2492 1018 ἐκεῖ
2518 963 2607 1018 καὶ
2643 959 2764 1017 λίαν
2797 959 3015 1025 οἰκείως
3064 963 3133 1016 τὰ
3180 982 3334 1039 φωτα
3381 963 3505 1036 περὶ
3561 962 3691 1027 τοὺς
3740 968 3838 1020 τοῦ

2178 1049 2360 1130 φωτὸς
2390 1049 2542 1112 υἱούς
2571 1051 2688 1124 (35)
2715 1070 2775 1105 τε
2821 1048 2913 1105 καὶ
2968 1047 3404 1126 κληρονόμους),
3453 1047 3732 1129 λαμπρῶς
3783 1049 3839 1110 δὲ

2179 1141 2322 1215 ὁμοῦ
2349 1138 2440 1195 καὶ
2479 1136 2918 1216 μεγαλοπρεπῶς
2971 1138 3025 1194 ἐν
3066 1141 3137 1213 τῇ
3197 1139 3248 1213 ἐξ
3308 1138 3484 1196 αὐτῶν
3541 1139 3838 1217 κρηπίδων

2177 1231 2326 1306 παρᾶ
2352 1233 2450 1286 τοῦ
2493 1229 2723 1307 Ἰωάσαφ
2779 1229 3185 1305 άνεγηγερμὲνῃ
3236 1231 3349 1304 (36)
3402 1232 3692 1295 κατέθεντο
3753 1229 3838 1288 ἰκ-

2177 1321 2402 1394 κλησίᾳ.
2435 1318 2629 1376 Πολλά
2661 1317 2719 1376 δὲ
2765 1319 3017 1393 θαύματα
3062 1317 3154 1374 καὶ
3195 1317 3363 1383 ίάσεις
3395 1317 3446 1376 ἓν
3478 1341 3536 1376 τε
3564 1325 3633 1397 τῇ
3669 1344 3839 1396 μετα.

2177 1408 2410 1485 κομιδῇ,
2445 1408 2498 1466 ἔν
2523 1431 2582 1466 τε
2609 1414 2678 1485 τῇ
2708 1408 3012 1482 καταθέσει,
3041 1409 3132 1464 καὶ
3186 1407 3239 1464 ὲν
3271 1414 3388 1472 τοῖς
3437 1410 3563 1482 ἑξῆς
3607 1412 3835 1488 χρόνοις

2181 1503 2330 1560 ³65
2369 1498 2461 1555 διὰ
2481 1503 2590 1556 τῶν
2623 1499 2788 1554 ὁσίων
2847 1498 3014 1554 αὐτοῦ
3058 1499 3404 1573 Θεραπόντων
3454 1499 3685 1572 ἐποίησε
3728 1501 3839 1558 Κύ-

2183 1611 2326 1665 ριος.
2361 1591 2465 1647 Καὶ
2514 1587 2650 1646 εἶδεν
2684 1589 2712 1645 ὁ
2748 1587 3007 1666 βασιλεύς
3059 1609 3120 1644 τε
3166 1588 3444 1665 Βαραχίας
3501 1590 3592 1645 καί
3641 1597 3780 1662 πᾶς,
3809 1592 3837 1648 ὁ

2179 1675 2356 1757 ὄχλος
2381 1679 2477 1744 τὰς
2507 1676 2578 1734 δι’
2605 1679 2783 1734 αὐτῶν
2817 1679 3115 1754 γενομένας
3149 1675 3430 1753 δυνάμεις,
3485 1678 3577 1734 καὶ
3623 1678 3837 1737 πολλοὶ

2097 1798 2144 1864 Β
2177 1775 2286 1826 τῶν
2319 1771 2474 1844 πέριξ
2507 1769 2698 1838 ἐθνῶν,
2749 1768 3002 1824 ἀπιστίαν
3057 1771 3342 1830 νοσοῦντες
3397 1769 3489 1824 καὶ
3543 1773 3642 1824 τοῦ
3699 1773 3838 1826 Θεοῦ

2200 1857 2212 1876 Ι

2177 1857 2421 1936 ἄγνοιαν,
2452 1856 2541 1914 διὰ
2577 1863 2687 1914 τῶν
2747 1855 3051 1934 γινομένων
3076 1859 3127 1913 ἒν
3153 1861 3234 1930 τῷ
3283 1859 3531 1932 μνήματι
3584 1858 3834 1933 σημείων

2179 1953 2516 2010 ἐπίστευσαν.
2552 1951 2650 2006 Καὶ
2680 1951 2878 2013 πάντες
2899 1950 2951 2004 οἱ
3011 1949 3245 2025 ὁρῶντές
3289 1969 3350 2004 τε
3399 1949 3490 2004 καὶ
3538 1948 3836 2015 ἀκούοντες

2178 2046 2278 2114 τὴν
2321 2040 2778 2117 ἀγγελομίμητον
2837 2043 2934 2094 τοῦ
2988 2039 3220 2116 ’ῐωάσαφ
3268 2036 3552 2095 πολιτείαν
3594 2039 3686 2095 καὶ
3747 2041 3834 2097 τὸν

2181 2133 2232 2208 ἐξ
2260 2129 2486 2188 ἁπαλῶν
2538 2129 2756 2205 ὀνύχων
2815 2125 3077 2206 διάπυρον
3142 2126 3308 2183 αὐτοῦ
3358 2129 3497 2204 πρὸς
3547 2128 3642 2184 τὸν
3705 2129 3832 2186 Θεὸν

2180 2225 2373 2292 πόθον,
2408 2219 2709 2293 ἐθαύμαζον
2755 2213 3063 2292 δοξάζοντες
3109 2216 3160 2272 ἐν
3211 2222 3341 2272 πᾶσι
3388 2217 3480 2272 τὸν
3541 2216 3696 2292 Θεὸν,
3743 2220 3830 2274 τὸν

2180 2313 2655 2387 ἆεὶξσυνεργοῦντα
2694 2314 2812 2371 τοῖς
2870 2306 3154 2382 ἀγαπῶσις
3202 2305 3362 2362 αὐτὸν
3410 2306 3501 2363 καὶ
3559 2305 3833 2384 μεγίστοις

2179 2402 2411 2465 τούτους
2443 2394 2810 2476 ἀμειϐόμενον
2839 2395 3094 2473 δωρεαῖς.

2256 2693 2400 2754 Ἕως
2433 2686 2542 2745 ὧδε
2567 2687 2632 2745 τὸ
2659 2685 2827 2765 πέρας
2863 2685 2965 2742 τοῦ
3023 2684 3294 2760 παρόντος
3343 2682 3538 2760 λόγου,
3586 2687 3646 2742 δν
3701 2684 3832 2742 κατᾶ

2188 2782 2414 2855 δύναμιν
2447 2780 2586 2854 ἐμὴν
2642 2779 2984 2856 γεγράφηκα,
3038 2775 3216 2838 καθὼς
3270 2776 3486 2846 ἀκήκοα
3539 2775 3687 2854 παρὰ
3725 2779 3828 2830 τῶν

2191 2869 2437 2948 ἀψευδῶς
2469 2866 2938 2945 παραδεδωκότων
2973 2887 3068 2940 μοι
3097 2864 3299 2940 τιμίων
3333 2863 3564 2940 ἀνδρῶν.
3625 2868 3830 2922 Γένοιτο

2191 2960 2250 3018 δὲ
2279 2965 2450 3035 ἡμᾶς,
2479 2960 2609 3021 τοὺς
2642 2957 3112 3034 ἀναγινώσκοντας
3152 2975 3213 3011 τε
3256 2953 3350 3010 καὶ
3399 2953 3694 3017 ἀκούοντας
3734 2955 3832 3023 τήν

2190 3049 2500 3128 ψυχωφελῆ
2535 3046 2797 3122 διήγησιν
2829 3044 3056 3116 ταύτην,
3112 3050 3215 3114 τῆς
3277 3042 3496 3119 μερίδος
3542 3043 3830 3114 ἀξιωθῆναι

426 3169 548 3209 sum
570 3153 834 3208 rationes
855 3153 1272 3224 probaverunt,
1289 3173 1395 3226 per
1415 3155 1715 3210 orationes
1727 3160 1786 3209 et
1802 3154 2074 3210 interces-

2191 3147 2299 3198 τῶν
2356 3135 2826 3213 εύαρεστησάντων
2874 3135 2954 3207 τῷ
3017 3134 3207 3211 Κυρίῳ
3277 3133 3464 3208 εὐχαῖς
3529 3131 3620 3187 καὶ
3698 3149 3828 3206 πρε-

425 3243 628 3299 siones
651 3241 961 3297 beatorum
992 3244 1256 3300 virorum
1290 3245 1559 3301 Barlaam
1593 3251 1652 3300 et
1679 3245 1980 3315 Josaphat,
2005 3244 2078 3298 de

424 3331 644 3404 quibus
663 3332 790 3387 haec
804 3332 1055 3389 historia
1071 3341 1350 3390 contexta
1363 3341 1453 3390 est
1475 3336 1537 3390 in
1554 3334 1786 3390 Christo
1808 3335 1944 3390 Jesu
1967 3335 2080 3388 Do-

421 3422 589 3480 mino
611 3426 838 3489 nostro,
859 3440 1039 3494 quem
1061 3423 1233 3480 decet
1253 3425 1468 3491 honor,
1491 3425 1834 3496 imperium,
1854 3425 2076 3495 majes-

421 3517 514 3568 tas
537 3512 1077 3585 etmagniﬁcentia,
1120 3531 1258 3570 cum
1297 3517 1468 3571 Patre
1510 3520 1568 3569 et
1592 3513 1814 3586 Spiritu
1846 3518 2076 3583 sancto,

419 3619 584 3660 nunc
614 3606 674 3658 et
703 3619 942 3676 semper
966 3604 1029 3659 in
1053 3605 1272 3661 saacula
1303 3605 1686 3662 saeculorum.
1718 3606 1929 3660 Amen.

633 3873 802 3946 Conf,
834 3891 893 3946 p.
927 3875 1054 3944 321,
1085 3891 1146 3931 n.
1177 3875 1268 3930 85.

520 3798 610 3942 34;
642 3799 707 3856 ln
735 3819 845 3856 των
871 3800 1077 3858 deficit
1103 3803 1173 3871 A,
1204 3800 1408 3858 avulso
1439 3799 1658 3857 ultimo
1686 3798 1850 3856 folio.

520 3874 587 3926 :35
633 3873 802 3931 Conf.
834 3891 893 3942 p.
927 3875 1054 3942 321,
1085 3891 1146 3931 n.
1177 3875 1268 3930 85.
1588 3886 1592 3890 '

493 3798 610 4017 ἑῇ)
642 3799 707 3856 ln
735 3819 845 3856 των
871 3800 1048 3858 defici

519 3874 587 3926 :35
633 3873 802 3931 Conf.
834 3891 893 3946 p.
927 3875 1053 3944 321,

521 3943 611 4017 36)
638 3945 808 4003 Conf.
834 3963 895 4019 p.
929 3948 1053 4002 305.

2193 3227 2400 3294 σϐείαις
2435 3227 2705 3303 Βαρλαάμ
2729 3247 2789 3281 τε
2815 3224 2906 3280 καὶ
2937 3224 3169 3301 Ἰωάσαφ
3197 3227 3305 3278 τῶν
3363 3221 3665 3298 μακαρίων,
3709 3220 3833 3296 περὶ

2189 3325 2263 3379 ὧν
2295 3325 2330 3393 ἡ
2365 3320 2639 3395 διήγησις,
2675 3317 2726 3374 ἒν
2785 3319 3005 3390 Χριστῷ
3049 3317 3233 3386 Ἰησοῦ
3280 3317 3358 3386 τῷ
3404 3311 3591 3388 Κυρίῳ
3647 3314 3834 3383 ἡμῶν,

2187 3414 2234 3486 ᾧ
2262 3408 2457 3487 πρέπει
2485 3410 2650 3484 τιμὴ,
2679 3409 2906 3483 κράτος,
2952 3402 3310 3482 μεγαλωσύνη
3341 3424 3401 3458 τε
3456 3402 3547 3457 καὶ
3599 3399 3836 3479 μεγαλοο

2185 3502 2437 3579 πρὲπεια,
2472 3498 2565 3555 σὺν
2596 3503 2675 3572 τῷ
2719 3497 2892 3572 Πατρὶ
2943 3496 3036 3551 καὶ
3091 3498 3172 3567 τῷ
3223 3493 3364 3569 ἁγίῳ
3421 3490 3696 3566 Πνεύματι
3745 3494 3836 3546 νῦν

2184 3595 2275 3652 καί
2307 3592 2411 3664 ἀεὶ,
2442 3590 2533 3648 καὶ
2565 3589 2642 3654 είς
2669 3587 2796 3652 τοὺς
2830 3587 3032 3650 αἰῶνας
3062 3589 3170 3641 τῶν
3204 3584 3444 3642 αἰώνων.
3475 3583 3682 3658 'Apsl-v.
