4120 6398
387 437 3768 470 ww

809 701 1177 796 NOTZE
1242 701 1407 793 AD
1477 697 1866 794 VITAM
1935 696 2513 791 BARLAAM
2581 699 2734 792 ET
2799 698 3387 794 JOASAPH.

463 1239 623 1293 474
673 1239 810 1310 Pag.
862 1240 915 1308 1,
969 1241 1021 1292 5.
1075 1238 1416 1295 Formulam
1481 1238 1660 1300 καθὼς
1716 1237 2042 1314 γέγραπται,

2178 1248 2284 1306 ιιᾶς
2306 1245 2412 1297 τῶν
2437 1241 2850 1316 ἡμερῶν,ῳ]ο(1
2871 1241 3088 1314 legitur
3107 1244 3298 1313 p.101,
3323 1255 3611 1313 reponere
3635 1239 3735 1311 μιᾷ
3753 1257 3806 1293 τ.

393 1344 512 1399 qua
535 1327 852 1398 aliquoties
883 1328 1071 1382 utitur
1099 1334 1325 1397 auctor,
1359 1329 1566 1384 debuit
1609 1328 1812 1384 forsan
1844 1331 2050 1401 Paulo,

392 1415 553 1488 apud
581 1432 761 1487 quem
792 1416 1073 1487 smpicule
1102 1417 1319 1489 legitur
1343 1434 1357 1472 :
1382 1418 1536 1473 conf.
1565 1419 1747 1490 Epist.
1773 1417 1847 1473 ad
1879 1421 2048 1475 Rom.

389 1522 511 1560 vm.
546 1507 653 1573 36;
688 1523 763 1574 ix,
799 1507 904 1572 33;
939 1506 960 1561 Ι
993 1507 1123 1561 Cor.
1156 1523 1200 1576 ι,
1239 1509 1328 1562 31.

463 1597 600 1667 Pag.
634 1597 688 1663 3,
726 1600 775 1650 1.
812 1595 954 1650 Vide
987 1595 1241 1666 Prmloq.

460 1687 596 1757 Pag.
648 1687 706 1754 4,
765 1689 818 1740 2.
881 1686 960 1740 De
1020 1683 1313 1757 οἰκονομίᾳ
1371 1687 1521 1742 adde
1582 1688 1768 1744 Baluz.
1803 1688 1876 1744 ad
1930 1689 2052 1743 Lu-

387 1793 530 1847 pum
579 1795 636 1849 p.
685 1779 828 1844 474;
881 1778 1216 1834 Zimmerm.
1270 1779 1520 1836 Analect.
1577 1798 1635 1852 p.
1691 1785 1778 1847 10,
1817 1784 1901 1846 14,
1937 1787 2050 1836 etc.

466 1869 603 1939 Pag.
635 1870 690 1934 5,
725 1870 811 1922 11.
858 1868 1114 1922 Joannes
1160 1868 1435 1924 Antioch.
1471 1869 1531 1924 in
1574 1871 1833 1927 Monum.
1866 1869 2050 1926 Cotel.

391 1961 434 2012 t.
471 1959 513 2024 Ι,
548 1975 603 2028 ρ.
644 1958 781 2012 164ζ
815 1955 910 2009 Ἐκ
961 1962 1063 2024 τῆς
1121 1955 1404 2030 Αἰγύπτου
1456 1955 1694 2030 μάλιστα
1721 1963 1819 2012 τοῦ
1851 1959 2053 2031 ἀγαθοῦ

387 2043 585 2099 τούτου
615 2045 1141 2117 (monasteriorum
1199 2047 1616 2121 institutionis)
1673 2047 2053 2123 ἀπαρξαμένου

391 2134 482 2188 καὶ
540 2137 822 2208 πανταχοῦ
879 2139 980 2203 τῆς
1057 2130 1386 2208 ο⁹ίκουμένης
1449 2132 1813 2205 διαδοθέντος,
1869 2137 2054 2198 καθώς

390 2244 554 2296 φησιν
589 2224 616 2277 6
651 2223 816 2296 μέγας
852 2222 1196 2286 Ἀθανάσιος.

457 2317 594 2386 Pag.
655 2317 707 2380 9,
772 2318 820 2368 1.
877 2315 1261 2370 Proverbium
1316 2313 1490 2370 πάντα
1545 2321 1710 2370 κινεῖν
1760 2314 1912 2370 λίθον
1942 2317 2052 2372 ha-

386 2403 489 2458 bet
528 2402 797 2458 Julianus
843 2404 1018 2475 epist.
1079 2408 1169 2472 52,
1229 2405 1330 2460 ubi
1390 2406 1505 2462 vid.
1561 2406 1795 2478 Heyler.
1829 2425 1887 2479 p.
1923 2409 2051 2463 409.

389 2493 494 2548 Cui
520 2493 786 2564 epistola)
817 2493 1011 2548 obiter
1030 2493 1307 2566 prodero.
1333 2495 1584 2550 Exhibet
1605 2495 1786 2551 editio
1819 2513 1877 2567 p.
1908 2499 2008 2549 100
2033 2509 2053 2553 :

2157 1335 2215 1401 ἡ.
2241 1336 2355 1389 Nec
2380 1334 2557 1389 aliter
2575 1351 2634 1404 p.
2677 1334 2800 1398 278,
2844 1334 2944 1402 μιᾷ
2982 1327 3040 1383 δὲ
3077 1334 3186 1385 τῶν
3227 1331 3375 1387 475
3418 1332 3647 1384 νυκτῶν.
3680 1329 3806 1383 An-

2157 1422 2480 1494 dreopulus
2512 1422 2582 1476 de
2616 1422 2862 1493 Syntipa
2889 1438 2948 1492 p.
2983 1423 3089 1474 ῒ4ε
3123 1418 3210 1473 Ἐν
3247 1422 3345 1490 μιᾷ
3363 1422 3471 1472 τῶν
3494 1418 3810 1491 ἡμερῶν,θι

2157 1530 2214 1584 p.
2245 1515 2356 1566 74:
2389 1515 2499 1581 Μιᾷ
2544 1513 2671 1584 γοῦν
2711 1513 2819 1564 τῶν
2878 1510 3128 1583 ἡμερῶν.
3179 1510 3319 1575 Qum
3349 1509 3465 1564 duo
3499 1508 3631 1563 loca
3659 1523 3808 1578 pro-

2154 1600 2302 1667 fero,
2336 1618 2457 1656 non
2489 1605 2609 1656 tam
2640 1604 2884 1672 propter
2909 1600 3057 1671 ipsa,
3105 1614 3285 1669 quam
3317 1597 3601 1652 monendi
3632 1611 3812 1651 causa

2157 1692 2562 1746 narrationem
2592 1690 2666 1745 de
2696 1689 3010 1754 columbis,
3049 1689 3150 1759 qui
3183 1689 3408 1755 insunt,
3443 1703 3573 1742 esse
3603 1685 3812 1741 confe-

2155 1781 2405 1835 rendam
2436 1797 2571 1836 cum
2604 1779 2788 1836 simili
2838 1779 3131 1834 Simeonis
3190 1778 3350 1834 Sethi
3407 1777 3629 1844 fabula,
3662 1774 3808 1831 ibib.

2157 1889 2214 1942 p.
2249 1873 2372 1925 392.

2228 1963 2363 2033 Pag.
2399 1963 2488 2029 32,
2524 1964 2609 2017 19.
2643 1960 2726 2014 cr.
2769 1977 2826 2030 p.
2869 1959 2995 2014 391.

2228 2055 2365 2122 Pag.
2395 2053 2484 2119 33,
2516 2051 2606 2106 21.
2638 2049 2726 2104 Ad
2756 2049 2934 2103 verba
2978 2051 3139 2101 τοῦτο
3178 2045 3462 2121 πρόκειται
3495 2051 3587 2101 est
3613 2045 3815 2117 glossa

2157 2141 2218 2196 in
2248 2142 2332 2196 A:
2366 2140 2450 2207 ἤτ’
2491 2137 2555 2192 τὸ
2603 2138 2921 2212 γηράσκειν.
2989 2139 3092 2192 Est
3146 2137 3341 2208 prima
3393 2154 3504 2193 vox
3560 2135 3813 2208 legenda

2158 2229 2307 2298 ἢτοι.
2367 2231 2580 2284 Notum
2635 2227 2930 2282 adverbiis
3003 2222 3195 2299 ἤγουν,
3255 2221 3406 2294 ἤτοι,
3466 2222 3661 2294 εἴτουν,
3724 2221 3813 2280 uti

2160 2318 2581 2390 grammaticos
2613 2316 3029 2388 explicationis
3071 2331 3273 2370 causa.
3307 2315 3415 2380 Qui
3446 2330 3639 2385 nuper
3668 2313 3816 2369 alle-

2163 2409 2321 2481 gavit
2377 2407 2596 2463 alicubi
2653 2406 2947 2462 Eustathii
3003 2405 3201 2474 verba,
3252 2401 3321 2458 τὰ
3367 2401 3585 2479 λάφυρα
3637 2398 3815 2456 εἶ’τουν

2161 2497 2357 2564 σκῦλα,
2390 2499 2477 2553 vir
2506 2498 2562 2553 d.
2615 2497 2932 2569 ascripsit:
2982 2513 3135 2553 corr.
3188 2495 3379 2569 ἤγουν.
3414 2494 3506 2550 Nil
3538 2494 3817 2566 corrigat.

388 2578 615 2651 Ἔδοξεν
647 2581 737 2636 οὗ)
791 2600 887 2655 μοι
933 2586 1062 2636 πᾶσι
1115 2587 1233 2642 τοῖς
1291 2580 1497 2655 δήμοις
1532 2589 1928 2660 προαγορεῦσαι
1964 2580 2053 2639 διὰ

2178 2588 2706 2659 ΐτεᾳιιθῑιιίεδίωιιδ
2729 2593 2819 2642 est
2839 2586 3283 2658 conjunctionis
3305 2580 3479 2638 εἴτουν
3499 2601 3643 2639 usus
3660 2581 3819 2655 apud

388 2667 550 2725 τοῦδε
624 2668 1011 2746 διατάγματος.
1079 2673 1276 2728 Codex
1341 2676 1522 2730 2964:
1590 2670 1640 2731 δ.

392 2757 558 2831 διατ.,
592 2763 827 2818 melius.
862 2763 1011 2817 Ibid.
1047 2764 1106 2818 Β.
1145 2766 1231 2831 15,
1278 2765 1340 2828 C,
1391 2759 1952 2836 τεταλαιπωρημένον
1982 2765 2053 2838 τῇ

395 2849 633 2924 σκληρᾷ.
699 2853 941 2908 Ρτωιιιιί
1006 2853 1218 2908 merito
1283 2853 1766 2926 τεταριχευμένον,
1832 2861 2055 2926 quanto

394 2941 641 2996 vividius
673 2946 732 2996 et
762 2941 948 3014 magis
990 2941 1361 3013 graphicum.
1408 2943 1574 2997 Nilus
1606 2943 1791 3014 Epist.
1824 2961 1862 3011 ι,
1889 2961 1946 3016 p.
1983 2948 2055 3002 3:

393 3031 486 3101 Τῷ
515 3029 615 3105 γὰρ
671 3035 858 3101 νοητῷ
916 3027 1086 3103 ἐΑαίῳ
1131 3033 1227 3085 τοῦ
1286 3028 1596 3105 κρείττονος
1642 3033 1994 3102 πιανθήσεται
2027 3033 2057 3089 ὁ

395 3117 705 3192 ἀγωνιστὴς
766 3116 1074 3193 ἅνθρωπος,
1134 3119 1162 3172 6
1219 3118 1280 3173 τὸ
1338 3119 1467 3192 πρὶν
1521 3121 1916 3191 καταπονηθεὶς
1957 3123 2048 3178 καὶ

388 3205 848 3285 τεταριχευμένος
903 3213 972 3283 τῇ
1023 3209 1317 3280 ἐνοχλήσει
1362 3213 1461 3275 τῆς
1507 3209 1898 3274 πολυπαθείας.
1969 3215 2059 3270 Ad

400 3302 558 3372 quod
589 3301 877 3356 Possinus
932 3301 1266 3368 oﬂ‘endens,
1331 3308 1602 3358 autumat
1648 3303 1834 3359 fuisse
1865 3322 1900 3360 a
1929 3306 2058 3360 Nilo

399 3391 688 3461 scriptum
733 3389 1176 3464 τετρυχωμένος.
1228 3391 1339 3446 Sed
1381 3391 1578 3463 ipsum
1610 3409 1741 3463 quaa
1774 3395 2063 3464 prmcedit

403 3479 594 3536 ἐλαίου
633 3483 982 3554 metaphora
1012 3482 1271 3536 retinere
1297 3487 1550 3554 poterat.
1585 3483 1751 3538 Nilus
1773 3485 2060 3556 epist.46:

402 3573 555 3628 Μετᾶ
601 3573 664 3627 τὸ
714 3569 842 3648 ἄγαν
888 3572 1217 3645 ξηρανθῆναι
1268 3573 1330 3626 τὸ
1378 3576 1538 3644 σῶμα
1678 3576 1922 3647 νηστείᾳ.
1957 3583 2061 3632 P0-

401 3662 615 3718 tuisset
647 3667 704 3717 et
734 3663 830 3717 hic
878 3661 1044 3717 Nilus
1095 3661 1376 3731 scribere,
1425 3664 1861 3735 τεταριχεῦσθαι.
1907 3663 2060 3722 Ibid.

401 3769 461 3807 n.
514 3755 603 3807 29.
655 3751 971 3824 Displicuit
1014 3747 1374 3821 ἐκλεξάμενον
1427 3749 1501 3804 ob
1531 3767 1780 3822 pravum
1814 3753 1937 3807 toni
1970 3752 2064 3806 lo—

402 3859 560 3898 cum.
611 3841 852 3897 Simeon
905 3840 1067 3895 Sethi
1113 3839 1359 3909 Ichnel.,
1410 3857 1470 3911 p.
1520 3841 1664 3896 362:
1705 3843 1844 3902 Νοῦς
1876 3839 1931 3896 ἐν
1965 3860 2062 3913 με-

405 3929 624 4008 ρίμναις
656 3936 756 4000 σῆς
809 3925 1103 4005 βιϐρώσων
1154 3924 1334 3985 ὅστεα.
1382 3932 1663 4002 Repono:
1717 3929 1818 3998 σὴς
1852 3923 2061 4005 βιϐρώ-

402 4041 547 4076 σκων
581 4020 762 4078 ὀστέα.

474 4115 612 4183 Pag.
675 4115 762 4179 12,
825 4113 911 4167 19.
961 4110 1150 4168 Scrib.
1197 4106 1334 4164 καθά
1379 4128 1511 4163 που.
1562 4110 1624 4180 C,
1674 4107 1939 4186 καθάπερ.
1972 4110 2068 4168 Sic

401 4218 535 4276 pag.
569 4203 694 4271 340,
727 4203 796 4256 23
827 4218 934 4274 pro
983 4195 1124 4254 καθά
1180 4219 1287 4254 που
1343 4197 1433 4253 καὶ
1491 4197 1641 4273 περὶ,
1695 4200 1758 4270 C,
1817 4200 2058 4275 καθάπερ

405 4285 554 4358 περί.

480 4377 618 4448 Pag.
653 4377 741 4447 16,
801 4380 851 4432 1.
900 4375 1265 4448 TheOphilus
1320 4375 1488 4432 Alex.
1548 4376 1844 4432 Homilia:
1895 4378 2068 4448 Cujus

406 4467 491 4521 rei
520 4464 680 4521 homo
709 4465 925 4534 similis,
955 4483 1016 4536 p.
1050 4465 1155 4522 142
1207 4460 1398 4526 ’Ὀλως
1443 4462 1544 4538 γὰρ
1585 4464 1615 4518 6
1662 4464 1872 4536 κόσμος
1908 4464 1961 4520 ἐν
1986 4469 2067 4539 τῷ

407 4557 634 4627 πονηρῷ
662 4557 859 4612 κεῖται.
892 4553 1200 4610 Consentit
1229 4554 1292 4610 in
1323 4550 1470 4615 ὅλως
1503 4553 1690 4611 codex
1728 4558 1886 4611 1013.

483 4649 621 4720 Pag.
677 4647 764 4718 18,
829 4647 916 4701 11.
976 4645 1069 4700 AC
1125 4645 1302 4716 (nihil
1347 4661 1418 4700 ex
1464 4646 1522 4724 B~
1557 4645 1837 4719 enotavi),
1869 4644 2071 4722 εὐμορ-

411 4736 684 4812 φώτατος.
717 4735 809 4791 Sic
839 4751 899 4807 p.
936 4735 1062 4800 273,
1087 4735 1119 4788 8
1140 4735 1232 4789 AC
1264 4733 1690 4811 εὖμορφωτάτη.
1722 4737 1902 4791 Error
1923 4736 2070 4792 olim

412 4828 573 4883 idem
603 4826 667 4882 in
697 4842 767 4882 ea
793 4840 933 4881 voce
965 4822 1123 4896 apud
1151 4822 1446 4880 Achillem
1477 4824 1600 4880 Tat.
1644 4824 1906 4881 exstitit:
1937 4825 2070 4881 vide

412 4917 642 4974 Jacobs.
670 4933 730 4989 p.
763 4917 888 4970 836.

481 5009 619 5079 Pag.
659 5008 749 5074 21,
801 5009 854 5061 2.
905 5005 987 5060 De
1031 5000 1176 5058 οὕτω
1227 4997 1438 5076 συμϐὰν
1486 5001 1637 5060 adde
1670 5007 1795 5060 not.
1831 5002 1906 5059 ad
1935 5003 2069 5059 Ari-

411 5102 582 5154 staan.
615 5112 674 5167 p.
696 5095 824 5150 736.

477 5189 615 5258 Pag.
648 5188 739 5254 22,
794 5187 878 5240 10.
936 5184 1240 5240 Glossator
1294 5182 1357 5240 in
1416 5183 1462 5238 A
1520 5182 1801 5255 ascripsit
1855 5178 2068 5257 στίχος.

1717 2671 1879 2728 τοῦδε
1953 2677 2054 2729 τοῦ
2081 2671 2130 2684 ”
2165 2678 2537 2735 scholiastas.
2577 2677 2715 2732 Vide
2748 2678 2903 2731 Bast.
2937 2676 2999 2730 in
3027 2677 3171 2747 Epp.
3205 2675 3424 2731 Pariss.
3456 2692 3514 2745 p.
3543 2676 3635 2730 56.

2235 2769 2373 2840 Pag.
2407 2769 2495 2823 38.
2528 2769 2609 2821 De
2635 2765 2893 2821 formula
2919 2761 3143 2836 εἰρήνην
3172 2759 3357 2817 δοῦναι
3387 2763 3538 2818 adde
3565 2762 3823 2818 Tollium

2166 2857 2388 2930 lnsign.
2423 2856 2557 2912 itin.
2589 2873 2646 2927 p.
2683 2858 2784 2910 159
2814 2872 2828 2922 ;
2865 2853 3145 2910 Valcken.
3179 2853 3374 2909 Schol.
3399 2853 3462 2908 in
3493 2853 3558 2908 N.
3583 2853 3644 2907 T.
3677 2855 3718 2907 t.
3746 2852 3822 2922 II,

2164 2964 2223 3018 p.
2258 2950 2345 3000 17.

2239 3041 2374 3110 Pag.
2407 3038 2499 3105 40,
2529 3039 2584 3091 2.
2617 3036 2783 3091 Conf.
2812 3053 2868 3107 p.
2896 3037 3020 3101 346,
3051 3050 3113 3089 n.
3148 3035 3200 3090 3.

2238 3129 2374 3200 Pag.
2407 3129 2498 3192 46,
2534 3130 2582 3180 1.
2616 3125 2917 3181 Recitatur
2945 3125 3070 3179 haec
3102 3121 3421 3190 sententia,
3444 3137 3555 3176 nec
3581 3121 3708 3175 sine
3729 3135 3823 3175 va-

2168 3218 2402 3288 rietate,
2434 3235 2468 3272 a
2498 3215 2783 3272 Michaele
2818 3215 2996 3286 Glyca
3026 3214 3199 3286 epist.
3231 3217 3286 3281 2,
3317 3230 3376 3285 p.
3409 3216 3552 3280 210;
3583 3211 3646 3266 '0
3675 3207 3821 3263 θειό-

2168 3327 2327 3368 τατος
2393 3305 2659 3380 Βαρλαᾶμ.
2714 3302 2856 3358 οὕτω
2924 3303 3061 3380 πρὸς
3126 3302 3357 3378 Ἰωάσαφ
3421 3297 3599 3375 ἔλεγε⁶
3659 3323 3688 3350 ‹‹
3719 3299 3820 3353 Τὸν

2170 3395 2500 3468 [ἄνθρωπον]
2552 3393 2644 3448 ἀπ’
2696 3393 2880 3468 ἀρχῆς
2925 3390 3367 3462 αὖτεξουσιότητι
3418 3389 3507 3444 καὶ
3560 3387 3821 3461 ἀθανασίᾳ

2166 3486 2406 3557 τιμήσας
2442 3480 2670 3559 βασιλέα
2718 3480 2932 3537 πάντων
2985 3484 3095 3535 τῶν
3143 3477 3369 3554 ἐπιγίων
3408 3479 3755 3548 κατέστησεν.
3790 3499 3822 3529 ››

2169 3575 2334 3630 Conf.
2393 3574 2538 3629 ibid.
2595 3592 2652 3646 p.
2717 3574 2839 3629 127.
2874 3604 2940 3614 —
2971 3575 3024 3629 5.
3075 3570 3330 3642 Cyrillus
3381 3569 3619 3624 Catech.
3654 3585 3712 3639 p.
3747 3571 3821 3624 6:

2171 3662 2397 3740 ’Δγαθὸς
2426 3661 2877 3722 κατασκευασθεὶς
2937 3653 3201 3719 διάϐολος
3255 3657 3468 3733 γέγονεν
3520 3654 3571 3728 ἐξ
3619 3653 3822 3718 οἱκείας

2167 3752 2559 3826 προαιρέσεως,
2593 3751 2650 3805 ἐκ
2697 3757 2797 3820 τῆς
2854 3749 3101 3824 πράξεως
3155 3741 3340 3801 λαϐὼν
3373 3744 3823 3822 προσηγορίαν...

2169 3873 2240 3882 -
2267 3840 2414 3897 Ibid.
2449 3843 2551 3896 Est
2581 3837 2682 3915 δρᾷ
2712 3845 2812 3908 τῆς
2839 3845 2900 3895 et
2925 3840 2988 3895 in
3024 3837 3156 3895 cod.
3186 3840 3314 3896 400.

2247 3934 2384 4004 Pag.
2434 3933 2526 4003 47,
2575 3934 2662 3986 10.
2718 3927 3197 3986 Pseudo-Abdias
3245 3944 3341 3997 vn,
3373 3928 3443 3982 6:
3477 3949 3505 3977 ‹‹
3537 3925 3824 3999 Angelus,

2176 4022 2278 4094 qui
2310 4039 2382 4077 ex
2413 4039 2475 4077 se
2497 4020 2770 4092 concepit
2790 4019 3096 4087 invidiam,
3120 4034 3227 4090 per
3247 4016 3577 4089 potentiam
3598 4015 3830 4094 angeli-7

2172 4091 2303 4159 cam
2337 4091 3032 4174 serpentemiingressus.
3069 4119 3100 4147 »
3156 4127 3227 4140 --
3284 4099 3351 4153 N.
3387 4100 3437 4152 1.
3478 4098 3590 4152 Pro
3622 4092 3668 4149 δ’
3698 4091 3829 4150 ἀλλ’

2174 4189 2264 4240 est
2294 4179 2432 4238 Εὕαν
2465 4183 2529 4237 in
2581 4181 2712 4239 cod.
2772 4183 2915 4249 400,
2977 4177 3136 4252 quod
3183 4182 3271 4234 est
3298 4176 3533 4235 facilius
3559 4175 3825 4249 quidem,

2174 4275 2279 4331 sed
2309 4291 2430 4330 non
2461 4273 2698 4330 melius.

2245 4366 2382 4436 Pag.
2409 4365 2501 4430 48,
2531 4379 2592 4418 n.
2626 4365 2680 4418 2.
2712 4359 2897 4416 Scrib.
2927 4359 3125 4433 potius
3145 4377 3287 4420 πως.

2244 4457 2381 4527 Pag.
2412 4454 2504 4524 53,
2535 4469 2596 4508 n.
2630 4455 2683 4507 2.
2717 4453 2800 4507 De
2822 4450 3050 4523 junctis
3080 4447 3332 4521 σημείοις
3364 4447 3455 4503 καὶ
3483 4445 3668 4522 τέρασι
3694 4443 3826 4501 vide

2174 4543 2400 4600 Albert.
2428 4543 2503 4599 ad
2532 4543 2788 4598 Glossar.
2821 4557 2951 4614 pag.
2988 4543 3110 4598 115.

2247 4638 2384 4708 Pag.
2416 4637 2506 4690 56.
2540 4636 2643 4689 Est
2669 4629 2965 4702 ἠδικῆσθαι
2995 4631 3057 4687 in
3089 4630 3319 4687 Libanii
3359 4631 3561 4688 codice
3593 4631 3752 4686 3017.

2246 4725 2382 4797 Pag.
2417 4726 2507 4794 63,
2539 4741 2602 4780 n.
2633 4726 2687 4779 6.
2721 4721 2886 4778 Conf.
2917 4739 2979 4794 p.
3009 4723 3135 4792 229,
3167 4737 3228 4776 n.
3262 4722 3318 4779 6.
3758 4790 3763 4796 _

2247 4816 2385 4886 Pag.
2420 4816 2511 4883 65,
2541 4831 2601 4870 n.
2636 4816 2688 4870 5.
2723 4812 2888 4867 Nilus
2920 4810 3092 4884 epist.
3150 4811 3291 4866 13οε
3336 4810 3653 4886 Ἀναγκαῖον
3687 4803 3828 4862 είδὲ-

2175 4923 2262 4958 ναι
2321 4900 2406 4956 ὅτι
2465 4900 2692 4976 μὲλλεις
2752 4901 2960 4976 βήματι
3018 4897 3343 4974 παρίσασθαι
3402 4893 3646 4976 φοϐερῷ,
3703 4892 3829 4952 ἔνθα

2177 4991 2359 5055 οὐδεὶς
2444 4995 2744 5072 ιαφανεῖται
2792 4989 3098 5066 ἐπικουρῶν
3153 5010 3236 5043 σοι
3267 4989 3304 5058 ἢ
3338 4985 3607 5059 ἐξελέσθαι
3666 4982 3830 5041 δυνά·-

2181 5106 2347 5159 μενος
2378 5097 2478 5155 της
2509 5083 2696 5158 χειρὸς
2749 5083 2848 5136 τοῦ
2907 5077 3242 5149 δικάζοντος·
3295 5075 3422 5142 ἔνθα
3460 5073 3708 5147 δεινότης
3733 5073 3826 5132 καὶ

2176 5172 2473 5253 εὔστροφία
2504 5170 2690 5248 λόγων
2721 5169 2812 5227 καί
2852 5168 3109 5245 γλώττης
3158 5165 3313 5223 οὐδὲν
3351 5166 3634 5229 παντελῶς
3664 5163 3828 5242 ἴσχῦ-

405 5276 603 5332 Verba
631 5273 882 5344 scilicet,
929 5268 1130 5347 ἄνδρα.
1187 5271 1475 5349 ῥημάτων,
1510 5288 1746 5328 versum
1801 5271 2058 5328 efﬁciunt

2178 5287 2263 5322 σαι
2296 5263 2650 5336 δυνήσεται...

406 5366 718 5437 politicum
755 5360 1304 5436 dodecasyllabum,
1334 5359 1466 5416 vide
1497 5377 1556 5433 p.
1590 5362 1715 5416 363.

478 5456 617 5528 Pag.
649 5454 740 5523 24,
776 5455 826 5508 1.
858 5450 1026 5507 Conf.
1058 5467 1119 5524 p.
1149 5451 1273 5506 187.

479 5547 618 5618 Pag.
648 5546 740 5613 27,
772 5543 827 5597 7.
859 5539 1028 5597 Conf.
1059 5557 1119 5613 p.
1151 5543 1280 5596 297.

478 5635 618 5704 Pag.
651 5635 739 5688 31.
772 5632 1029 5704 Symeon
1083 5629 1248 5687 Sethi
1301 5629 1375 5686 de
1427 5627 1651 5686 Ichnel.
1683 5645 1741 5704 p.
1773 5629 1913 5686 206:
1946 5630 2063 5699 Μιᾷ

406 5727 516 5782 τῶν
536 5723 792 5800 ἡμερῶν.
823 5723 896 5778 Et
937 5721 1024 5778 sic
1069 5736 1166 5795 pp.
1220 5721 1348 5792 316,
1390 5722 1516 5781 382.
1549 5718 1689 5778 inde
1719 5718 1919 5792 velim,
1953 5736 2059 5792 pro

2096 5361 2146 5428 D
2247 5359 2387 5430 Pag.
2418 5358 2509 5412 76.
2541 5356 2643 5409 Est
2671 5357 2731 5410 et
2757 5351 2915 5426 apud
2947 5351 3057 5409 lsa.
3107 5369 3165 5420 x,
3225 5350 3312 5418 18,
3360 5347 3568 5428 φλογὸς
3596 5339 3829 5421 καιομὲ-

2168 5467 2380 5609 νηῖέαε.
2413 5537 2504 5602 91,
2539 5535 2626 5591 11.
2658 5530 3020 5604 Theophilus
3075 5529 3243 5586 Alex.
3296 5527 3514 5586 Homil.
3549 5527 3716 5600 Cujus
3741 5524 3829 5584 rei

2172 5629 2333 5683 homo
2362 5623 2583 5693 similis,
2633 5641 2692 5695 p.
2743 5623 2816 5676 3:
2874 5616 2997 5676 Ἐάν
3046 5618 3129 5683 τίς
3183 5639 3243 5674 σε
3297 5615 3586 5694 ἀγκαριύοι
3639 5615 3826 5691 μίλιον

2169 5711 2249 5790 ἔν,
2303 5711 2478 5792 ὕπαγε
2527 5707 2646 5768 δύο.
2703 5709 2846 5767 Cod.
2905 5711 3063 5782 1013,
3121 5705 3466 5787 ἀγκαρεύσει.
3514 5697 3824 5783 Reponam
