4120 6368
428 266 571 327 1213

1476 267 1688 326 κοτε
1721 267 1895 324 νιτλ
1929 265 2283 323 IAM)!
2317 264 2413 320 B‘l‘
2445 259 2791 319 JOLIAPH.

3709 251 3847 314 l2“

423 394 701 471 ἀγγαρεόῃ
731 394 1184 473 νεὲἆγγαρεύσῃ.
1242 399 1322 454 De
1380 394 1675 468 scriptura
1722 412 1793 469 γκ
1840 408 1948 467 pro
1984 411 2072 469 γγ,

2210 384 2357 459 iuvi,
2414 384 2563 458 πλὴν
2624 381 2828 473 δίκαια,
2913 381 3110 460 Χριστί
3169 401 3297 458 pou:
3331 381 3637 473 “[llhrovoa
3692 384 3840 473 αττ

427 485 517 557 egi
550 484 624 541 ad
654 485 942 543 Planudis
972 488 1210 544 Metam.

496 580 633 648 Pag.
660 578 750 631 93.
785 578 865 632 De
894 577 1151 632 formula
1182 572 1285 630 οἶδ’
1330 572 1413 629 ὅτι
1467 573 1675 630 monui
1708 577 1765 629 et
1794 571 1867 628 ad
1897 570 2074 643 Soph.

427 665 787 738 Antigonam
818 682 869 722 ν.
900 668 1026 722 276.
1060 667 1245 733 Quam
1287 664 1557 739 fabulam
1608 679 1743 721 cum
1792 660 2079 734 praelege-

426 770 653 823 rem,ex
677 754 857 811 simili
882 756 1223 828 parenthesi
1246 754 1685 828 interpretabar
1706 752 2078 809 salebrosum

427 835 689 904 initium,
750 837 1109 892 Schmferum
1170 842 1407 893 secutus
1453 836 1627 891 Melet
1675 852 1732 907 p.
1782 837 1894 889 92:
1940 831 2079 905 (Ἆρ’

426 924 558 979 οἶσθ’
588 924 671 979 ’ὀτι
702 927 740 998 ;)
772 923 897 987 Ζεὺς
924 930 1031 980 τῶν
1066 924 1158 980 ἀπ’
1187 922 1420 983 Οἱδίπου
1450 928 1705 983 κακῶν...

499 1016 653 1071 476
681 1017 817 1088 Pag.
846 1016 936 1085 94,
968 1019 1022 1072 9.
1055 1016 1138 1073 Cf.
1164 1034 1222 1088 p.
1259 1018 1381 1085 141,
1412 1033 1477 1074 n.
1510 1019 1561 1071 1.

498 1104 632 1177 Pag.
664 1106 787 1170 101,
822 1105 906 1161 10.
940 1106 1127 1178 Epist.
1177 1106 1253 1163 ad
1304 1107 1476 1163 Rom.
1506 1122 1625 1173 vni,
1651 1106 1756 1161 17:
1790 1099 2081 1175 Κληρονό·

368 1259 372 1263 η
428 1212 522 1267 μοι
550 1192 647 1265 μὶν
670 1196 828 1251 Θεοῦ.
856 1192 1301 1270 συγκληρονόμοι
1333 1190 1392 1249 δὶ
1420 1195 1675 1269 Χριστοῦ.

497 1304 635 1375 Pag.
668 1305 907 1371 112,22.
934 1304 1157 1359 Forsan
1177 1297 1486 1374 αναϐλέψας
1514 1297 1572 1356 δὶ
1592 1302 1717 1361 τοῖς
1744 1296 2078 1377 ὀφθαλμοῖς

428 1390 496 1447 Ρ.
528 1393 655 1458 106,
688 1395 795 1447 17:
827 1392 891 1458 C,
950 1393 1198 1465 ψαλμοῖς
1242 1391 1334 1447 καὶ
1382 1389 1579 1464 ὕμνοις
1620 1385 1971 1463 ὁμοθυμαδὸν
2001 1390 2083 1459 τῷ

427 1478 614 1552 Κυρίῳ
638 1475 885 1550 ᾆδοντις.

499 1571 640 1643 Pag.
703 1573 827 1639 122,
890 1574 977 1627 10.
1038 1572 1295 1644 Symeon
1354 1572 1515 1629 Sethi
1573 1570 1798 1627 Ichnel.
1831 1588 1895 1643 p.
1934 1571 2082 1624 226:

429 1658 782 1732 Ἐδιωκόμην
813 1659 983 1734 μέχρι
1012 1663 1108 1714 τοῦ
1163 1662 1256 1715 νῦν
1305 1660 1453 1733 παρᾶ
1496 1663 1603 1715 τῶν
1659 1655 2083 1735 θηρευτῶν,τό-

427 1768 532 1805 πον
563 1747 623 1805 tu
648 1746 821 1804 τόπου
851 1743 1175 1821 ἀμείϐουσα.

2183 475 2355 547 δεινὰ,
2385 477 2533 546 πλὴν
2563 475 2711 549 ἰμῶν
2742 471 2893 545 ἥττω
2920 476 3129 532 κακῶν.
3161 473 3302 548 [Οὐκ
3329 471 3441 529 ἔστι
3471 471 3649 540 ποινή
3674 469 3844 545 σφαλ-

2188 569 2371 641 μάτων
2432 565 2577 639 ἐμῶν
2636 562 2751 636 ἴση.
2802 563 3073 639 [Δαίμων,
3128 564 3313 633 νόσος,
3387 564 3665 638 μάχαιρα,
3716 563 3842 636 πῦρ,

2184 656 2362 731 λύμη,
2395 656 2612 735 σκότος,
2643 657 2964 732 [Maian-(ec,
3019 650 3227 731 ὕϐρεις,
3271 652 3465 728 λιμὸς,
3510 651 3841 727 ἐμπαιγμὸς,

2181 748 2383 822 γέλως,
2420 746 2517 821 [Τὰ
2548 746 2746 822 φρικτᾶ
2798 746 2971 801 πάντα
3024 752 3124 815 τῆς
3180 743 3382 800 ἐκεῖθεν
3421 742 3642 817 ἡμέρας
3674 740 3843 813 [Alcu-

2182 836 2313 900 νίως
2368 834 2617 911 μένοντα,
2674 840 2780 912 πῦρ
2839 836 3019 914 φωτὸς
3076 831 3232 909 δίχα,
3294 832 3528 909 [Σκότος
3562 827 3842 909 φλογίζον,

2183 926 2489 1002 Τάρταρος,
2524 922 2766 997 σκώληξ,
2816 924 2998 993 πόνοι,
3051 926 3316 994 [Ἃπαντα
3354 924 3529 977 ταῦτα
3558 922 3673 975 τῶν
3703 917 3842 992 ἑμῶν

2186 1017 2337 1087 ἢττω
2363 1019 2567 1071 κακῶν.
2629 1012 2846 1088 [Στήλῃ
2899 1012 3188 1089 γεγράφθω
3234 1015 3403 1067 ταῦτα
3437 1011 3615 1086 μέχρι
3643 1008 3734 1064 καὶ
3761 1010 3841 1065 τέ-

2185 1101 2337 1161 λους.
2365 1106 2583 1178 [Βοῶσα
2607 1105 2770 1177 (puto
2794 1103 3086 1160 excidisse
3110 1118 3346 1159 versum
3368 1101 3441 1157 de
3473 1100 3845 1156 tuba.Posset

2186 1195 2434 1268 quidem
2459 1194 2645 1269 βοῶσα
2667 1193 2742 1249 de
2763 1190 2943 1267 στήλῃ
2967 1191 3223 1266 intelligi
3247 1210 3263 1261 ;
3291 1192 3397 1247 sed
3430 1206 3699 1263 sequens
3721 1186 3843 1243 σαλ-

2185 1285 2335 1339 πίσει
2391 1284 2601 1341 durius
2656 1300 2794 1340 cum
2854 1280 3031 1356 στήλῃ
3080 1282 3458 1356 jungeretur)
3512 1277 3699 1353 μακρὰ
3724 1282 3842 1333 πᾶσι

2190 1375 2360 1449 μέχρι
2389 1373 2700 1447 τερμάτων,
2734 1371 2866 1446 [Κᾶν
2894 1375 3000 1426 πᾶν
3032 1372 3281 1447 παρέλθῃ
3325 1373 3492 1425 τοῦτο
3529 1370 3687 1443 (cod.
3716 1389 3842 1444 παρ-

2190 1461 2366 1521 έλθοι.
2400 1466 2500 1519 Est
2530 1467 2634 1517 πᾶν
2663 1465 2825 1518 τοῦτο
2857 1462 3118 1519 mundus
3168 1461 3267 1518 hic
3296 1460 3669 1531 universus),
3690 1461 3844 1513 ταῦτα

2190 1551 2467 1623 σαλπίσει,
2530 1552 2633 1607 Καὶ
2688 1556 2806 1614 τοῖς
2866 1550 3041 1615 inde;
3095 1556 3280 1621 πᾶσιν,
3332 1548 3407 1613 ὡς
3466 1551 3639 1604 πᾶσιν
3691 1546 3844 1622 μόνος

2191 1643 2367 1718 ιΝικῶ
2396 1646 2586 1704 κακοῖς
2617 1641 2845 1711 ἅπαντα,
2895 1642 3044 1711 πλὴν
3108 1643 3229 1711 σοῦ,
3273 1640 3474 1714 Χριστέ
3509 1659 3643 1712 μου.
3674 1638 3847 1696 Μόνον

2114 1755 2164 1821 Β
2198 1737 2391 1808 μενικᾷ
2420 1732 2510 1787 σὸν
2561 1730 2804 1806 πέλαγος
2853 1729 3176 1821 θαυμάτων,
3201 1729 3664 1821 [Εὖσπλαγχνίας
3693 1722 3847 1821 ἄϐυσ-

501 1841 639 1911 Pag.
675 1840 795 1893 123.
832 1816 1016 1895 Locus
1046 1857 1169 1895 non
1199 1840 1431 1912 integer
1472 1846 1584 1898 est.
1615 1840 2089 1913 Trapezuntiana

2210 1844 2285 1887 ιος
2315 1822 2378 1878 οὐ
2413 1821 2780 1899 μετρουμένη,
2813 1818 3043 1895 [Οἵκτων
3094 1819 3329 1894 ἆείρους,
3363 1816 3595 1895 δωριῶν
3622 1817 3848 1893 ἀπειρία.

426 1928 621 1985 versio
653 1928 806 1984 nihil
829 1929 1092 2000 praasidii
1122 1930 1383 2000 exhibet,
1414 1930 1490 1986 ad
1519 1929 1806 1995 codicem,
1831 1936 1899 1986 ut
1926 1930 2091 1986 vide-

427 2022 549 2086 tur,
576 2018 854 2074 instituta
881 2035 1003 2075 non
1052 2018 1301 2076 bonum.
1351 2019 1465 2075 Sed
1514 2018 1724 2075 Billius
1754 2019 2088 2091 pleniorem

423 2106 659 2177 habuit,
716 2107 923 2180 sicque
968 2109 1252 2165 vertit:...
1308 2110 1382 2165 les
1437 2110 1733 2165 chaussant
1787 2109 1935 2165 dita
1956 2111 2090 2180 prd-

418 2199 691 2270 paration
720 2198 787 2254 de
816 2198 1108 2269 l'évangile
1133 2199 1200 2255 de
1222 2202 1368 2270 paia:
1388 2216 1408 2255 :
1436 2206 1491 2255 et
1512 2206 1751 2271 partant
1770 2199 1835 2270 je
1863 2216 1948 2254 me
1976 2198 2090 2255 suis

425 2289 617 2344 cstimé
636 2289 926 2357 miserable
947 2292 983 2343 ὰ
1010 2305 1171 2345 cause
1215 2290 1285 2345 de
1326 2306 1455 2345 mon
1502 2306 1693 2345 erraur
1713 2289 2009 2359 précédmt
2038 2293 2091 2342 et

429 2375 624 2433 lourde
652 2379 962 2449 deception,
996 2386 1049 2434 et
1078 2396 1164 2435 me
1181 2380 1293 2435 suis
1322 2379 1427 2435 mis
1449 2382 1484 2434 ἁ
1497 2380 1741 2450 prendre
1770 2384 1904 2434 cette
1929 2394 2086 2448 voye,
2133 2409 2143 2419 -

431 2467 734 2538 laquelkd
773 2468 876 2524 bon
906 2469 1087 2525 droict
1113 2468 1219 2539 i'ai
1240 2475 1504 2541 proposes
1548 2473 1584 2524 ὰ
1632 2474 1806 2525 toutes
1834 2469 2086 2525 choses...
2132 2474 2147 2509 ε

427 2557 723 2628 Equidem
752 2556 990 2646 codices
1046 2560 1175 2626 904,
1224 2560 1350 2627 905,
1410 2562 1536 2625 907,
1594 2559 1721 2627 908,
1766 2560 2090 2627 1126,1132

428 2645 687 2719 inspexi,
717 2645 857 2705 cum
903 2647 1001 2703 hic
1050 2648 1218 2704 locus
1269 2648 1435 2720 prelo
1483 2647 1928 2704 submittendus
1953 2647 2087 2717 fuit,

428 2736 821 2809 animumque
840 2737 1155 2795 verborum
1168 2738 1665 2795 incohaarentium
1678 2738 2088 2810 hiatesadver-

362 2880 367 2885 .
422 2826 521 2896 tit,
545 2826 652 2885 sed
702 2827 853 2884 meis
883 2829 975 2885 AC
1032 2828 1478 2885 consentientes
1516 2846 1648 2885 esse
1700 2830 1935 2901 reperi;
1966 2829 2086 2886 nisi

425 2916 589 2989 quod
611 2917 674 2973 in
699 2918 1011 2974 nonnullis
1034 2935 1139 2990 pro
1166 2918 1384 2973 πάντων
1414 2924 1573 2975 esset
1592 2918 2088 2980 πάντως.Βοιιιιιιι
2134 2927 2142 2959 ῖ

424 3012 517 3063 est
543 3006 761 3061 πάντων
787 3023 801 3064 :
835 3025 894 3080 Ρ.
930 3010 1054 3077 153,
1085 3010 1175 3080 46,
1214 3007 1435 3063 πάντων
1464 3006 1795 3083 προκρίνων.

2264 1918 2396 1987 Pag.
2433 1917 2558 1982 197,
2592 1915 2680 1969 10.
2712 1912 2881 1969 Conf.
2915 1930 2975 1985 p.
3010 1914 3134 1967 340.

2264 2009 2399 2077 Pag.
2430 2006 2557 2070 204,
2591 2005 2677 2060 14.
2711 2005 2857 2059 Acta
2886 2002 2942 2059 S.
2973 2001 3220 2058 Tarachi
3264 2019 3323 2074 p.
3367 2004 3475 2057 290
3500 2017 3515 2057 :
3546 1996 3666 2062 Οὕς
3692 2019 3850 2070 προσ-

2192 2088 2411 2163 δέξασθι
2442 2091 2578 2164 μετὰ
2609 2084 2784 2169 φόϐου
2813 2088 2905 2149 καὶ
2932 2086 3155 2159 πολλῆς
3187 2085 3398 2160 αἲδοῦς,
3430 2086 3603 2153 ὄντας
3630 2085 3848 2166 ἂργάτας

2189 2183 2289 2235 τοῦ
2319 2183 2453 2235 Θεοῦ
2483 2177 2572 2235 καὶ
2594 2182 2691 2235 τοῦ
2717 2180 2953 2255 Χριστοῦ
2979 2177 3171 2236 αὐτοῦ.

2264 2271 2399 2343 Pag.
2433 2273 2560 2338 210,
2591 2271 2678 2326 16.
2711 2269 2911 2326 Additi
2948 2268 3291 2326 articulum.

2265 2360 2397 2433 Pag.
2431 2362 2562 2427 211,
2594 2362 2647 2414 5.
2684 2360 2816 2415 Isai.
2846 2375 2981 2426 LVII,
3006 2361 3109 2415 15:
3140 2354 3357 2433 ’Δγίοις
3380 2355 3432 2412 ἰν
3461 2355 3647 2434 ἁγίοις
3676 2351 3845 2431 ὄνομα

2193 2447 2361 2520 αὐτῷ,
2393 2447 2622 2522 {Silus-rec
2649 2444 2700 2503 έν
2735 2446 2913 2523 ἁγίοις
2940 2444 3374 2521 ἀναπαυόμενος.

2262 2542 2402 2612 Pag.
2433 2542 2559 2609 219,
2586 2540 2642 2595 8.
2673 2538 2841 2595 Conf.
2867 2556 2924 2611 p.
2959 2541 3086 2595 290.

2263 2632 2399 2703 Pag.
2434 2632 2560 2685 223.
2596 2631 2744 2685 Puto
2775 2628 2961 2690 πίστις
2992 2645 3114 2686 ιιοιι
3146 2629 3528 2689 servandum.

2262 2724 2395 2793 Pag.
2429 2721 2556 2790 224,
2590 2722 2678 2777 16.
2708 2719 2909 2775 Malim
2938 2718 3003 2775 τὸ
3028 2721 3112 2791 τῷ
3140 2718 3303 2793 πατρὶ
3337 2718 3635 2784 πείθεσθαι.

2261 2815 2401 2883 Pag.
2435 2814 2561 2880 226,
2592 2828 2656 2868 n.
2688 2814 2743 2868 3.
2774 2811 2960 2867 Scrib.
2992 2809 3090 2865 κᾶν
3123 2807 3267 2866 ἄλλο
3295 2815 3454 2866 τοῖου
3483 2807 3659 2883 δήτοι.

2262 2920 2399 2989 Pag.
2431 2919 2560 2985 234,
2591 2920 2645 2985 ’7,
2679 2919 2747 2987 Α,
2779 2919 2898 2971 πῶν
2928 2913 3067 2971 κατᾶ
3116 2914 3281 2971 πόλιν
3314 2914 3614 2973 οἰκούντων
3639 2908 3831 2990 ἀρχόν-

2187 3025 2320 3063 των.
2355 3006 2673 3079 Displicuit
2703 3005 2923 3083 duplex
2952 3006 3356 3080 participium,
3388 3024 3517 3064 cum
3557 3007 3631 3063 sit
3668 3005 3823 3077 prius

498 3098 637 3169 Pag.
667 3100 797 3152 125.
821 3098 925 3153 Est
954 3102 1016 3153 et
1039 3093 1268 3171 κυναγία
1304 3098 1369 3154 in
1399 3098 1533 3154 cod.
1564 3098 1892 3171 Sophocleo
1917 3099 2080 3154 2884.

2210 3114 2440 3169 prorsus
2492 3096 2844 3185 languidum
2882 3102 2964 3185 iet
3019 3096 3253 3155 inutile.
3310 3098 3585 3153 Libanius
3637 3095 3820 3185 tulit,

503 3202 644 3275 Pag.
679 3204 801 3257 127.
853 3204 957 3259 Est
1001 3202 1132 3257 σκιᾶ
1177 3200 1409 3267 θανάτου
1456 3204 1680 3260 locutio
1720 3202 1963 3273 biblica,
1996 3220 2090 3261 ea-

2210 3205 2261 3261 p.
2294 3190 2437 3242 226:
2471 3184 2578 3239 Κᾶν
2605 3186 2821 3262 ἑτέρους
2879 3182 2983 3241 ἴδω
3044 3187 3337 3260 μεθύοντας
3382 3184 3441 3241 ἐκ
3468 3185 3656 3254 πότου,
3682 3179 3828 3259 διαβ-

434 3305 553 3361 que
607 3290 912 3362 frequens.
964 3291 1109 3349 Vide
1166 3310 1265 3366 pp.
1323 3295 1447 3363 187,
1505 3295 1632 3363 218,
1687 3298 1729 3349 t.
1779 3294 1849 3361 II,
1880 3296 2095 3366 p.115,

440 3379 599 3436 Psal.
630 3397 738 3447 cvr,
773 3384 863 3440 10.

505 3471 644 3543 Pag.
682 3472 804 3540 131,
840 3474 928 3529 16.
988 3473 1185 3529 Monet
1242 3476 1575 3545 opportune
1624 3474 1747 3530 .lac.
1789 3472 1999 3531 Billius
2032 3472 2095 3531 in
2136 3464 2148 3499 ³

376 3570 381 3575 '
431 3559 637 3617 Allatii
671 3560 745 3616 ad
793 3562 1085 3618 Joannem
1133 3564 1403 3619 Damasc.
1457 3563 1906 3637 Prolegomenis
1946 3564 2093 3635 §41»,

434 3655 631 3708 totum
658 3653 819 3709 hunc
848 3653 923 3710 de
953 3653 1228 3711 libertate
1250 3654 1481 3711 arbitrii
1504 3655 1702 3711 locum
1724 3672 1854 3711 esse
1876 3655 1951 3711 ad
1971 3673 2097 3713 ver
2143 3670 2150 3681 ‘

375 3773 383 3781 ι
433 3739 579 3797 bum
626 3743 1058 3815 transcriptum
1090 3759 1161 3800 ex
1203 3744 1557 3801 Damasceni
1588 3744 1759 3799 libris
1790 3746 1865 3801 De
1893 3744 2093 3801 ortho-

439 3830 592 3887 doxa
618 3832 745 3902 ﬁde.
776 3863 847 3876 --
878 3835 964 3890 19.
997 3834 1063 3889 In
1085 3833 1217 3890 loco
1246 3834 1498 3891 obscuro
1521 3834 1812 3890 exhibebo
1842 3835 2092 3891 varieta-

435 3923 561 3977 tem
584 3921 717 3978 cdd.
751 3928 819 3965 '—
849 3922 947 3977 Καὶ
1001 3920 1157 3987 αὖθις
1213 3922 1388 3996 αὖτιξο
1449 3922 1561 3999 έστῖ
1608 3923 1773 3999 νοερᾶ
1815 3944 1902 3986 τις
1936 3922 2096 3995 κίνη-

370 4090 371 4093 η
434 4028 521 4072 mc
550 4012 742 4087 ψυχῆς
772 4010 1136 4089 αὐτοκρατής.
1168 4016 1298 4072 Mox
1329 4012 1553 4071 omittit
1574 4012 1611 4083 ἢ
1647 4011 1936 4089 βοόλευσις
1968 4014 2095 4093 ὀρι-

433 4100 600 4170 κτικὴ
628 4103 738 4157 τῶν
768 4101 852 4183 ἐφ’
880 4103 1042 4177 ἡμῖν.

374 4208 377 4211 ·
510 4193 650 4266 Pag.
684 4195 808 4267 132,
840 4194 896 4254 8.
950 4197 1021 4265 A,
1071 4189 1254 4259 οὐδεὶς
1300 4194 1402 4271 γὰρ
1449 4215 1647 4273 προκρ.
1679 4228 1750 4240 -
1778 4199 1831 4254 9.
1868 4195 1935 4267 C,
1964 4195 2095 4252 sine

508 4376 647 4449 Pag.
682 4375 805 4433 136.
838 4378 1081 4434 Maneor
1108 4393 1144 4434 a
1175 4377 1297 4435 viro
1328 4378 1574 4437 doctiss.
1605 4378 2093 4453 Reiskianaa,qua

437 4474 585 4519 usus
638 4480 797 4535 sum,
826 4466 1225 4527 observationi
1268 4468 1341 4527 de
1389 4464 1886 4547 πρωτοσυμϐούλῳ
1915 4487 2091 4545 posse

440 4554 792 4611 contradici.

512 4643 651 4716 Pag.
683 4646 808 4713 155,
840 4648 928 4704 17.
960 4646 1044 4704 De
1094 4645 1327 4727 μυηθεὶς
1381 4649 1514 4707 vide
1564 4667 1624 4725 p.
1664 4652 1790 4715 269.
1824 4649 1908 4710 Cf.
1942 4656 2087 4725 etp.

438 4731 566 4803 363,
598 4733 685 4792 ιι.
1231 4741 1241 4751 -
1546 4740 1547 4743 γ

510 4825 648 4897 Pag.
685 4825 808 4892 156,
838 4827 890 4881 3.
923 4826 985 4896 C,
1038 4822 1313 4883 διακονίαν
1364 4831 1470 4904 μοῦ
1515 4826 1900 4906 πεπλήρωκαε
1933 4828 2091 4887 conf.

418 4928 541 4987 ,pp.
574 4912 700 4983 330,
732 4916 800 4984 6;
859 4916 985 4985 355,
1034 4917 1122 4974 17.
1176 4918 1333 4974 Dixit
1382 4936 1441 4992 p.
1501 4924 1622 4989 177,
1682 4923 1774 4991 20,
1819 4916 2093 4975 διακονίαν

436 4999 715 5060 τετέλεκα.

512 5094 649 5167 Pag.
684 5094 807 5152 157.
840 5094 1005 5154 Adde
1034 5096 1269 5153 Pantin.
1326 5097 1399 5155 de
1457 5095 1737 5177 σφραγῖδι,
1770 5115 1875 5155 seu
1903 5098 2099 5172 bapti-

439 5199 591 5252 smo,
624 5184 699 5239 ad
730 5185 907 5242 Basil.
942 5185 1170 5243 Seleuc.
1203 5205 1261 5259 p.
1303 5188 1428 5248 383.

512 5274 651 5347 Pag.
686 5276 811 5344 160,
845 5277 931 5330 12.
965 5276 1130 5332 Conf.
1164 5294 1223 5349 p.
1256 5280 1381 5334 287.

394 5366 399 5371 ’
515 5363 653 5435 Pag.
688 5364 809 5420 186.
837 5363 1015 5429 Infra,
1035 5366 1266 5422 scilicet
1296 5384 1353 5439 p.
1380 5368 1509 5423 217.
1531 5367 1688 5441 Ignis
1718 5367 1937 5423 inferni
1956 5367 2099 5441 psine

390 5514 395 5521 ,
446 5450 715 5508 claritate
746 5454 853 5529 πῦρ
882 5453 1068 5537 ,φωτὸς
1097 5451 1228 5531 δίχα
1259 5456 1456 5514 dictus
1486 5462 1578 5515 est
1607 5458 1680 5515 ab
1704 5462 1945 5515 auctore
1973 5476 2099 5515 ver-

450 5554 625 5598 suum
655 5540 1114 5625 nonnullorum,
1144 5562 1315 5619 quos,
1347 5563 1484 5621 cum
1537 5546 1795 5604 ineditos
1828 5565 1958 5605 esse
1987 5566 2101 5623 pu-

2146 4497 2194 4565 D

2205 3276 2478 3353 ῥήγνυμαι
2536 3280 2617 3350 τῷ
2672 3275 2877 3355 φθόνῳ.
2939 3277 3082 3337 Cod.
3160 3282 3321 3349 3017,
3369 3275 3654 3338 πεθῦοντας
3710 3273 3834 3329 ἀνα-

2202 3362 2436 3430 λύοντας
2460 3363 2521 3421 ἔκ
2550 3387 2611 3425 π.
2638 3382 2653 3424 :
2686 3367 2868 3439 idque
2898 3374 3082 3439 recte,
3113 3374 3280 3441 puto.

2274 3457 2411 3531 Pag.
2445 3459 2571 3528 236,
2604 3458 2657 3513 8.
2685 3457 2747 3526 C,
2768 3453 3138 3516 καταδικάσω.

2275 3554 2405 3623 Pag.
2438 3552 2566 3617 250,
2598 3552 2651 3604 5.
2684 3548 2980 3617 Ouzelius,
3031 3549 3145 3606 hoc
3187 3548 3319 3605 loco
3369 3564 3513 3606 usus
3562 3548 3633 3605 ad
3663 3547 3848 3603 Minu-

2201 3638 2362 3696 cium
2411 3656 2511 3711 pp.
2562 3640 2687 3709 164,
2742 3640 2862 3707 174,
2912 3644 3083 3695 notat
3126 3638 3379 3695 vitulum
3428 3655 3558 3695 esse
3606 3637 3679 3693 de
3708 3637 3845 3692 bove

2200 3729 2312 3802 Api
2343 3727 2700 3801 capiendum
2726 3746 2741 3795 ;
2774 3727 2879 3784 sed
2908 3745 3107 3786 errare
3128 3734 3455 3797 auctorem,
3482 3730 3583 3801 qui
3607 3744 3845 3801 porcum

2200 3820 2362 3877 inter
2398 3819 2683 3876 animalia
2730 3820 2903 3891 ponit
2947 3819 3020 3876 ab
3067 3821 3352 3894 Egyptiis
3381 3820 3562 3889 culta,
3595 3821 3848 3892 citatque

2200 3910 2514 3967 commode
2538 3908 2777 3967 Alliam.
2809 3911 2877 3964 H.
2910 3911 2979 3968 A.
3025 3927 3085 3980 x,
3136 3910 3223 3967 16.
3258 3909 3423 3967 Adde
3455 3909 3735 3966 Herodot.
3769 3912 3849 3977 11,

2199 4002 2293 4072 47,
2324 4018 2462 4057 cum
2493 4005 2637 4057 nota
2664 3999 2963 4056 Larcheri.

2270 4094 2409 4164 Pag.
2441 4092 2567 4161 255,
2600 4092 2652 4145 8.
2686 4089 2771 4148 Cf.
2801 4107 2861 4162 p.
2890 4089 3012 4161 168,
3046 4106 3107 4147 ιι.
3142 4092 3193 4147 1.

2271 4182 2410 4254 Pag.
2442 4183 2569 4248 256,
2606 4180 2689 4236 16.
2744 4178 3019 4239 Eumath.
3069 4180 3272 4252 Hysm.
3322 4197 3377 4246 ν,
3425 4197 3483 4253 p.
3519 4182 3661 4237 161:
3694 4176 3851 4237 Οὕτω

2196 4269 2297 4339 τὴν
2330 4266 2507 4340 καλὴν
2548 4266 2776 4345 ἐξῆλθον
2818 4266 3247 4343 ,Δύλίκωμιννη
3296 4265 3853 4345 ὡςβολυμπιονίκης

2197 4358 2289 4415 καὶ
2319 4360 2543 4430 νινήσας
2598 4352 2661 4413 τὸ
2717 4355 3043 4423 πένταθλον.
3103 4358 3322 4431 Scripsi
3384 4359 3471 4415 sic
3524 4358 3589 4413 τὸ
3644 4378 3707 4417 π.
3750 4377 3853 4433 pro

2199 4450 2360 4507 edito
2386 4448 2480 4503 τὸν
2506 4449 2683 4518 «tvm,
2733 4464 2879 4504 usus
2929 4447 3192 4505 lectione
3237 4464 3422 4520 quam
3449 4464 3481 4504 e
3510 4447 3687 4505 codd.
3722 4467 3855 4524 pro-

2199 4539 2339 4596 tulit
2366 4539 2581 4613 Bassus
2611 4556 2671 4610 p.
2703 4539 2811 4593 282
2836 4537 3129 4594 versionis
3158 4537 3410 4611 gallicas.

2269 4631 2409 4701 Pag.
2442 4629 2569 4696 257,
2604 4630 2692 4687 17.
2719 4627 2806 4682 Cf.
2837 4644 2897 4699 p.
2933 4630 3057 4698 152,
3084 4645 3146 4684 n.
3179 4629 3235 4684 4.

2272 4728 2410 4799 Pag.
2438 4728 2565 4793 269,
2599 4727 2685 4782 14.
2717 4725 3066 4784 Philotheus
3092 4726 3353 4785 Fabricii
3382 4727 3526 4784 Bibl.
3550 4727 3656 4805 Gr.
3690 4732 3735 4785 ι.
3760 4729 3859 4801 XI,

2201 4834 2261 4890 p.
2294 4818 2437 4872 516:
2468 4814 2802 4891 Τυραννικόν
2834 4835 2889 4869 τι
2917 4812 3008 4871 καὶ
3042 4812 3218 4890 βίαιον
3247 4812 3409 4891 ἔρως,

2276 4926 2413 4999 Pag.
2449 4927 2574 4980 277.
2608 4924 2774 4981 Plato
2804 4924 2991 4997 Epist.
3023 4925 3184 5003 inter
3211 4910 3543 5005 Socraticas
3570 4928 3678 5005 25:
3712 4926 3865 4983 Ἐπεὶ

2206 5011 2265 5069 δὲ
2293 5012 2382 5067 καὶ
2417 5012 2566 5089 ἆρχή
2622 5010 2725 5079 τῆς
2780 5012 3037 5088 γνώσεως
3079 5000 3169 5091 ἀφ’
3221 5000 3385 5086 ἡμῶν
3416 5000 3651 5091 γέγονε,
3679 5012 3870 5075 καλῶς

2206 5101 2356 5159 ἔχειν
2388 5100 2547 5177 οἶμαι
2574 5102 2664 5157 καὶ
2695 5106 2786 5160 νῦν
2821 5099 3005 5174 ὥσπερ
3039 5090 3194 5161 478
3238 5102 3424 5179 ἑτέραν
3455 5090 3635 5180 ἀρχὴν
3667 5090 3873 5160 ποιού-

2211 5212 2396 5268 μενος,
2452 5190 2830 5269 παρακαλέσαι
2918 5192 3056 5269 πρὸς
3139 5192 3239 5261 τήν
3299 5182 3620 5268 ἐπιμέλειαν
3677 5191 3871 5251 αὐτοῦ.

2208 5284 2366 5339 Bene
2418 5282 2604 5340 codex
2655 5285 2812 5355 1760,
2859 5272 3234 5357 παρακαλέσαι
3285 5301 3364 5337 σε·
3412 5285 3519 5356 qui
3567 5289 3629 5341 et
3655 5283 3869 5351 beneﬁ

2210 5378 2347 5430 ante
2368 5370 2549 5447 ἅρχήν
2573 5372 2832 5429 exhibet.
2856 5371 3024 5438 Quod
3046 5378 3105 5428 et
3125 5372 3207 5429 ibi
3231 5373 3659 5447 scriptum-est,
3682 5371 3874 5429 ποιού-

2213 5479 2372 5535 μενος
2401 5458 2726 5529 συστάσεως,
2754 5479 2876 5518 ιιοιι
2910 5452 3209 5536 displicet.

2282 5555 2417 5629 Pag.
2466 5552 2594 5621 278,
2639 5555 2727 5609 22.
2788 5542 3027 5619 Prwivit
3074 5538 3559 5635 Gregorius'NaL-
3586 5558 3742 5612 orat.
3775 5556 3867 5625 40,

400 5704 413 5727 ί
445 5633 591 5705 tem,
623 5624 956 5693 describam
988 5649 1020 5691 e
1050 5634 1254 5693 codice
1301 5636 1461 5708 1630,
1492 5639 1709 5712 p.’137,
1741 5640 1794 5697 σι.
1827 5622 2090 5711 (litusve.

2210 5658 2270 5718 Ρ.
2301 5622 2528 5716 643,Ἱ;
2583 5636 2759 5699 ’Δλλᾶ
2812 5638 2904 5697 καὶ
2960 5622 3219 5724 γραφῶν*
3241 5637 3508 5719 ἔμπειρος
3560 5642 3589 5699 ὁ
3627 5622 3865 5721 λῃστής.
