4120 6394
277 509 403 568 ιω

1638 500 1698 556 s.
1732 471 2037 557 Anrnuu
2073 467 2341 554 maio.

3546 453 3688 554 425i

275 635 440 691 ὁτότι
469 631 657 705 καιρὸς
685 628 902 704 ἀπῄτει,
946 631 1035 686 καὶ
1063 631 1136 694 ὡς
1183 632 1303 705 εἶχε
1357 626 1656 702 δυνάμεως,
1690 617 1913 702 ἔγραψε,

2033 609 2206 695 quam
2240 607 2496 678 maxime
2529 622 2811 692 confusis,
2847 621 2899 680 ei
2930 611 3107 696 prout
3135 619 3285 679 vires
3319 615 3372 678 ei
3404 627 3682 695 suppete-

273 720 460 796 πολλῷ
518 716 741 794 θορύϐῳ
789 719 880 776 καὶ
949 725 1132 796 ταρχῇ
1194 725 1296 776 τῶν
1372 718 1496 773 τότε
1574 718 1911 793 πραγμάτιον

273 814 667 890 συνεχομένων.
701 811 778 869 Οὐ
815 813 908 885 μὶν
959 813 1048 867 οῦν
1105 807 1231 867 οὐδὲ
1282 809 1443 872 αὐτός
1469 829 1551 871 τις
1583 809 1648 878 ἦν
1680 812 1786 863 τῶν
1821 827 1914 862 πε-

273 900 665 979 ριεσκεμμένων
722 920 782 954 τι
837 900 928 954 καὶ
989 901 1109 976 περὶ
1173 898 1372 975 λόγους
1441 894 1862 953 ἐσπουδακότων
1898 937 1913 964 ,

272 990 388 1048 ἀλλ’
420 990 630 1054 ἀτελοῦς
673 1010 756 1052 τις
787 989 877 1044 καὶ
927 988 1216 1065 ἆπὲριττος
1279 989 1453 1062 μόνης
1507 994 1610 1057 τῆς
1657 985 1918 1056 ἀληθείας

271 1082 660 1160 πεφροντικὼς,
691 1079 780 1134 καὶ
811 1079 872 1136 τὸ
923 1078 1098 1156 λεγειν
1153 1078 1304 1142 ὅπως
1353 1079 1442 1134 οὗν
1479 1075 1911 1152 στοχαζόμενος·

272 1172 520 1228 καὶκατὰ
574 1170 674 1238 τὴν
731 1167 1057 1244 παροιμίαν,
1115 1164 1266 1242 ἄκρῳ
1327 1164 1582 1240 δακτόΛῳ
1637 1171 1737 1236 τῆς
1767 1165 1913 1240 ἱερᾶς

269 1265 369 1317 τῶν
405 1260 584 1338 λόγων
618 1255 866 1321 παιδείας
899 1259 1202 1334 ἁψάμενος.

336 1440 402 1514 β’.
433 1439 637 1513 Ὥσπερ
671 1438 760 1493 οῦν
793 1438 921 1494 οὐδὲ
966 1439 1129 1502 αὐτὸς
1177 1439 1285 1518 ἐγὼ
1340 1439 1649 1518 ἀρκούντως
1681 1437 1796 1518 ἔχω
1824 1439 1918 1495 καὶ

267 1531 458 1592 ἱκανῶς
487 1529 626 1604 πρὸς
673 1529 775 1599 τήν
835 1528 931 1584 τοῦ
993 1529 1165 1604 λόγου
1224 1528 1500 1607 διήγησιν,
1563 1531 1916 1596 κᾶνὸπόθος

265 1623 357 1674 τοῦ
389 1617 661 1694 μάρτυρος
688 1617 943 1683 καθέλκει
973 1621 1062 1674 καὶ
1088 1626 1337 1696 τυραννεῖ
1395 1642 1499 1694 μου
1530 1622 1620 1676 τὸν
1651 1620 1914 1696 λογισμὸν

267 1710 516 1784 καὶπρὸς
564 1709 626 1764 τὸ
687 1707 864 1784 λέγειν
930 1710 1193 1786 βιάζεται,
1251 1710 1528 1776 ἐπαινετὸς
1577 1713 1760 1784 μέντοι
1819 1715 1916 1778 τῆς

266 1797 570 1872 προθυμίας
608 1797 698 1853 καὶ
757 1805 854 1868 τῆς
915 1796 1038 1870 περὶ
1093 1799 1184 1854 τὸν
1245 1802 1492 1876 μάρτυρα
1543 1802 1801 1873 πίστεως,
1831 1803 1914 1856 ὅτι

266 1887 357 1943 κᾶν
392 1889 644 1944 ὁπωσοῦν
675 1885 976 1962 ἰτόλμησεν
1008 1886 1238 1964 ἅψασθαι
1277 1897 1378 1960 τῆς
1424 1891 1548 1967 περὶ
1595 1892 1658 1947 τὸ
1709 1891 1914 1966 μαρτύ-

267 1994 377 2051 ριον
429 1979 598 2033 αὐτοῦ
655 1975 982 2052 διηγήσεως,
1035 1980 1272 2052 μάλιστα
1327 1983 1423 2034 τοῦ
1472 1981 1777 2037 ἀποστάτου
1826 1980 1914 2036 καὶ

267 2063 490 2130 ἀσεϐοῦς
543 2065 845 2124 Ἰουλιανοῦ
911 2067 1373 2144 παραγγείλαντος
1429 2074 1546 2132 τοῖς
1604 2069 1915 2144 ἀλισκομί-

267 2179 379 2220 νοις
412 2157 500 2212 ἰπὶ
530 2158 592 2212 τὸ
621 2161 717 2212 τοῦ
773 2159 1009 2232 Χριστοῦ
1045 2158 1339 2234 μαρτύριον
1404 2161 1543 2233 μήτε
1594 2161 1917 2234 ὑπόμνημα,

266 2249 414 2322 [342]
449 2248 589 2321 μήτε
646 2244 824 2319 ἄλλην
850 2247 949 2317 τὴν
1011 2248 1222 2303 οἱανοῦν
1257 2253 1525 2312 ποιεῖσθαι
1575 2248 1918 2327 ἀναγραφὴν,

261 2339 446 2401 καθὼς
476 2337 527 2390 οἱ
559 2335 822 2412 πρότερον
862 2339 1105 2412 βασιλεῖς
1148 2337 1569 2411 ἐνομοθέτησαν,
1615 2337 1762 2394 ἀλλὰ
1789 2338 1916 2402 τοὺς

262 2427 521 2489 πλείονας
581 2427 760 2482 αὐτῶν
822 2425 1276 2502 ἀναπολογήτους
1322 2425 1686 2493 ἀπόλλυσθαιο
1723 2427 1918 2485 τούτου

260 2521 358 2572 τοῦ
426 2515 889 2592 παραγγέλματος
975 2517 1284 2592 πανταχόσε
1366 2521 1866 2594 καταφοιτήσαντος
1903 2562 1919 2588 ,

263 2604 592 2674 ἐκολάζοντο
630 2605 724 2678 μὲν
760 2606 811 2660 οἱ
857 2607 951 2662 τὸν
1009 2607 1238 2682 Χριστὸν
1297 2606 1724 2682 ὁμολογοῦντες
1785 2608 1920 2663 κατὰ

263 2693 320 2751 δὲ
348 2697 412 2750 τὸ
442 2698 678 2767 κρατοῦν
715 2692 855 2766 ἔθος,
889 2693 1067 2758 οὐδεὶς
1115 2696 1225 2750 τῶν
1274 2694 1333 2750 ἐκ
1359 2700 1456 2751 τοῦ
1489 2694 1671 2770 δήμου
1717 2718 1919 2771 κομεν-

259 2785 546 2860 ταρισίων,
609 2787 644 2856 ἢ
689 2789 799 2841 τῶν
862 2784 1176 2860 Λεγομὲνων
1230 2789 1618 2863 ταχυγράφων,
1659 2787 1916 2864 πρόνοιαν

266 2873 507 2931 ἐποιεῖτο
538 2872 699 2931 τοῦδε
753 2879 854 2930 τοῦ
905 2874 1386 2952 παραγγέλματος.
1448 2876 1782 2948 Ἐσποόδαζε
1813 2879 1917 2954 γάρ

267 2966 295 3020 ὁ
335 2966 659 3040 παράνομας
716 2964 806 3020 καὶ
868 2965 1036 3034 αὐτὴν
1095 2969 1203 3020 τῶν
1265 2965 1554 3042 μαρτύρων
1609 2966 1917 3042 ἰξαφανίσαι

263 3057 363 3126 τήν
401 3053 667 3114 εὔκλειαν.
722 3054 894 3119 Νόλις
952 3055 1043 3111 οῦν
1098 3076 1238 3120 τινες
1293 3054 1343 3112 ὲν
1407 3061 1655 3135 ζοφεροῖς
1688 3078 1794 3114 τισι
1827 3057 1918 3113 καὶ

265 3143 543 3219 ἆΛαμπὲσι
611 3144 802 3208 τόποις
857 3146 1409 3223 κατακρυπτόμενοι,
1482 3147 1746 3204 τοιούτων
1825 3147 1920 3226 ἐφ-

262 3235 524 3299 άπτεσθαι
557 3231 808 3309 ἐτόλμων
855 3237 1294 3310 ὑπομνημάτων,
1319 3238 1418 3306 τήν
1468 3241 1567 3293 τοῦ
1595 3242 1921 3313 κρατοῦντος

262 3321 638 3398 δεδιττόμενοι
690 3324 1024 3401 ἀγριότητα.
1080 3324 1294 3382 Πολλαὶ
1356 3327 1450 3400 μὶν
1507 3325 1596 3382 οῦν
1659 3325 1917 3404 μυριάδες

2024 713 2187 784 bant,
2221 712 2370 767 illud
2401 714 2774 785 conscripsit.
2816 716 3014 786 Neque
3044 729 3182 768 vero
3233 713 3358 785 ipse
3410 718 3683 785 comptus

2027 804 2170 860 satis
2220 809 2322 858 aut
2370 803 2441 858 de
2492 803 2779 859 orationis
2835 803 3140 876 leporibus
3181 801 3472 858 sollicitus
3533 806 3680 871 erat,

2025 893 2130 949 sed
2163 893 2414 964 simplex
2439 898 2498 948 et
2527 893 3060 962 inornatus,solius
3087 893 3353 950 veritatis
3384 892 3680 962 curiosus,

2025 985 2170 1040 satis
2227 982 2481 1039 habebat
2539 999 2664 1038 rem
2715 983 2968 1040 candide
3027 999 3383 1055 proponere,
3418 986 3475 1038 et
3506 983 3684 1054 juxta

2023 1073 2401 1146 proverbium
2434 1089 2666 1129 summo
2701 1072 2880 1146 digito
2914 1089 3144 1129 sacram
3177 1089 3524 1129 sermonum
3549 1088 3684 1128 eru-

2024 1165 2318 1222 ditionem
2347 1163 2662 1237 attingere.

2097 1443 2150 1495 2.
2184 1439 2696 1507 Quemadmodum
2720 1438 2900 1512 igitur
2928 1454 3121 1510 neque
3146 1454 3249 1511 ego
3284 1437 3590 1496 sufficiens
3622 1439 3682 1496 et

2027 1531 2278 1586 idoneus
2312 1547 2443 1586 sum
2493 1530 2754 1585 historia:
2805 1529 2978 1603 digne
3036 1528 3339 1596 texendae;
3391 1528 3531 1584 licet
3585 1546 3680 1585 me

2025 1638 2196 1677 meus
2242 1619 2303 1676 in
2347 1626 2669 1694 martyrem
2696 1638 2863 1677 amor
2920 1619 3166 1690 alliciat,
3199 1618 3260 1676 in
3291 1617 3542 1675 consilio
3575 1635 3683 1676 ca-

2026 1712 2245 1785 piendo
2279 1712 2511 1785 subigat
2538 1717 2716 1783 atque
2738 1711 2812 1766 ad
2835 1710 3156 1766 dicendum
3197 1713 3388 1783 cogat,
3430 1709 3685 1766 laudan-

2026 1802 2139 1858 dus
2174 1806 2371 1859 tamen
2405 1807 2463 1858 et
2489 1808 2732 1874 propter
2762 1801 3024 1857 studium
3057 1805 3116 1856 et
3146 1799 3326 1856 ﬁdem
3367 1799 3429 1854 in
3461 1805 3686 1871 marty~

2023 1908 2154 1947 rem
2186 1891 2466 1963 antiquus
2516 1891 2640 1959 ille,
2682 1891 2784 1964 qui
2834 1890 3213 1963 quantumvis
3259 1889 3471 1945 leviter
3501 1905 3684 1947 ausus

1947 2011 1996 2077 Β
2026 1982 2104 2036 sit
2135 1981 2402 2054 martyrii
2435 1981 2566 2054 ejus
2605 1981 2912 2037 historiam
2962 1981 3293 2055 attingere;
3341 1980 3676 2053 praesertim

2029 2072 2171 2143 quia
2198 2076 2467 2144 apostata
2495 2077 2552 2127 et
2583 2071 2801 2144 impius
2841 2070 3111 2127 Julianus
3157 2069 3486 2127 sanciverat
3513 2085 3589 2127 ne
3620 2068 3682 2125 in

2028 2161 2380 2217 memoriam
2404 2177 2609 2216 eorum
2633 2161 2734 2232 qui
2754 2177 2857 2233 pro
2889 2160 3123 2215 Christo
3147 2159 3498 2230 martyrium
3522 2156 3682 2231 passi

2030 2253 2251 2318 essent,
2284 2254 2738 2305 monumentum
2761 2249 3087 2322 erigeretur
3109 2252 3210 2304 aut
3230 2247 3686 2318 qualiscumque

2029 2339 2514 2396 conscriberetur
2553 2339 2822 2407 historia,
2875 2354 3055 2410 quam
3087 2337 3277 2410 legem
3301 2338 3429 2409 jam
3456 2342 3686 2392 veteres

2030 2430 2422 2502 imperatores
2460 2429 2741 2495 tulerant,
2793 2428 2896 2483 sed
2944 2427 3211 2482 voluerat
3241 2427 3557 2498 plerosque
3588 2442 3686 2482 eo.

2029 2536 2164 2575 rum
2223 2519 2507 2592 inglorios
2566 2517 2782 2590 perire.
2837 2519 2961 2583 Qua
3008 2515 3410 2589 prohibitione
3464 2515 3687 2587 ubique

2027 2609 2421 2682 promulgata,
2454 2608 2858 2681 puniebantur
2897 2606 3138 2679 quidem
3191 2605 3408 2661 Christi
3453 2605 3687 2662 confes-

2029 2716 2193 2755 sores
2218 2716 2232 2767 ;
2260 2698 2362 2754 sed
2390 2699 2563 2770 juxta
2593 2698 2886 2770 vigentem
2935 2697 3151 2768 legem,
3203 2711 3380 2751 nemo
3413 2712 3443 2751 e
3489 2694 3684 2767 publi-

2029 2791 2114 2845 cis
2145 2786 2786 2844 commentariensibus
2819 2791 2922 2841 aut
2951 2786 3025 2841 iis
3056 2786 3158 2857 qui
3189 2785 3470 2840 dicuntur
3495 2786 3676 2855 (ac/zy-

2030 2879 2257 2950 graphi,
2289 2879 2500 2933 horum
2525 2877 2789 2932 historias
2833 2892 3036 2931 curam
3068 2874 3323 2932 habebat
3346 2875 3438 2946 (3).
3475 2874 3686 2931 Stude-

2029 2967 2132 3024 bat
2161 2966 2322 3023 enim
2354 2966 2678 3038 imperator
2701 2964 2992 3022 scelestus
3013 2970 3342 3038 martyrum
3372 2964 3463 3021 vel
3493 2964 3685 3036 ipsam

2028 3055 2277 3130 gloriam
2311 3054 2641 3112 eliminare.
2674 3055 2842 3126 Egre
2874 3052 3052 3127 igitur
3087 3053 3294 3125 aliqui,
3325 3070 3446 3125 prae
3470 3054 3684 3110 timore

2029 3147 2244 3204 ferocis
2274 3147 2586 3219 principis,
2617 3145 2678 3200 in
2711 3143 3048 3201 tenebrosis
3080 3142 3440 3216 quibusdam
3471 3141 3685 3200 obscu-

2026 3238 2227 3309 risque
2259 3236 2407 3292 locis
2441 3236 2882 3302 delitescentes,
2915 3232 3259 3305 hujusmodi
3309 3233 3683 3288 narrationes

2027 3327 2315 3400 attingere
2339 3325 2657 3384 audebant.
2679 3323 2859 3380 Multa
2885 3340 3022 3396 ergo
3053 3323 3525 3381 Christianorum
3548 3322 3684 3380 mil-

261 3414 368 3469 ἀνά
423 3418 592 3468 πᾶσαν
648 3416 747 3483 τήν
810 3414 1139 3489 οἰκουμένην
1218 3421 1324 3471 τῶν
1397 3417 1736 3493 Χριστιανῶν
1789 3439 1917 3473 κατ-

2033 3417 2109 3473 lia
2134 3433 2241 3490 per
2277 3417 2624 3472 universum
2673 3413 2879 3470 orbem
2932 3419 3190 3468 mortem
3240 3412 3577 3486 subierunt,
3611 3429 3686 3468 ne

255 3507 614 3580 εφθείροντο,
674 3502 818 3576 μηδὶ
877 3510 1006 3578 μιᾶς
1053 3526 1201 3568 τινος
1243 3505 1381 3562 κατὰ
1423 3506 1487 3562 τὸ
1535 3511 1764 3582 κρατοῦν
1798 3505 1920 3573 ἔθος

257 3595 577 3668 ἀξιούμενοι
631 3592 969 3671 ἐρωτήσεως
1027 3594 1176 3651 ἀλλὰ.
1227 3599 1390 3651 τοῦτο
1443 3597 1538 3670 μὲν
1573 3595 1724 3652 οὐδὲν
1777 3618 1920 3672 παρ-

261 3677 474 3755 ἐϐλαψε
527 3680 653 3746 τοὺς
714 3681 954 3754 ἀθλητάς
1009 3687 1106 3738 τοῦ
1164 3688 1420 3760 Χριστοῦ,
1473 3686 1536 3740 τὸ
1592 3687 1667 3758 μή
1729 3691 1920 3761 τυχεῖν

265 3771 690 3847 ὑπομνήματος·
727 3773 799 3827 ὧν
857 3774 958 3849 γὰρ
1015 3773 1083 3829 τὰ
1133 3773 1376 3847 ὀνόματα
1427 3772 1479 3830 ἰν
1514 3773 1763 3850 οὐρανοῖς
1793 3775 1922 3838 Θεὸς

265 3861 634 3939 ἀπεγράφετο,
663 3859 895 3935 οὐδεμία
949 3884 1031 3925 τις
1084 3865 1150 3934 ἦν
1200 3863 1362 3940 χρεία
1416 3869 1522 3920 τῶν
1554 3867 1680 3940 παρ’
1711 3865 1924 3942 ἀνθρώ-

264 3971 397 4014 ποις
429 3950 862 4024 ὑπομνημάτων.
896 3951 1077 4010 Ἀλλὰ
1106 3954 1228 4028 περὶ
1273 3954 1367 4028 μὲν
1398 3953 1605 4010 τούτων
1636 3953 1777 4018 ἅλις.

334 4042 400 4114 γ’.
437 4041 579 4116 Ἐγὼ
621 4037 698 4113 δὲ,
732 4042 776 4096 ὦ
833 4042 953 4117 ἰερᾶ
1010 4045 1336 4119 πανήγυρις,
1393 4043 1482 4100 καὶ
1525 4046 1761 4120 Χριστοῦ
1794 4043 1925 4108 λαὸς

260 4128 704 4199 θεοσόλλεκτος,
773 4128 925 4196 ἔθνος
1009 4132 1159 4208 ἅγιον
1246 4132 1334 4188 καὶ
1412 4133 1687 4209 βασίλειον
1773 4134 1922 4209 ἱερά-

254 4241 459 4293 τευμα,
502 4218 741 4283 πολλοῖς
801 4220 1042 4296 ἐντυχὼν
1103 4224 1508 4299 συγγράμμασι,
1545 4224 1635 4279 καὶ
1687 4223 1924 4298 μάλιστα

251 4315 370 4365 τῶν
397 4310 493 4371 τάς
526 4311 770 4383 ἱστορίας
813 4312 902 4367 καὶ
961 4313 1178 4386 πράξεις
1230 4317 1338 4368 τῶν
1404 4313 1675 4390 βασιλέων
1734 4337 1926 4371 συντα-

254 4400 530 4468 ξαμένων,
563 4393 749 4453 ἔπειτα
806 4398 862 4456 δὶ
919 4401 1008 4455 καὶ
1061 4406 1167 4456 τῶν
1211 4403 1336 4476 περί
1393 4405 1492 4474 τήν
1538 4403 1922 4476 ἐκκλησιαστι-

251 4488 364 4556 κήν
427 4486 665 4563 ἱστορίαν
729 4487 1172 4560 σπουδασάντων,
1227 4493 1318 4546 καὶ
1375 4494 1439 4549 τὸ
1493 4500 1590 4550 τοῦ
1649 4497 1924 4570 μάρτυρος

253 4576 436 4651 εὑρὼν
498 4572 676 4650 ὄνομα
728 4575 836 4633 ὦδε
893 4577 1110 4633 κᾶκεῖσε
1169 4577 1675 4658 διαθρυλλοόμενόν
1730 4606 1790 4642 τε
1834 4585 1926 4642 καὶ

2027 3507 2154 3563 ulla
2184 3506 2427 3578 quidem
2455 3510 2702 3578 propter
2727 3504 3021 3577 vigentem
3051 3502 3242 3576 legem
3282 3501 3572 3568 memoria
3601 3501 3687 3557 di-

2031 3597 2214 3670 gnati.
2248 3598 2464 3652 Verum
2493 3593 2838 3666 hujusmodi
2869 3593 3174 3648 memoriae
3205 3591 3454 3664 privatio
3488 3591 3686 3647 nulla-

2031 3693 2207 3742 tenus
2235 3685 2439 3740 nocuit
2460 3684 2674 3739 Christi
2693 3682 2952 3738 athletis.
2977 3684 3236 3748 Quorum
3251 3681 3412 3736 enim
3443 3680 3690 3736 nomina

2032 3777 2095 3832 in
2127 3775 2290 3831 caelis
2316 3776 2468 3830 Deus
2503 3772 2938 3842 conscribebat,
2969 3771 3137 3827 nulla
3173 3771 3405 3826 ratione
3457 3769 3689 3844 indige-

2032 3866 2177 3921 bant
2219 3864 2626 3921 monumentis
2670 3863 2826 3935 apud
2876 3861 3170 3917 homines.
3222 3860 3334 3915 Sed
3364 3860 3436 3916 de
3469 3859 3561 3916 his
3593 3875 3689 3914 sa-

2040 3956 2138 4022 tis,

2103 4047 2157 4098 3.
2191 4043 2502 4116 Equidem,
2537 4060 2570 4097 o
2602 4058 2772 4098 sacra
2814 4039 3188 4113 congregatio
3217 4039 3553 4110 Christique
3585 4054 3689 4109 po-

2034 4135 2172 4206 pule
2199 4151 2378 4207 quem
2410 4135 2562 4189 Deus
2607 4131 2866 4204 collegit,
2915 4147 3043 4201 gens
3086 4135 3278 4186 sancta
3307 4136 3357 4184 et
3385 4128 3568 4199 regale
3596 4144 3691 4183 sa-

2033 4231 2336 4286 cerdotium
2370 4232 2416 4296 ¹,
2448 4226 2639 4284 multa
2667 4232 2876 4282 nactus
2897 4225 3275 4291 documenta,
3308 4225 3563 4280 maxime
3594 4239 3687 4278 eo-

2035 4336 2169 4376 rum
2199 4319 2299 4389 qui
2331 4324 2456 4373 tum
2490 4317 2768 4373 historias
2795 4321 2852 4370 et
2880 4321 3044 4388 gesta
3075 4301 3504 4385 imperatorum
3534 4329 3692 4368 com-

2035 4413 2404 4482 posuerunt,
2468 4413 2593 4463 tum
2653 4405 3071 4461 ecclesiasticae
3129 4403 3392 4458 historia:
3446 4419 3688 4473 operam

2035 4498 2350 4567 dederunt,
2379 4503 2688 4552 etnomem
2710 4495 2990 4566 martyris
3008 4493 3318 4549 inveniens
3340 4492 3437 4548 hic
3467 4497 3526 4546 et
3546 4491 3689 4547 alibi

2037 4588 2404 4645 celebratum
2435 4586 2714 4660 idemque
2747 4585 3002 4651 illustre,
3036 4598 3271 4640 necnon
3318 4582 3508 4638 virum
3539 4597 3695 4656 prai-

1873 4746 2104 4800 ΝΟΤΕ.

339 4877 671 4958 g3)”'l‘extus.
691 4878 936 4958 graecus
968 4877 1051 4958 sic
1109 4880 1336 4958 habet:
1397 4879 1541 4937 Κατᾶ
1570 4878 1626 4936 δὲ
1675 4883 1739 4937 τὸ
1787 4903 1924 4958 κρα-

248 4944 567 5029 ⁸ξοῦνκέθος,
617 4945 798 5029 οὐδεὶς
849 4954 956 5004 τῶν
992 4949 1050 5005 ἐκ
1076 4956 1176 5029 τοῦ
1234 4949 1416 5026 δήμου
1465 4944 1921 5029 κομενταρισίὶυν,

251 5016 293 5085 ἢ
332 5022 470 5106 ~1th
521 5017 850 5106 λεγομὲνων
910 5016 1321 5106 ταχυγρήάφωνξ
1363 5016 1625 5100 πρόνοῖαν
1684 5016 1922 5081 ἐποιεῖτό

249 5092 424 5144 τοῦδε
451 5094 549 5166 τοῦ
579 5092 1266 5166 παραγγέλματοςξούω,
1291 5092 1348 5152 εἰ
1391 5092 1465 5154 ad
1489 5100 1748 5154 litteram
1793 5117 1922 5155 ver-

251 5168 490 5230 tantur,
517 5164 1038 5244 hocnsigniﬁcant:
1069 5168 1172 5244 sed
1190 5170 1363 5244 juxta
1384 5172 1677 5244 vigentem
1711 5172 1922 5244 legem,

250 5251 427 5290 nemo
455 5253 482 5289 ε
499 5237 738 5304 publicis
770 5237 1344 5313 comm‘entariensibus
1373 5237 1470 5297 aut
1501 5243 1568 5298 iis
1599 5246 1699 5313 qui
1727 5237 1928 5298 dicuné

253 5313 362 5379 tur
391 5323 793 5378 uenenum,
845 5309 1010 5378 hujus
1058 5312 1458 5379 prohibitionis
1505 5309 1776 5369 rationem
1817 5316 1924 5369 du-

251 5378 444 5430 cebat.
472 5408 542 5418 —
570 5379 682 5433 Sed
713 5396 888 5434 nemo
922 5397 1043 5436 non
1059 5378 1226 5438 ’videt
1266 5402 1509 5441 sensum
1541 5387 1698 5440 hunc
1731 5387 1928 5442 nulla-

253 5452 446 5527 tenus
479 5449 838 5527 hic_admitti
863 5470 1058 5527 posse.
1094 5457 1218 5510 Nan
1253 5459 1308 5510 1ο
1339 5458 1740 5512 Contradictio
1772 5463 1930 5513 esset

250 5519 330 5602 i‘n
357 5535 425 5602 eo
449 5519 607 5590 quod
630 5519 1206 5602 commentarienses
1229 5528 1402 5598 juxta
1418 5530 1712 5600 vigentem
1737 5531 1927 5602 legem

248 5590 341 5646 de
374 5591 500 5661 lege
522 5609 642 5671 non
666 5596 1022 5671 curaverint.
1057 5601 1115 5650 2°
1135 5590 1316 5654 Docet
1337 5590 1543 5655 auctor
1563 5602 1623 5655 in
1644 5590 1928 5671 prmsénti

243 5665 638 5751 paragrapho
672 5667 1025 5751 memoriam
1058 5676 1505 5751 martyrum__ex
1550 5665 1661 5727 hac
1708 5675 1926 5728 Iuliani

239 5735 668 5817 prohibitione
702 5739 1104 5817 oblitteratam
1149 5735 1352 5817 fuisse.
1379 5745 1510 5817 Hoc
1539 5751 1736 5799 autem
1785 5747 1926 5800 inde

297 5810 542 5863 revenit
565 5811 728 5880 quod
777 5810 1001 5889 publici
1047 5815 1396 5889 notarii,ia_d
1435 5818 1598 5873 hanc
1628 5817 1927 5889 vigentem

275 5893 460 5954 egem
491 5897 620 5942 sese
653 5885 1198 5962 accommodantes,
1222 5887 1376 5946 nihil
1397 5889 1557 5948 circa
1595 5885 1928 5964 martyrum

2035 4885 2364 4942 certamina
2385 4885 2830 4940 commentariis
2853 4883 3350 4956 consignaverint.
3373 4882 3484 4938 Sed
3508 4883 3556 4938 si
3587 4895 3686 4937 ve-

2034 4974 2167 5012 rum
2189 4959 2343 5012 foret
2358 4973 2459 5012 eos
2481 4957 2902 5028 prohibitionis
2923 4955 3320 5028 imperatoria,
3346 4972 3466 5010 non
3490 4955 3692 5028 duxis-

2037 5047 2098 5084 se
2128 5030 2445 5091 rationem,
2482 5026 2594 5084 nec
2626 5028 2875 5100 proinde
2907 5026 3354 5100 conscribendis
3385 5027 3689 5100 martyriis

2035 5101 2358 5164 destitisse,
2393 5100 2560 5155 nullo
2593 5097 2768 5155 modo
2800 5106 3000 5172 posset
3039 5098 3290 5170 intelligi
3322 5115 3428 5172 cur
3458 5097 3695 5172 oblitte-

2035 5179 2163 5228 rata
2183 5173 2363 5227 fuerit
2379 5173 2594 5227 Christi
2613 5169 3021 5227 confessorum
3040 5169 3345 5226 memoria.
3378 5169 3694 5226 Maluimus

2035 5245 2216 5316 igitur
2247 5244 2424 5298 aliam
2456 5243 2770 5300 admittere
2820 5243 3174 5316 versionem,
3211 5257 3342 5313 qua)
3391 5241 3694 5297 contextui

2035 5314 2324 5398 orationis
2355 5316 2518 5370 omni
2540 5333 2609 5370 ex
2632 5323 2798 5398 parte
2820 5314 3163 5398 concordat,
3187 5316 3310 5369 Imo
3335 5318 3535 5398 posset
3556 5329 3693 5398 eum

2035 5393 2198 5442 textu
2233 5389 2430 5442 Graeco
2478 5380 2806 5451 conciliari,
2841 5388 2889 5442 si
2922 5387 3055 5451 quis
3107 5386 3200 5441 his
3231 5380 3424 5440 verbis
3453 5401 3468 5440 :
3517 5380 3699 5444 οὐδεὶς

2185 5457 2444 5531 πρόνοιαν
2513 5457 2753 5517 ἐποιεῖτο
2837 5454 2997 5512 τοῦδε
3071 5461 3166 5510 τοῦ
3229 5454 3697 5531 παραγγέλματος

2037 5533 2196 5586 hunc
2219 5529 2462 5585 sensum
2496 5531 2703 5586 daret:
2735 5533 2916 5586 Nemo
2949 5531 3087 5586 huic
3117 5529 3512 5600 prohibitioni
3547 5529 3697 5582 invi-
3741 5589 3746 5594 _

2037 5603 2276 5675 gilabat,
2309 5602 2442 5657 ideo
2474 5603 2702 5658 scilicet
2731 5609 2796 5657 ut
2826 5620 2959 5660 eam
2985 5601 3278 5663 eluderet.
3302 5607 3367 5657 ut
3396 5600 3700 5675 nihilomi-

2038 5673 2150 5730 nus
2177 5681 2308 5729 acta
2329 5680 2658 5746 martyrum
2682 5676 3224 5746 conscriberentur.
3249 5673 3414 5738 Quod
3447 5673 3495 5726 si
3517 5689 3699 5746 nemo

2038 5748 2097 5820 id
2129 5747 2405 5810 faciebat,
2438 5744 2812 5820 ergoromnes
2840 5747 2975 5820 _legi
3027 5745 3350 5820 parebant,
3389 5750 3567 5817 atque
3618 5744 3701 5820 ita

2036 5819 2259 5874 factum
2281 5823 2372 5873 est
2392 5823 2458 5874 ut
2477 5815 2818 5898 oblitterata
2831 5815 3013 5875 fuerit
3028 5815 3362 5949 ’martyr’um
3387 5815 3700 5872 memoria.

3066 5905 3206 5949 ινιτ.
3284 5905 3406 5949 ATR.

3066 5905 3206 5950 δωτ.
3239 5905 3406 5949 Βλτλο
