4120 6374
422 422 568 483 1255

1950 423 2320 482 ΔυΒΙκΒΔ.

3721 421 3864 484 1256

421 548 656 606 clarum
687 553 747 606 et
775 547 1065 623 inclytum
1099 547 1380 605 omnibus
1411 563 1548 604 eum
1570 547 2079 620 proclamantibus

2205 546 2648 624 περιφερόμενον,
2701 547 2795 602 καί
2851 543 3022 622 ἄνδρα
3075 549 3352 625 περιφανῆ
3376 567 3437 614 τε
3477 544 3577 614 καὶ
3633 543 3861 621 διαϐόη-

424 639 749 697 arbitratus
781 656 914 695 sum
963 640 1090 694 haec
1140 637 1452 694 oblivionis
1485 637 1750 694 tenebris
1780 655 1902 693 non
1951 654 2082 693 esse

422 728 795 802 sepelienda,
824 727 927 784 sed
948 727 1008 782 in
1035 732 1303 800 apertam
1334 725 1528 782 lucem
1551 727 1956 799 producenda,
1988 744 2082 783 ve-

426 819 687 891 strisque
718 815 1107 890 pr0ponenda
1155 815 1421 883 auribus,
1453 820 1520 870 ut
1548 815 1648 886 qui
1689 815 1993 870 Christum
2027 820 2086 870 et

425 914 753 982 martyrem
785 906 1062 980 diligitis;
1097 911 1223 961 tum
1255 923 1328 962 ne
1353 906 1558 978 paucis
1576 906 1936 978 quibusdam
1957 923 2084 962 ver-

425 999 520 1058 bis
550 1004 714 1054 tanta
747 997 1022 1052 velentur
1059 995 1176 1051 divi
1227 997 1507 1069 martyris
1539 997 1613 1052 ad
1646 997 1897 1071 gloriam
1923 997 2084 1069 jura,

423 1093 553 1145 tum
574 1092 640 1142 ut
667 1091 893 1141 vestras
923 1101 1096 1141 aures
1119 1085 1392 1142 studeam
1425 1086 1756 1142 exhilarare
1788 1086 2086 1142 narrando

422 1175 738 1236 historiam
796 1181 974 1249 atque
1023 1175 1250 1249 integre
1300 1176 1620 1233 revelando
1683 1192 1817 1249 quae
1861 1181 2087 1248 martyr

424 1267 564 1324 forti
597 1267 800 1322 animo
830 1265 1042 1339 gessis.

497 1449 551 1505 4.
575 1446 739 1504 Multi
763 1446 943 1520 igitur
970 1445 1236 1502 historiae
1254 1445 1575 1518 scriptores
1594 1445 1656 1501 in
1681 1444 1882 1500 eximii
1903 1445 2085 1518 hujus

425 1537 536 1594 viri
557 1535 927 1594 mentionem
951 1535 1314 1602 inciderunt,
1335 1535 1625 1591 Eusebius
1647 1535 1878 1590 scilicet
1908 1537 2084 1590 Pam-

425 1627 580 1702 phili
637 1626 1108 1699 cognominatus,
1163 1626 1433 1681 Socrates
1462 1625 1563 1697 qui
1603 1625 1828 1694 Novati,
1862 1631 1922 1681 et
1948 1625 2085 1680 Phi-

428 1716 750 1789 lostorgius
773 1715 874 1787 qui
892 1715 1166 1771 Eunomii
1189 1720 1428 1772 secutus
1459 1719 1551 1770 est
1573 1714 1874 1783 hmresim,
1897 1715 2089 1770 Theo-

430 1806 676 1864 doretus
706 1810 766 1862 et
792 1804 918 1862 allii
948 1805 1151 1878 plures
1173 1806 1268 1877 (4).
1298 1807 1341 1859 Ε
1372 1803 1591 1876 quibus
1640 1803 1950 1874 Eusebius,
1984 1804 2087 1875 qui

2193 655 2287 690 τον
2320 633 2536 691 πάντων
2585 633 2746 691 αὑτὸν
2801 636 3252 714 ὁμολογούντων,
3308 637 3412 694 οὑκ
3465 637 3660 711 ᾠήθην
3694 642 3864 696 ταῦτα

2191 727 2291 794 τῆς
2325 722 2508 796 λήθης
2541 724 2765 800 ἒνθάψαι
2800 727 3013 801 βυθοῖς,
3041 725 3193 782 ’ἀλλ’
3237 726 3314 790 εἰς
3345 727 3407 782 τὸ
3458 729 3695 806 φανερὸν
3729 729 3864 804 ἀγα-

2191 819 2332 888 γεῖν,
2361 814 2452 870 καὶ
2487 815 2638 888 ὑμῶν
2698 817 2976 892 προθῆναι
3029 821 3152 880 ταῖς
3203 815 3398 880 ἀκοαῖς
3455 818 3534 881 ὡς
3595 815 3864 895 φιλοχρί-

2195 925 2344 968 στοις
2371 925 2430 960 τε
2469 905 2588 960 οῦσι
2618 905 2708 960 καὶ
2751 907 3178 983 φιλομάρτυσιν·
3225 904 3320 962 ’ίνα
3383 908 3462 980 μὴ
3523 905 3579 961 ἐν
3639 905 3862 983 ὀλίγαις

2193 994 2304 1050 τισί
2361 990 2668 1056 συλλαϐαῖς
2724 994 2794 1051 τά
2865 995 3175 1066 τηλικαῦτα
3249 993 3712 1072 ἐπηλυγάζωνται
3769 1001 3862 1053 τοῦ

2195 1081 2342 1138 θείου
2403 1082 2677 1160 μάρτυρος
2734 1083 3193 1156 πλεονεκτήματα
3245 1088 3427 1161 [343]·
3486 1084 3606 1160 ἅμα
3657 1108 3720 1142 τε
3774 1088 3860 1143 καί

2199 1173 2354 1247 ὑμῶν
2385 1171 2745 1229 κατευοθάναι
2778 1172 3024 1230 σπεύδων
3056 1178 3154 1240 τᾶς
3197 1173 3388 1248 ἀκοάς,
3441 1171 3501 1232 ἔκ
3521 1197 3585 1233 τε
3616 1180 3730 1232 τῶν
3759 1183 3856 1248 τῆς

2194 1262 2438 1340 ἱστορίας
2487 1259 2874 1340 διηγημάτων,
2933 1263 3165 1320 καὶτῶν
3223 1264 3423 1342 ἀρτίως
3476 1265 3857 1324 ἀναφανέντων

2191 1355 2294 1409 τοῦ
2328 1351 2603 1428 μάρτυρος
2631 1349 2946 1429 ἆνδραγαθη
2957 1352 3166 1428 μάτων.

2269 1437 2332 1496 δ’.
2360 1439 2577 1497 Πολλοὶ
2629 1443 2725 1516 μὲν
2754 1443 2846 1499 οῦν
2904 1448 3012 1499 τῶν
3071 1442 3169 1506 τὰς
3224 1445 3475 1521 ἱστορίας
3530 1445 3854 1524 γραψάντων

2195 1532 2293 1584 τοῦ
2325 1527 2585 1605 ἀοιδίμου
2629 1529 2827 1586 τούτου
2877 1529 3073 1608 ἀνδρὸς
3131 1532 3570 1607 ἐμνημόνευσαν,
3605 1529 3861 1599 Εὑσὲῦιός

2191 1641 2252 1676 τε
2307 1621 2336 1676 6
2376 1619 2677 1698 Ηαμφίλου
2737 1621 3173 1696 ὀνομαζόμενος,
3227 1623 3319 1678 καὶ
3379 1622 3688 1700 Σωκράτης
3716 1625 3860 1694 ὁτῆς

2195 1711 2448 1768 Ναυάτου
2479 1711 2763 1785 αἱρέσεως,
2793 1711 2885 1768 καὶ
2907 1711 3314 1792 Φιλοστόργιος
3355 1714 3384 1769 6
3420 1717 3526 1780 τῆς
3583 1715 3858 1789 Εὑνομίου

2194 1800 2285 1855 καὶ
2343 1799 2504 1862 αὐτὸς
2563 1801 2830 1876 ὑπαρχων
2892 1800 3179 1878 αἱρέσεως,
3236 1800 3603 1880 Θεοδώρητός
3661 1824 3721 1860 τε
3769 1803 3856 1860 καὶ

429 1895 802 1968 temporibus
837 1895 1211 1952 Constantini
1244 1895 1496 1951 ﬂorebat
1524 1910 1858 1966 omnesque
1907 1893 2086 1966 hujus

2205 1887 2364 1946 ἴλλοι
2421 1889 2695 1995 πλείονες.
2753 1896 2850 1947 Ὠν
2881 1892 2911 1948 6
2943 1893 3040 1966 μὶν
3096 1887 3341 1995 ε’ὑσὲϐιος
3371 1892 3421 1949 ἐν
3452 1898 3577 1957 τοῖς
3627 1894 3855 1970 χρόνοις

428 1986 622 2044 atatis
652 1986 966 2058 episcopos
996 1984 1271 2040 doctrina
1318 1983 1658 2057 superabat,
1689 1983 1836 2040 dicit
1874 1989 2092 2058 marty-

427 2092 558 2133 rem
587 2091 777 2132 unum
811 2091 843 2130 e
874 2074 1253 2130 senatoribus
1296 2079 1355 2130 et
1386 2074 1448 2129 in
1478 2073 1656 2130 domo
1706 2073 2093 2146 imperatoria

431 2165 662 2224 clarum
690 2164 902 2232 fuisse,
933 2169 993 2220 et
1038 2163 1368 2220 Constantii
1418 2163 1549 2236 ejus
1577 2163 1685 2220 ﬁlii
1740 2163 2088 2232 amicitiam,

431 2253 556 2312 imo
586 2260 644 2311 et
674 2253 1148 2310 familiaritatem
1180 2270 1411 2309 summo
1433 2252 1629 2309 studio
1661 2252 1937 2310 coluisse.
1961 2254 2094 2309 Cer-

433 2347 564 2403 tum
593 2345 755 2400 enim
785 2348 877 2400 est
899 2345 1143 2399 Beatum
1173 2359 1481 2414 nunquam
1505 2359 1539 2398 a
1566 2342 1896 2398 Constantii
1916 2342 2089 2398 fami-

434 2434 695 2494 liaritate
722 2433 908 2489 fuisse
958 2432 1252 2503 avulsum,
1300 2431 1522 2488 indicia
1565 2431 1933 2503 praebentem
1983 2447 2092 2488 no-

433 2523 577 2584 bilis
608 2541 731 2580 suaa
790 2528 849 2579 et
905 2521 1302 2595 magnanimis
1360 2521 1600 2578 indolis.
1660 2521 2092 2595 Philostorgius

435 2631 574 2672 vero
608 2657 622 2683 ,
683 2613 824 2669 licet
871 2611 1327 2668 ardentissimus
1383 2611 1770 2668 Eunomianaa
1840 2611 2090 2668 haeresis

434 2709 711 2772 sectator,
745 2719 925 2775 super
953 2719 1163 2758 omnes
1212 2707 1412 2756 tamen
1462 2706 1786 2773 martyrem
1836 2700 2089 2770 extollit,

433 2810 654 2867 magna
673 2792 983 2861 diligentia
1011 2796 1188 2863 atque
1217 2791 1598 2846 accuratione
1618 2807 1712 2846 res
1733 2796 1928 2862 gestas
1959 2791 2092 2863 ejus

437 2887 700 2952 enarrat,
731 2887 790 2938 et
817 2882 890 2938 ab
923 2881 1188 2953 antiquis
1219 2879 1588 2952 temporibus
1622 2880 1897 2951 martyris
1929 2896 2096 2952 repe-

435 2975 510 3032 tit
537 2973 1021 3048 generositatem,
1054 2971 1405 3044 priusquam
1449 2969 1718 3042 martyrii
1765 2970 2094 3025 certamina

435 3060 834 3121 describenda
860 3060 1184 3116 adoriatur.
1217 3058 1506 3130 Incipiam
1534 3058 1714 3131 igitur
1743 3063 1803 3114 et
1827 3073 1932 3132 ego
1961 3060 2092 3131 ejus

434 3151 773 3218 historiam,
837 3147 1167 3206 secundum
1223 3163 1294 3204 ea
1341 3163 1474 3220 qua
1526 3145 1772 3204 tradunt
1824 3152 2090 3204 veterum

432 3241 599 3299 libri.

2201 1984 2300 2036 τοῦ
2360 1979 2601 2058 μεγάλου
2662 1980 3064 2038 Κωνσταντίνου
3097 1978 3171 2039 ὤν
3199 2003 3259 2040 τε
3286 1984 3378 2038 καὶ
3426 1984 3856 2060 γνωριζόμενος,

2202 2068 2293 2126 καὶ
2349 2073 2462 2126 τῶν
2516 2069 2642 2126 τότε
2707 2071 3020 2128 ἐπισκόπων
3081 2072 3345 2150 ὑπάρχων
3399 2075 3428 2129 6
3494 2073 3860 2150 λογιώτατος,

2201 2159 2518 2236 παρεισάγει
2548 2160 2641 2216 τὸν
2687 2160 2934 2238 μάρτυρα
2993 2169 3097 2233 τῆς
3152 2160 3468 2239 συγκλήτου
3531 2161 3751 2236 βουλῆς
3777 2159 3861 2218 ἕνα

2201 2249 2574 2326 τυγχάνοντα,
2632 2250 2723 2306 καὶ
2776 2251 3060 2328 γνώριμον
3118 2250 3172 2316 ἐς
3230 2252 3297 2308 τὰ
3356 2250 3637 2329 βασιλέως
3696 2251 3854 2329 ὑπάρο

2204 2360 2398 2416 χοντα,
2429 2339 2518 2395 καὶ
2549 2347 2651 2412 τῆς
2681 2341 2806 2418 περὶ
2859 2342 2953 2397 τὸν
2985 2343 3364 2400 Κωνστάντιον
3395 2343 3486 2398 τὸν
3543 2342 3716 2400 αὑτοῦ
3747 2343 3853 2399 υἱὸν

2204 2429 2465 2505 ἑταιρίας,
2496 2429 2594 2486 εἶτ’
2643 2429 2736 2485 οῦν
2785 2430 2998 2510 φιλίας,
3048 2429 3392 2502 σπουδαστὴν
3448 2427 3850 2509 ἀκριϐέστατον.

2205 2518 2458 2576 Φαίνεται
2489 2519 2590 2596 γὰρ
2620 2521 2648 2576 6
2681 2519 2966 2595 Μακάριος
3015 2519 3157 2595 μηδὲ
3186 2522 3410 2578 πώποτε
3453 2523 3553 2595 τῆς
3597 2522 3737 2598 πρὸς
3765 2521 3852 2578 τὸν

2204 2607 2579 2667 Κωνστάντιον
2633 2609 2820 2689 φιλίας
2881 2608 3366 2685 ἀποσπασάμενος,
3404 2611 3466 2667 τὸ
3521 2607 3734 2683 ἔνδοξον
3760 2609 3850 2667 αὖ·

2200 2703 2300 2755 τοῦ
2357 2698 2447 2755 καὶ
2500 2697 2879 2777 μεγαλουργὸν
2939 2700 3246 2777 ὑποφαίνων
3303 2707 3406 2771 τῆς
3459 2700 3688 2774 φύσεως·
3735 2701 3762 2756 6
3792 2696 3847 2755 δὲ

2201 2810 2264 2867 γε
2291 2787 2718 2866 Φιλοστόργιος,
2752 2789 2798 2844 εί
2828 2791 2916 2845 καὶ
2979 2787 3243 2866 διάπυρος
3273 2789 3500 2864 ἰραστής
3555 2796 3654 2860 τῆς
3682 2788 3843 2848 Εὐνο-

2208 2877 2338 2952 μίου
2399 2879 2637 2954 ὑπάρχει
2696 2877 2959 2956 αἱρέσεως
2991 2922 3010 2952 ,
3062 2878 3191 2936 ἆλΑ’
3247 2877 3402 2954 ὅμως
3466 2880 3597 2956 ὑπὶρ
3651 2879 3840 2939 πάντας

2204 2967 2466 3038 ἐκθειάζει
2522 2969 2616 3022 τὸν
2675 2966 2922 3044 μάρτυρα
2950 3013 2966 3040 ,
3023 2967 3245 3041 πολλήν
3296 2990 3418 3026 τινα
3467 2971 3565 3039 τήν
3619 2965 3838 3024 ἔνστασιν

2204 3056 2296 3112 καὶ
2351 3052 2632 3131 ἀκρίϐειαν
2684 3062 2792 3114 τῶν
2852 3057 3018 3115 αὑτοῦ
3075 3060 3325 3137 πράξεων
3377 3059 3748 3131 ποιησάμενος,
3776 3054 3833 3110 Ix

2203 3151 2313 3202 τῶν
2347 3143 2550 3202 ἄνωθεν
2593 3147 2810 3224 χρόνων
2863 3148 2965 3218 τήν
3016 3151 3098 3222 τῷ
3150 3149 3380 3227 μάρτυρι
3435 3149 3718 3222 προσοῦσαν
3745 3141 3831 3197 εὑ·-

2205 3237 2419 3312 γὲνειαν
2477 3237 3000 3313 ὑποσημηνάμενος,
3058 3238 3149 3295 καὶ
3206 3237 3394 3315 πρίνῆ
3427 3241 3533 3293 τῶν
3559 3238 3651 3291 τοῦ
3703 3251 3842 3307 μαρ-

433 3329 627 3406 τυρίου
682 3326 916 3404 ἀγώνων
971 3323 1292 3405 ἐφάψασθαι.
1351 3325 1620 3402 Ἀρξομαι
1675 3325 1859 3381 τοίνυν
1926 3325 2081 3401 κάγὼ
2136 3331 2240 3396 τῆς
2291 3329 2410 3382 κατ’
2447 3325 2611 3384 αὑτὸν
2678 3327 2942 3403 ἱστορίας,
3009 3329 3086 3392 ὡς
3153 3329 3212 3384 αἱ
3267 3326 3510 3384 παλαιῶν
3569 3318 3862 3400 διαγορεῦ·

435 3440 587 3476 ουσιν
615 3415 822 3477 δὶλτοι.

509 3513 563 3566 5.
594 3507 877 3565 Idolatria
929 3505 1219 3564 refrenari
1230 3505 1362 3579 jam
1391 3509 1670 3578 cmperat,
1695 3511 1755 3561 at
1801 3505 2094 3562 damoum

2282 3511 2339 3564 ε’.
2396 3507 2513 3577 Τῆς
2568 3503 3032 3586 είδωλολατρείας
3084 3509 3208 3585 ἄρτι
3261 3503 3715 3574 καταπαυθείσης,
3768 3499 3858 3558 καί

433 3599 678 3658 fraudes
707 3597 995 3671 extingui,
1023 3613 1131 3670 per
1158 3595 1637 3652 misericordiam
1660 3612 1793 3668 qum
1823 3595 2099 3668 impensa

432 3691 552 3748 fuit
578 3705 614 3745 a
641 3703 856 3762 magno
889 3688 1006 3743 Deo
1029 3691 1088 3742 et
1115 3685 1416 3742 Salvatore
1460 3690 1667 3741 nostro
1691 3686 1830 3740 Jesu
1861 3685 2095 3740 Christo

431 3780 612 3839 beato
648 3784 707 3836 et
750 3777 1078 3835 venerabili
1126 3777 1540 3844 Constantino,
1589 3775 1998 3832 illustrissimo
2039 3781 2100 3831 et

433 3870 536 3944 pio
567 3868 936 3943 imperatori,
968 3867 1310 3924 Constantis
1340 3871 1401 3922 et
1445 3865 1637 3922 beata:
1663 3865 1902 3922 Helena)
1946 3865 2096 3922 ﬁlio.

433 3960 546 4028 Qui
567 3958 797 4016 scilicet
823 3975 933 4030 per
950 3957 1196 4012 viviﬁcaa
1226 3955 1420 4012 crucis
1459 3955 1523 4011 in
1567 3955 1732 4012 cmlis
1762 3955 2098 4029 apparitio-

433 4065 578 4108 nem
605 4049 679 4105 ab
710 4047 878 4104 inani
907 4047 1207 4104 idolorum
1245 4061 1447 4102 errore
1470 4051 1798 4113 revocatus,
1822 4044 2100 4102 inimicos

436 4143 500 4195 et
527 4137 812 4194 scelestos
841 4135 1143 4209 principes
1174 4135 1480 4207 superavit
1506 4134 1777 4208 ejusdem
1806 4151 2100 4191 veneran-

439 4227 533 4286 dm
563 4227 758 4284 crucis
788 4241 900 4299 ope
921 4230 983 4282 et
1017 4225 1258 4283 virtute.
1291 4224 1484 4280 Simul
1514 4229 1572 4280 et
1603 4229 1878 4281 sanctum
1907 4224 2104 4280 Chris-

441 4317 742 4373 tianorum
773 4330 960 4371 cornu
992 4313 1318 4370 exaltatum
1349 4319 1460 4381 est,
1496 4312 1871 4369 Constantini
1904 4313 2101 4370 studio

440 4421 510 4462 ac
537 4405 657 4462 tlde
705 4405 791 4460 ita
816 4403 1220 4460 confortatum
1272 4408 1333 4460 et
1381 4402 1723 4471 adauctum,
1763 4407 1831 4458 ut
1882 4402 2100 4458 Christi

439 4493 786 4568 prmdicatio
819 4498 1010 4550 totum
1041 4492 1303 4566 repleret
1333 4492 1564 4558 orbem,
1594 4493 1873 4547 universa
1909 4492 2099 4548 idolo-

441 4582 642 4638 lorum
671 4582 902 4648 altaria,
935 4581 1258 4638 simulacra
1279 4588 1338 4636 et
1366 4580 1592 4653 templa
1614 4581 1960 4652 ubicunque
1983 4587 2103 4637 ter~

441 4687 647 4729 rarum
679 4672 1151 4741 destruerentur,
1180 4676 1240 4726 et
1263 4672 1742 4728 instaurarentur
1777 4671 1882 4727 Dei
1913 4671 2105 4728 eccle-

441 4761 568 4830 sias,
601 4777 751 4833 quas
783 4760 999 4817 Christi
1031 4759 1263 4816 inimici
1291 4765 1470 4833 atque
1501 4760 1667 4832 impii
1710 4759 2105 4832 imperatores

443 4854 803 4928 everterant,
823 4907 832 4915 ,

2203 3601 2307 3665 τῆς
2369 3598 2482 3651 τῶν
2538 3592 2813 3670 δαιμόνων
2859 3594 3072 3669 ἀπάτης
3132 3590 3608 3665 κατασϐεσθείσης,
3669 3591 3726 3648 ὲκ
3761 3597 3856 3662 τῆς

2205 3684 2508 3759 γενομένης
2539 3683 2955 3764 φιλανθρωπίας
2987 3686 3134 3762 παρά
3189 3689 3285 3742 τοῦ
3319 3683 3560 3762 μεγάλου
3607 3686 3741 3738 Θεοῦ
3767 3681 3847 3736 καί

2211 3777 2475 3850 Σωτῆρος
2514 3776 2677 3849 ἡμῶν
2739 3775 2924 3846 Ἰησοῦ
2982 3776 3219 3853 Χριστοῦ
3269 3774 3396 3852 περὶ
3449 3771 3542 3830 τὸν
3604 3770 3852 3846 μακάριον

2207 3863 2299 3918 καὶ
2358 3859 2618 3938 ἀοίδιμον
2678 3867 3114 3935 Κωνσταντῖνον,
3173 3866 3265 3921 τὸν
3325 3861 3718 3940 ὑπερλαμπρον
3772 3856 3855 3914 καί

2210 3947 2406 4018 εὐσεῦῆ
2439 3951 2692 4029 βασιλέα,
2723 3954 2818 4010 τὸν
2843 3959 2944 4010 τοῦ
2994 3958 3350 4018 Κῶνσταντος
3407 3954 3555 4027 [344]
3607 3949 3722 4005 υἱὸν
3775 3946 3856 4004 καὶ

2206 4048 2310 4112 τῆς
2372 4043 2644 4118 μακαρίας
2702 4043 2958 4115 Ἑλένης,
3017 4045 3170 4107 ὅπως
3220 4064 3280 4099 τε
3307 4042 3473 4099 αὑτὸν
3503 4039 3564 4096 ἑκ
3604 4046 3706 4110 τῆς
3760 4058 3860 4112 μα-

2207 4129 2364 4196 ταίας
2388 4135 2499 4188 τῶν
2532 4129 2780 4188 εἰδώλων
2838 4131 3055 4204 πλάνης
3103 4131 3489 4200 ἀνεκαλὲσατο,
3517 4129 3607 4186 καὶ
3636 4135 3737 4199 τῆς
3766 4129 3858 4184 τοῦ

2212 4225 2490 4293 ζωοποιοῦ
2532 4226 2768 4300 σταυροῦ
2796 4221 2850 4278 ἓν
2883 4223 3102 4298 οὖρανῷ
3131 4219 3437 4296 ἐπιδείξεως
3469 4265 3484 4292 ,
3527 4223 3647 4282 πῶς
3675 4239 3735 4273 τε
3761 4220 3861 4272 τῶν

2210 4311 2428 4387 ἐχθρῶν
2458 4311 2548 4368 καί
2589 4311 2927 4388 παρανόμων
2981 4309 3252 4389 βασιλέων
3284 4311 3622 4388 περιεγένετο
3655 4305 3744 4363 διά
3771 4313 3863 4376 τῆς

2207 4405 2309 4458 τοῦ
2336 4400 2526 4476 τιμίου
2573 4406 2810 4479 σταυροῦ
2864 4399 3137 4480 ἐνεργείας
3189 4422 3250 4457 τε
3303 4401 3394 4456 καὶ
3443 4397 3750 4474 δυνάμεως,
3780 4395 3866 4452 καὶ

2209 4497 2330 4555 πῶς
2359 4489 2422 4547 τὰ
2449 4493 2789 4568 Χριστιανῶν
2837 4490 3092 4570 θεοφιλὲς
3151 4492 3344 4566 ὑψώθη
3403 4489 3590 4564 κέρας,
3645 4486 3749 4542 ὗπό
3773 4487 3866 4554 τῆς

2213 4581 2378 4638 αὑτοῦ
2436 4583 2749 4659 πρυθυμίας
2799 4583 2891 4639 καὶ
2948 4583 3184 4646 πίστεως
3215 4626 3231 4654 ,
3301 4577 3773 4658 ωγκροτοὺμενόν
3817 4595 3872 4631 τε

2212 4671 2301 4726 καὶ
2359 4671 2842 4746 συναυξανόμενον,
2893 4671 3001 4729 ὥτε
3055 4673 3118 4728 τὸ
3173 4675 3272 4728 τοῦ
3328 4671 3571 4744 Χριστοῦ
3617 4668 3873 4742 κήρυγμα

2213 4764 2386 4814 πᾶσαν
2441 4756 2738 4834 πληρῶσαι
2792 4762 2893 4831 τήν
2965 4761 3268 4835 οίκουμὲνη
3297 4805 3314 4833 ,
3363 4758 3751 4832 καθαιρεθῆναι
3821 4751 3875 4810 δε

2212 4848 2415 4912 πάντας
2467 4849 2600 4911 τοὺς
2659 4848 2888 4926 βωμοὺς
2954 4855 3064 4906 τῶν
3122 4847 3370 4906 εἰδώλων
3423 4847 3510 4904 καὶ
3565 4843 3732 4917 ξόανα
3783 4845 3872 4898 καί

438 4937 604 5002 ναοὺς
637 4927 901 5007 ἅπαντας,
933 4936 1063 4994 ὅποι
1113 4935 1252 4990 ποτὶ
1303 4938 1407 5012 γῆς
1447 4933 1781 5012 ἰτὺγχανον,
1810 4933 2289 5010 ἀνοικοδομεὶσθαι
2319 4935 2380 4994 δὶ
2423 4937 2523 5002 τὰς
2551 4943 2651 4994 τοῦ
2681 4941 2817 4996 Θεοῦ
2873 4938 3192 5012 ἐκκλησίας,
3221 4937 3284 5002 ἃς
3312 4939 3366 4994 οἱ
3400 4934 3756 5012 μισόχριστοι
3787 4927 3875 4987 καί

439 5022 688 5090 δυσεὸεῖς
721 5026 970 5104 βασιλεῖς
998 5021 1416 5091 κατηνάλωσαν.

513 5203 532 5239 ι
562 5199 588 5256 Ῑ
617 5201 772 5256 Petr.
798 5214 861 5269 ιι,
888 5202 942 5256 9.

2048 5352 2278 5410 ΝΟΤΒ.

513 5497 592 5569 (4)
623 5499 802 5571 lniis
825 5498 928 5571 qui
962 5501 1291 5571 supersunt
1312 5491 1575 5571 Eusebii,
1609 5493 1871 5571 Socratis
1892 5501 1952 5552 et
1971 5497 2110 5554 Phi-

442 5566 712 5642 loStrogii
745 5566 935 5642 libris,
977 5566 1251 5642 nullam,
1277 5566 1618 5642 invenimus
1649 5566 1808 5642 ἀρ’-8.
1844 5568 2108 5626 Artemio

439 5637 836 5714 mentionem.
863 5637 977 5699 Sed
1009 5641 1170 5714 apud
1198 5639 1657 5706 Theodoretum,
1691 5637 1798 5714 lib.
1857 5655 2106 5714 111,7cap.

446 5714 536 5780 18,
593 5711 858 5786 legitur:
917 5711 1221 5772 Artém'um
1278 5728 1519 5787 quoque,
1550 5714 1650 5784 qui
1695 5711 1814 5787 dum
1859 5711 2113 5787 Inilittim

444 5787 636 5853 fuerat
659 5782 765 5854 per
791 5789 1114 5857 £gyptum,
1153 5804 1217 5846 eo
1270 5782 1424 5859 ᾷιιοᾶ
1480 5782 1814 5857 “inparibus
1844 5782 2115 5842 Constan-

2221 5501 2307 5570 tii,
2341 5517 2466 5556 cum
2517 5498 2910 5570 magistratum
2966 5499 3130 5554 illum
3181 5505 3416 5568 gereret,
3457 5496 3710 5570 plurima
3754 5492 3878 5570 deo-

2218 5566 2343 5628 rum
2360 5566 2666 5628 simulacra
2701 5575 3073 5642 confregerat,
3129 5566 3241 5626 non
3268 5566 3477 5628 solunf
3501 5569 3668 5642 bonis
3703 5566 3872 5642 exuit,

2219 5660 2409 5699 verum
2466 5645 2632 5699 etiam
2689 5635 2870 5714 capite
2893 5635 3201 5698 'truncavit
3235 5684 3248 5698 .
3280 5644 3408 5698 Hac
3460 5646 3518 5714 et
3565 5635 3877 5714 hujusqui

2220 5715 2338 5796 alia
2364 5717 2649 5796 commissa
2676 5709 2805 5770 sunt
2835 5715 2904 5796 ab
2935 5714 3058 5796 ἰιζο,
3100 5730 3262 5796 quem
3292 5709 3878 5796 gentilesmanszietis-

2220 5788 2422 5844 simum
2449 5793 2504 5844 et
2531 5788 2602 5845 ab
2625 5788 2923 5845 iracundia
2941 5783 3341 5845 alienissimum
3360 5784 3700 5858 pradicant.
3730 5783 3877 5840 Ευιτ.
