4120 6392
349 485 490 543 1257

1699 482 1759 534 8.
1800 477 2105 535 ARTEMII
2145 478 2414 534 PASSIO.

3629 484 3775 545 1258

420 610 487 673 ς“.
518 606 745 663 Τούτων
772 608 863 662 οῦν
896 606 1226 681 γινομένων,
1287 604 1388 659 οὐκ
1432 604 1659 679 ἤνεγκεν
1716 604 1816 669 τὴν
1871 621 1988 655 τοσ-

2190 603 2242 654 6.
2278 602 2426 656 Dum
2456 602 2583 659 haec
2614 603 2849 672 fierent,
2878 621 2997 661 non
3029 604 3168 662 tulit
3192 610 3418 664 tantam
3460 626 3664 669 rerum
3695 614 3775 668 vi-

350 698 521 767 αύτην
560 691 876 769 μεταϐολήν
910 696 936 749 6
967 700 1085 757 τοῖς
1144 693 1337 756 καλοῖς
1374 692 1679 769 βασκαίνων
1725 684 2007 758 διάϐολος,

351 786 482 843 ἀλλ⁹
511 784 704 862 ἤγειρε
736 785 906 855 ζάλην
956 783 1045 839 καὶ
1094 782 1345 858 τάραχον
1392 780 1482 837 διά
1534 786 1643 837 τῶν
1702 779 1866 835 αὐτοῦ
1926 779 2009 833 οἱ-

343 876 509 931 κείων
547 875 923 929 ὑπασπιστῶν.
979 874 1203 949 Ἀρειος
1244 872 1347 947 γάρ
1407 872 1435 926 ὁ
1492 877 1592 940 τῆς
1654 866 1847 944 μανίας
1908 867 2007 922 ἐπ-

350 968 599 1039 ώνυμος,
649 971 749 1034 τῆς
808 962 862 1018 ἐν
923 960 1303 1037 ’Δλεξανδρείᾳ
1349 959 1685 1031 Ἐκκλησίας
1741 960 2006 1034 ὑπάρχων

344 1048 732 1130 πρεσϐύτέρος,
776 1049 963 1114 δεινῶς
1019 1072 1076 1106 τε
1130 1050 1331 1121 ταύτην
1392 1049 1630 1126 ἐτάραξε,
1681 1046 1863 1123 δόγμα
1918 1068 2002 1102 κι-

349 1147 517 1215 νήσας
545 1145 862 1218 παράνομον
894 1141 987 1196 καὶ
1038 1142 1213 1208 πάσης
1270 1138 1620 1218 βλασφημίας
1674 1137 1998 1210 ἀνάμεστον.

346 1236 583 1311 Ἔφασκε
613 1233 718 1307 γὰρ
766 1233 857 1287 τὸν
911 1232 1034 1286 Υἱὸν
1090 1234 1186 1285 τοῦ
1231 1234 1365 1285 Θεοῦ
1447 1229 1538 1284 τὸν
1595 1231 1874 1302 μονογενῇ,
1906 1228 1997 1281 τὸν

340 1322 706 1398 προαιώνιον,
732 1320 931 1393 κτίσμα
963 1320 1116 1390 εἶναι,
1139 1318 1229 1374 καὶ
1260 1326 1361 1387 τῆς
1393 1323 1489 1373 τοῦ
1548 1321 1683 1372 Θεοῦ
1737 1316 1827 1371 καὶ
1889 1322 1997 1370 Πα-

334 1412 465 1487 τρὸς
499 1410 688 1472 οὐσίας
717 1410 1040 1481 ἀλλότρῐῠν.
1101 1410 1199 1463 Διά
1253 1429 1339 1462 τοι
1394 1407 1627 1477 ταῦταή
1690 1406 1740 1461 ἐν
1799 1405 1999 1477 Νικαίᾳ

336 1505 444 1554 τῶν
498 1499 665 1576 ἁγίων
724 1499 1047 1573 τριακοσίων
1111 1495 1384 1553 δεκαοκτὼ
1437 1497 1689 1572 Πατὲρων
1750 1494 1998 1570 ἀθροίζε-

336 1609 427 1644 ται
459 1585 703 1657 σύνοδος,
736 1588 823 1642 καὶ
857 1589 949 1642 τὸν
977 1593 1196 1663 ’Ἄρειον
1242 1584 1567 1655 καθελοῦσα,
1616 1586 1705 1639 τὸν
1741 1582 1863 1638 Υἱὸν
1900 1587 1995 1637 τοῦ

339 1682 473 1734 Θεοῦ
502 1678 591 1732 καὶ
623 1677 825 1752 Κύριον
860 1680 1022 1750 ἡμῶν
1058 1678 1266 1747 Ἰησοῦν
1295 1676 1534 1751 Χριστὸν
1590 1673 1847 1749 κηρύττει
1895 1676 1993 1727 τοῦ

335 1767 553 1843 Πατρὸς
583 1766 904 1840 ὁμοούσιον.
938 1764 1117 1823 Ἀλλά
1170 1770 1340 1821 ταῦτα
1396 1766 1490 1838 μὲν
1544 1762 1599 1819 α¹ί
1654 1785 1713 1819 τε
1766 1768 1874 1818 τῶν
1906 1760 1991 1835 ἓξ-

335 1859 470 1913 ωθεν
557 1855 792 1930 ἱστορίαι
853 1854 1283 1932 διαγορεύουσιν,
1354 1854 1451 1909 οὐκ
1526 1852 1705 1929 ὀλίγοι
1767 1851 1825 1908 δὶ
1881 1856 1988 1907 τῶν

2117 691 2528 747 cissitudinem
2553 694 2650 764 qui
2684 692 2857 749 bonis
2894 695 3117 751 invidet
3172 696 3467 768 diabolus,
3504 701 3609 756 sed
3642 703 3765 758 suis

2112 779 2445 836 fautoribus
2476 799 2620 837 usus
2652 784 2923 839 excitavit
2952 786 3277 857 procellam
3327 794 3385 843 et
3442 790 3766 847 turbinem-

2112 869 2286 923 Arius
2345 871 2526 938 enim,
2578 872 2677 941 qui
2738 873 2965 928 insanae
3040 876 3251 931 hmresi
3312 894 3531 934 nomen
3590 897 3765 937 suum

2110 961 2407 1031 ascripsit,
2442 962 2858 1019 Alexandrinae
2900 967 3179 1023 Ecclesiaa
3234 970 3565 1043 presbyter,
3613 973 3767 1029 hanc

2111 1049 2408 1105 horrendo
2443 1052 2619 1105 modo
2653 1054 3046 1122 conturbavit,
3101 1057 3436 1114 doctrinam
3481 1063 3763 1119 emittens

2108 1140 2354 1211 impiam
2375 1146 2433 1194 et
2465 1142 2785 1197 teterrimis
2814 1143 3202 1215 blasphemiis
3230 1148 3765 1208 abundantem.Di-

2107 1229 2278 1284 cebat
2308 1230 2467 1284 enim
2502 1230 2715 1284 Filium
2753 1232 2854 1285 Dei
2888 1234 3285 1305 unigenitum,
3319 1240 3420 1308 qui
3476 1247 3615 1295 ante
3649 1260 3759 1297 saa-

2106 1318 2240 1372 cula
2270 1326 2444 1374 natus
2493 1324 2602 1387 est,
2646 1326 2978 1376 creaturam
3026 1340 3152 1379 esse
3191 1331 3367 1396 atque
3433 1328 3699 1386 alienum
3728 1349 3763 1388 a

2108 1408 2439 1462 substantia
2462 1409 2563 1463 Dei
2599 1415 2657 1463 et
2686 1411 2900 1467 Patris.
2937 1413 3309 1484 QuaprOpter
3337 1417 3590 1473 Nicasam
3623 1438 3762 1475 san-

2104 1502 2333 1551 ctorum
2366 1504 2767 1553 trecentorum
2793 1505 2851 1554 et
2871 1502 3201 1557 octodecim
3226 1505 3466 1560 Patrum
3488 1511 3764 1565 convenit

2104 1586 2388 1656 synodus,
2416 1586 2820 1658 damnatoque
2844 1590 3005 1657 Ario,
3031 1590 3294 1647 declarat
3324 1594 3537 1649 Filium
3570 1598 3671 1651 Dei
3704 1604 3762 1653 et

2106 1676 2418 1731 Dominum
2442 1684 2714 1732 nostrum
2735 1680 2935 1733 Jesum
2959 1681 3258 1736 Christum
3284 1684 3442 1738 Patri
3462 1701 3589 1740 esse
3613 1705 3759 1743 con-

2101 1768 2580 1824 substantialem.
2617 1769 2728 1824 Sed
2764 1772 2890 1828 hazc
2920 1772 3165 1844 quidem
3198 1780 3256 1829 et
3295 1776 3630 1834 infidelium
3665 1780 3755 1834 hi-

2099 1858 2296 1913 storize
2329 1859 2591 1926 tradunt,
2627 1866 2685 1914 et
2717 1877 2837 1915 non
2889 1862 3059 1932 pauci
3123 1878 3153 1917 e
3204 1866 3426 1921 nostris
3482 1874 3754 1926 accurate

330 1946 616 2023 ἡμετέρων
670 1941 1046 2022 διηκρίϐωσάν
1100 1966 1157 1999 τε
1214 1946 1305 1999 καὶ
1359 1946 1793 2019 κατετράνωσαν’
1858 1940 1983 2016 ἐμοὶ

2102 1952 2419 2002 narrarunt
2471 1954 2529 2002 et
2586 1948 2648 2003 in
2691 1949 2883 2004 lucem
2936 1952 3332 2022 protulerunt.
3384 1957 3520 2011 Mihi
3552 1965 3753 2015 autem

327 2035 387 2093 δὲ
415 2037 539 2114 περὶ
566 2038 733 2094 ταῦτα
764 2032 1055 2113 διατρίϐειν
1090 2038 1119 2092 6
1168 2040 1259 2092 νῦν
1318 2036 1428 2111 οὐχ
1484 2034 1710 2108 ἁρμόσει
1768 2036 1977 2105 καιρὸς,

326 2124 510 2197 ἄλλης
559 2126 685 2203 περὶ
740 2126 949 2182 τούτων
1007 2124 1272 2199 δεομένης
1328 2120 1711 2201 ἀκριϐεστέρας
1766 2123 1979 2191 σχολῆς

324 2237 386 2273 τε
414 2216 503 2271 καὶ
538 2214 893 2290 διασκέψεως.
924 2216 1000 2271 Τά
1031 2214 1089 2271 δὲ
1142 2219 1237 2270 νῦν
1293 2215 1357 2270 τὸ
1408 2213 1612 2289 φθάσαν
1667 2211 1826 2268 αὐτόν
1883 2216 1982 2268 τοῦ

331 2307 457 2383 βίου
485 2305 650 2371 τὲλος
689 2303 1051 2382 διηγήσομαι.

398 2399 548 2472 [345]
583 2397 643 2465 ζ’.
673 2397 734 2454 Ὀ
780 2400 907 2472 γοῦν
968 2394 1336 2474 φιλόχριστος
1402 2392 1657 2469 βασιλεὺς
1702 2394 1981 2449 Κωνσταν-

323 2486 478 2546 τῖνος
510 2483 585 2547 είς
629 2486 693 2540 τὸ
750 2489 966 2560 πρῶτον
1018 2484 1109 2539 καὶ
1164 2485 1484 2559 τριακοστὸν
1546 2480 1665 2544 ἔτος
1695 2481 1980 2556 προελθὼν

323 2581 425 2643 τῆς
510 2574 675 2628 αὐτοῦ
756 2572 1059 2645 βασιλείας,
1116 2573 1207 2628 καὶ
1281 2578 1381 2628 τυῦ
1434 2570 1686 2646 δευτέρου
1768 2565 1979 2641 ἐπιϐὰς,

326 2658 518 2731 ἐπειδὴ
552 2660 777 2725 ἐπύθετο
808 2661 936 2725 τοὺς
989 2661 1198 2738 Πέρσας
1255 2661 1331 2723 εἷς
1388 2658 1635 2732 πόλεμον
1688 2659 1768 2713 ἐπ’
1821 2658 1978 2713 αὐτὸν

327 2752 935 2825 παρασκευαζομένους,
1006 2752 1137 2825 ἂρας
1188 2750 1248 2805 ἐκ
1316 2756 1415 2819 τῆς
1494 2750 1685 2803 ἑαυτοῦ
1742 2746 1980 2815 πόλεως,

330 2839 465 2917 ἄχρι
495 2848 595 2911 τῆς
624 2841 999 2915 Νικομηδείας
1031 2838 1187 2919 ὣφθη
1235 2843 1342 2895 τῶν
1400 2840 1661 2896 Βιθυνῶν
1717 2833 1840 2892 ἔνθα
1889 2836 1981 2891 καὶ

326 2928 556 3001 τελευτᾷ
582 2931 673 2985 τὸν
709 2930 825 3004 βίον
860 2930 910 3003 ἐξ
962 2925 1261 2998 ἰπιϐουλῆς
1308 2933 1416 2983 τῶν
1466 2928 1657 2983 ἑαυτοῦ
1706 2925 1980 3003 ἀδελφῶν,

329 3022 620 3097 φάρμακον
678 3018 826 3091 αὐτῷ
885 3017 1227 3092 δηλητήριον
1302 3017 1669 3091 ἐκχεαμὲνων,
1736 3016 1982 3092 ἀστέρος,

331 3108 407 3171 ὥς
436 3130 585 3183 φασι,
616 3111 869 3183 κομήτου
916 3110 1009 3165 τὸν
1070 3110 1296 3163 θάνατον
1356 3108 1523 3162 αὐτοῦ
1593 3106 1982 3181 προμηνύσαν-

325 3221 443 3262 τος.
477 3202 648 3257 Ἦσαν
684 3196 741 3255 δὲ
768 3204 848 3272 τῷ
881 3197 1274 3271 Κωνσταντίνῳ
1324 3195 1554 3275 ἀδελφοὶ
1584 3198 1719 3272 πρὸς
1779 3198 1982 3273 πατρὸς

330 3287 469 3359 οἵδε,
522 3289 855 3362 Δαλμάτιος,
911 3284 1358 3357 Ἀναϐαλκιανὸς,
1418 3287 1507 3342 καὶ
1585 3286 1980 3348 Κωνστάντιος·

2095 2053 2256 2091 nunc
2280 2037 2341 2090 in
2364 2037 2456 2091 his
2490 2038 2713 2093 morari
2745 2055 2868 2093 non
2925 2046 3112 2109 vocat,
3154 2042 3452 2113 siquidem
3510 2063 3754 2104 accura-

2094 2125 2263 2180 tioris
2286 2131 2346 2181 et
2376 2127 2478 2181 otii
2511 2131 2569 2182 et
2607 2126 2786 2182 studii
2816 2127 3142 2201 indigeant.

2167 2396 2218 2450 7.
2252 2392 2436 2465 Igitur
2456 2393 3004 2451 Christianissimus
3034 2396 3360 2469 imperator
3410 2402 3747 2459 Constanti-

2094 2498 2461 2549 nus,annum
2495 2484 2661 2555 regni
2694 2484 2782 2538 sui
2818 2485 3185 2542 tricesimum
3218 2489 3477 2560 primum
3508 2500 3750 2563 printer-

2092 2588 2352 2643 gressus,
2378 2577 2435 2625 et
2466 2572 2789 2643 incipiente
2815 2575 3102 2645 secundo,
3135 2593 3270 2631 cum
3304 2579 3521 2634 certior
3558 2580 3751 2637 factus

2095 2665 2251 2713 esset
2279 2662 2489 2714 Persas
2520 2660 2800 2715 adversus
2815 2678 2950 2717 eum
2969 2663 3192 2719 bellum
3225 2666 3753 2739 moliri,profectus

2094 2766 2164 2804 ex
2187 2750 2333 2805 urbe
2365 2767 2490 2817 sua,
2533 2751 2939 2807 Nicomediam
3012 2755 3302 2826 Bithynia:
3364 2760 3540 2814 venit.
3593 2762 3751 2819 Obiit

2092 2839 2317 2894 ibidem
2351 2856 2419 2894 ex
2450 2841 2863 2912 conjuratione
2896 2842 3146 2899 fratrum
3175 2862 3442 2915 suorum,
3464 2851 3747 2920 poculum

2093 2934 2450 2983 venenatum
2484 2929 2537 2983 ei
2570 2930 3045 3001 propinantium,
3080 2940 3312 2991 cometa
3352 2956 3609 3010 quoque,
3660 2942 3747 2997 uti

2094 3019 2322 3085 dicunt,
2358 3018 2545 3089 ipsius
2575 3024 2830 3074 mortem
2882 3024 3294 3095 praesagiente.
3328 3028 3509 3083 Erant
3547 3036 3746 3087 autem

2096 3108 2484 3163 Constantino
2517 3125 2586 3162 ex
2618 3114 2783 3180 patre
2812 3109 3024 3165 fratres
3057 3112 3751 3185 Dalmatius,Anaballia-

2096 3214 2208 3252 nus
2242 3201 2299 3251 et
2328 3198 2744 3263 Constantius;
2781 3198 2905 3269 ipse
2938 3200 3099 3255 enim
3131 3218 3202 3256 ex
3255 3204 3479 3261 Helena
3534 3209 3746 3265 unicus

2096 3292 2223 3342 erat
2256 3286 2413 3341 ﬁlius
2435 3288 2772 3343 Constantis
2813 3288 3007 3344 adhuc
3038 3291 3271 3361 privati,
3305 3294 3399 3348 cui
3450 3312 3519 3351 ex
3549 3298 3745 3354 Theo-

328 3337 494 3441 αὐτός
519 3378 621 3453 γὰρ
729 3337 958 3449 Ἑλένης
984 3378 1152 3451 μόνος
1208 3379 1275 3447 ἦν
1314 3337 1408 3449 Ἰτῷ
1456 3378 1619 3451 πατρὶ
1667 3337 1981 3433 Κώνσταντι

2102 3337 2222 3342 τ--ν
2445 3337 2770 3343 nmmum
2816 3337 3005 3344 -π--ν
3038 3337 3271 3361 πηνα-η
3306 3337 3399 3348 ν...
3450 3337 3519 3351 ν-
3559 3337 3744 3354 μινυ-

2102 3377 2262 3444 dora,
2319 3376 2655 3433 Maximiani
2688 3379 3040 3449 cognomine
3098 3382 3358 3437 Herculii
3418 3385 3561 3454 ﬁlia,
3611 3389 3747 3443 reli-

333 3468 412 3524 ἔτι
443 3465 786 3523 ίδιοτεύοντι·
816 3466 876 3523 ἐκ
906 3465 963 3522 δὲ
992 3475 1092 3538 τῆς
1153 3468 1415 3543 θυγατρὸς
1472 3470 1833 3540 Μαξιμιανοῦ,
1894 3467 1987 3520 τοῦ

331 3555 701 3631 Ἐρκουλλίου
758 3554 1263 3629 ἐπονομαζομὲνου,
1322 3553 1624 3629 Θεοδώρας,
1675 3551 1849 3630 ἕτεροι
1896 3576 1986 3630 γε·

334 3645 557 3722 γόνασιν
584 3646 730 3719 αὐτῷ
760 3643 971 3706 παῖδεςο
1005 3644 1035 3700 6'
1062 3667 1121 3700 τε
1152 3644 1483 3720 προρῥηθείς
1532 3644 1865 3716 Δαλμάτιος,
1896 3643 1986 3698 καὶ

336 3730 792 3806 Ἀναϐαλλιανὸς,
823 3735 913 3789 καὶ
971 3734 1363 3795 Κωνστάντιοςο
1424 3731 1517 3796 οῧς
1570 3732 1661 3787 καὶ
1721 3731 1985 3805 Καίσαρας

333 3826 791 3887 ὁΚωνσταντῖνος
847 3825 937 3879 καὶ
990 3818 1439 3895 νοϐελΛησίμους
1467 3821 1714 3895 ἐτίμησε.
1766 3818 1982 3874 Τούτων

332 3915 361 3969 6
421 3913 795 3972 Κωνστάντιος
852 3913 913 3968 ἐκ
958 3920 1058 3983 τῆς
1120 3911 1475 3990 συναφθείσης
1536 3912 1686 3981 αῦτῷ
1743 3915 1984 3984 γαμετῆς

334 4009 498 4079 γεννᾷ
530 4002 741 4059 Γάλλον
774 4024 833 4058 τε
869 4004 958 4057 καὶ
1008 4002 1309 4058 Ἰουλιανὸν
1338 4002 1430 4057 τὸν
1488 3995 1807 4070 παραϐάτην
1870 3998 1986 4052 ἐπι-

331 4093 626 4165 κληθέντα,
664 4091 756 4148 διά
783 4093 846 4147 τὸ
873 4094 965 4148 τὸν
998 4093 1234 4168 Χριστὸν
1268 4090 1644 4164 ἐξομόσασθαι,
1701 4088 1790 4144 καὶ
1849 4088 1987 4163 πρὸς

334 4186 434 4254 τήν
492 4180 830 4253 Ἑλληνικὴν
884 4181 1179 4238 ἀποκλῖναι
1241 4182 1554 4256 θρησκείαν⁸
1631 4181 1689 4242 ’ὸς
1753 4180 1844 4235 καὶ
1896 4179 1987 4233 τὸν

339 4276 510 4348 μὲγαν
539 4277 638 4327 τοῦ
676 4276 913 4347 Χριστοῦ
973 4272 1223 4349 μάρτυρα
1278 4273 1370 4327 καὶ
1424 4268 1742 4325 πολύαθλον
1793 4269 1986 4345 Ἀρτέο

334 4382 465 4435 μιον
494 4361 545 4415 ἐν
576 4366 655 4433 τῷ
691 4361 997 4437 βασιλεύειν
1057 4362 1219 4417 αὐτὸν
1280 4360 1534 4428 ἐκόλασε,
1593 4357 1682 4414 διὰ
1728 4360 1828 4427 τὴν
1912 4356 1988 4421 εἷς

330 4450 571 4525 Χριστὸν
602 4450 785 4506 πίστιν
817 4453 904 4506 καὶ
936 4454 1029 4507 τὸν
1063 4451 1234 4522 ζῆλον
1262 4452 1356 4507 τὸν
1386 4449 1582 4507 ἔνθεον.
1615 4448 1792 4507 ’Λλλά
1818 4452 1990 4503 ταῦτα

339 4542 434 4615 μὶν
465 4539 684 4617 ὕστερον
716 4541 807 4595 καὶ
844 4542 979 4614 μετά
1015 4542 1218 4617 χρόνου
1246 4540 1548 4617 γεγόνασιν.

408 4632 479 4701 η’.
509 4631 659 4706 Ἐγὼ
683 4628 740 4685 δὲ
770 4632 835 4685 τὰ
865 4625 1225 4705 πεπραγμένα
1276 4635 1394 4692 τοῖς
1443 4628 1554 4685 ἅνω
1614 4628 1843 4705 χρόνοις
1902 4624 1988 4682 δι-

2094 3467 2193 3538 qui
2228 3465 2581 3538 prodierunt
2600 3466 3019 3539 liberi,nempe
3046 3472 3370 3540 supradicti
3392 3475 3745 3547 Dalmatius,

2093 3553 2522 3608 Anaballianus
2557 3560 2614 3607 et
2642 3556 3042 3610 Constantius.
3098 3559 3215 3613 Hos
3238 3577 3373 3615 vero
3407 3562 3748 3619 Constanti-

2093 3657 2206 3694 nus
2236 3641 2497 3695 Czesares
2521 3646 2578 3694 et
2607 3643 2975 3698 nobilissimos
3007 3646 3082 3715 (5)
3116 3648 3442 3704 constituit.
3465 3653 3507 3704 E
3526 3653 3746 3722 quibus

2091 3730 2472 3783 Constantius
2504 3746 2574 3784 ex
2598 3730 2861 3802 legitima
2890 3736 3141 3806 conjuge
3165 3740 3495 3807 procreavit
3515 3744 3745 3800 Galium

2092 3823 2151 3874 et
2177 3818 2501 3888 lulianum,
2537 3821 2883 3890 Apostatam
2917 3827 3422 3896 cognominatum,
3464 3846 3530 3885 eo
3564 3834 3743 3904 quod,

2091 3907 2326 3961 Christo
2359 3907 2652 3978 abjurato,
2686 3909 2760 3963 ad
2782 3911 3095 3981 gentilium
3121 3918 3605 3987 superstitionem
3639 3922 3740 3978 de-

2092 3996 2424 4053 clinaverit.
2458 3997 2567 4061 Qui
2599 4002 2889 4068 praeterea
2926 4001 3175 4073 imperio
3201 4006 3425 4076 potitus
3458 4026 3741 4080 magnum

2091 4085 2307 4141 Christi
2341 4090 2662 4156 martyrem
2692 4092 2749 4141 et
2779 4089 2984 4144 multis
3016 4094 3441 4151 certaminibus
3458 4099 3739 4156 victorem

2091 4175 2421 4231 Artemium
2449 4175 2741 4246 supplicio
2772 4179 2980 4233 affecit.
3022 4189 3264 4254 propter
3284 4185 3463 4241 fidem
3491 4188 3551 4244 in
3581 4190 3744 4245 Chri-

2095 4272 2250 4322 stum
2284 4271 2341 4320 et
2370 4266 2635 4321 divinum
2659 4268 2786 4339 ejus
2817 4270 3114 4328 ardorem.
3152 4275 3264 4329 Sed
3322 4277 3448 4333 hanc
3497 4281 3740 4352 quidem

2094 4355 2249 4412 infra
2269 4361 2329 4412 et
2348 4355 2677 4411 secundum
2709 4360 2994 4431 temporis
3026 4362 3321 4421 ordinem.

2168 4627 2221 4680 8.
2257 4627 2650 4695 Posteaquam
2698 4642 2835 4681 vero
2895 4644 3213 4687 narravero
3248 4652 3379 4705 qum
3429 4640 3752 4710 superiori-

335 4719 708 4793 ηγησάμενος,
769 4720 857 4775 ἐπὶ
913 4721 982 4775 τά
1051 4715 1334 4793 συμϐάντα
1390 4724 1469 4791 τῷ
1533 4718 1760 4794 μάρτυρι
1818 4716 1983 4773 πάλιν

2102 4716 2204 4770 bus
2237 4714 2606 4786 temporibus
2650 4720 2783 4770 acta
2832 4724 2993 4787 sunt,
3043 4720 3117 4775 ad
3184 4738 3254 4777 ea
3314 4742 3444 4796 quae
3505 4732 3751 4802 martyri

332 4810 518 4882 τρέψω
550 4810 643 4864 τὸν
697 4809 889 4885 λόγον·
940 4815 1060 4872 πῶς
1116 4830 1173 4865 τε
1232 4810 1260 4864 6
1317 4808 1637 4886 παράνομος
1693 4808 1784 4863 καὶ
1816 4829 1991 4883 παρα-

340 4895 850 4969 ϐάτηςἸουλιανὸς
880 4900 969 4954 καὶ
1008 4898 1113 4954 τίνι
1162 4899 1352 4975 τρόπῳ
1418 4898 1504 4953 ἐπὶ
1560 4900 1623 4953 τὸ
1676 4905 1775 4966 τῆς
1836 4897 1991 4972 βασι-

337 4985 491 5049 λείας
522 4988 689 5057 ἦλθεν
718 4989 954 5063 ἀξίωμα
990 4990 1080 5044 καὶ
1128 4993 1247 5053 πῶς
1303 4991 1329 5043 6
1386 4993 1482 5043 τοῦ
1514 4992 1752 5061 Χριστοῦ
1788 4986 1989 5061 μάρτυς

337 5074 639 5151 Ἀρτέμιος
695 5077 772 5141 εἷς
820 5079 885 5133 τὸ
941 5082 1041 5145 τῆς
1099 5081 1339 5155 Χριστοῦ
1390 5078 1694 5154 ὁμολογίας
1742 5077 1991 5152 πανίερον

335 5162 542 5242 ἔδραμε
604 5164 843 5224 στάδιον.
894 5174 1056 5241 ’Ἄρτι
1108 5172 1207 5223 τοῦ
1270 5167 1513 5243 μεγάλου
1588 5166 1990 5222 Κωνσταντίνου

336 5257 486 5330 [346]
516 5255 973 5326 τελευτήσαντος,
1007 5259 1041 5326 ἡ
1082 5262 1190 5313 τῶν
1245 5257 1525 5330 Ῥωμαίων
1557 5256 1705 5330 ἀρχή
1739 5254 1815 5317 εἷς
1843 5260 1991 5329 τρεῖς

335 5339 562 5419 διῃρέθη
650 5343 853 5418 ἀρχὰς,
901 5348 1009 5399 τῶν
1095 5345 1229 5401 υἱῶν
1312 5346 1497 5417 αὐτοῦ,
1561 5343 1987 5417 Κωνσταντίνου,

2101 4805 2400 4875 contigere
2434 4821 2641 4859 rursus
2670 4811 2893 4860 vertam
2928 4824 3286 4866 sermonem.
3339 4815 3541 4870 Dicam
3573 4818 3753 4887 igitur

2102 4899 2159 4948 et
2183 4892 2342 4964 quali
2401 4893 2634 4947 ratione
2676 4894 2896 4965 impius
2951 4902 3128 4967 atque
3177 4906 3443 4970 apostata
3479 4903 3749 4961 Julianus

2102 4981 2650 5052 adimperatoriam
2706 4986 3047 5054 pervenerit
3101 4987 3555 5059 dignitatem,et
3603 5011 3748 5063 quo-

2102 5071 2280 5128 modo
2328 5070 2544 5125 Christi
2576 5078 2802 5143 martyr
2862 5077 3160 5131 Artemius
3213 5078 3274 5132 in
3344 5081 3747 5139 sacratissimo

2101 5161 2451 5217 Christianae
2504 5161 2897 5219 confessionis
2973 5166 3162 5221 stadio
3229 5172 3578 5227 cucurrerit.
3641 5175 3754 5229 De-

2098 5252 2303 5307 functo
2336 5267 2550 5323 magno
2583 5253 3410 5325 Constantino,Romanorum
3438 5262 3752 5335 imperium

2103 5341 2167 5396 in
2199 5346 2319 5395 tres
2350 5346 2549 5412 partes
2598 5341 2710 5398 fuit
2738 5343 3019 5414 divisum,
3082 5363 3218 5403 cum
3250 5354 3370 5405 tres
3416 5351 3524 5408 filii
3603 5355 3757 5427 ejus,

1927 5580 2150 5637 NOTAE.

396 5757 472 5830 (5)
505 5761 625 5842 Hoc
658 5760 1254 5842 nomine_honorario
1286 5764 1658 5842 augebantur
1688 5765 2117 5836 imperatorum
2142 5760 2248 5817 filii
2286 5776 2298 5827 ;
2350 5756 2709 5829 quandoque
2733 5761 2935 5831 etiam,
2962 5768 3027 5818 ut
3076 5765 3173 5821 hic
3212 5768 3370 5839 apud
3429 5776 3757 5842 auctorem,

330 5829 736 5904 imperatoria;
766 5832 1008 5889 familiaa
1038 5829 1434 5895 collaterales.
1463 5839 1616 5893 Enrr.

611 5951 885 6016 Par-non.
930 5955 1047 6016 Gn.
1090 5953 1299 6018 XCVI.

3391 5957 3473 6023 ιο
