4120 6380
435 373 608 456 ,ίεσθ
2006 371 2107 424 ADJ

2216 366 2373 423 ΗΒΑ.
3750 377 3882 436 1260

463 500 924 566 Constantinus,
944 498 1328 570 Constantius
1358 504 1416 553 et
1445 499 1736 552 Constans
1775 493 1929 550 illud
1966 493 2107 548 inte:

2239 487 2617 546 Κωνσταντίου
2672 511 2731 546 τε
2813 491 2904 547 καὶ
2959 491 3339 568 Κώνσταντος,
3400 495 3601 561 ταὺτας
3676 489 3895 574 μερισα-

467 609 530 648 se
569 577 930 647 divisissent.
951 591 1024 645 Et
1050 588 1444 662 primogenito
1477 586 1719 658 quidem
1741 583 2107 640 Constantim

2242 578 2440 652 μένων.
2503 577 2608 636 Καὶ
2661 584 2742 652 τῷ
2803 580 2897 654 μὶν
2947 583 3156 657 πρώτῳ
3216 585 3613 661 Κωνσταντίνῳ
3660 589 3716 643 αἱ
3788 590 3890 650 ἄνω

483 681 824 755 superiores
855 679 1056 734 Gallia:
1107 683 1166 733 et
1213 695 1345 748 quae
1405 681 1545 731 sunt
1581 675 1740 730 ultra
1789 673 1987 745 Alpes,
2048 671 2107 726 in

2241 665 2476 724 Γαλλίαι
2521 668 2611 724 καὶ
2659 669 2724 724 τὰ
2753 667 3002 726 ἐπέκεινα
3031 671 3313 747 νΑλπεων,
3354 672 3410 730 α⁹ί
3466 696 3526 731 τε
3579 679 3890 754 Βρετανικαὶ

471 754 618 829 sules
669 768 1025 826 Britannicas
1085 773 1144 822 et
1196 767 1469 840 regiones
1553 781 1763 820 omnes
1811 779 2000 834 usque
2057 779 2107 818 at

2238 763 2422 827 νῆσοι,
2481 759 2573 812 καὶ
2627 754 2732 824 ἕως
2775 763 2875 814 τοῦ
2931 758 3185 836 ἑσπερίου
3238 761 3478 819 ὠκεανοῦ
3525 763 3740 844 κλῆρος
3772 769 3888 827 E66-

471 863 774 918 Oceanum
851 855 1284 912 occidentalem
1349 854 1699 910 haereditate
1770 853 2107 926 obtigerunt

2238 849 2430 918 θησανο
2463 852 2544 920 τῷ
2588 845 2645 903 δέ
2697 869 2762 924 γε
2815 850 3152 920 Κώνσταντι,
3210 853 3284 916 ὡς
3347 853 3586 928 ὑστάτῳ,
3640 857 3695 912 αἰ
3751 861 3891 918 κάτω

469 947 775 1005 Constanti
820 962 980 1013 vero,
1022 949 1227 1017 utpote
1284 947 1431 1000 natu
1489 943 1763 1008 minimo,
1817 939 2107 996 inferiore:

2237 935 2493 1006 Γαλλίαι,
2553 937 2724 1012 ἤγουν
2778 941 2813 1009 ἡ
2874 937 3085 996 Ἰταλία
3132 941 3225 996 καὶ
3282 941 3419 1014 αὑτή
3451 944 3675 1019 Ῥώμη.
3729 948 3791 1006 ’0
3840 948 3892 1007 δὲ

471 1038 695 1104 Gallias,
721 1035 894 1091 Italia
923 1051 1140 1107 nempe
1179 1040 1237 1088 et
1266 1034 1396 1106 ipsa
1454 1035 1640 1088 Roma
1678 1033 1778 1103 (6).
1841 1031 2101 1086 Constan

2237 1028 2620 1091 Κωνστάντιος
2653 1030 2680 1084 6
2715 1026 2964 1101 δεύτερος
2986 1036 3096 1086 τῶν
3159 1034 3574 1091 Κωνσταντίνου
3633 1038 3790 1108 υἱῶν,
3839 1039 3892 1104 ὅς

470 1129 587 1183 tius
623 1125 864 1181 demum
890 1123 1190 1180 secundus
1245 1141 1315 1179 ex
1346 1122 1488 1178 ﬁliis
1519 1121 1919 1187 Constantini,
1951 1118 2107 1174 rebu:

2234 1119 2300 1186 ἦν
2344 1115 2433 1172 ἐπὶ
2484 1123 2593 1172 τῶν
2653 1125 2755 1188 τῆς
2809 1120 2948 1193 ἑῴας
3006 1120 3132 1176 τότε
3189 1125 3532 1199 πραγμάτων
3587 1128 3726 1202 πρὸς
3770 1129 3890 1194 τοὺς

471 1215 874 1272 Orientalibus
927 1231 994 1270 eo
1039 1219 1305 1285 tempore
1364 1212 1720 1284 praepositus
1784 1209 2107 1279 bellumqut

2235 1207 2443 1275 Πέρσας
2495 1209 2918 1284 ἀγωνιζόμενος,
2989 1211 3054 1266 τὸ
3109 1211 3211 1282 τῆς
3266 1211 3406 1287 ἑῴας
3460 1214 3762 1286 ἀσπάζεται
3806 1220 3892 1292 μέ-

471 1322 685 1378 gerens
715 1305 1004 1360 adversus
1031 1305 1263 1370 Persas,
1285 1301 1546 1357 Orientis
1602 1306 1834 1373 partem
1879 1299 2130 1370 accepit.

470 1395 579 1461 Qui
611 1394 975 1466 Byzantium,
1029 1393 1274 1448 nomine
1325 1396 1551 1446 mutato
1598 1391 1661 1445 in
1707 1389 2129 1444 Constantino-

469 1485 657 1557 polim
683 1488 742 1540 et
762 1499 977 1538 novam
1014 1484 1286 1550 Romam,
1317 1480 1460 1537 fecit
1505 1478 1618 1535 sibi
1649 1479 1874 1551 regiam
1901 1495 1913 1545 ;
1945 1483 2003 1532 et
2057 1476 2129 1533 ab

471 1572 709 1646 Illyrico
735 1589 926 1644 usque
977 1571 1050 1628 ad
1097 1570 1544 1643 Propontidem,
1591 1584 1966 1642 quascunque
2015 1569 2130 1623 Ro-

471 1665 668 1721 manis
697 1663 1013 1736 parebant,
1042 1662 1273 1735 Syriam
1324 1679 1560 1735 quoque
1616 1667 1675 1718 et
1723 1661 2129 1730 Palaestinam,

2237 1314 2352 1368 ρος’
2386 1296 2476 1351 καὶ
2506 1297 2630 1352 τότε
2660 1297 2956 1367 Βυζάντιον
3003 1303 3401 1376 μετονομασθὶν
3454 1305 3533 1368 εἷς
3618 1309 3888 1364 Κωνιιταν⁸

2233 1387 2578 1456 τινουπολιν,
2610 1387 2702 1442 καὶ
2731 1387 2851 1443 νέαν
2880 1389 3126 1464 Ῥώμην,
3158 1398 3396 1448 ποιεῖται
3449 1394 3760 1470 βασίλειον,
3805 1398 3884 1454 καὶ

2235 1476 2343 1530 ἀπὸ
2386 1480 2488 1530 τοῦ
2543 1475 2857 1554 Ἰλλυρικοῦ
2922 1481 3090 1556 μέχρι
3137 1488 3240 1551 τῆς
3287 1483 3673 1560 Προποντίδος
3731 1487 3883 1542 ὁπόσα

2239 1565 2455 1636 ὑπήκοα
2482 1566 2808 1642 Ῥωμαίοις,
2836 1570 2938 1640 τήν
2991 1590 3051 1625 τε
3112 1570 3310 1648 Συρίαν
3369 1573 3459 1628 καὶ
3522 1575 3879 1649 Παλαιστίνην

2232 1655 2326 1710 καὶ
2379 1656 2809 1730 Μεσοποταμίαν
2865 1658 2958 1714 καὶ
3016 1658 3310 1736 Αἴγυπτον,
3367 1664 3461 1718 καὶ
3519 1663 3624 1730 τὰς
3705 1669 3889 1737 νήσους

2233 1743 2466 1817 ἁπάσας,
2515 1741 2596 1821 τῇ
2641 1745 2808 1802 αὐτοῦ
2871 1745 3124 1824 βασιλείᾳ
3173 1749 3268 1806 καὶ
3319 1748 3583 1826 πολιτείᾳ
3663 1753 3892 1826 ὑποτελῆ

2158 1870 2208 1937 Β
2234 1833 2576 1906 καθίστησιν.

473 1752 960 1826 Mesopotamiam
994 1757 1053 1809 et
1072 1755 1384 1826 Egyptum
1407 1757 1586 1824 atque
1616 1751 1847 1808 insulas
1899 1751 2131 1808 univer-

473 1863 569 1903 sas
589 1845 842 1918 imperio
875 1861 981 1901 suo
1004 1848 1063 1901 et
1086 1843 1299 1900 ditioni
1323 1843 1596 1917 subjecit.

545 2028 600 2081 9.
649 2027 894 2098 Magnus
955 2027 1156 2080 autem
1215 2022 1516 2079 Artemius
1573 2021 1921 2078 versabatur
1993 2039 2107 2079 cun

2312 2013 2377 2071 θ’.
2408 2014 2470 2072 Ὁ
2499 2011 2557 2069 δὶ
2601 2015 2769 2091 μέγας
2828 2016 3125 2092 Ἀρτέμιος
3193 2021 3356 2090 συνῆν
3407 2024 3487 2094 τῷ
3535 2023 3885 2099 Κωνσταντίφ

429 2173 434 2176 _
475 2114 825 2170 Constantio
857 2113 1322 2185 omnitempore
1362 2112 1503 2167 etin
1536 2112 1699 2168 omni
1747 2112 2008 2185 negotio,
2065 2129 2104 2168 ιι

2240 2101 2292 2192 έν
2343 2105 2502 2158 παντὶ
2581 2109 2759 2180 καιρῷ
2835 2127 2894 2162 τε
2949 2109 3041 2162 καὶ
3090 2109 3392 2186 πράγματι,
3451 2111 3526 2174 ὡς
3589 2111 3681 2168 ἅτε
3736 2111 3885 2192 φίλος

479 2205 584 2276 qui
615 2208 773 2260 esset
800 2203 1026 2259 amicus
1057 2203 1319 2275 optimus
1351 2208 1409 2257 et
1437 2219 1509 2257 ex
1538 2201 1633 2264 iis,
1667 2202 1769 2273 qui
1807 2201 2024 2256 virtute
2071 2217 2102 2256 e

2238 2189 2475 2266 ἄριστος,
2506 2193 2598 2248 καὶ
2643 2199 2751 2250 τῶν
2811 2194 2896 2250 ἐπ’
2926 2197 3090 2272 ἀρετῇ
3147 2197 3240 2253 καὶ
3297 2196 3519 2273 παιδείᾳ
3581 2189 3888 2278 λαμπρυνο-

479 2293 750 2350 doctrina
777 2292 1109 2366 fulgebant,
1131 2297 1189 2347 et
1212 2292 1680 2347 Christianorum
1742 2289 1881 2346 ﬁdei
1913 2289 2107 2346 arden'

2242 2283 2439 2355 μένων,
2471 2281 2559 2338 καὶ
2614 2291 2713 2353 τῆς
2762 2286 3103 2359 Χριστιανῶν
3154 2287 3388 2352 πίστεως
3447 2287 3714 2368 διάπυρος
3770 2292 3882 2369 ἐρα-

474 2386 742 2441 tissimus
774 2390 1024 2440 amator.
1078 2385 1158 2440 De
1189 2383 1383 2456 patria
1428 2389 1487 2438 et
1536 2399 1753 2456 genere
1812 2382 1940 2454 ejus
1977 2382 2104 2437 nihi

2237 2373 2387 2443 στῆς.
2425 2370 2697 2447 Πατρίδος
2747 2374 2836 2429 καὶ
2896 2373 3088 2448 γένους
3143 2376 3309 2434 αὐτοῦ
3365 2377 3710 2455 ἀνάγραπτον
3743 2385 3879 2456 μνή-

473 2477 761 2548 scriptum
796 2473 1093 2546 quispiam
1137 2473 1311 2528 nobis
1369 2473 1634 2541 tradidit,
1692 2471 1810 2527 nisi
1859 2471 2019 2543 quod
2057 2487 2107 2528 e1

2239 2483 2346 2536 μην
2377 2459 2557 2526 οὐδεὶς
2595 2465 2734 2537 ἡμῖν
2767 2462 3175 2539 παραδέδωκεν,
3231 2468 3379 2540 πλὴν
3436 2470 3521 2526 ’ὁτι
3577 2477 3686 2528 τῶν
3727 2472 3880 2528 εὐπα-

469 2564 658 2622 nobili
691 2569 750 2620 et
777 2563 1000 2619 illustri
1061 2563 1288 2618 familia
1343 2562 1431 2617 vir
1479 2562 1860 2618 beatissimus
1891 2561 2100 2618 duxeri

2231 2550 2552 2626 τριδῶνξκαὶ
2591 2554 2849 2630 μεγάλων
2892 2555 3138 2632 ὑπῆρχεν
3172 2559 3201 2614 6
3257 2559 3739 2636 τρισμακάριστος.
3799 2563 3877 2634 Ἐξ

462 2658 686 2709 ortum.
724 2651 890 2708 Unde
915 2651 1093 2706 etiam
1151 2650 1280 2706 haec
1318 2650 1390 2706 de
1450 2667 1516 2706 eo
1550 2650 1787 2722 scriptis
1841 2649 2107 2706 mandat:

2233 2642 2308 2696 ὧν
2359 2641 2448 2698 καὶ
2505 2640 2634 2698 τάδε
2687 2643 2754 2699 τὰ
2805 2645 2930 2720 περὶ
2972 2644 3136 2701 αὐτοῦ
3197 2645 3622 2724 ἀναγέγραπται,
3683 2652 3762 2707 ὅτι
3813 2652 3874 2707 τὰ

458 2747 618 2809 sunt,
674 2740 866 2813 ipsum
926 2756 1056 2795 esse
1125 2739 1226 2811 qui
1297 2739 1505 2811 jussus
1557 2739 1636 2794 sit
1687 2756 1722 2795 a
1769 2740 2107 2795 Constantic

2229 2731 2466 2807 πανάγια
2494 2730 2720 2807 λείψανα
2770 2737 2876 2788 τῶν
2936 2737 3033 2789 τοῦ
3085 2737 3329 2811 Χριστοῦ
3389 2737 3709 2796 ἀποστόλων
3757 2741 3870 2798 Ἀν-

455 2845 778 2905 procurare
810 2829 1268 2885 translationem
1303 2828 1818 2884 sanctissimarum
1844 2829 2124 2900 reliquia-

458 2937 595 2976 rum
616 2919 892 2984 Andreaa,
925 2918 1141 2974 Christi
1173 2917 1447 2990 apostoli,
1490 2919 1659 2974 Lucas
1701 2923 1760 2974 et
1798 2918 2118 2987 Timothei,

453 3013 522 3064 ut
553 3025 818 3080 sequens
851 3007 1216 3081 significabit
1244 3007 1456 3062 oratio.
1505 3008 1799 3080 Equidem
1830 3008 1957 3063 haec
1989 3025 2117 3064 om~

460 3098 563 3154 nia
583 3097 866 3170 deinceps
899 3095 1178 3166 narrabo,
1214 3113 1324 3168 per
1353 3095 1569 3152 seriem
1613 3098 1901 3168 temporis
1933 3102 2123 3152 trans-

460 3203 728 3255 currens,
758 3191 816 3241 et
846 3189 1121 3241 accurate
1155 3185 1484 3241 secundum
1521 3202 1725 3241 rerum
1757 3186 2115 3258 exigentiam

2231 2818 2391 2898 δρέου
2420 2821 2509 2877 καὶ
2556 2825 2733 2879 Δουκᾶ
2790 2823 2881 2878 καὶ
2933 2825 3228 2899 Τιμοθέου,
3276 2827 3443 2890 αὐτός
3500 2827 3638 2885 ἐστιν
3698 2831 3725 2886 ὁ
3773 2831 3866 2900 τῆν

2229 2908 2575 2984 ἀνακομιδὴν
2654 2912 2832 2968 αὐτῶν
2916 2912 3021 2970 ὑπὸ
3104 2917 3488 2974 Κωνσταντίου
3545 2921 3858 2991 ποιήσασθαι

2225 2999 2558 3067 κελευσθεὶς,
2633 3002 2710 3065 ὡς
2785 3006 2996 3080 προῖὼν
3052 3005 3081 3060 6
3158 3003 3328 3082 λόγος
3384 3005 3600 3080 διδάξει·
3647 3008 3750 3083 ἐγὼ
3801 3007 3858 3062 δὲ

2228 3089 2438 3146 ἅπαντα
2464 3095 2632 3146 ταῦτα
2653 3092 2882 3163 καθεξῆς
2913 3089 3254 3169 διηγήσομαι
3315 3096 3404 3152 ἐπὶ
3456 3097 3575 3160 τοὺς
3625 3098 3846 3171 χρόνους

2231 3175 2522 3236 διαϐαίνων
2596 3182 2684 3236 καὶ
2748 3181 3095 3257 ἐκτιθέμενος
3144 3187 3282 3241 κατὰ
3337 3188 3436 3256 τήν
3491 3185 3696 3242 δεούσαν
3741 3188 3845 3239 τῶν

459 3291 785 3348 exponens.
819 3273 965 3330 Cum
997 3273 1195 3346 igitur,
1227 3278 1294 3329 ut
1323 3273 1546 3329 dictum
1596 3279 1706 3342 est,
1767 3279 1886 3330 tres
1916 3281 2107 3331 essent

2225 3269 2561 3345 πραγμάτων
2623 3249 2943 3346 ἀκρίϐειαν..
2980 3274 3068 3335 Ὠς
3129 3273 3220 3329 οὗν
3476 3273 3696 3350 εἷ’ρηται,
3741 3276 3850 3328 τῶν

455 3365 869 3439 imperatores,
937 3369 1289 3436 partemque
1346 3379 1514 3419 suam
1582 3363 1802 3437 singuli
1861 3362 2112 3419 admini-

453 3453 1175 3527 strarent,primogenitus
1189 3469 1396 3509 eorum
1417 3453 2114 3526 Constantinus,propria

447 3544 801 3617 relinquens
833 3548 892 3599 et
919 3543 1119 3598 fratris
1176 3545 1325 3598 natu
1365 3541 1627 3608 minimi,
1689 3546 1832 3598 tunc
1863 3544 2109 3598 Romam

444 3633 718 3707 profecti,
752 3629 1163 3688 hasreditatem
1195 3630 1504 3703 invadens,
1538 3647 1849 3705 aggressus
1881 3637 1970 3688 est
1997 3631 2107 3687 ad-

443 3737 650 3779 versus
681 3737 818 3778 eum
868 3721 1078 3794 injusti
1133 3721 1442 3793 quidpiam
1491 3721 1744 3793 operari.
1779 3720 2105 3778 Absentem

444 3815 606 3870 enim
638 3813 991 3869 criminatus
1015 3817 1104 3868 est
1135 3812 1342 3868 dicens
1372 3811 1642 3883 iniquam
1665 3829 1867 3868 rerum
1884 3812 2101 3869 factam

442 3919 574 3959 esse
610 3901 1018 3974 partitionem,
1076 3905 1136 3956 et
1187 3900 1482 3973 majorem
1558 3905 1787 3973 partem
1841 3901 2103 3974 imperii,

442 3991 601 4063 quod
623 3990 907 4063 adipsum
926 3989 1318 4062 pertineret,a
1337 3990 1520 4046 fratre
1534 3990 1718 4046 fuisse
1731 3996 2099 4063 usurpatam.

443 4081 555 4136 Sed
580 4080 842 4154 regionis
877 4077 1056 4134 duces
1094 4083 1154 4134 et
1182 4079 1478 4146 custodes,
1535 4096 1571 4134 a
1617 4080 1959 4135 Constantio
2008 4081 2104 4136 in-

443 4171 658 4239 stituti,
688 4168 1131 4242 responderunt
1161 4185 1224 4224 se
1255 4173 1474 4242 praeter
1512 4169 1690 4240 hujus
1740 4170 2101 4226 sententiam
2143 4189 2148 4194 ·

441 4265 501 4315 et
545 4276 908 4316 consensum
939 4258 1094 4315 nihil
1151 4259 1271 4313 sive
1329 4275 1610 4332 magnum
1657 4258 1777 4314 sive
1850 4275 2098 4330 parvum

437 4365 612 4422 posse
645 4355 918 4406 mutare:
969 4349 1181 4404 fuisset
1242 4347 1402 4403 enim
1448 4347 1764 4404 nefarium.
1809 4349 2099 4405 Constan-

2233 3355 2504 3435 βασιλέων
2535 3363 2702 3435 τριῶν
2725 3362 3133 3436 τυγχανόντων,
3164 3363 3256 3418 καὶ
3307 3367 3401 3428 τῆς
3458 3363 3619 3419 αὑτοῦ
3670 3361 3865 3437 μοίρας

2228 3446 2456 3504 ἑκάστου
2487 3448 2666 3504 αὐτῶν
2702 3447 3115 3525 βασιλεύοντος,
3145 3454 3174 3508 ὃ
3221 3458 3439 3530 πρῶτος
3487 3453 3656 3508 αὐτῶν
3716 3457 3865 3506 Κων-

2224 3543 2506 3600 σταντῖνος
2535 3545 2638 3608 τῆς
2685 3537 2890 3603 οἷ’κείας
2953 3538 3175 3618 μερίδος
3223 3543 3531 3606 ἀπαναστὰς
3587 3543 3680 3598 καὶ
3737 3542 3858 3617 πρὸς

2221 3627 2323 3697 τήν
2379 3631 2476 3682 τοῦ
2531 3625 2765 3704 ἐσχάτου
2823 3627 3067 3709 ἀδελφοῦ
3121 3630 3500 3707 κληροδοσίαν
3543 3631 3864 3703 ἐπανελθὼν,

2223 3715 2430 3772 ἐκείνου
2478 3717 2617 3792 πρὸς
2669 3718 2770 3787 τὴν
2820 3719 3042 3793 Ῥώμην
3077 3719 3566 3797 ἀποδημήσαντος,
3601 3721 3860 3797 ἐπεχείρει

2217 3809 2408 3861 τιτῶν
2444 3803 2646 3862 ἀδίκων
2667 3809 2805 3863 κατά
2859 3808 2958 3865 τοῦ
3014 3808 3257 3890 ἀδελφοῦ
3307 3809 3720 3888 διαπράξασθαι·
3778 3810 3862 3865 καὶ

2219 3894 2379 3950 αὑτὸν
2415 3896 2493 3970 μὴ
2524 3896 2769 3972 παρόντα
2800 3894 3116 3972 διέϐαλλεν,
3147 3902 3222 3963 ὡς
3257 3901 3320 3956 οὐ
3351 3900 3538 3964 καλῶς
3560 3906 3671 3958 τῶν
3693 3921 3863 3977 πραγ-

2221 3987 2406 4058 μάτων
2441 3983 2901 4060 διανεμηθέντων,
2963 3991 3050 4045 καὶ
3111 3990 3196 4046 ὅτι
3242 3989 3503 4047 πλεῖστον
3562 3993 3729 4067 μέρος
3773 3997 3864 4058 τῆς

2217 4074 2364 4147 αὖτῷ
2394 4075 2782 4151 προσηκούσης
2837 4079 3018 4154 ἀρχῆς
3071 4078 3471 4160 ἐσφετερίσατο.
3531 4083 3601 4140 Οἱ
3661 4078 3719 4136 δὲ
3772 4087 3866 4150 τῆς

2217 4167 2406 4241 χώρας
2455 4165 2748 4242 στρατηγοί
2804 4188 2862 4222 τε
2917 4168 3006 4223 καὶ
3067 4169 3329 4246 φύλακες,
3389 4171 3482 4234 οὕς
3528 4171 3556 4225 ὁ
3614 4171 3868 4231 Κώνστας

2213 4254 2644 4330 ἐχειροτόνησεν,
2679 4257 2778 4311 οὐκ
2815 4250 3013 4335 ἔφασαν
3073 4260 3251 4336 χωρὶς
3307 4267 3406 4330 τῆς
3463 4259 3677 4316 ἐκείνου
3735 4259 3870 4336 γνώ-

2213 4366 2322 4419 μης
2367 4366 2426 4400 τε
2473 4346 2564 4400 καὶ
2627 4343 2838 4420 βουλῆς
2924 4343 3179 4404 δύνασθαί
3263 4369 3316 4404 τι
3377 4349 3573 4425 μικρὸν
3639 4349 3676 4418 ἢ
3739 4351 3868 4424 μέγα

437 4436 599 4491 tinus
629 4442 828 4492 autem
859 4435 1086 4491 bellum
1116 4441 1308 4508 parat,
1339 4452 1626 4507 armaque
1650 4441 1849 4492 movet
1877 4436 1940 4491 in
1960 4453 2097 4493 cum

2216 4440 2538 4510 μετακινεῖνο
2587 4435 2804 4491 ἀνόσιον
2856 4436 2978 4513 γάρ·
3035 4439 3063 4492 6
3122 4435 3180 4494 δὶ
3231 4438 3369 4515 πρὸς
3428 4438 3682 4511 πόλεμον
3740 4439 3871 4494 ἀπο-

437 4528 540 4598 qui
571 4527 802 4584 nullam
828 4527 1052 4584 fecerat
1082 4527 1388 4599 iniuriam.
1424 4527 1594 4583 Cadit
1623 4528 1803 4601 igitur
1842 4528 1985 4584 dum
2034 4529 2096 4584 in

2216 4521 2412 4595 δύεται,
2468 4522 2559 4578 καὶ
2621 4521 2770 4580 ὅπλα
2815 4530 2955 4580 κινεῖ
3014 4525 3152 4582 κατᾶ
3205 4531 3304 4584 τοῦ
3339 4524 3510 4602 μηδὲν
3560 4525 3871 4599 ἀδικήσαν-

432 4615 592 4672 bello
610 4620 837 4690 pugnat
870 4635 885 4684 ;
917 4621 974 4672 et
1013 4615 1270 4674 aliorum
1330 4615 1742 4673 hereditatem
1802 4618 2083 4689 concupi-

2216 4633 2310 4675 τος.
2359 4612 2555 4669 Πίπτει
2584 4614 2766 4668 τοίνυν
2827 4615 2856 4670 6
2915 4621 3322 4680 Κωνσταντῖνος
3379 4616 3432 4672 ὲν
3491 4621 3571 4690 τῷ
3633 4617 3872 4691 πολέμῳ

434 4718 606 4759 scens
637 4718 770 4759 eam
799 4703 990 4777 ipsam
1012 4703 1214 4761 amisit
1250 4721 1430 4776 quam
1451 4704 1618 4776 justo
1644 4703 1903 4760 dominio
1935 4703 2088 4759 deti-

2216 4703 2547 4776 ιαχόμενος,
2605 4702 2826 4772 καὶτῆς
2859 4702 3080 4782 μερίδος
3135 4710 3246 4761 τῶν
3303 4704 3621 4781 ἀλλοτρίων
3684 4707 3873 4770 ἐπιθυ-

430 4807 574 4848 nere
599 4791 932 4850 videbatur.

2216 4795 2343 4862 ιῶν,
2399 4789 2489 4844 καὶ
2550 4791 2686 4867 ἅπερ
2747 4787 2924 4847 ἐδόκει
2989 4788 3227 4868 βεϐαίως
3300 4798 3518 4870 κρατεῖν
3601 4815 3869 4870 προσαπ-

913 4891 917 4897 ·
2199 4878 2425 4936 ὤλεσεν.

2025 5037 2250 5094 ΝΟΤιλΕ.

2194 5164 2576 5239 vocabantur,
2611 5162 2715 5218 sed
2747 5180 2878 5220 eam
2923 5165 3206 5239 extendit
3251 5166 3330 5239 ad
3367 5167 3682 5239 integram
3753 5171 3871 5223 Ita-

2192 5236 2374 5302 liam;
2415 5236 2498 5290 ita
2545 5241 2636 5311 ut_
2667 5251 2841 5292 voces
2865 5237 3139 5311 uixi-cm
3201 5236 3434 5311 Γαλλίαν,
3484 5236 3637 5295 fiant
3692 5239 3867 5311 quasi

2190 5325 2410 5363 nomen
2437 5307 2778 5384 genericum
2811 5307 2883 5363 ad
2935 5308 3367 5384 designandum
3400 5315 3581 5366 totam
3616 5307 3863 5384 imperii

2190 5385 2419 5454 partem
2479 5395 2632 5454 quze,
2685 5379 3388 5454 interpositis—Alpibus,
3457 5379 3783 5454 separatur
3834 5399 3867 5438 a

2189 5449 2378 5526 Callia
2409 5449 2738 5526 superiore.
2777 5449 2938 5526 Tunc
2968 5458 3168 5526 autem
3193 5449 3408 5526 reapse
3450 5449 3560 5510 sub
3616 5455 3738 5510 hac
3757 5455 3865 5510 de-

2186 5521 2598 5596 nominatione
2629 5525 3054 5594 comprehendi
3088 5521 3439 5596 potest—tota
3458 5526 3651 5582 Italia.
3669 5529 3862 5581 Porro

2185 5594 2524 5651 mirandum
2566 5609 2688 5648 non
2719 5600 2810 5649 est
2839 5594 3195 5654 scriptorem
3227 5599 3494 5653 Graacum
3551 5615 3680 5653 non
3731 5615 3861 5654 om-

2183 5668 2344 5744 nin_o_
2377 5669 2652 5744 accurate
2720 5666 2885 5744 loqui
2945 5666 3018 5744 de
3076 5668 3255 5744 rebus
3309 5669 3383 5725 ad
3425 5670 3860 5744 geographiam

2169 5735 2616 5795 occidentalem
2645 5735 3108 5809 pertinentibus.
3153 5742 3308 5798 Emr.
3427 5735 3456 5744 ”
3538 5735 3612 5770 "--

501 5165 576 5234 (6)
608 5165 817 5221 Mirum
850 5165 1033 5239 videri
1065 5171 1287 5239 posset,
1324 5170 1625 5222 auctorem
1671 5165 1780 5221 sub
1838 5165 2082 5239 nomine

425 5238 757 5320 inferiorum
803 5238 1400 5320 Galliaram__ltaliam
1458 5238 1996 5320 comprehendere.
2025 5242 2084 5319 et

423 5310 918 5391 ipsamllomam.
951 5310 1064 5392 Sed
1093 5316 1318 5392 attente
1345 5310 1749 5366 consideranti
1797 5326 1929 5381 quaa
1983 5310 2080 5390 hic

423 5378 496 5434 de
519 5379 807 5462 divisione
832 5397 1066 5462 imperii
1089 5382 1371 5462 dicuntur
1387 5382 1615 5462 patebit
1632 5381 2079 5462 lloannemliuic

418 5450 646 5535 regioni
678 5467 855 5523 quam
882 5449 1050 5508 vocat
1078 5454 1288 5510 Gallias
1316 5449 1624 5534 snperiores
1649 5453 1726 5524 (αἱ
1783 5450 1894 5506 ἄνω
1924 5449 2073 5506 Γαλ-

418 5515 555 5594 λιαι)
588 5538 724 5594 earn
751 5541 1050 5594 opponere
1064 5542 1243 5594 quam
1258 5527 1647 5582 vocatGallzas
1677 5527 1969 5593 inferiores
1997 5523 2072 5594 (αἰ

419 5541 555 5591 man)
588 5541 714 5577 eam
751 5541 1050 5595 opponere
1064 5542 1243 5596 quam
1258 5541 1647 5582 vocatuamas
1677 5541 1969 5593 inferiores
1997 5541 2072 5594 (αι

413 5588 564 5643 κάτω
595 5590 870 5676 Γαλλίαι),
906 5613 1038 5676 qum
1080 5613 1295 5676 nempe
1356 5597 1653 5676 esthitra
1695 5597 1895 5668 Alpes.
1938 5598 2072 5676 ‘Jam

411 5677 548 5742 vero
565 5668 952 5742 posteriorem
964 5668 1118 5742 hanc
1130 5668 1681 5742 denominationem
1697 5685 1817 5742 non
1831 5685 1892 5724 re
1901 5669 2074 5742 strin-

412 5735 599 5802 gi'téad
627 5745 701 5790 ea
723 5753 854 5806 quae
883 5739 1124 5809 proprie
1149 5753 1186 5795 a
1214 5742 1495 5798 Ramanis
1545 5740 1730 5798 Gallia
1786 5740 2072 5811 Cisalpina
