4120 6386
379 344 513 402 1261

372 580 590 628 σταντα,
614 558 709 614 καὶ
743 558 951 633 γίνεται
1010 563 1155 614 πᾶσα
1182 562 1240 629 νὴ
1296 562 1395 629 τῆς
1455 562 1717 629 Ἐσπὲρας
1760 559 1909 634 ἀρχὴ
1942 557 2027 612 ὑπ’

370 648 560 723 ἐκείνῳ
616 645 786 721 μηδὲν
846 647 969 722 περὶ
1027 648 1230 719 ταύτης
1290 646 1673 704 σπουδάσαντι·
1733 653 1831 703 τοῦ
1894 652 2028 702 Θεοῦ

368 743 536 795 ταῦτα
591 736 934 806 δικάσαντος,
997 740 1089 808 Μὴ
1176 737 1311 793 κίνει
1399 740 1523 815 δρία
1598 739 1846 813 πατέρων
1906 758 2027 805 σου,

374 826 519 902 μηδὲ
570 832 668 883 τοῦ
724 826 964 895 πλησίον
1020 825 1300 891 καθάπτου
1358 834 1457 898 τῆς
1517 824 1776 889 αὕλακος*
1838 828 1865 881 6
1924 825 2028 903 γᾶφ

368 918 507 975 κατὰ
551 921 649 973 τοῦ
684 916 924 986 πλησίον
970 916 1428 992 πονηρευόμενος,
1481 918 1643 979 αὐτὸς
1692 918 1865 987 ἑαυτῷ
1908 936 2030 968 συνο

373 1009 487 1082 άγει
544 1008 637 1061 τὸν
695 1002 946 1081 ὄλεθρον,
1003 1007 1104 1075 τήν
1163 1011 1261 1061 τοῦ
1318 1011 1454 1062 Θεοῦ
1516 1004 1670 1077 δίκην
1731 1006 1811 1081 ἐφ’
1845 1004 2031 1059 ἑαυτὸν

372 1095 776 1169 ἐπισπώμενος.
826 1093 1110 1150 Βασιλεύει
1166 1096 1343 1150 τοίνυν
1405 1097 1432 1151 6
1493 1097 1745 1157 Κώνστας
1777 1094 1859 1169 ἐφ’
1890 1093 2030 1163 ὅλης

370 1194 473 1256 τῆς
518 1185 808 1259 Ἐπερίου
865 1184 1068 1260 ἀρχῆς,
1124 1185 1220 1247 τὰς
1290 1183 1386 1240 δύο
1439 1182 1811 1257 κληροδοσίας
1868 1183 1944 1244 εἰς
1976 1180 2026 1237 ἔν

370 1278 629 1348 συνάψας,
678 1274 768 1329 καὶ
823 1273 949 1346 μίαν
1006 1274 1185 1349 ἀρχὴν
1247 1276 1528 1351 ἀμφότερα
1582 1274 1649 1330 τά
1709 1275 1847 1349 μέρη
1901 1294 2031 1343 στη-

368 1366 627 1437 σάμενος.
688 1362 766 1419 Οὐ
822 1362 998 1424 πολὺς
1051 1363 1104 1418 ἐν
1161 1364 1308 1437 μέσῳ
1355 1364 1564 1443 καιρὸς,
1596 1364 1684 1417 καὶ
1717 1364 1745 1417 6
1777 1362 2032 1423 Κώνστας

368 1455 447 1516 εἷς
478 1453 706 1525 κώμους
754 1452 845 1508 καὶ
897 1454 1059 1526 μὲθας
1115 1451 1499 1524 ὲναποκλίνας,
1548 1452 1640 1507 καὶ
1689 1449 2033 1511 ἀλλοκότους

372 1544 591 1618 ἰρώτων
618 1540 913 1617 διαγωγάς,
949 1542 1208 1619 ῥᾳθύμως
1252 1544 1351 1612 τὴν
1402 1540 1541 1612 ὅλην
1591 1540 1772 1616 ἀρχὴν
1820 1539 2035 1595 διεπέτ-

370 1653 512 1703 τευε,
568 1632 631 1687 τὸ
679 1638 778 1701 τῆς
844 1631 1128 1707 βασιλείας
1192 1632 1419 1706 μέγεθος
1480 1631 1865 1705 ἐξερχόμενος
1914 1626 2037 1683 ἑπι-

377 1718 695 1777 6ουλεύεται
754 1724 1047 1797 τοιγαροῦν
1125 1720 1215 1775 καὶ
1302 1720 1462 1783 αὐτὸς
1517 1721 1665 1795 παρὰ
1720 1739 1868 1780 τινος
1924 1721 2032 1772 τῶν

1727 350 1788 404 8.
1828 346 2138 403 ΔΒΤΕΜΙῙ
2175 344 2447 403 PASSIO.

447 443 497 527 ι).
530 469 592 526 Ὀ
644 466 825 523 τοίνυν
884 467 1080 525 τούτου
1138 470 1273 532 λαὸς
1342 468 1628 526 ἀποκλίνει
1684 469 1819 545 πρὸς
1864 469 2029 525 Κών-
2061 472 2113 537 Α

3659 352 3802 409 1262

2219 473 2304 525 10.
2337 470 2477 541 Ejus
2509 486 2743 542 quoque
2772 470 3030 542 populus
3080 471 3342 529 declinat
3388 475 3462 531 ad
3510 468 3802 536 Constan-

2135 564 2278 627 tem,
2311 559 2405 615 cui
2433 560 2585 615 nihil
2618 560 2732 615 tale
2766 562 3049 633 cogitanti
3095 567 3284 618 totum
3317 566 3655 624 Occidentis
3684 570 3801 624 im-

2134 649 2366 720 perium
2397 650 2744 721 subjicitur;
2778 652 2897 705 Deo
2952 651 3183 708 scilicet
3232 653 3624 712 denuntiante
3674 675 3796 716 non

2135 738 2457 793 movendos
2516 740 2802 794 terminos
2863 745 3099 810 patrum
3153 758 3418 811 suorum,
3478 762 3669 817 neque
3720 748 3793 803 de

2135 828 2299 882 sulco
2333 828 2585 898 proximi
2621 829 2945 899 quidquam
2977 830 3435 888 detrahendum.
3469 835 3577 899 Qui
3628 837 3789 893 enim

2136 934 2271 989 erga
2302 918 2637 988 proximum
2672 918 2977 988 improbus
3009 926 3116 987 est,
3164 924 3419 993 propria:
3465 925 3787 996 perditioni

2134 1024 2340 1062 ausam
2399 1008 2643 1078 praebet,
2704 1024 2838 1061 cum
2896 1010 2996 1063 Dei
3054 1011 3326 1067 vindicta
3397 1016 3786 1086 semetipsum

2136 1096 2467 1151 submittat.
2504 1096 2853 1151 nominatur
2883 1114 3019 1169 ergo
3052 1099 3345 1156 Constans
3393 1103 3454 1158 in
3486 1104 3786 1177 integrum

2137 1185 2474 1240 Occidentis
2508 1186 2846 1257 imperium,
2879 1187 3026 1243 duas
3068 1189 3444 1248 haereditates
3492 1194 3554 1248 in
3604 1211 3789 1250 unam

2138 1276 2528 1345 conjungens,
2564 1281 2621 1330 et
2652 1293 2721 1330 ex
2743 1276 3029 1331 ambabus
3056 1280 3325 1348 partibus
3357 1299 3541 1337 unum
3562 1283 3792 1341 faciens

2137 1366 2476 1436 imperium.
2540 1368 2703 1420 Brevi
2762 1372 2897 1437 post
2945 1372 3208 1439 tempore
3268 1377 3327 1425 et
3374 1374 3663 1430 Constans
3716 1375 3793 1430 ad

2140 1458 2604 1511 comessationes
2638 1457 2949 1513 declinans
2996 1465 3053 1513 et
3099 1460 3414 1519 ebrietates
3464 1470 3522 1519 et
3563 1466 3794 1522 alienos

2141 1562 2396 1614 amores,
2429 1547 2690 1618 segniter
2738 1563 2805 1601 ac
2842 1548 3011 1617 quasi
3045 1552 3287 1605 tesseris
3319 1552 3534 1609 ludens
3558 1556 3799 1627 univer-

2142 1652 2267 1690 sam
2312 1636 2769 1691 administrabat
2823 1638 3277 1709 rempublicam,
3326 1642 3561 1714 imperii
3610 1645 3800 1719 maje—

2143 1731 2354 1781 statem
2387 1725 2761 1797 dedignatus.
2797 1727 3033 1781 Insidias
3082 1728 3283 1799 itaque
3330 1732 3381 1785 ei
3427 1739 3713 1803 parantur
3764 1750 3800 1789 a

378 1815 694 1888 στρατηγῶν
754 1812 929 1883 [348],
988 1808 1355 1885 Μαγνεντίου,
1413 1809 1504 1865 καὶ
1563 1809 1696 1882 μετὰ
1744 1815 1843 1877 τῆς
1878 1809 2035 1882 βασι-

2155 1814 2292 1870 ῑΙιιοθ
2323 1815 2604 1886 quodam,
2640 1816 2971 1888 Magnentio
3006 1819 3337 1889 nomine,et
3364 1836 3500 1876 cum
3545 1822 3797 1895 imperio

380 1900 529 1964 Λείας
586 1897 1005 1975 προσαπόλλυσι
1065 1898 1155 1953 καὶ
1209 1899 1271 1954 τὸ
1331 1902 1449 1973 ζῇν.
1501 1896 1708 1953 Τούτου
1747 1896 2034 1969 πεσόντος,

375 1994 567 2067 κρατεῖ
614 1991 714 2062 τῆς
770 1989 951 2065 ἀρχῆς
1011 1990 1039 2043 6
1097 1989 1450 2063 Μαγνὲντιος,
1516 1989 1633 2061 μεθ’
1691 1985 1752 2041 οὐ
1809 1990 1909 2052 τῆς
1937 2007 2033 2041 τυ-

381 2079 628 2157 ραννίδος
724 2073 1162 2134 ωναπελάὸοντο
1238 2078 1573 2139 Νεποτιανὸς
1637 2076 1728 2132 καὶ
1796 2078 2035 2150 Βρεττα-

377 2174 533 2229 νίων.

455 2262 539 2319 ια’.
599 2263 782 2318 Ταῦτα
836 2258 1023 2333 μαθὼν
1111 2260 1139 2314 6
1224 2260 1602 2320 Κωνστάντιος
1660 2258 1720 2313 lx
1774 2259 1879 2311 τῶν
1932 2262 2035 2325 τῆς

377 2349 621 2429 ἀδελφῆς
684 2352 1049 2424 γραμμάτων,
1118 2348 1327 2424 ἀπάρας
1396 2348 1455 2403 ἐκ
1537 2354 1637 2417 τῆς
1715 2346 2034 2417 Ἀνατολῆς,

375 2442 469 2496 καὶ
518 2438 656 2513 πρὸς
726 2439 826 2507 τὴν
903 2437 1168 2511 Ἑσπέραν
1216 2439 1531 2514 γενόμενος,
1593 2439 1844 2492 συνάπτει
1902 2436 2038 2510 πρὸς

381 2531 725 2607 ἀμφοτέρους
784 2527 1054 2601 πόλεμον,
1131 2527 1219 2582 καὶ
1296 2528 1433 2581 κατά
1484 2528 1683 2602 κράτος
1736 2531 1881 2596 νικᾷ,
1938 2529 2035 2579 τοῦ

383 2620 789 2693 Βρεττανίωνος
844 2618 983 2693 πρὸς
1040 2618 1202 2673 αὐτὸν
1265 2617 1685 2677 ἀποκλίναντος’
1719 2615 1807 2671 ὅτε
1854 2614 1942 2669 καὶ
1972 2614 2036 2669 τὸ

380 2714 479 2766 τοῦ
530 2712 763 2784 σταυροῦ
814 2712 1044 2780 σημεῖον
1095 2706 1349 2781 μέγιστόν
1379 2728 1437 2761 τε
1468 2706 1557 2760 καὶ
1592 2703 1783 2768 δεινῶς
1818 2704 2038 2780 ἐκφανὶν

383 2797 546 2869 ἅπαν,
580 2802 654 2862 ὡς
706 2798 1165 2872 ὑπεραστράπτειν
1221 2800 1301 2867 τῷ
1357 2795 1650 2867 πληκτικῷ
1694 2801 1794 2864 τῆς
1842 2793 2038 2871 αἳγλης

382 2894 482 2957 τῆς
539 2890 749 2963 ἡμέρας
806 2888 870 2943 τὸ
928 2891 1063 2965 φῶς,
1123 2885 1210 2941 ἐπὶ
1262 2890 1370 2941 τῶν
1429 2884 1826 2961 Ἰεροσολύμων
1879 2881 2033 2961 ὤφθη

382 2982 507 3057 περῖ
538 2982 730 3056 τρίτην
790 2976 933 3052 ὥραν
994 2975 1229 3051 μάλιστα
1281 2982 1383 3045 τῆς
1442 2976 1674 3049 ἡμέρας,
1713 2982 1813 3044 τῆς
1847 2975 2038 3048 ἑορτῆς

382 3076 486 3140 τῆς
546 3066 853 3145 λεγομένης
931 3072 1310 3135 Πεντηκοστῆς
1389 3063 1759 3137 ἐνεστηκυίας,
1846 3062 2035 3133 διῆκον

382 3160 492 3214 ἀπὸ
550 3163 648 3213 τοῦ
706 3156 939 3231 Κρανίου
997 3154 1299 3232 λεγομένου
1351 3154 1544 3223 τόπου,
1604 3152 1735 3231 ἄχρι
1794 3153 1883 3208 καὶ
1940 3157 2039 3209 τοῦ

2149 1906 2329 1960 simul
2362 1921 2599 1976 quoque
2646 1906 2827 1961 vitam
2872 1906 3113 1963 amittit.
3164 1910 3311 1965 Cum
3361 1910 3411 1965 is
3462 1911 3796 1981 cecidisset,

2145 1996 2396 2067 imperio
2429 1995 2653 2067 potitur
2685 1996 3074 2068 Magnentius,
3126 2014 3260 2052 cum
3307 2016 3423 2070 quo
3476 2001 3655 2056 simul
3705 2006 3801 2074 ty-

2144 2083 2459 2139 rannidem
2508 2084 2854 2139 invaserunt
2909 2086 3272 2157 Nepotianus
3324 2093 3382 2142 et
3431 2090 3797 2145 Brettanion.

2222 2264 2305 2317 ll.
2342 2264 2473 2317 Hmc
2505 2278 2637 2317 cum
2672 2263 2996 2333 accepisset
3041 2265 3420 2321 Constantius
3474 2284 3545 2322 ex
3578 2268 3800 2322 sororis

2148 2351 2384 2417 litteris,
2445 2357 2503 2405 et
2560 2367 2628 2405 ex
2678 2351 2917 2405 Oriente
2974 2352 3036 2405 in
3089 2353 3469 2409 Occidentem
3519 2356 3803 2425 venisset,

2148 2442 2355 2497 ambos
2404 2441 2588 2495 armis
2618 2440 2885 2495 adoritur
2942 2447 3001 2497 et
3056 2441 3107 2495 vi
3161 2442 3453 2510 devincit;
3510 2444 3809 2499 defecerat

2149 2533 2307 2587 enim
2336 2531 2410 2586 ad
2439 2532 2569 2601 ejus
2601 2536 2799 2601 partes
2833 2532 3197 2585 Brettanion.
3223 2534 3347 2597 Quo
3381 2534 3620 2605 quidem
3654 2538 3805 2589 tem-

2147 2638 2294 2693 pore
2326 2622 2558 2693 signum
2589 2620 2782 2675 crucis
2810 2620 3020 2692 ingens
3053 2626 3361 2693 totumque
3390 2624 3644 2679 mirifice
3665 2624 3808 2679 emi-

2148 2730 2310 2780 cans,
2370 2711 2517 2765 adeo
2569 2715 2635 2763 ut
2681 2710 3017 2764 admirabili
3069 2711 3386 2782 splendore
3438 2713 3555 2767 diei
3606 2713 3803 2769 lucem

2098 2830 2109 2851 κ
2150 2805 2475 2873 superaret,
2497 2800 2921 2870 Hierosolymis
2955 2800 3137 2855 videri
3172 2802 3348 2873 erepit
3376 2803 3536 2857 circa
3564 2803 3802 2858 tertiam

2148 2892 2357 2946 horam
2390 2889 2532 2951 diei,
2566 2904 2701 2943 cum
2735 2894 2893 2943 esset
2920 2889 3136 2945 festum
3188 2891 3281 2945 cui
3332 2907 3553 2947 nomen
3587 2893 3803 2947 Pente-

2148 2986 2331 3045 coste,
2367 2978 2713 3049 pertingens
2756 2994 2791 3032 a
2835 2978 2964 3033 loco
3014 2980 3116 3049 qui
3147 2979 3367 3034 dicitur
3394 2980 3673 3035 Calvariaa
3704 2997 3807 3036 us-

2151 3086 2265 3141 que
2297 3068 2369 3124 ad
2399 3073 2663 3122 montem
2696 3067 2927 3134 Oliveti,
2961 3067 3121 3123 unde
3152 3070 3216 3123 in
3267 3069 3481 3125 caelum
3534 3069 3808 3125 ascendit

2151 3160 2433 3215 Salvator.
2480 3157 2828 3212 Universum
2883 3174 3019 3229 ergo
3052 3158 3368 3229 imperium
3399 3159 3629 3215 obtinet
3657 3162 3808 3215 Con-

374 3212 682 3311 ἑΙεέλήαιῶνος
711 3212 892 3323 ὅρους,
924 3244 1039 3301 ὅθεν
1076 3212 1321 3321 δπῆρχεν
1356 3245 1383 3299 6
1418 3212 1614 3319 Σωτὴρ
1638 3212 1739 3315 ἔην
1764 3242 2035 3317 ἀνάληψιν

2155 3249 2429 3316 stantius,
2464 3246 2629 3301 solus
2669 3250 2729 3301 et
2776 3212 3155 3302 Constantini
3201 3250 3399 3321 magni
3431 3249 3569 3305 ﬁliis
3602 3267 3811 3323 super-

376 3337 771 3411 ποιησάμενος.
830 3340 1030 3411 Κρατεῖ
1080 3334 1261 3389 τοίνυν
1320 3336 1419 3403 τῆς
1488 3332 1767 3410 βασιλείας
1823 3332 2037 3403 ἀπάσης

378 3423 782 3493 Κωνστάντιος,
838 3430 948 3480 τῶν
995 3428 1093 3479 τοῦ
1152 3422 1396 3499 μεγάλου
1455 3421 1855 3478 Κωνσταντίνου
1904 3422 2036 3477 υίῶν

389 3516 555 3591 μόνος
587 3513 954 3593 ὗπολειφθείς.

460 3606 551 3681 ιβ“.
588 3604 864 3665 Ἀτενίσας
894 3600 986 3657 οὖν
1014 3602 1151 3677 πρὸς
1181 3603 1244 3657 τὸ
1302 3608 1403 3671 τῆς
1452 3600 1635 3675 ἀρχῆς
1666 3601 1919 3674 μέγεθος,
1950 3601 2039 3655 καὶ

387 3694 742 3773 είλιγγιάσας,
795 3693 868 3755 ὡς
922 3693 1014 3747 ἅτε
1066 3690 1133 3761 δὴ
1185 3691 1470 3765 ἄνθρωπος
1514 3688 1611 3757 ὣν,
1658 3689 1749 3745 καὶ
1786 3691 1861 3761 μὴ
1895 3686 2040 3764 ἔχων

383 3786 477 3841 τὸν
527 3785 587 3840 ἐκ
639 3788 737 3839 τοῦ
810 3784 1000 3859 γένους
1065 3782 1213 3854 αὐτῷ
1296 3779 1705 3849 συνασπίζονται
1766 3776 1891 3833 οὔτε
1940 3778 2041 3854 γάρ

390 3878 542 3949 αὐτῷ
574 3880 703 3937 παῖς
752 3872 1017 3950 ἰγεγόνει⁹
1077 3870 1201 3928 οὕτε
1258 3893 1342 3933 τις
1399 3875 1507 3925 τῶν
1541 3867 1790 3947 ἀδελφῶν
1823 3867 2046 3922 κατελέ-

388 3981 603 4023 Αειπτο·
660 3964 751 4019 καὶ
802 3961 983 4024 δείσας
1046 3965 1119 4035 μή
1179 3984 1263 4026 τις
1328 3959 1474 4033 αὐτῷ
1513 3957 1677 4014 πάλιν
1712 3957 2040 4028 ἐπανασταίη

388 4058 649 4135 τύραννος
705 4054 842 4111 κατά
895 4061 996 4124 τῆς
1055 4054 1221 4109 αὐτοῦ
1284 4051 1561 4126 βασιλείας
1609 4050 2043 4121 ἐξανιστάμενος,

388 4150 673 4205 σκέπτεται
730 4150 838 4199 τῶν
890 4147 1167 4219 συγγενῶν
1213 4163 1337 4197 τινα
1386 4136 1571 4197 λαϐεῖν
1606 4137 1920 4216 σῦγκληρον
1952 4139 2043 4193 καὶ

386 4243 488 4305 τῆς
569 4233 847 4310 βασιλείας
924 4233 1289 4301 ὑπασπιστήν.
1350 4233 1420 4288 "0
1480 4227 1546 4299 δὴ
1603 4227 1692 4283 καὶ
1751 4229 2042 4299 πεποίηκε,

386 4322 602 4379 Γάλλον
650 4324 742 4377 τὸν
794 4320 1095 4379 Ἰουλιανοῦ
1145 4318 1376 4389 ἀδελφὸν
1448 4317 1683 4393 Καίσαρα
1730 4319 2046 4393 προστησά-

391 4429 575 4484 μενος·
610 4410 827 4483 άνεψιὸς
883 4408 939 4464 δὶ
994 4411 1133 4484 πρὸς
1187 4408 1393 4483 πατρὸς
1447 4408 1474 4461 6
1533 4405 1748 4469 Γάλλος
1776 4407 1841 4475 ἧν
1876 4406 2042 4478 αὐτῷ’

390 4506 793 4565 Κωνσταντῖνος
841 4501 968 4576 γάρ,
1023 4502 1050 4555 ὁ
1108 4498 1326 4554 Γάλλου
1381 4498 1471 4552 καὶ
1508 4497 1810 4555 ’ίουλιανοῦ
1842 4498 2044 4573 πατὴρ,

2153 3345 2293 3393 stes.

2227 3612 2311 3662 l2.
2346 3609 2492 3663 Cum
2521 3624 2656 3679 ergo
2706 3605 3113 3662 consideraset
3160 3606 3397 3678 imperii
3442 3608 3806 3679 magnitudi-

2153 3715 2291 3753 nem
2324 3702 2382 3751 et
2420 3714 2525 3768 pro
2577 3695 2986 3751 imbecillitate
3037 3696 3283 3750 humani
3326 3696 3555 3765 ingenii»
3603 3698 3804 3753 animo

2154 3789 2490 3855 ﬂuctuaret,
2538 3801 2646 3839 nec
2686 3784 2931 3839 haberet
2975 3802 3045 3839 ex
3094 3801 3200 3840 suo
3249 3801 3464 3857 genere
3513 3786 3612 3857 qui
3666 3803 3804 3842 eum

2154 3874 2501 3931 defenderet
2540 3874 2752 3944 (neque
2785 3874 2945 3928 enim
2978 3874 3030 3927 ei
3059 3878 3235 3929 natus
3260 3873 3454 3929 fuerat
3485 3874 3664 3941 ﬁlius,
3694 3892 3807 3931 nec

2157 3964 2475 4037 quisquam
2504 3979 2573 4017 ex
2592 3961 2874 4018 fratribus
2905 3962 3318 4031 remanserat),
3354 3967 3409 4016 et
3452 3962 3691 4039 timeret
3729 3979 3804 4017 ne

2159 4056 2218 4110 in
2250 4070 2385 4108 eum
2426 4068 2633 4106 rursus
2683 4050 2901 4121 aliquis
2952 4051 3287 4123 insurgeret
3336 4056 3625 4123 tyrannus
3674 4053 3807 4123 ejus

2158 4140 2568 4198 auctoritatem
2604 4139 2934 4205 invasurus,
2969 4139 3288 4194 meditatus
3322 4144 3411 4195 est
3442 4156 3511 4194 ex
3541 4141 3808 4212 cognatis

2158 4233 2418 4302 aliquem
2447 4229 2715 4299 accipere
2747 4228 3119 4283 cohazredem
3153 4235 3212 4283 et
3262 4228 3497 4300 imperii
3532 4228 3813 4284 defenso-

2156 4339 2304 4378 rem.
2366 4319 2529 4385 Quod
2578 4318 2756 4372 etiam
2805 4317 2947 4373 fecit
2996 4319 3227 4373 Gallum
3273 4318 3491 4373 Juliani
3542 4318 3807 4387 fratrem,

2157 4415 2447 4467 Caesarem
2490 4408 2930 4463 constituendo.
2994 4409 3286 4463 Patruelis
3337 4416 3536 4463 autem
3599 4414 3727 4463 erat
3772 4427 3803 4464 e

2158 4502 2521 4565 Gallus;nam
2548 4498 2930 4551 Constantius
2952 4498 3049 4568 (7),
3083 4498 3230 4552 Galli
3270 4504 3328 4553 et
3374 4498 3592 4553 Juliani
3624 4504 3813 4569 pater,

392 4588 629 4668 ἀδελφὸς
677 4590 743 4657 ἧν
806 4588 1206 4645 Κωνσταντίνου
1263 4592 1361 4643 τοῦ
1423 4587 1687 4665 μεγάλου.
1721 4592 1920 4643 Τοῦτον
1955 4588 2041 4643 οὖν

2162 4591 2403 4645 fratrem
2452 4586 2746 4642 habuerat
2794 4588 3251 4642 Constantinum
3303 4589 3595 4659 Magnum.
3648 4587 3813 4643 Gallo

391 4682 441 4736 ἐν
499 4687 577 4753 τῷ
638 4684 785 4755 [349]
839 4681 1057 4757 Σιρμίῳ
1130 4679 1650 4755 προχειρισάμενος,
1710 4679 1941 4754 γυναῖκά
1996 4699 2054 4733 τε

392 4770 539 4841 αὐτῷ
600 4770 844 4845 ζεύγνυσι
920 4771 1018 4838 τήν
1094 4770 1286 4825 ἑαυτοῦ
1344 4766 1588 4847 ἀδελφὴν
1661 4769 2051 4834 Κωνστάντιος,

393 4861 628 4923 πίστεως
680 4860 770 4914 καὶ
835 4854 1195 4935 βεϐαιότητος
1255 4859 1442 4933 χάριν⁸
1474 4858 1564 4912 καὶ
1598 4856 1870 4933 ἄρχοντας
1907 4856 2055 4928 αὐτῷ

395 4945 617 5003 δίδωσιν
673 4946 835 5009 αὐτὸς
886 4949 1246 5017 καταστήσας·
1293 4947 1358 5001 οὐ
1403 4946 1504 5021 γάρ
1555 4944 1742 5017 ἐκείνῳ
1785 4966 1845 5021 γε
1878 4943 2056 5022 ἐφεῖτο

396 5036 627 5110 Καίσαρί
688 5057 751 5110 γε
810 5032 947 5091 ὅντιο
1011 5035 1315 5091 Θαλάσσιον
1379 5035 1475 5107 μὶν
1534 5032 1861 5095 ἀποστείλας
1893 5031 2057 5106 ἔπαρ-

397 5146 502 5202 χον
557 5126 933 5203 πραιτωρίων’
994 5127 1228 5183 Μόντιον
1286 5123 1365 5197 δὲ,
1442 5124 1527 5180 ἐπὶ
1581 5130 1689 5180 τῶν
1754 5122 2056 5201 βασιλικῶν

2164 4680 2341 4751 igitur
2366 4676 2563 4731 Sirmii
2595 4675 2809 4729 Caesari
2842 4681 3039 4730 creato
3074 4692 3320 4731 uxorem
3356 4675 3522 4730 dedit
3548 4693 3814 4732 sororem

2166 4786 2331 4825 suam
2367 4764 2765 4829 Constantius,
2799 4770 2863 4819 ut
2892 4782 2989 4820 res
3020 4765 3251 4820 cautior
3299 4771 3357 4820 et
3402 4765 3633 4820 ﬁrmior
3684 4782 3818 4820 eva-

2167 4860 2352 4913 deret.
2389 4854 2762 4925 Magistratus
2794 4870 3032 4923 quoque
3083 4854 3134 4907 ei
3167 4853 3440 4924 adjunxit
3491 4870 3640 4922 quos
3689 4853 3816 4923 ipse

2166 4946 2577 5017 designaverat
2597 4942 2740 5013 (non
2764 4943 2922 4997 enim
2958 4942 3121 4998 Gallo
3155 4941 3371 4996 licebat
3400 4941 3461 4996 id
3491 4941 3605 4995 sibi
3649 4957 3819 4997 assu-

2167 5050 2351 5098 mere,
2403 5046 2539 5086 cum
2605 5035 2763 5084 esset
2834 5031 3071 5102 Cesar),
3149 5028 3518 5084 Thalassium
3576 5028 3820 5100 quidem

2172 5123 2454 5180 emittens
2511 5118 2859 5191 prmfectum
2936 5118 3218 5191 praetorii,
3279 5118 3565 5174 Montium
3619 5122 3821 5176 autem

2013 5350 2237 5407 ΝΟΤᾸΞ.

470 5558 562 5646 (ΓΙ)⁴
580 5560 647 5614 In
681 5561 881 5644 Craaco
902 5562 1121 5646 legitur
1142 5564 1576 5646 ῐςωνσταντῖνος,
1602 5560 1707 5616 sed
1727 5565 2059 5646 nonnrecte.

402 5632 571 5685 Patet
604 5632 763 5707 enim
798 5650 866 5689 ex
898 5632 1135 5707 iisfquas
1166 5634 1516 5703 habentur§
1547 5638 1576 5687 7
1609 5650 1811 5707 versus
1844 5634 2061 5707 finem;

401 5740 421 5762 ο
461 5744 480 5764 .
522 5742 537 5758 .
582 5744 597 5759 .
647 5745 659 5759 .
703 5704 732 5757 6
764 5702 1157 5768 Κωνστάντιος.
1210 5748 1224 5761 .
1270 5748 1284 5762 .
1330 5749 1343 5763 .
1390 5746 1404 5761 .
1455 5702 1617 5779 γεννᾷ
1643 5702 1854 5760 Γάλλον
1884 5723 1944 5760 τε
1972 5702 2064 5759 καὶ

2242 5548 2566 5612 Ἰουλιανόν.
2593 5551 2881 5607 Similiter
2902 5567 2973 5605 ex
2993 5551 3189 5606 verbis
3210 5550 3428 5607 Juliani
3448 5552 3510 5607 in
3535 5552 3801 5621 initio§u
3816 5594 3834 5621 ,

2173 5630 2275 5685 ubi
2305 5630 2840 5700 apostatapatrem
2872 5640 3050 5700 suum
3082 5625 3498 5700 Censtautium
3538 5631 3736 5682 vocat°
3770 5625 3831 5681 Ὀ

2173 5701 2273 5780 γὰρ
2307 5694 2437 5775 ἐμὸς
2468 5694 2651 5773 πατὴρ
2683 5694 3081 5757 Κωνστάντιος.
3116 5696 3271 5758 Εωτ.
