4120 6382
443 425 585 482 1263

1969 423 2344 479 ADDENDA.

3728 435 3861 495 1264

405 561 408 564 ’
437 550 776 607 rationibus
807 551 1207 623 imperatoriis
1245 550 1653 622 praapositum,
1704 564 1882 620 quem
1913 547 2076 604 etiam

2205 543 2571 638 πραγμάτων,
2621 543 2716 638 οὕς
2761 546 3126 638 κοιαίστωρας
3164 550 3352 614 αὐτοῖς
3425 553 3718 630 ὀνομάζειν
3773 561 3860 638 φί-

444 646 806 712 quaestorem
839 641 1139 713 appellare
1172 639 1385 706 solent,
1443 639 1742 709 simulque
1793 655 1929 693 eum
1983 636 2097 692 ad-

444 748 670 804 augens
700 732 926 786 honore
958 729 1210 801 patricii.
1243 731 1424 784 Porro
1459 729 1682 791 Gallus,
1715 733 1783 783 ut
1823 727 1923 799 qui
1957 731 2099 782 tunc

445 838 481 877 a
509 819 854 876 Constantio
885 818 1104 874 missus
1135 823 1293 873 esset
1322 817 1384 872 in
1419 818 1742 884 Orientem,
1771 815 1948 889 rebus
1988 832 2097 887 ge-

441 911 647 966 rendis
705 910 969 963 intentus
1030 912 1174 962 erat.
1235 907 1401 972 Quod
1463 907 1726 978 primum
1789 907 2098 961 audientes

441 1001 638 1056 Persea
671 999 883 1052 timore
921 995 1180 1068 correpti
1227 1001 1404 1064 sunt;
1439 1012 1696 1066 cumque
1729 995 2101 1066 accepissent

439 1087 613 1142 illum
638 1087 923 1159 juvenem
954 1092 1013 1142 et
1041 1102 1239 1141 acrem
1265 1085 1340 1141 ad
1372 1086 1629 1158 negotia,
1654 1083 2098 1141 incursionibus

437 1175 502 1232 in
534 1179 834 1232 Romanos
873 1175 1252 1232 destiterunt.
1312 1174 1518 1230 Gallus
1565 1175 1766 1246 itaque
1798 1173 2101 1229 residebat

435 1266 771 1322 Antiochia)
793 1266 978 1337 Syriaa
1007 1282 1022 1333 ;
1053 1264 1434 1321 Constantius
1463 1270 1662 1320 autem
1689 1264 1751 1319 in
1781 1263 2096 1320 Occidente

436 1355 876 1428 rempublicam
900 1354 1421 1410 moderabatur.Et
1442 1361 1583 1410 tunc
1607 1355 1866 1409 maxima
1897 1353 2096 1425 quiete

436 1445 748 1501 fruebatur
775 1447 1181 1501 Romanorum
1226 1445 1569 1517 imperium,
1599 1448 1806 1516 utpote
1838 1444 1997 1515 quod
2023 1443 2096 1499 ab

441 1533 733 1592 ambobus
764 1533 1185 1591 custodiretur.
1218 1535 1289 1590 Et
1318 1535 1444 1590 haec
1485 1533 1728 1606 quidem
1775 1534 1890 1589 hoc
1919 1533 2096 1589 modo

441 1641 507 1684 se
535 1624 856 1681 habebant.

512 1781 601 1835 13.
663 1777 865 1835 Gallus
914 1781 1135 1847 autem,
1186 1794 1322 1834 cum
1380 1794 1706 1851 purpuram
1763 1779 2093 1836 Caesaream

437 1868 750 1936 induisset,
777 1868 1026 1941 jamque
1059 1867 1337 1940 coepisset
1367 1885 1679 1940 supremos
1697 1868 1935 1940 imperii
1964 1886 2089 1941 grao

436 1959 548 2016 dus
579 1957 924 2026 ascendere,
951 1974 1073 2014 non
1103 1957 1435 2030 permansit
1462 1959 1524 2013 in
1551 1958 1760 2014 eadem
1791 1959 2090 2015 sententia

436 2053 496 2105 et
525 2048 640 2104 ﬁde
668 2064 850 2120 quam
881 2046 1128 2104 dederat
1155 2047 1501 2103 Constantio
1527 2065 1542 2116 ;
1585 2047 1689 2103 sed
1713 2047 1974 2103 ferocem
2024 2067 2086 2106 se

431 2137 756 2211 praebebat,
799 2154 910 2193 nec
959 2137 1050 2192 sui
1100 2141 1458 2208 cOmpotem,
1509 2141 1568 2192 et
1617 2137 1679 2192 in
1729 2138 1819 2193 ira
1865 2139 2088 2210 placari

432 2227 728 2284 nescium.
762 2229 956 2283 Mente
988 2227 1149 2282 enim
1182 2227 1421 2299 ineptus
1452 2231 1512 2282 et
1541 2227 1847 2283 voluntate
1877 2228 2084 2284 incon-

434 2316 916 2386 stans,terminos
947 2315 1376 2388 prmteribat,et
1403 2321 1643 2388 pactum
1667 2318 2090 2373 contemnebat

430 2407 590 2480 quod
609 2422 746 2462 cum
777 2406 1122 2462 Constantio
1147 2406 1471 2478 pepigerat,
1490 2406 1739 2461 nimiam
1767 2407 2085 2462 auctorita-

429 2503 551 2553 tem
575 2498 636 2552 in
668 2496 1016 2553 ordinandis
1049 2495 1226 2552 rebus
1275 2495 1589 2561 adhibens,
1615 2503 1675 2550 et
1702 2513 1839 2552 cum
1871 2514 2088 2570 magna

429 2585 679 2642 audacia
697 2590 877 2656 atque
901 2585 1239 2657 arrogantia
1257 2584 1498 2640 easdem
1521 2601 1908 2656 componens.
1929 2587 2086 2651 Quos

427 2675 592 2730 enim
623 2690 760 2729 cum
792 2673 922 2744 ipso
954 2673 1337 2744 magistratus
1369 2673 1648 2728 emiserat
1676 2674 2082 2744 Constantius,

424 2763 835 2836 imperialium
866 2767 925 2818 et
941 2762 1207 2834 civilium
1226 2779 1424 2817 rerum
1447 2762 1683 2835 judices
1707 2764 2084 2834 constitutos,

427 2852 834 2909 Domitianum
894 2867 1113 2924 nempe
1169 2851 1435 2924 prmtorii
1503 2852 1846 2923 praefectum
1921 2853 2085 2924 (nam

421 2942 766 3000 Thalassius
797 2940 1072 3012 obierat),
1105 2946 1164 2996 et
1193 2946 1554 3012 quaestorem
1589 2941 1902 2998 Montium.
1944 2943 2087 3013 quia

425 3047 553 3087 non
577 3030 939 3086 obediebant
960 3046 1071 3084 nec
1094 3028 1498 3084 inserviebant
1517 3029 1745 3084 insanis
1773 3035 1832 3084 et
1852 3030 2088 3085 etl‘reni-

425 3121 540 3177 bus
573 3120 701 3192 ejus
725 3117 1213 3191 appetitionibus,
1245 3135 1381 3173 cum
1413 3118 1757 3174 mandasset
1797 3119 2084 3176 militibus

427 3209 605 3266 funes
655 3209 900 3282 alligare
945 3225 1150 3264 eorum
1207 3207 1480 3280 pedibus,
1532 3224 1640 3280 per
1685 3208 1880 3262 forum
1930 3207 2083 3263 trahi

2117 1922 2165 1988 B

2205 631 2326 707 λον,
2385 636 2501 708 ἅμα
2553 635 2644 690 καὶ
2701 635 2983 712 πατρίκιον
3045 640 3208 696 αὐτὸν
3265 647 3664 719 ποιησάμενος.
3710 631 3860 710 ’0-8ὶ

2202 722 2436 815 Γάλλος,
2469 724 2544 788 ὡς
2573 722 2696 815 τοτε
2724 726 2869 800 παρά
2914 731 3012 782 τοῦ
3064 734 3438 788 Κωνσταντίου
3467 737 3741 815 πεμφθεὶς
3770 739 3853 796 ἐπὶ

2197 818 2298 882 τῆς
2332 812 2527 885 Ἐῲας,
2586 811 2769 890 εἴχετο
2827 821 2935 871 τῶν
2987 819 3346 894 πραγμάτων
3403 821 3461 878 ὅν
3512 811 3710 882 αὐτίκα
3752 851 3849 902 μαι

2202 903 2383 966 θόντες
2441 903 2494 958 οἱ
2548 904 2745 978 Πέρσαι
2796 905 3242 983 κατωῤῥόδησαν,
3302 912 3420 968 νέον
3472 934 3531 969 τε
3576 915 3741 972 αὐτὸν
3772 922 3856 975 καὶ

2199 992 2534 1068 θερμουργὸν
2595 992 2673 1055 εἰς
2730 994 2797 1048 τά
2852 989 2983 1072 ἔργα
3051 999 3369 1072 αυθόμενοι,
3427 1001 3608 1060 οὐκέτι
3665 1005 3858 1079 έποιή-

2200 1101 2364 1172 σαντο
2418 1083 2518 1152 τήν
2579 1080 2664 1137 ἐπὶ
2716 1082 2843 1146 τοὺς
2895 1085 3204 1160 Ῥωμαίους
3248 1089 3508 1164 ἐξέλασιν.
3561 1095 3731 1152 Καὶὸ
3766 1099 3855 1172 μέν

2199 1169 2250 1224 έν
2282 1173 2352 1244 τῇ
2399 1171 2714 1248 Ἀντιοχείᾳ
2759 1180 2860 1244 τῆς
2921 1175 3121 1250 Συρίας
3178 1177 3268 1248 ἦν·
3301 1184 3682 1249 Κωνστάντιος
3719 1169 3778 1242 δέ
3807 1188 3856 1244 ἐν

2194 1263 2291 1349 τῇ,
2323 1259 2558 1336 Ἐσπέρᾳ
2645 1264 2872 1335 καθίστη
2956 1266 3024 1321 τὰ
3097 1267 3344 1345 πράγμα⁸
3422 1272 3514 1328 καὶ
3595 1274 3729 1332 τότε
3792 1275 3854 1349 δὴ

2201 1347 2441 1443 μάλιστα
2478 1351 3036 1443 καθαρῶςνὴσύχασεν
3089 1357 3124 1425 ἡ
3175 1357 3463 1432 Ῥωμαίων
3509 1363 3686 1440 ἀρχὴ,
3725 1347 3852 1443 πρὸς

2196 1436 2523 1526 ἀμφοτέρων
2598 1439 3006 1516 φυλαττομένη.
3093 1446 3196 1502 Καὶ
3270 1452 3440 1505 ταῦτα
3661 1436 3846 1512 τοῦτον

2197 1523 2328 1602 ἔσχε
2353 1527 2446 1584 τὸν
2477 1527 2706 1605 τρόπον.

2270 1768 2361 1844 ιγ’.
2534 1767 2863 1860 δὲλΓάλλος
2919 1778 3018 1830 τοῦ
3094 1775 3363 1854 Καίσαρος
3431 1780 3846 1860 ἀμφιασάμενος

2195 1855 2516 1950 ἁλουργίδα,
2548 1858 2638 1950 καὶ
2676 1857 2788 1932 ἤδη
2817 1866 2927 1950 τῶν
2976 1865 3210 1940 πρώτων
3236 1871 3337 1933 τῆς
3373 1855 3656 1943 βασιλείας
3688 1855 3846 1950 ἀρξά-

2199 1966 2359 2019 μενος
2388 1941 2684 2003 έπιϐαίνειν
2735 1946 3088 2026 ἀναϐαθμῶν,
3138 1955 3241 2010 οὐκ
3290 1941 3475 2030 ἔμενεν
3506 1958 3594 2015 έπὶ
3756 1941 3850 2020 ἀύ-

2192 2038 2295 2101 τῆς
2325 2036 2552 2111 γνώμης
2601 2037 2691 2093 καὶ
2742 2039 2977 2106 πίστεως
3031 2045 3097 2112 ἧς
3153 2045 3293 2120 πρὸς
3346 2048 3440 2103 τὸν
3472 2053 3842 2110 Κωνστάντιον

2195 2123 2512 2215 έποιήσατο,
2546 2126 2692 2184 ana
2727 2131 2892 2206 βαρύς
2919 2153 3005 2197 τις
3056 2133 3124 2202 ἦν
3177 2135 3269 2190 καὶ
3302 2137 3604 2204 ἀκάθεκτος
3633 2142 3728 2198 καὶ
3755 2145 3847 2215 τήν

2197 2213 2371 2307 δργην
2429 2214 2822 2307 ἀπαραίτητος·
2883 2223 3238 2296 φρονήματος
3313 2228 3415 2303 γάρ
3476 2228 3708 2307 ἀκαίρου
3759 2213 3844 2288 καὶ

2197 2303 2406 2396 βουλῆς
2436 2305 2735 2380 ἀνωμάλου
2789 2305 3140 2384 δραξάμενος,
3204 2310 3439 2392 ὑπερέϐη
3487 2303 3618 2383 τοὺς
3662 2319 3839 2396 ὅρους,

2192 2393 2282 2448 καὶ
2338 2395 2435 2457 τὰς
2491 2399 2760 2468 συνθήκας
2809 2398 3092 2478 έφαύλισεν
3153 2402 3213 2466 ἃς
3261 2405 3398 2480 πρὸς
3444 2407 3534 2462 τὸν
3565 2393 3842 2468 Κωνστάνέ

2190 2503 2308 2537 τιον
2339 2481 2656 2557 ἐποιήσατο,
2691 2487 3121 2566 βασιλικώτερον
3147 2497 3258 2547 τῶν
3306 2499 3647 2570 πραγμάτων
3681 2501 3840 2557 ἀπτό-

2197 2575 2500 2660 μενος,καὶ
2535 2576 2671 2648 μετὰ
2696 2574 2914 2633 πολλοῦ
2960 2583 3057 2634 τοῦ
3107 2582 3338 2657 θράσους
3385 2587 3476 2639 καὶ
3505 2593 3606 2657 τῆς
3637 2587 3832 2660 ἀλαζο-

2192 2661 2301 2724 νείς
2379 2659 2820 2738 διαταττόμενος.
2898 2666 3046 2730 Τοὺς
3089 2669 3190 2745 γὰρ
3267 2673 3535 2748 ἄρχοντας
3605 2679 3693 2740 οὕς
3746 2679 3833 2734 σὺν

2192 2749 2338 2823 αὖτῷ
2369 2751 2674 2831 ἐπεπόμφει
2733 2755 3131 2828 Κωνστάντιος,
3184 2765 3292 2815 τῶν
3338 2763 3636 2838 βασιλικῶν
3664 2788 3720 2822 τε
3747 2769 3830 2822 καί

2192 2840 2496 2896 πολιτικῶν
2545 2843 2881 2920 πραγμάτων
2937 2842 3094 2910 ὄντας
3145 2845 3448 2924 διαιτητὰς,
3477 2855 3570 2909 τὸν
3598 2877 3653 2912 τε
3678 2877 3826 2932 πραι-

2192 2929 2409 3004 τωρίων
2467 2925 2709 3010 ἔπαρχον
2765 2937 3088 3008 Δομετιανὸν
3139 2939 3192 3009 (ὁ
3243 2939 3345 3015 γάρ
3403 2940 3696 3006 Θαλάσσιος
3719 2925 3822 3000 Eta-

2191 3019 2422 3092 θνήκει),
2450 3019 2542 3074 καὶ
2590 3021 2681 3076 τὸν
2714 3019 2801 3078 ἐπὶ
2848 3027 2947 3078 τοῦ
2977 3025 3339 3101 κοιαίστωρος
3370 3030 3624 3102 Μάντιον,
3651 3029 3732 3086 διὰ
3758 3033 3815 3086 τὸ

2195 3109 2272 3182 μή
2306 3110 2621 3185 πειθαρχεῖν
2681 3111 2883 3174 αὐτοὺς
2937 3113 3028 3169 καὶ
3087 3113 3381 3193 ὑπουργεῖν
3422 3125 3536 3182 ταῖς
3587 3117 3813 3192 παραλὸ-

2188 3218 2306 3273 γοις
2362 3200 2510 3272 [350]
2572 3199 2736 3255 αὐτοῦ
2795 3202 2882 3257 καὶ
2944 3203 3267 3270 ἀκαθέκτοις
3321 3209 3528 3281 ὁρμαῖς,
3575 3209 3815 3284 σχοίνους

409 3299 616 3372 jussit,
651 3299 978 3370 ambosque
1003 3298 1239 3367 occidit,
1281 3298 1438 3353 viros
1488 3297 1548 3352 in
1579 3298 1856 3370 gerendis
1887 3298 2073 3370 magi-

2187 3291 2309 3348 ταῖς
2335 3288 2693 3361 στρατιώταις
2738 3294 2846 3346 τῶν
2887 3290 3073 3347 ποδῶν
3121 3295 3298 3351 αὐτῶν
3341 3295 3622 3371 έξάψασθαι
3649 3319 3820 3374 παρα-

419 3388 706 3447 stratibus
737 3388 1284 3461 praestantissimos,
1308 3393 1366 3443 et
1394 3387 1601 3459 quovis
1630 3387 1796 3442 lucro
1826 3393 1883 3442 et
1916 3404 2077 3443 emo-

414 3479 686 3536 lumento
726 3479 998 3535 inventos
1047 3478 1408 3550 superiores.
1459 3479 1616 3544 Quos
1665 3493 1801 3533 cum
1833 3494 2075 3550 compo-

417 3569 638 3625 suisset
674 3568 928 3625 civitatis
985 3568 1324 3640 episcopus,
1373 3565 1632 3640 sepeliit,
1707 3567 2072 3641 singularem

414 3674 625 3715 eorum
653 3658 932 3716 virtutem
962 3657 1274 3715 reveritus.

480 3995 568 4052 14.
601 3995 717 4050 Nec
744 4009 842 4049 res
874 3991 977 4048 diu
1007 3992 1183 4049 latuit
1211 3991 1650 4059 Constantium,
1685 3991 1788 4062 qui
1834 3991 2069 4049 Gallum

405 4081 483 4139 ad
510 4099 573 4139 se
614 4083 946 4139 accersivit.
1005 4083 1112 4138 Ille
1171 4098 1328 4148 vero,
1388 4099 1525 4137 cum
1585 4081 1764 4136 sciret
1822 4082 2068 4153 quidem

404 4189 469 4229 se
497 4189 619 4229 non
649 4173 845 4229 vocari
878 4171 954 4228 ad
993 4171 1217 4229 bonum
1276 4170 1541 4242 aliquod,
1597 4187 1806 4226 rursus
1865 4177 2066 4227 autem

403 4263 690 4334 cogitaret
718 4261 879 4334 qnod
910 4261 960 4316 si
990 4261 1182 4316 nollet
1224 4276 1456 4333 parere,
1506 4263 1808 4332 oporteret
1834 4258 2063 4315 bellum

399 4351 597 4407 facere
646 4357 706 4406 et
751 4367 918 4407 arma
973 4350 1249 4423 protinus
1308 4348 1592 4404 adversus
1642 4348 2061 4403 Constantium

2183 3375 2606 3452 κελευσάμενος,
2663 3377 2753 3434 ἐπὶ
2810 3384 2908 3451 τῆς
2965 3384 3166 3460 ἀγορᾶς
3217 3389 3432 3461 συρῆναι
3490 3388 3831 3464 προσέταξεν,

2181 3467 2272 3523 καὶ
2297 3467 2640 3546 ἀμφοτέρους
2689 3468 3022 3545 ἀπέκτεινεν,
3079 3472 3277 3552 ἄνδρας
3323 3476 3374 3532 έν
3416 3477 3680 3552 ἀξιώμασι
3713 3477 3834 3534 δια-

2178 3556 2512 3633 πρέψαντας,
2541 3560 2629 3614 καὶ
2672 3561 2872 3624 παντὸς
2931 3561 3161 3640 κέρδους
3214 3567 3304 3622 καὶ
3365 3566 3658 3642 λήμματος
3691 3568 3831 3645 εὐρε-

2179 3647 2366 3712 θέντας
2393 3646 2793 3726 ὑψηλοτέρους·
2850 3650 2942 3714 οὓς
3001 3655 3030 3708 ὁ
3083 3661 3186 3725 τῆς
3240 3655 3461 3721 πόλεως
3492 3657 3830 3734 περιστείλας

2176 3735 2476 3826 έπίσκοττος
2534 3734 2752 3816 ἔθαψεν,
2812 3739 3080 3810 αἲδεσθεὶς
3120 3746 3182 3802 τὸ
3243 3753 3346 3818 τῆς
3402 3749 3605 3826 ἀρετῆς
3659 3749 3828 3806 αὐτῶν

2175 3825 2616 3905 ἀνυπέρϐλητον.

2247 3977 2330 4038 ιδ’.
2364 3981 2427 4039 Ὀ
2459 3978 2516 4037 δὲ
2545 3984 2948 4056 Κωνστάντιος,
2981 3983 3170 4058 ἐπειδὴ
3221 3989 3458 4065 τάχιστα
3508 3989 3739 4048 ἐπύθετο
3767 3993 3824 4049 τὸ

2173 4065 2404 4143 συμϐὰν,
2468 4073 2855 4146 μετάπεμπτον
2911 4075 2986 4138 ὡς
3045 4077 3230 4134 ἑαυτὸν
3290 4077 3530 4136 έποιεῖτο
3559 4081 3656 4137 τὸν
3692 4081 3826 4138 Γάλ-

2173 4159 2292 4216 λον.
2319 4162 2381 4218 Ὁ
2413 4158 2491 4232 δὶ,
2525 4160 2684 4226 εἰδὼς
2717 4163 2811 4236 μέν
2854 4163 2930 4229 ὡς
2959 4164 3060 4220 οὐκ
3106 4165 3190 4222 ἐπ’
3219 4167 3408 4244 ἀγαθῷ
3437 4171 3708 4246 τυγχάνει
3736 4193 3831 4228 κα·

2171 4247 2463 4323 λούμενος,
2515 4251 2714 4308 ἐννοῶν
2763 4251 2822 4308 δὲ
2877 4253 3040 4311 πάλιν
3076 4257 3176 4327 ὡς,
3208 4257 3256 4313 εἴ
3311 4259 3389 4332 μή
3433 4259 3706 4336 βούλοιτο
3736 4264 3832 4319 ὕπ-

2168 4337 2405 4412 ακούειν,
2433 4339 2680 4414 πόλεμον
2713 4341 2922 4417 ἀνάγκη
2955 4348 3159 4414 ποιεῖν,
3201 4344 3350 4401 ’ὀπλα
3377 4347 3516 4422 πρὸς
3544 4351 3832 4406 Κωνστάν-

399 4439 686 4511 arripere,
714 4439 892 4510 elegit
922 4441 1118 4511 potius
1169 4455 1302 4510 quae
1355 4437 1520 4510 pacis
1549 4441 1752 4503 erant;
1803 4442 1863 4491 et
1905 4455 2062 4509 pras-

2185 4449 2282 4484 τιον
2340 4429 2399 4484 έκ
2451 4435 2549 4486 τοῦ
2607 4429 2805 4497 ευθέως
2857 4435 3148 4509 ἀράμενον,
3203 4435 3435 4514 αἲρεῖται
3497 4439 3723 4512 μᾶλλον
3771 4441 3836 4498 τὰ

398 4527 584 4586 missa
621 4544 803 4583 uxore
853 4529 929 4584 ad
980 4527 1377 4601 mitigandum
1436 4526 1871 4597 Constantium,
1930 4527 2058 4598 ipse

2185 4521 2264 4583 τῆς
2296 4519 2540 4595 εἰρήνης,
2568 4521 2660 4576 καὶ
2707 4523 2808 4591 τήν
2869 4530 3104 4599 γυναῖκα
3159 4526 3608 4600 προαποστείλας
3640 4532 3717 4598 ὡς
3745 4533 3833 4588 τὸν

398 4633 638 4688 quoque
674 4621 884 4688 sponte
917 4633 1025 4671 sua
1054 4616 1258 4672 adibat
1276 4615 1632 4688 periculum.
1666 4615 2058 4671 Constantina

2185 4607 2536 4664 ἱωνστάντιον
2566 4609 2997 4685 ἐκμειλίξασθαι,
3031 4614 3119 4670 καὶ
3170 4614 3331 4680 αὐτὸς
3383 4616 3545 4690 ἀπῄει
3580 4621 3835 4697 αὐτόμο-

398 4687 767 4780 ergostatim
798 4707 1064 4780 profecta
1093 4713 1203 4775 est,
1253 4713 1322 4761 ut
1365 4705 1530 4777 prior
1577 4711 1817 4762 uastaret
1862 4706 2053 4774 fratri,

2185 4713 2262 4758 to:
2296 4695 2384 4752 έπὶ
2423 4699 2515 4752 τὸν
2566 4697 2837 4758 κίνδυνον.
2885 4708 2952 4760 Ἦ
2999 4704 3095 4776 μὲν
3149 4703 3238 4760 οὖν
3287 4687 3668 4766 Κωνσταντίνα
3696 4687 3836 4789 προ-

394 4797 646 4854 studens
675 4814 812 4853 eum
846 4796 1148 4870 placatum
1179 4795 1404 4863 efﬁcre,
1437 4811 1510 4850 ne
1545 4795 1688 4866 quid
1719 4795 1939 4851 funesti
1991 4795 2053 4851 in

393 4888 676 4944 maritum
701 4891 1008 4942 statueret.
1043 4886 1189 4941 Cum
1221 4889 1421 4941 autem
1458 4890 1732 4957 prompto
1781 4889 1840 4939 et
1868 4884 2050 4940 alacri

393 4978 593 5033 animo
623 4977 738 5032 iter
767 4976 1023 5044 iniisset,
1054 4975 1210 5030 inter
1241 4974 1504 5030 eundum
1537 4973 1749 5029 incidit
1778 4975 1839 5028 in
1889 4991 2051 5029 mor-

392 5065 557 5133 bum,
592 5073 650 5122 et
679 5067 1018 5139 Bithyniam
1050 5065 1341 5138 ingressa,
1371 5065 1431 5119 in
1465 5063 1722 5135 quadam
1758 5065 1888 5136 ejus
1931 5069 2052 5119 sta-

388 5156 553 5211 tione
585 5173 716 5228 quas
737 5156 957 5212 dicitur
987 5155 1352 5221 Gallicana,e
1375 5154 1491 5209 vita
1520 5153 1814 5208 discessit.
1848 5153 2050 5209 Gallus

387 5262 544 5314 vero,
579 5245 810 5300 etiamsi
846 5245 1222 5316 inopinatum
1255 5245 1414 5298 hunc
1445 5248 1721 5297 eventum
1773 5258 2047 5314 magnam

387 5333 500 5388 sibi
533 5334 935 5390 calamitatem
984 5338 1306 5405 reputaret,
1359 5331 1611 5386 ulterius
1659 5336 1861 5386 tamen
1910 5349 2050 5403 pro-

385 5439 622 5495 gressus
655 5429 762 5490 est,
797 5439 918 5478 non
967 5423 1264 5478 desistens
1313 5422 1385 5477 ab
1431 5421 1504 5476 iis
1551 5437 1684 5491 quae
1735 5425 2044 5475 statuerat.

385 5512 704 5583 Postquam
736 5518 935 5569 autem
967 5513 1237 5584 pervenit
1264 5512 1340 5568 ad
1371 5511 1720 5567 Noricorum
1747 5510 2047 5566 civitatem

385 5616 519 5672 qua
544 5607 786 5658 vocatur
814 5601 1127 5674 Pytabion,
1179 5602 1294 5656 huc
1341 5600 1700 5668 Mediolano,
1749 5599 1850 5654 ubi
1905 5605 2046 5656 tunc

385 5690 766 5746 Constantius
796 5691 1027 5766 agebat,
1076 5691 1336 5746 mittitur
1378 5691 1496 5746 dux
1550 5688 1888 5761 Barbation,
1941 5689 2042 5762 qui

386 5777 618 5832 Gallum
647 5795 912 5850 purpura
940 5779 1263 5851 spoliatum
1293 5785 1352 5836 et
1375 5780 1449 5837 ad
1483 5777 1887 5836 conditionem
1920 5780 2042 5852 pri-

2161 4787 2290 4860 τέρα
2319 4785 2607 4861 ἐξώρμησε
2651 4797 3007 4866 προεντυχεῖν
3053 4797 3134 4865 τῷ
3182 4790 3428 4874 ἀδελφῷ,
3473 4797 3565 4852 καὶ
3599 4785 3833 4857 αῗδέσαο

2163 4886 2284 4938 σθαι
2317 4875 2478 4930 αὐτὸν
2528 4877 2660 4952 ὑπὲρ
2719 4883 2816 4934 τοῦ
2870 4879 3068 4957 ἀνδρὸς
3124 4885 3584 4959 προθυμουμένη,
3617 4896 3720 4945 τοῦ
3756 4893 3832 4966 μή

2159 4986 2210 5019 τι
2244 4964 2321 5027 είς
2352 4965 2512 5021 αὐτὸν
2569 4965 2961 5041 βουλεύσασθαι
3020 4971 3332 5042 ἀνήκεστον
3365 4974 3554 5051 πολλῇ
3599 4976 3662 5034 δὲ
3693 4964 3836 5055 προ-

2159 5056 2327 5128 θυμία
2357 5056 2478 5130 περῖ
2511 5057 2609 5126 τήν
2641 5055 2958 5134 ὁδοιπορίαν
2995 5061 3286 5136 χρωμένη,
3319 5064 3398 5127 εἷς
3429 5065 3594 5123 νόσον
3616 5091 3679 5125 τε
3711 5068 3836 5126 ἕπε-

2160 5147 2474 5221 σε·μεταξί›
2532 5149 2899 5224 πορευομένη,
2974 5151 3064 5207 καὶ
3142 5155 3396 5219 Βιθυνίας
3453 5153 3720 5233 ἐπιϐᾶσα,
3781 5161 3834 5218 ἐν

2159 5239 2383 5309 σταθμῷ
2432 5259 2538 5291 τινι
2595 5237 2799 5309 ταύτης
2858 5238 3183 5316 Γαλλικάνῳ
3225 5241 3512 5320 λεγομένῳ
3543 5249 3833 5308 ἀπέθανεν.

2157 5327 2217 5383 Ὀ
2277 5323 2333 5381 δὲ
2389 5323 2602 5388 Γάλλὸς
2651 5326 2740 5381 καί
2798 5325 2960 5384 τοῦτο
3026 5328 3334 5405 παράδοξον
3393 5335 3544 5406 αὐτῷ
3607 5335 3832 5412 συμϐάν

2159 5413 2404 5502 μεγάλην
2461 5416 2745 5493 συμφοράν
2802 5417 3200 5492 ποιησάμενος,
3261 5422 3416 5494 ὅμως
3472 5429 3591 5486 τοῖς
3631 5431 3832 5502 πρόσω

2153 5508 2261 5559 τῶν
2295 5501 2637 5594 δεδογμένων
2683 5504 2793 5594 ,οὐκ
2842 5505 3210 5580 ἐξιστάμενος.
3259 5512 3409 5567 Ἐπεὶ
3441 5511 3497 5568 δὲ
3526 5513 3605 5575 εἷς
3638 5501 3830 5594 Νωρι-

2153 5615 2283 5656 κους
2335 5593 2554 5672 ἀφίκετο
2604 5591 2769 5650 πόλιν
2823 5597 3005 5652 αὐτῶν
3065 5594 3390 5656 Πυταϐιῶνα
3439 5591 3828 5678 καλουμένην,

2155 5681 2378 5740 ένταῦθα
2410 5680 2522 5772 Αδὴῌ
2559 5681 2684 5772 ἀπὸ,
2719 5681 3066 5742 Μεδιολάνου
3114 5690 3528 5763 καταπέμπεται
3579 5713 3827 5772 στρατη-

2153 5774 2252 5850 γὸς
2283 5767 2626 5850 Βαρϐατίων,
2668 5770 2782 5829 ἐκεῖ
2828 5779 2926 5830 τοῦ
2984 5777 3364 5835 Κωνσταντίου
3406 5782 3469 5838 τὸ
3514 5767 3830 5854 τηνικαῦτα
