4120 6400
396 377 534 436 1265

1752 386 1814 440 Β.
1856 382 2162 439 ΔΒἸἛΜῘῙ
2203 383 2472 439 PASSIO.

3676 381 3817 440 1266

382 474 781 580 τυγχάνοντος’
814 505 875 570 ’ὀς
901 505 994 561 τὸν
1028 504 1241 562 Γάλλον
1302 508 1611 583 ἀφαιρεῖται
1641 512 1743 576 τῆς
1773 503 2031 582 ἁλουργίε

2154 510 2347 562 vatam
2376 506 2684 564 redactum
2713 507 2778 565 in
2829 506 3093 563 insulam
3144 506 3465 579 quamdam
3504 484 3823 566 Dalmatiae,

388 591 505 664 δος,
536 593 627 648 καὶ
659 592 735 656 εἰς
786 591 1012 666 ἰδιώτην
1075 596 1492 669 μετασκευάσας,
1552 594 1823 670 ἐξόριστον
1880 595 2043 650 αὐτὸν

388 684 466 749 εἵς
496 706 618 741 τινα
643 691 812 755 νῆσον
845 693 945 757 τῆς
974 686 1287 761 Δαλματίας
1310 688 1626 759 κατέστησε.

462 844 610 916 [351]
656 848 731 900 ιε’.
791 846 897 897 Τοῦ
951 840 1033 916 δέξ
1064 840 1281 899 Γάλλου
1320 843 1414 905 εἷς
1443 843 1543 911 τήν
1595 848 1759 912 νῆσον
1792 840 2047 916 ἀπηγμέ-

386 954 506 999 νου,
542 933 596 986 oi
625 933 687 987 τὸ
741 937 841 986 π’άν
904 931 987 987 ἐπ’
1036 933 1182 1005 αύτῷ
1237 936 1618 1003 συντήσαντες,
1668 927 1930 993 Εὐσέϐιος
1990 929 2047 985 δὲ

388 1022 627 1093 μάλιστα
655 1022 721 1090 ἦν
750 1022 778 1075 ὁ
824 1020 1085 1096 εὐνοῦχος
1122 1022 1150 1075 6
1177 1023 1276 1089 τὴν
1304 1027 1399 1077 τοῦ
1457 1020 1817 1098 πραιποσίτου
1872 1022 2043 1093 τιμὴν

384 1108 559 1186 ἔχων,
613 1110 703 1165 καὶ
766 1110 823 1163 οἱ
882 1108 973 1164 σὺν
1036 1111 1207 1184 αὐτῷ,
1256 1111 1500 1166 πείθουσι
1560 1108 1937 1167 Κωνστάντιον
1968 1110 2044 1172 ὡς

385 1201 627 1274 τάχιστα
653 1199 747 1254 τὸν
781 1196 994 1254 Γάλλον
1044 1202 1371 1271 ποιήσασθαι
1406 1200 1465 1257 ἐκ
1503 1198 1709 1257 ποδῶν.
1743 1201 1804 1257 Ὀ
1837 1196 1894 1254 δὲ
1922 1220 2046 1254 πει-

387 1288 535 1351 σθείς
594 1287 799 1361 πέμπει
856 1287 985 1351 τοὺς
1038 1289 1435 1355 ἀποκτενόντας
1492 1288 1651 1345 αὐτόν
1687 1308 1701 1323 θ
1762 1289 1849 1344 καὶ
1928 1285 2037 1360 ἤδη

383 1377 595 1433 τούτων
631 1378 1065 1455 ἀφικνουμένων,
1103 1376 1271 1433 πάλιν
1302 1380 1329 1434 ὁ
1366 1380 1741 1441 Κωνστάντιος
1779 1378 1855 1440 εἷς
1887 1373 2041 1433 ἔλεον

388 1464 710 1541 μετεκλίθη,
741 1468 831 1522 καὶ
865 1467 1067 1541 πέμπει
1119 1466 1209 1523 διὰ
1262 1466 1478 1544 ταχέων
1522 1467 1719 1543 ἐτέρων
1775 1468 2041 1543 γραμμά-

384 1578 493 1613 των
548 1557 638 1611 τὸν
696 1554 909 1612 Γάλλον
967 1562 1064 1612 τοῦ
1119 1558 1322 1620 πάθους
1380 1556 1841 1631 ἀνακαλούμενος.
1876 1557 1936 1614 Ὀ
1986 1554 2043 1611 δὲ

385 1640 645 1708 Εὐσέϐιος
676 1646 764 1700 καὶ
824 1647 877 1701 οἱ
931 1644 1021 1701 σὺν
1081 1647 1228 1719 αύτῴ
1276 1650 1525 1711 πείθουσι
1577 1648 1669 1701 τὸν
1728 1646 2043 1724 πεμφθέντα

385 1735 783 1809 Μαγιστριανὸν
843 1736 917 1808 μὴ
976 1736 1243 1812 πρότερον
1304 1736 1592 1806 ἐπιστῆναι
1650 1733 1928 1791 δεικνύντα
1975 1736 2038 1791 τὸ

380 1824 630 1901 γράμμα,
686 1824 813 1899 πρὶν
872 1822 934 1879 ἃν
988 1826 1218 1889 πύθοιτο
1246 1827 1337 1881 τὸν
1398 1824 1612 1881 Γάλλον
1665 1826 2034 1902 ἀνῃρημένον.

384 1885 629 1989 ’.ἐγένετό
657 1885 846 1982 ταῦτα,
888 1913 976 1969 καὶ
1009 1915 1037 1969 6
1073 1885 1287 1979 Γάλλος
1341 1913 1636 1986 ἐτεθνήκει.
1693 1885 2037 1973 'Om'66‘Kmv-
2072 1885 2118 1949 Β

382 2003 627 2066 στάντιος
656 2004 779 2078 περὶ
811 2008 929 2065 τοῖς
959 2002 1242 2081 πράγμασι
1286 2002 1483 2076 δείσας,
1545 2005 1622 2077 μή
1677 2005 1790 2079 οὐχ
1834 2004 1949 2067 οἶός
1981 2024 2040 2060 τε

384 2091 421 2167 ᾖ
455 2092 617 2166 μόνος
651 2093 865 2163 ἀπάσης
894 2092 1027 2148 εἶναι
1068 2100 1168 2163 τῆς
1202 2094 1381 2170 ἀρχῆς
1440 2092 1734 2169 ἐγκρατὴς,
1766 2091 1954 2156 ἄλλως
1981 2114 2041 2149 τε

383 2180 613 2237 καὶτῶν
662 2181 915 2237 Γαλατῶν
978 2182 1206 2253 όξότατα
1259 2181 1327 2253 δὴ
1371 2184 1460 2237 καὶ
1526 2181 1693 2237 ὁπότε
1744 2194 2037 2258 προθυμη-

380 2275 519 2334 θεῖεν
550 2270 627 2334 εἲς
668 2272 763 2335 τὰς
819 2268 1142 2349 τυραννίδας
1190 2270 1571 2349 ἐγειρομένων,
1605 2269 1693 2327 διά
1739 2292 1798 2327 τε
1851 2272 2039 2345 σώμα-

376 2382 471 2423 τος
506 2360 663 2436 ἰσχὺν
696 2362 784 2417 καὶ
817 2362 1574 2441 κουφότηταξζφρονημάτων,
1609 2360 1874 2437 μετέμελε
1918 2361 2041 2418 τότε

374 2454 467 2509 τὸν
502 2453 715 2511 Γάλλον
765 2455 1063 2526 ὑπεξελὼν·
1112 2455 1204 2510 καὶ
1251 2453 1618 2531 λογισάμενος
1648 2454 1725 2516 ὡς
1749 2453 1813 2509 τὸ
1844 2475 2038 2529 συγγε-

378 2544 465 2607 νὲς
523 2548 619 2599 τοῦ
675 2544 887 2600 ὀθνείου
952 2545 1042 2600 καί
1100 2542 1436 2620 ἀλλογενοῦς
1484 2542 1847 2618 ἀφαλέστερον
1906 2544 2038 2598 εἶναι

384 2638 581 2708 μακρῷ
619 2636 756 2710 πρὸς
783 2634 1067 2691 κοινωνίαν
1111 2641 1212 2704 τῆς
1246 2633 1545 2710 βασιλείας,
1599 2633 1895 2690 ’[ουλιανὸν
1944 2634 2036 2687 τὸν

378 2721 617 2801 ἀδελφὸν
642 2726 740 2779 τοῦ
772 2723 988 2779 Γάλλου
1021 2723 1081 2778 ἐκ
1131 2730 1234 2794 τῆς
1268 2721 1475 2785 Ἰωνίας
1546 2723 2040 2796 μεταπεμψάμενος

379 2812 434 2868 ἓν
458 2815 529 2887 τῇ
561 2810 911 2886 Μεδιολάνῳ,
971 2812 1210 2889 Καίσαρα
1260 2809 1540 2883 ἀνέδειξεν,
1571 2811 1660 2867 καὶ
1718 2812 1817 2880 τήν
1864 2809 2038 2867 ἀδελ-

384 2903 492 2980 φὴν
518 2901 785 2976 αὐτῷτὴν
820 2903 1015 2957 ἑαυτοῦ
1073 2901 1299 2972 Ἑλένην
1335 2901 1411 2966 εἷς
1466 2903 1643 2976 γάμον
1695 2898 1905 2971 ἐκδοὺς,
1941 2898 2037 2955 καὶ

377 2992 447 3047 τὰ
474 2992 642 3047 πιστά
696 2993 832 3065 πρὸς
886 2991 1045 3047 αὐτὸν
1093 2992 1487 3064 ποιησάμενος,
1543 2995 1735 3046 τοῦτον
1801 2991 1894 3065 μὶν
1956 2990 2038 3061 ἐξ·

381 3082 622 3157 ἐπεμψεν
655 3082 732 3144 εἷς
760 3083 858 3145 τὰς
890 3080 1130 3146 Γαλλίας
1160 3080 1376 3157 φύλακα
1404 3087 1505 3150 τῆς
1545 3079 1721 3135 ἐκεῖσε
1756 3077 2039 3154 βασιλείας

379 3171 663 3245 ἐσόμενον’
697 3171 861 3235 αὐτὸς
892 3169 950 3226 δέ
977 3170 1053 3233 εἷς
1099 3170 1411 3247 Ἰλλυριοὺς
1443 3168 1796 3249 ἀφικόμενος,
1850 3168 1905 3225 έν
1955 3173 2037 3243 τῷ

378 3262 597 3338 Σιρμίῳ
629 3260 837 3338 διῆγεν,

451 3417 538 3480 ις’.
597 3414 889 3489 Ἀκούσας,
949 3413 1007 3471 δὲ
1055 3420 1223 3472 ταῦτα
1255 3414 1337 3472 ὅτι
1397 3416 1449 3470 οἱ
1504 3415 1761 3491 πέραντοι
1816 3416 2034 3489 Ἴστρου

377 3500 645 3583 βάρϐαροι
680 3503 979 3579 μέλλουσιν
1029 3504 1433 3580 ἐπιστρατεύειν
1477 3508 1546 3578 τῇ
1590 3508 1698 3559 τῶν
1743 3502 2031 3576 Ῥωμαίων

373 3594 546 3671 ἀρχῇ,
605 3594 816 3671 ἀπάρας
870 3593 978 3648 ἀπὸ
1032 3599 1131 3649 τοῦ
1182 3594 1418 3667 Σιρμίου
1477 3593 1614 3666 πρὸς
1669 3592 1761 3647 τὸν
1819 3593 2029 3668 Ἵστρον

374 3679 678 3755 διέϐη,καὶ
735 3682 872 3761 πρὸς
933 3683 1071 3749 αὐτῇ
1123 3687 1192 3758 τῇ
1224 3682 1369 3757 ὄχθῃ
1432 3680 1633 3757 χρόνον
1694 3680 1794 3735 οὐκ
1842 3679 2029 3757 ὀλίγον

373 3776 633 3846 ποιήσας,
668 3772 782 3829 ἐπεὶ
831 3772 900 3828 τά
958 3777 1062 3828 τῶν
1125 3766 1412 3848 βαρϐάρων
1469 3771 1665 3845 ἠρέμει
1722 3771 1874 3843 [352]
1934 3791 2028 3824 συ-

371 3866 468 3935 στή
483 3885 645 3937 ματα,
680 3861 846 3918 πάλιν
900 3862 990 3917 ἐπὶ
1036 3862 1137 3931 τὴν
1200 3868 1415 3937 Θράκην
1447 3859 1705 3929 ἤλαυνεν⁶
1738 3857 1853 3913 ἐπεὶ
1886 3856 1944 3913 δὲ
1974 3857 2026 3913 ἐν

368 3951 656 4028 Ὁδρυσοῖς
713 3951 981 4028 ἐτύγχανε
1057 3950 1292 4026 γενονὼς
1330 3994 1344 4020 ,
1404 3946 1527 4014 ἔνθα
1591 3947 1754 4003 πόλιν
1841 3946 2029 4010 κτίσας

364 4040 685 4119 Ἀνδριανὸς
710 4042 738 4097 6
764 4039 1020 4117 βασιλεὺς
1042 4043 1139 4111 τὴν
1166 4041 1357 4095 ἑαυτοῦ
1382 4036 1749 4093 καταλέλοιπε
1774 4037 1852 4109 τῷ
1871 4036 2028 4110 τόπῳ

367 4130 762 4211 προσηγορίαν,
795 4130 1020 4186 ἐπύθετο
1052 4128 1190 4205 πρός
1218 4150 1366 4191 τινος
1417 4132 1524 4182 τῶν
1587 4125 1917 4194 ἐπισκοπων,
1949 4147 2024 4189 ως

363 4225 431 4280 τὰ
490 4224 719 4297 σώματα
774 4225 881 4277 τῶν
936 4225 1034 4276 τοῦ
1086 4221 1323 4295 Χριστοῦ
1379 4216 1704 4273 ἀποστόλων
1768 4214 2022 4293 Ἀνδρέου

363 4312 454 4367 καὶ
488 4316 689 4382 Λουκᾷ,
721 4309 773 4365 ἐν
831 4308 1037 4384 Ἀχαίᾳ
1090 4307 1404 4382 τεθαμμένα
1458 4308 1842 4383 τυγχάνουσιν,
1898 4307 2025 4361 ’Λν-

368 4397 528 4472 δρέου
565 4399 662 4471 μὲν
695 4396 746 4453 ἐν
782 4397 1043 4471 Πάτραις,
1078 4400 1263 4452 Λουκᾶ
1303 4392 1359 4450 δὲ
1387 4394 1439 4450 ἐν
1474 4391 1684 4466 Θήϐαις
1715 4402 1814 4465 τῆς
1839 4401 2020 4451 Βοιω-

362 4485 503 4548 τίας.
563 4487 653 4549 Ὠς
714 4483 804 4539 οῦν
862 4485 1093 4555 ἤκουσεν
1137 4485 1164 4540 6
1201 4483 1459 4561 βασιλεὺς
1516 4487 1683 4539 ταῦτα
1738 4485 2022 4540 Κωνστάνο

2159 598 2422 655 exsulem
2450 598 2749 673 relegavit.

2230 936 2314 990 15.
2345 933 2509 988 Gallo
2542 934 2600 987 in
2630 934 2887 989 insulam
2919 934 3145 1001 abacto,
3198 934 3298 1005 qui
3350 950 3527 989 omne
3578 933 3805 988 crimen

2156 1021 2439 1077 adversus
2467 1038 2600 1077 eum
2634 1023 3053 1094 congerebant,
3086 1023 3341 1078 maxime
3390 1028 3591 1078 autem
3622 1025 3808 1077 Euse-

2154 1111 2288 1166 bius
2321 1112 2649 1180 eunuchus,
2696 1112 2999 1183 praepositi
3059 1112 3344 1183 dignitate
3375 1111 3715 1183 insignitus,
3748 1114 3809 1166 et

2155 1200 2255 1271 qui
2280 1201 2352 1256 ab
2384 1202 2597 1257 iisdem
2642 1201 2908 1274 partibus
2953 1201 3210 1268 stabant,
3244 1201 3608 1273 persuadent
3654 1201 3806 1256 Con-

2155 1291 2370 1345 stantio
2404 1296 2469 1346 ut
2488 1291 2932 1362 quamprimum
2965 1290 3197 1346 Gallum
3219 1290 3293 1345 de
3314 1291 3511 1345 medio
3544 1290 3802 1345 tolleret.

2154 1382 2472 1434 Persuasus
2504 1379 2604 1434 ille
2638 1380 2822 1434 mittit
2852 1378 2952 1450 qui
2985 1396 3121 1434 eum
3162 1380 3545 1434 interﬁciant.
3579 1379 3804 1444 Quibus

2145 1467 2271 1538 jam
2302 1468 2604 1540 profectis,
2640 1468 3023 1523 Constantius
3066 1485 3273 1523 rursus
3318 1473 3585 1524 movetur
3622 1468 3807 1523 mise-

2150 1557 2426 1626 ricordia,
2461 1558 2760 1629 mittitque
2794 1557 3071 1613 ocissime
3120 1557 3339 1613 alteras
3387 1557 3638 1622 litteras,
3671 1557 3806 1628 qui-

2151 1646 2262 1701 bus
2284 1646 2483 1701 Gallus
2512 1664 2546 1702 a
2577 1647 2867 1719 supplicio
2898 1646 3207 1703 liberatur.
3250 1646 3541 1701 Eusebius
3580 1650 3800 1712 autem,

2151 1739 2210 1790 et
2238 1736 2339 1807 qui
2369 1753 2504 1792 cum
2536 1752 2604 1791 eo
2637 1741 2827 1805 erant,
2859 1736 3222 1808 persuadent
3269 1736 3668 1809 Magistriano,
3701 1734 3804 1806 qui

2149 1827 2498 1883 mittebatur
2556 1843 2630 1882 ne
2689 1828 2855 1898 prius
2916 1826 3233 1882 desisteret
3282 1826 3357 1881 ad
3401 1826 3804 1882 ostendendas

2149 1917 2400 1985 litteras,
2434 1934 2612 1988 quam
2645 1916 2879 1971 audiret
2907 1916 3138 1971 Gallum
3182 1915 3364 1970 fuisse
3396 1915 3802 1971 interfectum.

2152 2008 2285 2061 Haec
2314 2006 2469 2062 facta
2490 2011 2632 2061 sunt
2655 2006 2795 2060 etde
2826 2005 2989 2061 Gallo
3012 2011 3399 2077 sumpserunt
3419 2005 3802 2078 supplicium.

2151 2096 2532 2152 Constantius
2555 2095 2627 2151 de
2658 2095 2837 2151 rebus
2866 2095 3122 2167 publicis
3154 2095 3466 2163 sollicitus,
3491 2094 3647 2167 quod
3680 2110 3804 2149 non

2150 2192 2352 2257 posset
2404 2186 2565 2241 solus
2624 2186 2806 2241 totius
2862 2185 3098 2257 imperii
3157 2186 3422 2257 regimen
3478 2202 3803 2252 assumere,

2149 2275 2483 2346 praesertim
2523 2291 2659 2329 cum
2713 2274 2929 2329 Galatas
2978 2274 3426 2345 promptissime
3458 2280 3517 2330 et
3562 2273 3805 2345 quando

2150 2366 2371 2421 vellent
2400 2365 2474 2421 ad
2525 2365 2882 2420 seditionem
2939 2366 3356 2431 incitarentur,
3397 2371 3523 2421 tum
3562 2369 3809 2437 propter

2152 2456 2417 2527 corporis
2445 2456 2619 2521 vires,
2656 2460 2781 2510 tum
2829 2459 3073 2527 propter
3112 2454 3297 2509 animi
3326 2454 3649 2521 levitatem,
3674 2453 3806 2525 jam

2152 2544 2480 2600 ducebatur
2504 2544 2853 2616 paenitentia
2882 2543 3041 2615 quod
3060 2543 3292 2599 Gallum
3310 2544 3501 2615 capite
3531 2543 3809 2599 damnas-

2149 2639 2256 2689 set.
2292 2635 2527 2705 Ethum
2557 2640 2893 2706 reputasset
2949 2633 3425 2706 consanguineos
3457 2650 3586 2689 esse
3619 2638 3809 2688 exter-

2147 2723 2242 2777 nis
2274 2729 2333 2777 et
2362 2723 2577 2778 alienis
2608 2723 2782 2796 longe
2814 2723 3063 2778 tutiores
3092 2723 3166 2778 ad
3197 2723 3434 2794 imperii
3457 2723 3804 2778 societatem

2145 2812 2471 2877 Julianum,
2524 2812 2769 2867 fratrem
2825 2812 3016 2879 Galli,
3071 2828 3140 2866 ex
3188 2812 3357 2867 Ionia
3399 2810 3801 2867 Mediolanum

2147 2901 2521 2970 accersitum,
2583 2902 2876 2957 Caesarem
2906 2901 3163 2968 creavit;
3222 2917 3478 2972 cumque
3535 2917 3805 2956 sororem

2147 3007 2317 3046 suam
2360 2990 2647 3047 Helenam
2694 2992 2744 3045 ei
2793 2990 3177 3046 matrimonio
3219 2990 3540 3062 junxisset,
3584 2994 3644 3045 et
3674 2990 3804 3061 ejus

2146 3080 2325 3135 fidem
2384 3081 2732 3153 accepisset,
2761 3096 2896 3134 eum
2950 3079 3191 3151 quidem
3222 3080 3284 3134 in
3333 3079 3553 3134 Gallias
3614 3080 3803 3147 misit,

2147 3173 2271 3227 illic
2303 3172 2613 3228 custodem
2662 3172 2897 3244 imperii
2955 3170 3271 3227 futurum:
3305 3171 3434 3243 ipse
3492 3175 3694 3226 autem
3742 3170 3807 3226 in

2065 3253 2108 3320 C
2152 3262 2455 3334 Illyricum
2486 3262 2731 3317 veniens
2762 3259 3014 3334 degebat
3044 3260 3267 3317 Sirmii.

2216 3419 2302 3473 16,
2336 3418 2449 3473 Sed
2496 3434 2633 3473 cum
2681 3417 3004 3473 audivisset
3057 3415 3348 3472 Barbaros
3393 3414 3494 3486 qui
3550 3414 3807 3489 agebant

2142 3512 2306 3562 trans
2328 3506 2686 3575 Danubium,
2711 3506 2992 3562 ducturos
3015 3522 3145 3560 esse
3164 3504 3489 3559 exercitum
3520 3504 3800 3561 adversus

2141 3599 2545 3653 Romanorum
2574 3596 2915 3668 imperium,
2962 3594 3261 3667 profectus
3290 3594 3504 3648 Sirmio
3534 3593 3694 3648 venit
3722 3593 3798 3648 ad

2140 3685 2500 3752 Danubium,
2521 3690 2581 3740 et
2599 3684 2675 3739 ad
2695 3685 2887 3756 ipsam
2904 3684 3097 3755 ripam
3121 3688 3356 3754 tempus
3377 3699 3499 3737 non
3516 3683 3795 3755 exiguum

2139 3781 2562 3843 commoratus,
2596 3774 2696 3829 ubi
2720 3774 2870 3829 vidit
2900 3774 3294 3829 Barbarorum
3324 3778 3550 3828 turmas
3581 3772 3712 3828 loco
3732 3789 3795 3829 se

2137 3880 2257 3919 non
2290 3880 2546 3932 movere,
2581 3879 2789 3919 rursus
2833 3879 3073 3918 cursum
3104 3862 3322 3917 direxit
3351 3863 3412 3917 in
3460 3862 3791 3918 Thraciam.

2136 3956 2457 4025 Postquam
2506 3954 2663 4026 apud
2721 3953 2982 4009 Odrusos
3036 3953 3317 4021 devenit,
3379 3969 3631 4024 quorum
3688 3968 3794 4008 rex

2135 4044 2433 4099 Adrianus
2457 4045 2677 4100 civitati
2711 4060 2745 4099 a
2776 4061 2838 4100 se
2871 4043 3178 4099 aedificatae
3210 4059 3430 4098 nomen
3463 4059 3635 4097 suum
3668 4042 3789 4097 im-

2133 4139 2434 4205 posuerat,
2468 4133 2677 4189 didicit
2705 4151 2740 4189 a
2766 4132 3021 4205 quodam
3054 4133 3331 4205 episcopo
3356 4149 3604 4204 corpora
3629 4131 3791 4187 Chri-

2134 4224 2208 4278 sti
2240 4223 2647 4296 apostolorum
2676 4223 2925 4279 Andreaa
2958 4227 3016 4277 et
3046 4223 3214 4278 Lucas
3244 4222 3308 4277 in
3342 4222 3526 4277 Achia
3555 4221 3790 4294 sepulta

2123 4313 2347 4385 jacere,
2382 4313 2632 4368 Andreaa
2673 4312 2914 4384 quidem
2946 4312 3158 4378 Patris,
3193 4312 3359 4367 Lucaa
3409 4316 3609 4367 autem
3635 4311 3789 4365 The-

2130 4401 2222 4456 bis
2243 4402 2499 4457 Baaotiaa.
2526 4403 2663 4467 Quae
2684 4406 2752 4456 ut
2772 4401 2995 4456 audivit
3024 4400 3349 4472 imperator
3378 4400 3783 4467 Constantius,

2129 4490 2367 4546 laatatus
2401 4495 2491 4545 est
2520 4491 2753 4562 nuntio,
2785 4495 2844 4545 et
2891 4490 3241 4545 exclamavit
3282 4506 3421 4545 voce
3457 4505 3694 4562 magna,
3728 4491 3789 4543 et

363 4597 502 4645 τιος,
534 4574 677 4646 ἥσθη
704 4595 763 4631 τε
791 4580 868 4647 τῷ
900 4574 1055 4651 λόγῳ
1084 4574 1175 4630 καὶ
1224 4573 1311 4630 ἐπὶ
1346 4572 1482 4649 μέγα
1512 4568 1729 4646 ἐϐόησε,
1761 4573 1852 4630 καὶ
1885 4574 2021 4648 πρὸς

2145 4580 2462 4636 istantibus
2523 4580 2716 4635 dixit:
2776 4581 2987 4636 Vocate
3032 4579 3180 4634 mihi
3246 4579 3577 4634 Artemium
3612 4620 3626 4634 .
3680 4579 3787 4633 Cui

362 4666 491 4729 τοὺς
518 4665 787 4744 παρόντας
843 4667 997 4745 φησί.
1060 4664 1331 4722 Καλέσατέ
1394 4686 1486 4740 μοι
1546 4668 1855 4740 ’Λρτέμιονζ
1915 4670 2020 4720 Τοῦ

368 4754 427 4810 δὲ
453 4754 627 4831 τάχος
659 4755 1123 4832 παραγενομένου,
1174 4753 1467 4830 Συγχαίρω
1518 4775 1624 4821 σοι,
1655 4750 1779 4829 ἔφη,
1814 4751 2023 4830 ἀνδρῶν

369 4846 620 4900 ἁπάντων
679 4843 1083 4924 θεοφιλέστατε.
1138 4844 1199 4901 Ὀ
1233 4840 1290 4897 δὲ
1338 4842 1474 4919 πρὸς
1532 4842 1708 4898 αὐτόν’
1770 4843 1872 4899 Καὶ
1905 4841 2023 4914 εἷής

371 4956 465 5009 μοι
494 4936 859 5011 κεχαρμένος,
897 4935 941 4988 ὦ
977 4932 1222 5011 βασιλεῦ,
1256 4930 1344 4987 διὰ
1389 4933 1611 4998 παντὸς,
1657 4932 1748 4987 καὶ
1809 4935 2022 5006 μήποτέ

362 5044 420 5078 σε
448 5028 558 5078 τῶν
590 5022 856 5098 ὀχληρῶν
886 5044 939 5077 τι
967 5020 1362 5097 καταλήψεται.
1415 5021 1518 5077 Καὶ
1552 5023 1580 5076 6
1616 5020 1891 5095 βασιλεὺς·
1916 5030 2021 5093 Ζη-

358 5120 472 5177 τεῖς
505 5112 563 5169 δέ
612 5135 665 5169 τι
723 5112 1184 5190 χαριωδέστερον,
1241 5115 1286 5167 ὦ
1316 5112 1488 5190 φίλων
1523 5110 1724 5188 ἄριστε,
1759 5120 1858 5183 τῆς
1909 5119 2017 5169 τῶν

361 5207 632 5277 σωμάτων
662 5208 770 5258 τῶν
802 5208 904 5258 τοῦ
934 5205 1169 5279 Χριστοῦ
1201 5202 1521 5259 ἀποστόλων
1570 5202 1827 5277 εύρέσεως
1861 5226 1875 5272 ;
1918 5204 2018 5259 Καὶ

357 5294 386 5348 6
422 5294 594 5369 μέγας
623 5290 938 5367 Ἀρτέμιοςο
973 5291 1069 5355 Τίς
1097 5293 1188 5347 καὶ
1238 5292 1421 5363 πόθεν,
1456 5294 1500 5347 ὦ
1533 5289 1786 5357 δέσποτα,
1819 5294 1847 5347 6
1881 5297 2015 5349 τοῦ-

356 5402 449 5436 τον
480 5383 620 5454 ἡμῖν
649 5381 741 5437 τὸν
776 5381 1045 5455 θησαυρὸν
1076 5382 1387 5457 φανερώσας
1417 5381 1479 5436 τὸ
1525 5382 1765 5456 τήμερον
1801 5401 1815 5450 ;
1850 5383 1952 5439 Καὶ
1986 5384 2014 5438 ὁ

352 5472 751 5532 Κωνστόίντιος.
811 5470 875 5527 Ὀ
922 5476 1022 5539 τῆς
1080 5468 1312 5545 Ἀχαΐας
1369 5468 1664 5533 ἐπίσκοπος
1703 5470 1730 5524 6
1767 5473 1858 5525 νῦν
1914 5469 2013 5549 ἐφ-

355 5557 559 5634 ορεύων
594 5560 646 5616 έν
678 5561 936 5637 Πάτραιςο
977 5559 1105 5616 ἀλλ’
1138 5560 1316 5635 ἄπιθι,
1349 5558 1556 5638 ἀνδρῶν
1587 5559 1793 5637 ἄριστε,
1823 5561 1915 5617 καὶ
1947 5564 2011 5619 τὸ

348 5649 528 5726 τάχος
583 5648 636 5707 έν
693 5650 1261 5709 Κωνσταντινουπόλει
1339 5652 1439 5722 τὴν
1518 5648 1726 5707 τοὺτων
1813 5648 2007 5710 ἄνοδον

352 5737 612 5815 ποίησον.

1989 4626 2097 4690 ξΙ)

2133 4670 2334 4725 statim
2365 4670 2645 4742 praesenti
2672 4686 2684 4724 :
2720 4668 3111 4741 Congratulor
3140 4668 3267 4738 tibi,
3292 4669 3510 4740 inquit,
3540 4668 3627 4723 vir
3656 4686 3789 4724 om-

2135 4760 2301 4815 nium
2358 4759 2792 4832 religiossime.
2852 4758 3181 4831 Respondit
3236 4760 3586 4815 Artemius:
3645 4759 3785 4813 Mihi

2132 4856 2420 4922 perpetuo
2442 4849 2682 4920 laeteris,
2702 4849 3044 4922 imperator,
3068 4866 3179 4905 nec
3200 4848 3527 4920 quidquam
3546 4846 3786 4904 molesti

2132 4957 2398 5011 unquam
2456 4944 2513 4994 te
2581 4938 3068 5011 comprehendat.
3139 4940 3468 5004 Imperator
3531 4942 3783 4995 autem:

2131 5030 2434 5095 Quaerisne
2466 5029 2694 5100 aliquid
2716 5028 3065 5100 jucundius,
3098 5045 3132 5084 o
3163 5028 3483 5084 amicorum
3533 5027 3778 5099 Optime,

2129 5118 2472 5174 inventione
2496 5133 2813 5190 corporum
2835 5117 3050 5173 Christi
3074 5115 3518 5189 apostolorum?
3538 5117 3780 5189 Magnus

2127 5224 2263 5263 vero
2307 5208 2645 5262 Artemius:
2696 5208 2838 5272 Quis
2883 5211 2941 5261 et
2970 5206 3148 5273 unde,
3182 5206 3398 5276 inquit,
3440 5206 3601 5261 hunc
3649 5206 3780 5261 the-

2128 5314 2371 5353 saurum
2416 5297 2588 5353 nobis
2637 5297 2814 5353 hodie
2866 5296 3199 5352 revelavit?
3245 5297 3316 5351 Et
3347 5296 3779 5353 Constantius:

2125 5387 2363 5443 Achaiae
2396 5386 2731 5459 episcOpus,
2767 5386 2869 5459 qui
2907 5402 3068 5441 nunc
3098 5385 3381 5459 praesidet
3420 5387 3631 5442 Patris.
3666 5385 3780 5442 Sed

2122 5477 2289 5546 vade,
2323 5477 2583 5531 virorum
2627 5476 2870 5547 optime,
2904 5492 3092 5548 eaque
3132 5476 3262 5531 sine
3291 5492 3461 5533 mora
3488 5477 3779 5535 Constan-

2122 5566 2438 5640 tinopolim
2459 5570 2722 5638 exporta.
