4120 6392
412 392 433 411 \.

3723 398 3743 425 (ε

387 454 529 533 ιεοτ
620 490 625 495 ι
1384 490 1391 497 -
1548 526 1553 533 ,
1912 457 2079 519 mm

2191 460 2287 521 DA.
3356 524 3365 529 ,
3703 457 3846 518 1268

460 588 546 640 17.
576 584 713 642 Haec
743 600 880 642 cum
900 585 973 643 ab
1015 583 1371 658 imperatore
1416 582 1744 641 audivisset
1792 600 2044 659 magnus
2074 648 2079 659 η

2218 587 2318 657 ιζ’.
2375 589 2558 645 Ταῦτα
2612 584 2761 664 παρὰ
2812 590 2912 643 τοῦ
2965 584 3240 665 βασιλεως
3296 584 3548 650 ἀκούσας
3591 584 3623 641 ὁ
3658 586 3842 662 μιγας

389 675 695 731 Artemius
726 674 841 731 iter
868 675 1127 731 intendit
1162 675 1235 731 ad
1279 674 1603 747 apostolos,
1641 676 2052 732 sanctissimas

2191 678 2447 751 Aptépioc
2477 676 2768 754 ἐπορεύετο
2800 679 2908 749 τὴν
2964 678 3049 735 ἰπὶ
3108 677 3238 741 τοὺς
3294 675 3662 740 ἀποστόλους
3694 672 3849 749 ὁδὸν,

392 779 603 820 eorum
659 764 948 836 reliquias
1000 763 1579 836 Constantinopolim
1630 765 2051 820 translaturus.

2194 767 2507 841 νακομίσων
2562 768 2629 822 τὰ
2690 768 2898 824 τούτων
2964 769 3201 846 πανάγια
3288 767 3528 843 λείψανα
3591 764 3690 822 ἐπὶ
3743 767 3845 837 τὴν

393 853 667 910 Historia)
703 855 958 926 scriptor
1004 854 1224 911 similia
1272 854 1455 910 tradit
1491 856 1562 911 de
1613 857 1966 911 Constantio
2000 860 2058 911 et

2191 856 2756 913 ἱωνσταντινούπολινο
2840 859 2869 913 ὁ
2946 854 3004 913 δὶ
3086 858 3189 927 τήν
3263 857 3515 935 ἱστορίαν
3583 855 3846 935 γράφων,

393 952 676 1021 martyre.
740 948 966 1004 Dicitur
1021 948 1182 1004 enim
1238 949 1622 1005 Constantius
1681 967 1803 1005 non
1863 949 2055 1005 solum

2196 949 2385 1000 οιαῦτα
2438 947 2562 1021 περῖ
2622 946 2995 1003 Κωνσταντίου
3022 947 3243 1001 καὶτοῦ
3300 945 3590 1022 μάρτυρος
3625 945 3847 1020 φάσκει.

395 1032 575 1096 divini
617 1037 813 1095 cultus
835 1037 1160 1112 [studiosus
1209 1045 1269 1095 et
1310 1056 1521 1096 amans
1553 1040 1761 1111 fuisse,
1793 1039 1938 1097 licet
1983 1039 2059 1096 ad

2191 1033 2387 1111 ιὲγεται
2419 1032 2486 1106 δὴ
2520 1035 2642 1113 περὶ
2685 1036 3063 1094 Κωνσταντίου
3107 1034 3192 1092 δτι
3254 1036 3319 1091 οὗ
3380 1035 3562 1109 μόνον
3606 1034 3682 1091 τά
3711 1035 3851 1111 πρὸς

395 1130 681 1186 Arianam
712 1128 1102 1186 declinaverit
1126 1130 1425 1200 haeresim,
1449 1130 1521 1187 ab
1545 1131 1729 1204 impio
1753 1136 1811 1186 et
1831 1131 2056 1187 nefario

2191 1124 2295 1179 θεὸν
2329 1122 2621 1188 σπουδαίός
2651 1146 2709 1182 τε
2746 1127 2834 1182 καὶ
2887 1125 3148 1204 ἐράσμιος
3180 1126 3453 1202 ὑπῆρχεν,
3494 1123 3546 1181 εἶ
3580 1124 3681 1180 καὶ
3714 1126 3853 1201 πρὸς

396 1217 671 1275 Eusebio.
724 1219 1084 1276 Nicomedia
1135 1221 1436 1293 episcopo,
1480 1220 1796 1293 impulsus,
1844 1220 1947 1276 sed
1996 1220 2059 1275 in

2191 1215 2265 1285 ςὴν
2300 1215 2643 1290 Ἀρειανικήν
2698 1214 2989 1272 ἀπέκλινεν
3055 1215 3283 1292 αἳρεσιν,
3343 1214 3447 1271 ὗπὸ
3482 1217 3590 1271 τοῦ
3658 1211 3851 1270 δυσσε-

396 1306 650 1380 reliquis
690 1325 923 1381 quoque
971 1310 1103 1365 vitm
1154 1310 1425 1382 partibus
1474 1316 1835 1382 temperans,
1870 1316 1927 1365 et
1956 1309 2059 1364 de-

2191 1299 2299 1368 ἷοῦς
2329 1325 2388 1361 τε
2408 1306 2497 1362 καὶ
2526 1305 2834 1363 ἀθεωτάτου
2869 1300 3132 1365 Εὐσεϐίου
3179 1310 3281 1362 τοῦ
3309 1312 3410 1377 τῆς
3442 1303 3853 1380 Νικομηδείας

402 1398 613 1453 centiaa
672 1398 931 1454 maxime
996 1399 1290 1469 curiosus,
1335 1406 1394 1456 et
1445 1417 1675 1473 magnai
1726 1399 2063 1456 sobrietatis

2191 1395 2471 1451 ,πισκόπου
2501 1396 2870 1466 συνελασθεὶς,
2903 1395 3020 1453 ἐπεὶ
3066 1396 3134 1453 τά
3159 1416 3221 1473 γε
3251 1393 3400 1452 ἄλλα
3460 1394 3725 1471 μέτριος,
3758 1397 3846 1451 καί

401 1477 465 1545 in
493 1488 649 1545 victu
682 1505 748 1545 ac
779 1488 1009 1561 reliquo
1039 1489 1272 1545 vivendi
1315 1489 1513 1546 modo.
1547 1491 1862 1546 Maximam
1904 1493 2063 1545 certe

2191 1484 2598 1560 μύσχημοσύνης
2630 1485 2684 1549 ἐς
2712 1486 2780 1542 τὰ
2812 1485 3053 1562 μάλιστα
3099 1483 3574 1560 ἐπιμελούμενος,
3605 1483 3707 1541 καί
3739 1506 3849 1540 σω-

404 1578 673 1634 ecclesiis
709 1577 1095 1650 impendebat
1124 1596 1347 1647 curam,
1381 1585 1448 1635 ut
1478 1578 1576 1651 qui
1609 1585 1841 1651 patrem
1891 1594 2065 1634 suum

407 1666 603 1723 studio
637 1667 795 1723 circa
826 1667 960 1724 illas
990 1668 1166 1742 longe
1208 1685 1489 1740 superare
1527 1668 1802 1724 ambiret.
1852 1667 2063 1723 Eccle-

405 1757 557 1813 siam
584 1774 821 1829 quoque
846 1759 1167 1814 maximam
1188 1758 1504 1814 mdificavit
1534 1759 1597 1813 in
1619 1759 1765 1814 urbe
1795 1762 2064 1831 paterna,

409 1862 443 1901 a
473 1845 865 1902 fundamento
896 1863 1045 1919 Opus
1078 1847 1395 1921 incipiens,
1427 1847 1704 1920 licetjam
1725 1847 2071 1904 adventaret

2173 1574 2447 1652 φροσύνης
2481 1574 2630 1648 [353]
2663 1572 2830 1649 ἄρκας
2867 1574 3273 1648 ἐπειλημμένος
3302 1572 3426 1651 περὶ
3456 1593 3521 1630 τε
3567 1575 3679 1646 τὴν
3707 1571 3844 1629 δίαιι

2170 1684 2266 1719 ταν
2293 1663 2382 1719 καὶ
2412 1663 2504 1718 τὸν
2538 1661 2713 1720 ἄλλον
2767 1664 2990 1740 τρόπον·
3049 1663 3141 1719 καὶ
3190 1661 3453 1735 πλείστην
3508 1684 3577 1740 γε
3632 1664 3738 1732 τήν
3771 1661 3846 1725 εἷς

2173 1753 2270 1815 τὰς
2313 1751 2605 1825 ἐκκλησίας
2657 1751 2897 1810 ἐποιεῖτο
2953 1751 3219 1824 σπουδὴν,
3253 1757 3451 1829 μακρῷ
3489 1753 3592 1808 τὸν
3653 1752 3847 1808 εαυτοῦ

2175 1842 2383 1915 πατέρα
2441 1847 2561 1906 ταῖς
2619 1843 2744 1920 περὶ
2795 1848 2966 1900 ταῦτα
3036 1843 3365 1920 προθυμίαις
3438 1838 3847 1916 ὑπερϐαλέσθαι

409 1939 706 1991 senectus.
742 1936 813 1990 Et
842 1936 1026 2008 patris
1046 1937 1385 2010 sepulcrum
1408 1942 1744 2006 veneratus,
1779 1936 2069 2009 templum

2191 1932 2675 2011 ριλοτιμούμενος.
2721 1933 2823 1992 Καὶ
2872 1935 2974 2003 τὴν
3004 1954 3065 1990 τε
3093 1931 3385 2005 ἐκκλησίαν
3433 1929 3702 2006 ἔδειματο
3752 1932 3847 2002 τήν

410 2022 634 2081 ibidem
679 2024 904 2093 erexit,
961 2027 1291 2084 maximum
1343 2028 1771 2094 sanctuarium,
1806 2026 1907 2082 ubi
1952 2028 2070 2081 An-

419 2112 623 2170 dream
656 2130 727 2169 ex
749 2114 973 2171 Achaia
998 2115 1375 2186 translatum,
1407 2120 1473 2171 ut
1503 2133 1684 2189 supra
1713 2116 1937 2171 dictum
1961 2120 2071 2181 est,

420 2203 730 2275 reposuit,
787 2218 908 2260 una
957 2221 1093 2259 cum
1142 2204 1503 2277 evangelista
1562 2206 1718 2261 Luca
1766 2222 1835 2260 ex
1867 2204 2075 2259 eadem

409 2293 647 2373 'Achaia
680 2338 696 2363 ,
754 2299 814 2350 et
856 2294 1165 2351 Timotheo
1219 2312 1292 2351 ex
1345 2296 1578 2368 Epheso
1649 2296 1829 2351 Ionia:
1888 2300 2076 2350 trans-

421 2381 564 2439 lato.

2190 2023 2452 2100 μεγίστην
2484 2023 2535 2078 ὲν
2565 2027 2634 2098 τῇ
2661 2024 2824 2080 πόλει
2862 2021 2960 2079 τοῦ
2989 2024 3217 2101 πατρὸς,
3244 2021 3487 2095 πλησίον
3514 2029 3624 2093 τῆς
3652 2041 3844 2099 γερου·

2185 2113 2323 2179 σίας,
2369 2114 2608 2169 κάτωθεν
2664 2116 2762 2169 τοῦ
2819 2108 2979 2191 ἔργου
3034 2114 3124 2169 καὶ
3174 2113 3233 2169 ἐκ
3258 2111 3549 2189 κρηπίδων
3612 2112 3846 2189 ἀρξάμε-

2184 2223 2299 2265 νοςο
2335 2201 2421 2257 καὶ
2463 2203 2555 2258 τὸν
2606 2206 2704 2258 τοῦ
2734 2206 2941 2278 πατρὸς
2965 2204 3133 2279 τάφον
3189 2208 3388 2277 τιμῶν,
3443 2205 3587 2259 νεὼν
3647 2202 3842 2275 ἐξῳκο-

2187 2290 2469 2366 δομήσατο
2504 2294 2758 2370 μέγιστον
2800 2292 2913 2350 ἐκεῖ
2960 2294 3419 2371 θρησκευτήριον·
3450 2293 3543 2349 καὶ
3594 2290 3841 2370 Ἀνδρέαν

2184 2383 2276 2437 τὸν
2309 2379 2616 2437 ἀπόστολον
2646 2381 2717 2438 ’ἐκ
2762 2385 2887 2453 τῆς
2917 2381 3152 2460 Ἀχαΐας
3200 2383 3567 2461 μετενεγκὼν,
3599 2382 3676 2446 ὡς
3705 2401 3839 2456 προ-

420 2478 577 2558 ἒφην,
609 2477 723 2535 ἐκεῖ
754 2482 1065 2556 μετέθηκεν·
1097 2480 1190 2537 καὶ
1223 2483 1332 2557 μὴν
1364 2483 1453 2539 καὶ
1486 2490 1695 2539 Λουκᾶν
1726 2483 1818 2540 τὸν
1845 2480 2232 2560 εύαγγελιστὴν
2287 2477 2346 2537 ἐκ
2400 2486 2501 2552 τῆς
2560 2481 2734 2553 αὐτῆς
2786 2480 3078 2557 μετέθηκεν
3134 2479 3384 2559 Ἀχαΐας,
3428 2482 3520 2537 καὶ
3580 2478 3835 2555 Τιμόθεον

417 2567 468 2643 ἐξ
498 2568 727 2649 Ἐφέσου
754 2572 855 2641 τῆς
889 2570 1117 2636 Ἰωνίας.

487 2722 572 2779 18.
606 2724 906 2780 Artemius
938 2725 1120 2797 igitur
1169 2727 1330 2783 inter
1358 2728 1619 2800 optimos
1666 2728 1825 2784 viros
1860 2728 2068 2801 jussus

412 2810 864 2869 fuer‘a‘t‘horum
901 2821 1269 2873 sanctorum
1327 2818 1763 2874 translatiorem
1837 2833 2068 2874 curare.

413 2902 481 2957 In
514 2904 829 2975 prmmium
858 2918 996 2961 vero
1040 2907 1381 2978 ministerii,
1414 2908 1757 2982 imperator,
1797 2908 2071 2982 roganti-

419 2992 530 3049 bus
560 2993 879 3068 episcopis,
909 2997 1220 3071 Egyptum
1269 2998 1322 3054 ei
1370 2999 1581 3056 tribuit
1625 3000 1969 3073 regendam.
2004 3004 2074 3057 Et

420 3082 549 3144 haec
576 3083 820 3156 quidem
865 3085 1045 3142 habet
1093 3087 1166 3143 de
1219 3092 1478 3161 martyre
1518 3090 1784 3146 historiae
1843 3096 2071 3162 auctor,

417 3172 831 3231 testimonium
864 3175 916 3231 ei
947 3175 1242 3251 praebens,
1276 3179 1435 3251 quod
1470 3180 1648 3236 etiam
1679 3185 1817 3237 ante
1847 3187 2070 3254 marty-

2257 2728 2348 2798 ιη’.
2378 2726 2442 2784 Ὀ
2472 2723 2532 2781 δὶ
2559 2726 2628 2797 ἦν
2658 2730 2768 2782 τῶν
2798 2747 2859 2805 γε
2886 2722 2954 2796 δὴ
3004 2722 3306 2803 βελτίστων
3344 2724 3647 2802 ἀνθρώπων
3674 2724 3704 2779 ὁ
3725 2722 3820 2793 τήν

2180 2813 2511 2891 διακομιδὴν
2578 2816 2811 2873 τούτων.
2861 2818 3195 2889 ποιήσασθαι
3267 2816 3647 2892 προσταχθεὶς.
3718 2813 3818 2869 Καὶ

2179 2908 2345 2982 γέρας
2391 2926 2455 2982 γε
2513 2904 2657 2979 αύτῷ
2710 2912 2813 2977 τῆς
2866 2903 3559 2983 λειτουργίαςὸβασιλεὶις,
3606 2901 3820 2974 dormiv-

2177 3016 2290 3051 των
2346 3000 2454 3051 τῶν
2518 2996 2853 3066 επισκόπων,
2903 2998 3005 3067 τὴν
3034 3002 3165 3066 ’τῆς
3230 2994 3507 3071 Αἰγύπτου
3557 2994 3810 3068 παρέσχεν

2178 3084 2384 3161 ἀρχήν.
2427 3085 2532 3142 Καὶ
2560 3088 2727 3140 ταῦτα
2788 3085 2885 3160 μὶν
2912 3086 2951 3141 ὁ
2974 3085 3075 3155 τὴν
3133 3082 3373 3161 ἱστορίαν
3427 3080 3655 3158 συνάγων
3681 3075 3798 3154 περί

2178 3177 2278 3230 τοῦ
2326 3173 2621 3250 μάρτυρος,
2675 3177 3082 3251 συμμαρτυρῶν
3139 3174 3309 3247 αὐτῷ,
3336 3171 3416 3229 ὅτι
3442 3171 3532 3227 καὶ
3556 3168 3655 3247 πρὸ
3693 3170 3797 3222 τῶν

416 3262 492 3318 rii
523 3264 851 3321 certamina
879 3265 954 3322 ab
985 3266 1261 3323 omnibus
1281 3273 1526 3341 propter
1554 3270 1918 3327 eminentem
1936 3253 2072 3327 vitm

2191 3270 2283 3333 τῆς
2319 3264 2618 3340 μαρτυρίας
2645 3262 2889 3340 ἀγώνων,
2921 3268 3080 3320 πᾶσιν
3134 3263 3383 3340 ὒπῆρχεν
3433 3258 3698 3332 αἱδὲσιμος
3720 3253 3811 3311 διὰ

416 3354 799 3411 sanctitatem
838 3358 901 3411 in
959 3356 1186 3413 honore
1238 3359 1315 3414 sit
1360 3359 1623 3417 habitus.
1669 3361 1833 3427 Quod
1880 3366 2077 3417 autem

416 3448 648 3517 spectat
696 3444 769 3501 ad
820 3446 1057 3515 Lucam,
1109 3447 1168 3503 id
1213 3450 1480 3507 narravit
1534 3451 1844 3507 Anatolius
1896 3469 2079 3508 eunu-

414 3533 584 3605 chus,
615 3552 772 3591 unus
796 3552 826 3591 e
859 3536 1264 3609 cubiculariis,
1298 3539 1400 3611 qui
1445 3539 1573 3613 ipse
1627 3539 1689 3595 in
1734 3558 1794 3597 se
1841 3541 2078 3614 pietatis

416 3623 694 3679 eﬂ'ectum
754 3626 960 3681 sensit.
1021 3627 1224 3682 Refert
1280 3629 1461 3701 igitur
1517 3630 1833 3686 Anatolius
1882 3630 1982 3686 ille
2015 3648 2078 3687 se

424 3714 679 3786 graviter
698 3720 985 3788 aegrotum
1010 3716 1385 3789 decubuisse,
1421 3724 1600 3792 atque
1632 3720 1778 3775 adeo
1803 3720 2078 3776 morbum

416 3803 737 3860 increvisse
769 3804 835 3860 ut
856 3803 1226 3862 medicorum
1257 3812 1447 3863 artem
1498 3815 1825 3881 superaret.
1860 3812 2082 3867 Phere-

416 3892 575 3949 trum
607 3910 767 3968 ergo,
799 3893 860 3949 in
915 3912 1030 3967 quo
1056 3895 1329 3968 jacuerat
1356 3897 1561 3967 ,Lucas
1607 3902 1872 3971 tempore
1918 3900 2083 3956 navi-

419 3983 695 4055 gationis,
734 4000 769 4039 a
828 3984 979 4040 mari
1022 3984 1097 4041 ad
1147 3986 1436 4058 templum
1486 3985 1901 4044 deducendum
1954 3988 2082 4062 ipse

422 4089 491 4128 ex
520 4074 742 4145 pietate
774 4074 957 4129 subiit
987 4079 1043 4129 et
1085 4092 1219 4130 cum
1251 4075 1473 4149 bajulis
1511 4078 1768 4149 portavit
1807 4096 1914 4152 pro
1942 4080 2085 4135 viri-

420 4160 534 4218 bus
567 4163 730 4232 suis;
787 4169 846 4219 et
902 4167 1045 4219 tunc
1093 4164 1287 4221 subito
1346 4164 1634 4223 liberatus
1668 4172 1757 4224 est
1786 4182 1821 4223 a
1850 4168 2081 4239 morbo,

424 4252 661 4324 vitaque
716 4252 847 4326 ejus
896 4260 1211 4328 prorogata
1269 4254 1383 4311 fuit
1451 4255 1525 4311 ad
1576 4273 1700 4313 non
1757 4274 2083 4332 paucorum

425 4356 723 4398 annorum
754 4358 1093 4400 numerum.
1142 4345 1378 4401 Primus
1409 4345 1610 4417 itaque
1663 4348 2085 4419 Apostolorum

422 4429 735 4487 ecclesiam
785 4433 1100 4490 mdiﬁcavit
1152 4434 1567 4504 Constantius,
1622 4436 1764 4492 licet
1815 4437 2086 4493 eamdem

422 4520 805 4591 postmodum
834 4522 1206 4579 Justinianus
1239 4525 1715 4596 amplificaverit,
1753 4528 1811 4580 et
1839 4527 2090 4585 materia

2180 3354 2281 3423 τὴν
2312 3353 2801 3431 ἀπαστράπτουσαν
2831 3358 2930 3410 τοῦ
2983 3351 3110 3430 βίου
3140 3353 3306 3410 αὐτοῦ
3364 3352 3580 3427 ἀρετὴν.
3608 3343 3732 3424 Περὶ
3761 3341 3815 3400 δὶ

2181 3446 2279 3499 τοῦ
2338 3449 2521 3499 Λουκᾶ
2572 3443 2667 3500 ’καὶ
2716 3441 2932 3501 τοιόνδε
2986 3448 3041 3500 τί
3092 3439 3398 3520 διηγήσατο
3459 3434 3818 3499 Ἀνατόλιοςὸ

2186 3532 2452 3609 εὐνοῦχος
2479 3536 2587 3590 τῶν
2630 3534 2690 3590 ἐκ
2716 3537 2813 3590 τοῦ
2871 3531 3164 3611 βασιλικοῦ
3220 3535 3514 3600 κοιτῶνος,
3568 3525 3721 3591 αύτδς
3744 3522 3823 3599 ἐφ’

2184 3622 2379 3679 εαυτοῦ
2407 3623 2508 3694 τήν
2534 3628 2634 3690 τῆς
2668 3624 2940 3701 ἁγιστείας
2992 3627 3183 3701 πεῖραν
3236 3619 3548 3696 δεξάμενος.
3577 3619 3825 3696 Ἔφασκεν

2186 3711 2279 3769 οὖν
2309 3713 2467 3777 οὗτος
2499 3714 2528 3769 ὁ
2561 3710 2879 3776 Ἀνατόλιος
2939 3711 3164 3783 φαύλως
3218 3709 3547 3780 διαλεῖσθαι,
3596 3706 3687 3763 καὶ
3720 3702 3823 3779 μεί-

2187 3807 2277 3873 ζον
2310 3801 2418 3873 ἤδη
2468 3803 2532 3859 τὸ
2590 3803 2786 3873 πάθος,
2843 3804 2878 3873 ἢ
2936 3802 3074 3859 κατὰ
3125 3803 3226 3872 τὴν
3282 3806 3391 3857 τῶν
3449 3799 3651 3875 ἰατρῶν
3705 3797 3827 3851 εἶναι

2185 3893 2411 3969 τέχνην
2444 3896 2544 3959 τῆς
2605 3893 2697 3949 οὗν
2757 3892 3028 3970 λάρνακος
3078 3891 3131 3949 ἓν
3180 3893 3216 3962 ἦ
3274 3889 3690 3962 κατακείμενος,
3718 3882 3829 3955 ἦνό

2187 3988 2400 4046 Λουκᾶς
2431 3980 2620 4053 ἐπειδὴ
2674 3982 3214 4060 προσεπεπλεύκεσαν
3261 3981 3343 4036 οῖ’
3373 3978 3596 4056 ἄγοντες
3652 3974 3834 4045 αὐτὴν,

2187 4069 2309 4149 ἄρτι
2338 4072 2398 4128 ἐκ
2444 4079 2549 4144 τῆς
2579 4071 2857 4143 θαλάσσης
2887 4071 2975 4127 ἰπὶ
3005 4071 3098 4127 τὸν
3131 4071 3268 4126 νεὼν
3299 4068 3709 4143 κομιζομένης,
3750 4062 3830 4118 (ηδ’

2185 4163 2279 4225 τὸς
2312 4163 2417 4220 ὑπὸ
2446 4161 2754 4241 προθυμίας
2789 4158 3041 4218 ὑπελθεῖν
3088 4160 3178 4217 καὶ
3236 4152 3691 4215 ωνδιαόαστάσαι
3731 4154 3837 4211 τοῖς

2189 4252 2441 4333 φέρουσιν
2474 4254 2646 4324 αὐτὴν
2678 4252 2762 4334 ἐφ’
2812 4252 2939 4309 ὅσον
2997 4252 3145 4326 αύτῷ
3173 4252 3241 4308 τὰ
3267 4255 3368 4323 τῆς
3398 4245 3683 4323 δυνάμεως
3712 4245 3838 4318 εἶχε,

2188 4345 2280 4400 καὶ
2337 4344 2461 4401 τότε
2512 4343 2823 4422 παραυτίκα
2875 4345 3029 4418 [354ἷ
3084 4340 3477 4418 ἀπαλλαγῆναι
3531 4340 3633 4409 τῆς
3660 4337 3834 4402 νόσου,

2188 4437 2279 4493 καὶ
2310 4437 2388 4500 εἷς
2408 4439 2502 4495 τὸν
2534 4434 2719 4493 ἔπειτα
2774 4443 2876 4507 τῆς
2926 4441 3073 4507 ζωῆς
3126 4433 3289 4490 αὐτοῦ
3348 4432 3545 4509 χρόνον
3578 4425 3841 4506 παρτλκυ·

2192 4528 2383 4592 σθέντα
2416 4527 2499 4582 ἐπ’
2559 4524 2659 4584 οὐκ
2715 4526 2920 4602 ὀλίγων
2954 4523 3085 4582 ἐτῶν
3138 4522 3391 4601 ἀριθμόν.
3444 4521 3554 4580 Τὸν
3587 4523 3719 4595 γοῦν
3747 4519 3841 4572 τῶν

430 4606 772 4678 pretiosiori
817 4608 1168 4682 splendidus
1217 4614 1535 4670 ornaverit.
1582 4616 1684 4670 Est
1736 4631 1897 4670 nunc
1936 4621 2079 4672 tem-

2197 4615 2556 4674 Ἀποστόλων
2587 4616 2719 4673 νεὼν
2779 4613 3149 4678 Κωνστάντίος
3181 4610 3511 4687 ᾠκοδόμησε
3567 4608 3840 4684 πρότερον,

433 4694 715 4771 plum_in
764 4713 879 4769 quo
913 4699 1121 4771 jacent
1159 4702 1566 4772 apostolorum
1613 4720 1883 4775 corpora,
1927 4722 2089 4762 com-

438 4786 891 4844 muni'nomine
925 4788 1345 4862 Apostolorum
1381 4791 1634 4849 ecclesia
1663 4793 2029 4867 appellatum

2202 4706 2298 4764 κᾶν
2331 4707 2550 4782 ὕστερον
2581 4707 2964 4770 Ἰουστινιανός
3015 4702 3104 4761 ἰπὶ
3154 4703 3218 4762 τὸ
3252 4700 3677 4778 μεγαλειότερον
3726 4717 3843 4755 κατ·

2205 4796 2480 4871 εσκεύασε,
2536 4797 2627 4853 καὶ
2682 4796 2983 4873 κρείττοσιν
3012 4794 3170 4858 ὕλαις
3217 4791 3306 4850 ἐπὶ
3357 4792 3420 4848 τὸ
3478 4789 3842 4865 κοσμιώτερον

423 4871 831 4955 κατεφαίδρυνεο
874 4875 977 4933 Καὶ
1017 4872 1159 4932 ἔστιν
1212 4881 1302 4934 νῧν
1334 4878 1362 4933 ὃ
1392 4879 1526 4942 νεὼς
1557 4876 1683 4937 ἔνθα
1709 4885 1889 4937 κεῖτπι
1944 4889 2056 4941 τῶν
2105 4886 2434 4945 ἀποστόλων
2484 4888 2553 4943 τὰ
2607 4871 2856 4964 σώματα,
2887 4890 3060 4961 κοινῷ
3092 4883 3314 4960 ὀνόμετι
3354 4884 3464 4938 τῶν
3497 4876 3841 4936 ’Λποστόλων

420 4942 880 5039 ἶπικάλούμενος.

500 5118 590 5174 10.
619 5117 864 5192 Magnus
906 5121 1089 5195 igitur
1138 5120 1441 5179 Artemius
1491 5126 1552 5182 in
1597 5130 1910 5205 Egyptum
1958 5137 2089 5190 ten-

420 5204 656 5274 debat,
713 5207 1001 5282 dignitate
1058 5212 1230 5269 ducis
1288 5214 1623 5279 investitus.
1676 5204 2090 5279 Constantius

420 5301 629 5353 ‘autem
680 5300 982 5370 profectus
1031 5304 1547 5378 Constantinopoli
1609 5309 1671 5365 in
1719 5311 1948 5383 Syriam
1980 5312 2094 5369 iter

422 5385 692 5441 instituit
722 5404 735 5445 :
782 5407 1038 5463 cumque
1067 5394 1439 5465 pervenisset
1467 5396 1545 5451 ad
1577 5415 1855 5474 magnam
1887 5401 2094 5458 civita-

422 5478 553 5529 tem
586 5477 982 5545 Antiochiam,
1021 5482 1243 5539 ibidem
1274 5484 1403 5557 ﬁgit
1441 5486 1917 5559 tabernaculum,
1960 5489 2093 5545 bel-

434 5560 564 5615 lum
593 5578 809 5632 parans
838 5571 1118 5628 adversus
1155 5576 1389 5631 Persas.
1413 5577 1831 5648 .Commoranti
1861 5596 1997 5636 vero
2030 5580 2093 5635 in

436 5649 673 5738 civitate
713 5661 891 5728 atque
943 5662 1269 5718 exercitum
1321 5669 1694 5738 comparanti
1727 5670 2097 5726 advenerunt

434 5736 656 5827 litterae
684 5740 900 5803 Juliani
932 5749 1322 5809 rebellionem
1355 5736 1783 5827 signiﬁcantes.
1824 5758 2095 5815 Julianus

438 5825 626 5892 enim,
658 5834 725 5882 ιιι
743 5831 872 5904 jam
919 5842 1098 5894 antea
1136 5856 1171 5896 a
1200 5856 1295 5897 me
1325 5825 1693 5905 declaratum
1737 5855 1827 5906 est
1856 5847 2095 5924 quando

2274 5132 2361 5197 ιθ’.
2393 5131 2457 5190 Ὀ
2489 5130 2585 5207 μὶν
2615 5130 2707 5188 οὗν
2743 5132 2912 5208 μιγας
2964 5128 3256 5209 Ἀρτιμιος
3312 5128 3399 5187 ἰπὶ
3450 5128 3552 5197 τὴν
3582 5122 3846 5201 Αἴγυπτον

2200 5220 2513 5298 ἐπορεύετο,
2570 5222 2671 5292 τὴν
2726 5225 2831 5278 τοῦ
2891 5218 3088 5285 δουκὸς
3145 5219 3296 5292 ἀξίαν
3350 5209 3847 5297 ἀμφιασάμενκό

2202 5308 2261 5366 δὲ
2289 5316 2670 5374 Κωνσταντιος
2700 5312 2832 5388 ἄρας
2882 5310 2990 5367 ἀπὸ
3047 5316 3149 5381 τῆς
3204 5303 3847 5369 Κωνσταντινουπόλεωξν

2197 5401 2301 5471 τήν
2332 5400 2420 5455 ἐπὶ
2459 5408 2560 5472 τῆς
2620 5401 2819 5479 Συρίας
2873 5399 3113 5457 ἆποιεῖτο
3172 5396 3322 5471 ὁδὸν,
3375 5396 3467 5453 καὶ
3525 5394 3734 5476 φθάσας
3758 5392 3849 5461 τὴν

2206 5490 2585 5568 μεγαλόπολιν
2617 5491 2984 5568 Ἀντιόχειαν,
3018 5490 3189 5546 αὐτοῦ
3218 5491 3573 5559 κατασκηνοῖ,
3602 5486 3699 5541 τὸν
3722 5480 3847 5560 apii:

2199 5580 2329 5643 τούς
2359 5582 2567 5656 Πέρσας
2599 5579 3036 5655 ἑτοιμαζόμενος
3089 5578 3361 5654 πόλεμον.
3395 5575 3573 5634 Λῦτοῦ
3630 5572 3690 5631 δι
3718 5584 3849 5650 χρσσ

2201 5663 2629 5744 νοτριϐήσαντος
2656 5666 2714 5723 ἐν
2746 5671 2814 5743 τῇ
2843 5665 3008 5724 πόλει
3039 5667 3132 5723 καὶ
3158 5667 3253 5723 τὸν
3286 5664 3515 5741 στρατὸν
3566 5660 3847 5738 ﬂagitia!"-

2201 5777 2318 5827 τος,
2349 5756 2574 5835 ἀφίκετο
2604 5756 2904 5835 γράμματα
2933 5758 3071 5832 πρὸς
3120 5756 3279 5813 αὐτὸν
3328 5752 3607 5827 δηλοῦντα
3633 5751 3736 5823 τὴν
3763 5749 3852 5807 τοῦ

2200 5845 2510 5905 ἰουλιανοῦ
2562 5845 2942 5906 ἃπανάστασιν.
2993 5847 3055 5907 Ὁ
3108 5847 3214 5926 γὰρ
3261 5843 3587 5916 Ἰουλιανὸς,
3625 5841 3703 5906 ὡς
3769 5836 3850 5896 δι·
