4120 6398
473 401 613 458 1269

1828 417 1885 471 Β.
1928 416 2235 471 ARTEMII
2276 418 2546 473 PASSIO.

3752 396 3896 475 1270

471 522 719 596 δήλωταί
778 547 873 601 μοι
918 530 1007 585 καὶ
1058 528 1311 607 πρόσθεν,
1372 531 1538 603 ¹ἡνίκα
1586 534 1680 590 τὸν
1737 532 1862 610 περὶ
1914 535 2112 592 τούτωι

2240 538 2313 595 de
2339 539 2413 596 iis
2443 539 2828 597 instituebam
2860 556 3221 611 sermonem,
3272 540 3348 597 ad
3395 541 3726 599 custodiam
3780 544 3892 599 Oc-

469 612 775 689 ἰποιούμην
810 615 1000 691 λόγον,
1050 617 1141 674 ἐπὶ
1190 619 1409 698 φυλακῇ
1457 626 1567 677 τῶν
1599 622 1897 697 Ἐσπερίων
1929 624 2005 686 εἲς
2033 625 2112 679 vd:

2236 628 2490 687 cidentis
2521 631 2583 686 in
2629 632 2833 688 Galliis
2864 649 2898 688 a
2936 632 3284 688 Constantio
3332 632 3527 688 Caesar
3570 632 3889 690 denuntia-

468 702 710 767 Γαλλίας
766 706 867 761 ὑπὸ
916 707 1014 762 τοῦ
1067 710 1456 765 Κωνσπαντίου
1519 715 1719 786 Καῖσαρ
1756 710 2125 788 ἀποδειχθεὶς,

466 792 627 856 αὐτὸς
660 792 749 848 ἐπὶ
778 792 975 850 πλεῖον
1036 795 1086 851 ἐν
1146 802 1224 870 τῷ
1279 803 1377 854 τοῦ
1418 798 1682 876 Καίσαρος
1714 802 1961 874 σχήματι
1996 801 2123 855 εἶναι

470 883 547 956 μή
589 883 993 959 ἀνασχόμενος,
1023 887 1084 940 τό
1132 909 1191 942 τε
1222 885 1469 962 διάδημα
1516 889 1869 965 περιτίθεται,
1900 890 1996 945 καὶ
2022 897 2123 959 τῆς

468 972 722 1046 μείζονος
772 974 1100 1040 ἀνθάπτεται
1152 977 1455 1053 βασιλείας.
1517 980 1669 1036 Ἐπεὶ
1716 978 1775 1034 δὲ
1799 974 2123 1035 ἀντελάϐετο

462 1067 569 1117 τῶν
625 1062 980 1139 πραγμάτων,
1039 1065 1219 1122 οὐκέτι
1275 1068 1469 1143 μικρὸν
1534 1066 1688 1124 οὐδὲν
1740 1069 1953 1141 ἐνενόει,
1997 1067 2123 1125 οὐδὲ

462 1150 784 1224 διαμελλειν
818 1152 1114 1230 ἐγίγνωσκε
1168 1154 1299 1212 δεῖν’
1363 1157 1510 1214 ἀλλᾶ
1538 1160 1638 1227 τήν
1675 1159 1945 1234 Εὐρώπην
1984 1160 2122 1222 τέως

463 1244 553 1318 ὑφ’
584 1241 759 1315 ἑαυτῷ
788 1246 1120 1315 ποιήσασθαι
1152 1251 1325 1303 πᾶσαν
1372 1245 1576 1304 ἐθέλων
1611 1249 1784 1320 ὁπόση
1818 1248 2124 1323 Ῥωμαίοις

462 1329 751 1401 ὑπακούει,
808 1337 888 1405 τῷ
946 1338 1159 1408 στρατῷ
1214 1337 1612 1411 συνταξάμενος
1684 1335 1773 1392 διὰ
1830 1342 2120 1414 Γερμανῶν

459 1418 549 1474 ἰπὶ
579 1420 672 1474 τὸν
705 1426 915 1495 Ἵστρον
949 1420 1174 1498 ἐχώρει,
1232 1426 1323 1481 καὶ
1379 1434 1479 1497 τῆς
1533 1427 1701 1501 πέραν
1745 1421 1920 1503 ὄχθης
1949 1422 2120 1482 λαϐό-

465 1531 647 1583 μενος,
682 1508 773 1567 διὰ
796 1516 902 1567 τῶν
936 1512 1146 1586 ἐκείνης
1203 1518 1430 1592 χωρίων
1478 1516 1736 1588 ἤλαυνεν·
1774 1519 2122 1596 ἀμφοτέρους

460 1600 588 1663 τοὺς
624 1600 906 1677 ὑπάρχους
939 1600 1236 1676 διαλαθὼν,
1294 1608 1383 1661 τὸν
1432 1628 1490 1662 τε
1544 1613 1654 1663 τῶν
1704 1605 1951 1665 Ἰταλιῶν
1984 1611 2123 1662 Ταῦ-

464 1709 557 1763 ρον
590 1688 734 1746 οίὶτω
764 1689 1105 1767 καλούμενον
1138 1696 1229 1751 καὶ
1282 1697 1375 1752 τὸν
1430 1696 1723 1773 Ἰλλυριῶν
1761 1698 2120 1774 Φλορέντιον.

464 1781 610 1855 [355]
641 1780 793 1837 Ἐπεὶ
832 1778 889 1836 δὲ
936 1784 1073 1838 κατὰ
1123 1786 1359 1851 Παίονας
1411 1786 1647 1861 ἐγένετο,
1683 1782 1875 1851 διαϐὰς
1905 1788 1990 1842 ἐπὶ
2026 1786 2120 1850 θάς

458 1890 586 1945 τερα
615 1870 705 1925 τὸν
739 1872 1011 1946 ποταμὸν,
1045 1873 1239 1930 αὐτίκα
1290 1876 1391 1945 τὴν
1434 1897 1492 1931 τε
1542 1874 1827 1949 Ἰλλυρίδα
1852 1883 1996 1931 πᾶσα
2030 1867 2119 1954 ὗφν

2235 723 2351 786 tus,
2387 719 2629 789 diutius,
2662 722 2724 776 in
2772 722 2979 776 habitu
3028 722 3277 777 Caasaris
3331 739 3711 794 perseverare
3760 739 3885 779 non

2232 808 2454 880 ferens,
2483 810 2668 865 cinxit
2695 817 2873 883 caput
2903 811 3236 868 diademate
3271 818 3329 867 et
3352 811 3425 868 ad
3459 829 3759 867 summum
3783 812 3892 867 im-

2234 900 2467 970 perium
2496 900 2784 955 ascendit.
2835 903 3155 973 Postquam
3200 907 3400 957 autem
3446 901 3595 956 illud
3636 918 3889 973 usurpa-

2234 996 2413 1058 verat,
2456 991 2607 1045 nihil
2648 992 2777 1064 jam
2820 1010 3066 1065 parvum
3121 993 3451 1064 reputabat,
3512 1009 3706 1064 neque
3765 993 3888 1049 exi-

2235 1080 2514 1135 stimabat
2542 1081 2943 1138 cunctandum
2971 1099 3121 1139 esse.
3157 1083 3269 1138 Sed
3294 1088 3477 1138 totam
3509 1099 3641 1154 quae
3672 1084 3889 1139 Roma-

2233 1169 2327 1223 nis
2360 1169 2561 1225 obedit
2588 1172 2883 1243 Europam
2906 1172 3067 1227 illico
3099 1172 3161 1227 in
3194 1188 3362 1228 suam
3384 1171 3589 1227 volens
3619 1171 3889 1245 redigere

2234 1265 2612 1329 potestatem,
2646 1261 2936 1316 instructo
2971 1262 3253 1331 exercitu,
3286 1278 3392 1332 per
3440 1262 3765 1316 Germanos
3812 1260 3888 1316 ad

2233 1349 2568 1405 Danubium
2608 1352 2904 1422 perrexit;
2939 1356 2999 1407 et
3040 1368 3175 1406 cum
3205 1351 3551 1406 ulteriorem
3582 1351 3769 1423 ripam
3799 1355 3888 1407 at-

2234 1437 2481 1510 tigisset,
2516 1456 2621 1511 per
2650 1440 2781 1495 loca
2810 1440 2973 1495 illius
3004 1437 3259 1495 ducebat
3289 1439 3633 1504 exercitum,
3678 1438 3887 1494 ambos

2232 1527 2544 1598 praefectos
2576 1529 2790 1596 latens,
2841 1530 3025 1585 Italiae
3075 1529 3303 1585 scilicet
3346 1530 3625 1595 Taurum,
3679 1534 3744 1583 ut
3791 1544 3889 1583 vo-

2234 1617 2498 1687 cabatur,
2532 1625 2592 1674 et
2619 1620 2839 1692 Illyrici
2865 1620 3255 1676 Florentium.
3298 1622 3621 1690 Postquam
3653 1618 3888 1675 devenit

2232 1707 2307 1762 ad
2356 1709 2622 1776 Pzeones,
2670 1709 2974 1765 traductus
3028 1709 3277 1776 ﬂumen,
3340 1710 3541 1764 statim
3590 1709 3883 1782 integram

2231 1798 2495 1869 Illyriam
2532 1799 2951 1871 sibigsubjecit,
3000 1816 3234 1855 necnon
3283 1799 3537 1867 Italiam,
3587 1803 3646 1853 et
3694 1814 3883 1869 usque

2231 1887 2305 1943 ad
2336 1888 2635 1943 Oceanum
2668 1889 3097 1945 occidentalem
3129 1889 3436 1945 universas
3456 1892 3682 1963 gentes,
3706 1892 3885 1960 quot-

459 1937 952 2051 tabtqryﬁcdie,
999 1937 1096 2018 xui
1142 1965 1237 2027 τὰς
1278 1937 1536 2039 Ἰταλίας,
1584 1937 1771 2022 καὶτὰ
1822 1968 1991 2043 μέχρι
2022 1937 2112 2022 τόῦ

2231 1981 2376 2049 quot
2406 1982 2579 2033 erant
2603 1977 2838 2051 imperii
2865 1980 3291 2036 Romanorum.

457 2048 712 2127 ὶσπερίου
765 2050 1007 2107 ὠκεανοῦ
1067 2053 1353 2127 σύμπαντα
1409 2050 1533 2127 ἔθνη
1592 2055 1770 2111 ὁπόσα
1824 2062 1925 2126 τῆς
1977 2056 2119 2111 Ῥω-

467 2137 642 2215 μαίων
672 2135 935 2215 ἴπικρατή
946 2162 1082 2205 σεως
1112 2142 1203 2213 ἦν.

525 2272 591 2325 κ’.
621 2266 683 2325 Ὁ
714 2263 771 2322 δὶ
803 2266 1179 2332 Κωνστάντιος
1236 2274 1405 2325 ταῦτα
1463 2268 1553 2325 διὰ
1605 2274 1713 2326 τῶν
1772 2270 2117 2348 γραμμάτων

461 2356 673 2430 μαθὼν,
702 2355 982 2433 ἐταράχθη
1040 2378 1099 2413 τε
1151 2358 1334 2434 ὣσπερ
1382 2359 1473 2415 καὶ
1526 2358 1671 2424 εἲκὸς
1727 2360 1818 2431 ἦν,
1872 2358 1961 2415 καί
1990 2360 2117 2438 περὶ

450 2451 555 2515 τῆς
615 2446 1252 2512 Κωνσταντινουπόλεως
1315 2448 1553 2524 μάλιστα
1606 2447 1788 2513 δείσας
1837 2450 1939 2523 μὴ,
1982 2450 2114 2525 ὅπερ

452 2533 705 2597 κάκεῑνος
735 2532 997 2592 διενοεῖτο
1029 2536 1297 2615 φθάσειεν,
1330 2537 1499 2608 αὐτὴν
1540 2538 1629 2617 ὑφ’
1660 2538 1845 2594 ἑαυτὸν
1877 2540 2118 2610 ποιησά-

458 2644 639 2698 μενος,
673 2624 927 2699 ἠπείγετο
958 2624 1051 2681 οὗν
1083 2628 1219 2683 κατά
1270 2628 1331 2683 τὸ
1378 2625 1602 2684 δυνατὸν
1648 2623 2113 2702 προκαταλαϐεῖν,

453 2714 545 2773 Ἐν
574 2715 688 2787 ’ὀσῳ
722 2712 781 2770 δὶ
825 2716 853 2769 ὁ
900 2718 1127 2791 στρατὸς
1175 2717 1322 2789 αύτῷ
1370 2716 1688 2794 συνελέγετο
1722 2718 1858 2773 κατᾶ
1884 2719 1980 2781 τὰς
2010 2717 2115 2773 πό-

454 2799 572 2867 λεις
620 2811 723 2874 τῆς
761 2805 935 2878 Ἑῲας
991 2803 1402 2879 ἐσκεδασμένος,
1461 2806 1551 2861 καὶ
1609 2803 1841 2880 ἔμελλεν
1892 2805 2112 2880 ἐξαρτύ-

454 2894 604 2949 εσθαι
635 2894 712 2959 ὡς
754 2895 891 2971 πρὸς
938 2895 1206 2967 τοσαύτην
1258 2893 1407 2964 ὁδὸν,
1456 2895 1709 2969 σημαίνει
1739 2900 1856 2958 τοῖς
1890 2894 2111 2950 ἐπισκό-

452 2986 581 3046 ποις
613 2983 690 3048 εἲς
717 2986 816 3055 τὴν
857 2984 1089 3044 Νίκαιαν
1144 2985 1303 3041 αὐτὸν
1366 2985 1441 3047 ὡς
1490 2984 1573 3040 ὅτι
1626 2985 1859 3061 τάχιστα
1909 2991 2107 3061 φθῆναι

453 3074 951 3153 προαφικομένους·
1029 3074 1263 3149 ἐμελέτα
1332 3076 1437 3151 γὰρ
1516 3072 1768 3149 δευτέραν
1845 3073 1897 3129 ἐν
1971 3073 2107 3148 αὐτῇ

450 3169 819 3242 συγκροτῆσαι
852 3163 1104 3240 σύνοδον,
1136 3166 1284 3241 παρᾶ
1337 3169 1443 3221 τῶν
1507 3160 1779 3221 δυσσεϐὦν
1813 3166 2105 3241 Ἀρειανῶν

448 3255 585 3311 κατὰ
639 3261 741 3312 τοῦ
799 3258 1100 3330 ὁμοουσίου
1159 3255 1658 3333 παροτρυνόμενος.
1716 3255 1867 3313 Ἐπεὶ
1921 3253 1979 3310 δὲ
2007 3258 2106 3326 τὴν

452 3344 708 3403 Κιλικίαν
739 3314 1028 3417 διεξελθὼν
1090 3346 1166 3409 είς
1221 3314 1316 3409 ⁸τὰς
1339 3314 1348 3333 1
1372 3314 1567 3420 Μόιξμου
1598 3314 1939 3419 καλουμένας
1970 3314 2109 3421 κρη-
2140 3314 2183 3381 C

449 3456 545 3498 νας
575 3434 817 3513 ἀφίκετο,
851 3434 1097 3500 ἀσθένειά
1142 3456 1226 3499 τις
1281 3434 1429 3508 αύτῷ
1486 3434 1807 3506 ἐξαπιναίως
1838 3435 2109 3511 προσέπε-

454 3544 578 3599 γσε,
604 3525 695 3579 καὶ
727 3524 838 3599 οὐχ
865 3525 983 3587 οἷός
1010 3544 1070 3579 τε
1098 3524 1165 3593 ἦν
1198 3521 1275 3581 ἔτι
1324 3524 1387 3580 τὸ
1440 3523 1630 3599 πρόσω
1671 3529 1897 3599 χωρεῖν.
1929 3525 2017 3587 Ὧς
2052 3521 2109 3579 δὲ

454 3613 651 3683 ἢσθετο
684 3612 906 3691 φαύλως
934 3609 1079 3688 ἔχων
1111 3610 1221 3683 ἤδη
1253 3612 1342 3668 καὶ
1375 3612 1474 3667 οὐκ
1505 3613 1564 3667 ἂν
1610 3612 1973 3688 βιωσόμενος,
2005 3614 2104 3682 τὴν

451 3703 720 3781 ταχίστην
775 3704 867 3758 τὸν
927 3702 1266 3779 ’Λντιοχείας
1337 3700 1634 3757 ἐπίσκοπον
1696 3702 2106 3776 μεταπέμπεται

454 3794 718 3868 Εύζώϊον,
747 3795 837 3849 καὶ
890 3793 1034 3867 αύτῷ
1070 3792 1322 3870 βαπτίσαι
1384 3792 1543 3848 αὐτὸν
1576 3792 1873 3869 ἐπιτρέπει·
1911 3794 2106 3870 βαπτι-

451 3884 685 3959 σάμενος
718 3881 775 3940 δε
806 3884 893 3939 καὶ
930 3884 1123 3960 μικρὸν
1184 3878 1451 3953 ἐπιϐιοὺς,
1507 3882 1692 3938 αύτόθι
1723 3880 2013 3955 προλείπει
2044 3883 2106 3938 τὸ

450 3979 571 4051 ζῇν,
608 3973 935 4050 βασιλεύσας
985 3973 1053 4029 τὰ
1107 3973 1393 4047 σύμπαντα
1448 3969 1541 4043 ἔτη
1593 3972 2011 4047 τεσσαράκοντα,
2041 3971 2108 4028 τὰ

453 4065 544 4139 μὲν
579 4064 784 4139 ἡμίσεα
817 4062 951 4139 μετᾶ
978 4067 1075 4119 τοῦ
1104 4064 1329 4140 πατρὸς,
1386 4062 1453 4118 τὰ
1509 4060 1566 4116 δὲ
1614 4061 1881 4118 ἐπίλοιπα
1916 4062 2103 4136 μόνος.

450 4153 627 4211 Αύτὸν
662 4151 719 4209 δὲ
748 4155 783 4224 ἠ
819 4153 1067 4229 στρατεία
1111 4151 1524 4231 ὀλοφυραμένη,
1554 4152 1645 4206 καὶ
1673 4153 1740 4207 τά
1769 4151 2108 4225 νομιζόμενα

449 4242 534 4298 ἐπ’
591 4242 739 4316 αὐτῷ
790 4242 1072 4312 τελέσασα,
1134 4242 1363 4318 λάρνακι
1417 4246 1607 4297 τοῦτον
1670 4240 1935 4315 ἐνέθεσαν,
1990 4246 2104 4304 τοῖς

451 4329 703 4387 εἴωθόσιν
759 4331 836 4397 είς
890 4333 953 4387 τὸ
1014 4330 1291 4406 διαρκέσαι
1349 4333 1694 4409 σκευάσαντες
1747 4332 1839 4385 τὸν
1895 4332 2103 4407 νεκρὸν,

448 4410 539 4475 καὶ
572 4420 651 4482 εἷς
680 4420 1001 4495 ἁρμαμάξαν
1052 4420 1354 4493 ἐνθέμενοι,
1406 4419 1659 4494 ἐκόμιζον
1693 4420 1777 4476 ἐπὶ
1810 4422 1909 4489 τήν
1945 4427 2104 4477 Κων-

452 4508 927 4582 σταντινούπολιν,
974 4510 1066 4565 σὺν
1143 4515 1261 4572 τοῖς
1343 4509 1566 4573 οἰκείοις
1637 4506 1852 4567 ἕκαστοι
1903 4506 2106 4574 ὅπλοις

454 4598 602 4671 αύτῷ
632 4597 982 4674 ἐφεπόμενοι,
1024 4599 1112 4655 καὶ
1173 4600 1312 4655 κατᾶ
1360 4601 1452 4656 τὸν
1503 4600 1669 4656 αὐτὸν
1697 4602 1904 4675 κόσμον
1938 4601 2101 4676 ’όνπερ

2296 2272 2383 2324 20.
2418 2270 2562 2325 Cum
2593 2270 2721 2326 haec
2746 2287 2853 2342 per
2880 2271 3111 2327 litteras
3140 2269 3449 2326 didicisset
3475 2268 3879 2337 Constantius,

2225 2374 2343 2429 qua
2372 2376 2480 2431 par
2509 2365 2637 2415 erat
2664 2360 3117 2416 conturbatione
3160 2359 3510 2432 perstrictus
3552 2359 3683 2427 fuit,
3719 2363 3777 2415 et
3806 2359 3879 2414 de

2223 2448 2741 2522 Constantinopoli
2788 2450 3111 2505 admodum
3167 2449 3389 2505 timens
3436 2464 3534 2515 ne,
3584 2448 3745 2520 quod
3774 2447 3879 2502 ille

2224 2538 2423 2594 animo
2455 2539 2770 2611 cogitabat,
2804 2540 3077 2612 ea'prior
3122 2539 3434 2612 potiretur,
3486 2538 3626 2594 totis
3655 2537 3879 2592 viribus

2220 2626 2543 2683 festinabat
2572 2644 2703 2684 eam
2741 2646 3179 2701 praeoccupare.
3232 2628 3475 2684 Interim
3527 2627 3668 2683 dum
3701 2625 3773 2682 ab
3808 2642 3877 2683 eo

2221 2716 2611 2788 colligebatur
2676 2718 2973 2774 exercitus
3054 2718 3356 2790 dispersus
3436 2734 3542 2789 per
3608 2716 3876 2772 civitates

2221 2808 2496 2877 Orientis,
2559 2814 2618 2865 et
2663 2810 2791 2881 ipse
2850 2826 2913 2865 se
2971 2810 3219 2881 parabat
3275 2809 3350 2865 ad
3410 2813 3635 2865 tantam
3692 2809 3873 2875 viam,

2219 2898 2524 2953 mandavit
2563 2899 2858 2971 episcopis
2916 2905 2981 2954 ut
3033 2900 3286 2955 Nicaaam
3348 2915 3527 2970 quam
3586 2898 3875 2954 citissime

2219 3003 2353 3043 eum
2387 2988 2803 3059 praevenirent.
2847 2988 3201 3044 Intendebat
3250 2988 3411 3043 enim
3462 2987 3784 3044 secundam
3813 2988 3876 3041 in

2219 3093 2289 3132 ea
2318 3077 2939 3150 civitate1congregare
2982 3078 3299 3150 synodum,
3350 3078 3423 3134 ab
3454 3077 3654 3150 impiis
3704 3077 3876 3133 Aria-

2218 3167 2313 3222 nis
2346 3166 2626 3223 adversus
2658 3168 3338 3224 consubstantialitatem
3388 3169 3697 3223 excitatus.
3728 3168 3875 3222 Cum

2220 3274 2378 3325 vero,
2408 3258 2763 3313 transmissa
2810 3257 3037 3327 Cilicia,
3092 3256 3168 3313 ad
3217 3257 3423 3329 Mopsi,
3476 3262 3543 3312 ut
3569 3260 3875 3325 vocantur,

2220 3348 2416 3403 fontes
2447 3347 2833 3420 pervenisset,
2888 3347 3084 3403 subita
3132 3347 3305 3403 illum
3354 3347 3673 3403 infirmitas
3701 3348 3875 3402 inva-

2219 3439 2316 3507 sit,
2348 3454 2460 3493 nec
2490 3442 2725 3511 poterat
2754 3438 3004 3493 ulterius
3052 3437 3349 3510 progredi.
3404 3439 3480 3492 At
3525 3436 3628 3493 ubi
3686 3437 3876 3493 sensit

2219 3545 2281 3585 se
2304 3528 2432 3600 jam
2481 3528 2639 3583 male
2688 3527 2932 3595 habere,
2983 3544 3095 3583 nec
3142 3527 3343 3582 forsan
3392 3526 3689 3582 victurum
3739 3544 3869 3584 esse

2218 3618 2498 3689 amplius,
2559 3634 2740 3689 quam
2797 3617 3082 3672 citissime
3133 3615 3461 3671 Antiochiae
3522 3616 3870 3687 episcopum

2216 3707 2496 3763 Euzoium
2554 3706 2880 3775 accersivit,
2945 3711 3003 3761 et
3059 3705 3131 3761 ab
3207 3722 3275 3761 eo
3334 3704 3505 3776 petiit
3560 3703 3868 3776 baptizari.

2216 3799 2287 3853 Et
2314 3801 2451 3869 post
2480 3800 2822 3867 susceptum
2852 3794 3216 3867 baptismum
3274 3810 3487 3866 parum
3542 3800 3869 3867 superstes,

2218 3904 2286 3943 eo
2318 3886 2448 3942 loco
2482 3903 2512 3941 e
2544 3884 2661 3940 vita
2690 3885 2964 3955 excessit,
3019 3901 3153 3940 cum
3201 3884 3557 3957 imperasset
3602 3884 3868 3957 integros

2216 3975 2611 4049 quadraginta
2640 3991 2851 4043 annos,
2884 3974 3089 4046 viginti
3122 3972 3363 4044 quidem
3396 3988 3532 4028 cum
3564 3978 3750 4045 patre,
3775 3990 3870 4029 re-

2215 4067 2411 4138 liquos
2467 4068 2666 4120 autem
2722 4064 2904 4119 solus.
2978 4065 3243 4134 Cumque
3322 4079 3460 4118 eum
3535 4061 3871 4118 deﬂevisset

2218 4156 2510 4212 exercitus
2542 4159 2601 4209 et
2629 4153 2795 4226 justa
2840 4152 2892 4209 ei
2938 4153 3199 4221 fecisset,
3248 4152 3445 4209 loculo
3495 4152 3874 4208 incluserunt

2216 4244 2465 4302 cadaver
2503 4243 2869 4300 aromatibus
2918 4244 3227 4300 conditum
3274 4259 3404 4314 qua:
3453 4242 3721 4298 adhiberi
3774 4258 3869 4297 so-

2216 4335 2341 4391 lent
2371 4336 2443 4391 ad
2467 4335 2976 4389 conservationem
3004 4350 3017 4399 ;
3043 4332 3259 4388 deinde
3286 4332 3486 4387 currui
3518 4331 3868 4404 impositum

2214 4424 2485 4479 tulerunt
2513 4423 3111 4495 Constantinopolim,
3158 4440 3293 4478 cum
3344 4422 3601 4494 propriis
3648 4420 3868 4493 singuli

2214 4516 2399 4570 armis
2432 4519 2771 4585 sequentes,
2806 4518 2863 4568 et
2894 4514 2954 4567 in
2987 4512 3202 4568 eodum
3225 4517 3439 4569 ornatu
3468 4530 3647 4584 quem
3679 4528 3871 4567 unus-

2214 4604 2488 4676 quisque,
2522 4603 2664 4658 dum
2696 4603 2822 4674 ipse
2854 4603 3091 4671 viveret,
3148 4600 3255 4657 sub
3288 4601 3637 4658 ductoribus
3684 4600 3869 4657 habe-

452 4689 542 4743 καὶ
606 4693 808 4759 ζῶντος
868 4688 973 4745 ὑπὸ
1022 4694 1139 4753 τοῖς
1198 4688 1436 4766 ἡγεμόσι
1494 4689 1812 4767 τεταγμένοι
1872 4689 2110 4767 ἐτύγχα-
2141 4694 2336 4760 Dbat.

454 4799 566 4837 νον.

526 4980 677 5053 [356]
728 4978 827 5037 κα’.
884 4980 1050 5038 Οὗτοι
1112 4978 1206 5053 μὶν
1266 4975 1355 5034 διὰ
1401 4980 1500 5048 τήν
1534 4978 2106 5037 Κωνσταντινούπολιν

454 5067 607 5144 εἶχον
641 5065 857 5145 ἄγοντες
901 5070 993 5125 τὸν
1041 5069 1250 5143 νεκρὸν,
1300 5069 1390 5124 καὶ
1435 5068 1727 5132 Ἰουλιανὸς
1761 5069 2109 5146 συνομάρτη-

452 5179 539 5212 σεν
571 5158 629 5213 ἐκ
656 5162 763 5212 τῶν
822 5156 1113 5235 Ἰλλυριῶν
1172 5158 1525 5236 ἀφικόμενος,
1579 5158 1668 5213 καὶ
1711 5157 1821 5230 ἤδη
1872 5154 2108 5233 βεϐαίως

454 5246 600 5304 ἔχων
631 5248 731 5318 τὴν
791 5252 960 5303 πᾶσαν
1024 5247 1327 5324 βασιλείαν,
1386 5245 1609 5313 οὐδενὸς
1657 5248 1815 5304 αὐτὸν
1852 5252 1985 5323 μετά
2012 5250 2106 5306 τὸν

458 5338 837 5394 Κωνσταντίου
920 5337 1141 5403 θάνατον
1229 5338 1616 5409 ἐναντιωθῆναι
1700 5340 2106 5413 τολμήσαντος.

455 5427 840 5501 Κομιζομένου
872 5425 929 5484 δι
956 5432 1054 5483 τοῦ
1100 5431 1295 5504 νεκροῦ
1344 5427 1431 5482 ἐπὶ
1462 5431 1541 5500 τῷ
1570 5433 1673 5501 νεῷ
1700 5432 1811 5484 τῶν
1838 5431 2109 5486 Ἀποστό-

455 5510 592 5583 λων,
617 5512 709 5569 ’ίνα
740 5536 839 5589 περ
903 5514 1063 5571 αὐτὸν
1116 5516 1440 5585 καταθήσειν
1500 5514 1737 5587 πλησίον
1777 5522 1874 5573 τοῦ
1904 5520 2109 5595 πατρὸς

452 5598 715 5677 ἔμελλον,
748 5605 911 5669 αὐτὸς
942 5608 1130 5683 ἡγεῖτο
1162 5611 1262 5675 τῆς
1294 5604 1515 5676 κλίνης,
1538 5606 1600 5660 τὸ
1624 5604 1867 5682 διάδημα
1895 5616 1995 5679 τῆς
2020 5631 2107 5666 κε-

448 5690 631 5773 φαλῆς
659 5695 953 5770 περιελών.
988 5694 1138 5752 Ἐπεὶ
1190 5692 1248 5750 δὲ
1298 5693 1500 5769 ἔθαψαν
1555 5696 1738 5771 αὐτὸν,
1792 5697 1878 5755 ἐπὶ
1909 5699 1976 5755 τὰ
2010 5701 2105 5777 βα-

451 5780 630 5843 σιλεια
673 5782 784 5858 ἢδη
842 5783 1355 5862 ἀπαλλαττόμενος,
1406 5785 1469 5841 τό
1524 5807 1582 5843 τε
1612 5785 1856 5865 διάδημα
1886 5787 2104 5856 ἐπέθετο

2292 4982 2378 5036 2i.
2414 4982 2605 5051 Atque
2636 4979 2678 5035 ii
2710 4979 2951 5051 quidem
2972 4977 3550 5049 Constantinopolim
3580 4983 3871 5034 venerunt

2225 5068 2510 5126 ducentes
2542 5086 2776 5141 corpus.
2806 5069 2977 5124 Venit
3006 5074 3065 5124 et
3090 5068 3359 5123 Julianus
3391 5084 3460 5122 ex
3488 5066 3692 5139 Illyria
3729 5086 3867 5140 pro-

2221 5160 2432 5231 fectus,
2456 5159 2705 5232 jamque
2755 5158 3006 5214 firmiter
3053 5163 3268 5213 tenens
3306 5156 3649 5212 universum
3679 5156 3871 5230 impe-

2221 5250 2401 5316 rium,
2459 5250 2702 5305 nemine
2756 5254 2889 5321 post
2942 5246 3270 5303 Constantii
3320 5246 3547 5301 obitum
3613 5263 3757 5302 auso
3818 5248 3872 5302 ei

2222 5356 2574 5412 repugnare.
2625 5340 2771 5395 Cum
2820 5338 3077 5394 ferretur
3123 5336 3386 5392 defuncti
3430 5353 3645 5409 corpus
3676 5337 3750 5393 ad
3775 5354 3869 5393 ec-

2221 5429 2464 5485 clesiam
2496 5429 2937 5502 Apostolorum,
2986 5427 3087 5482 ubi
3127 5426 3299 5498 juxta
3344 5432 3572 5498 patrem
3618 5432 3748 5482 erat
3775 5432 3873 5483 tu-

2222 5520 2598 5589 mulandum,
2657 5520 2805 5590 ipse,
2856 5518 3147 5585 Julianus,
3200 5516 3470 5588 deposito
3515 5516 3873 5585 diademate,

2221 5609 2443 5666 lectum
2490 5608 2885 5682 prmcedebat.
2946 5610 3269 5679 Postquam
3322 5623 3457 5663 vero
3504 5607 3873 5679 sepelierunt

2220 5706 2546 5769 mortuum,
2570 5700 2631 5757 in
2660 5699 2951 5773 palatium
2994 5697 3205 5766 redux,
3254 5701 3314 5754 et
3362 5696 3698 5755 diademate
3740 5715 3875 5755 rur-

2222 5810 2322 5849 sus
2353 5791 2531 5866 capiti
2561 5791 2862 5865 imposito,
2903 5806 3105 5846 rerum
3151 5788 3513 5862 potiebatur,
3559 5789 3721 5845 solus
3743 5789 3873 5862 jam
