4120 6414
342 319 478 384 1274
1870 326 1979 381 ΑΒ]

2093 325 2242 381 iDA.
3664 314 3820 373 1272

342 447 685 504 universum
716 451 1121 506 Romanorum
1151 450 1469 522 imperium
1518 449 1788 521 adeptus.
1839 451 1979 506 Con-

2104 449 2280 516 αὗθις,
2308 449 2399 504 καὶ
2457 452 2564 504 τῶν
2624 451 2969 525 πραγμάτων
3023 446 3295 525 ἐγκρατὴς
3321 449 3413 518 ἦν,
3447 445 3655 521 μόνος
3687 438 3811 512 ἤδη

343 537 563 593 stantio
582 539 764 611 igitur
794 556 824 595 e
849 540 1045 596 medio
1068 539 1391 606 sublato,in
1415 541 1848 611 superstites,et
1876 556 1975 595 ma

2109 540 2207 608 τήν
2266 538 2404 610 ’ὀλην
2461 543 2570 593 τῶν
2623 539 2916 612 Ῥωμαίων
2979 537 3261 614 βασιλείαν
3312 531 3812 607 ὑποζωσάμενος-

343 627 502 681 xime
535 644 636 684 eos
669 629 767 700 qui
805 647 875 684 ex
907 630 1128 684 invidia
1173 646 1411 684 causam
1443 629 1822 700 prmbuerant
1851 629 1977 684 Gall

2113 627 2264 685 Ἑπεί
2295 628 2388 682 οὗν
2421 629 2450 682 6
2482 627 2853 691 Κωνστάντιος
2902 627 2962 682 ἐκ
3007 625 3192 682 ποδῶν
3223 627 3316 697 ἦν,
3347 626 3426 690 είς
3455 623 3620 686 τοὺς
3661 623 3820 678 ὑπο-

344 716 679 786 occidendi,
737 719 1034 774 furentem
1119 719 1267 773 iram
1327 718 1598 789 explevit.
1657 720 1700 772 E
1757 718 1979 789 vestigi¢

2111 716 2498 791 λειπομένους,
2529 717 2618 772 καὶ
2663 717 2899 792 μάλιστα
2926 721 3008 789 τῷ
3053 717 3233 795 φθόνῳ
3261 716 3361 784 τὴν
3393 714 3479 770 αἷτ
3493 714 3588 769 ίαν
3616 731 3820 786 παρα-

346 806 591 876 quidem
621 808 938 863 Eusebium
967 810 1351 880 prmpositum
1386 809 1576 880 capite
1609 809 1979 880 plectit,qu0(

2111 809 2420 882 σχομένους
2465 815 2567 878 τῆς
2619 807 2944 883 ἀναιρέσεως
2992 805 3235 875 Γάλλου,
3268 805 3518 881 ἀνέψυχε
3571 803 3647 858 τὸ
3686 803 3813 872 ζέον

343 897 642 968 praecipue
712 898 1012 954 videretur
1088 899 1211 954 suis
1287 899 1606 954 calumniis
1683 898 1979 954 occisioni:

2108 903 2206 967 τῆς
2237 897 2435 972 ὀργῆς·
2500 898 2588 952 καὶ
2651 895 2841 951 αὐτίκα
2899 890 3156 952 Εὑσέὸιον
3214 895 3309 970 μὶν
3339 895 3433 950 τὸν
3465 891 3815 969 πραιπόσι-

345 985 496 1041 Galli
526 1003 763 1043 causam
793 989 1114 1060 peperisse.
1145 990 1397 1045 Paulum
1424 997 1623 1046 autem
1648 991 1974 1060 Hispanum

2106 1007 2202 1041 τον
2257 993 2358 1056 τῆς
2406 988 2654 1064 κεφαλῆς
2712 987 3042 1065 ἀφαιρεῖται,
3101 982 3242 1041 διότι
3309 986 3412 1054 τὴν
3469 984 3685 1058 ἀρχήν
3751 1001 3813 1036 τε

344 1075 445 1146 qui
477 1076 634 1131 inter
662 1076 886 1133 scribas
919 1079 1298 1150 imperatoris
1361 1079 1839 1151 computabatur,
1880 1080 1977 1149 ign

2109 1075 2352 1155 ἐφαίνετο
2383 1075 2442 1132 ἐκ
2469 1082 2580 1132 τῶν
2610 1076 2804 1132 ἑαυτοῦ
2836 1071 3114 1131 διαϐολῶν
3147 1075 3238 1130 τὸν
3276 1074 3487 1130 ’ἅπαντα
3520 1077 3617 1145 τῷ
3651 1069 3812 1126 Γάλ-

341 1164 541 1232 tradit,
573 1171 776 1237 utpote
809 1168 912 1239 qui
943 1169 1150 1224 multis
1185 1169 1540 1225 criminibus
1592 1169 1822 1225 Gallum
1853 1185 1979 1226 one‘

2108 1164 2193 1239 λῳ
2221 1167 2383 1245 φόνον
2431 1169 2920 1243 συγκερασάμενος.
2979 1163 3195 1220 Παῦλον
3227 1161 3286 1220 δὲ
3313 1164 3408 1220 τὸν
3439 1160 3691 1218 Σπανὸν
3726 1160 3810 1223 εἷς

339 1259 548 1310 rasset.
599 1256 822 1312 Ambos
877 1257 1316 1314 Chalcedonem
1375 1259 1558 1327 misit,
1633 1264 1690 1314 et
1747 1259 1870 1314 illic
1927 1258 1979 1313 d1

2105 1256 2233 1319 τοὺς
2268 1257 2612 1333 ὑπογραφέας
2669 1259 2769 1312 τοῦ
2831 1254 3102 1332 βασιλέως
3131 1252 3567 1328 τελοῦνταπυρὶ
3604 1270 3808 1325 παρα-

339 1349 593 1416 utroque
669 1363 843 1402 suum
920 1348 1175 1420 sumpsit
1249 1348 1628 1421 supplicium.
1700 1348 1974 1404 Interfeci

2108 1342 2350 1417 δίδωσιν,
2383 1346 2459 1409 ὡς
2487 1344 2675 1400 πολλὰ
2705 1342 2772 1415 δὴ
2809 1343 2957 1417 μάλα
2992 1348 3073 1416 τῷ
3121 1342 3322 1416 Γάλλῳ
3352 1339 3805 1416 ἐμπικρανάμε-

343 1433 510 1489 etiam
551 1433 970 1502 Gaudentium,
1021 1437 1233 1493 ducem
1294 1438 1589 1493 exercitus
1648 1437 1882 1504 Africae,
1943 1454 1973 1492 e

2107 1456 2220 1494 νον.
2263 1435 2512 1500 Τούτους
2571 1435 2665 1509 μὶν
2729 1435 3075 1513 ἀμφοτέρους
3129 1433 3206 1497 είς
3262 1434 3362 1503 τήν
3420 1427 3803 1502 Χαλκηδόνα

343 1522 493 1578 alios
523 1524 835 1596 quosdam,
870 1526 1212 1598 quicunque
1245 1528 1452 1599 quovis
1481 1527 1655 1585 modo
1706 1527 1872 1583 Gallo
1904 1527 1979 1582 in-

2107 1522 2445 1599 διαπέμψας,
2503 1523 2616 1580 ἐκεῖ
2668 1528 2738 1599 τῇ
2799 1523 2974 1597 οἰκείᾳ
3047 1520 3170 1598 δίκῃ
3227 1524 3425 1598 ὑπάγει
3487 1521 3798 1596 δκάτερονο

347 1613 732 1684 sultaverant,

2105 1613 2316 1670 ἀνεῖλεν
2347 1612 2405 1670 δὲ
2435 1615 2526 1670 καὶ
2586 1611 2907 1670 Γαυδέντιον
2966 1613 3266 1690 στρατηγὸν
3321 1619 3426 1683 τῆς
3476 1613 3797 1689 Ἀφρικῆς,

575 1712 578 1716 ’
2103 1707 2194 1762 καὶ
2227 1705 2437 1771 ἄλλους
2473 1705 2648 1776 τινάς,
2705 1705 2898 1763 ὁπόσοι
2949 1726 3002 1761 τι
3051 1705 3128 1768 εἰς
3171 1705 3333 1760 αὑτὸν
3369 1704 3799 1780 πεπαρῳνήκε-

2025 1835 2074 1901 Β

2174 1911 2277 1973 κδ’.
2321 1913 2501 1973 Ἀλλὰ
2546 1915 2774 1978 τούτους
2831 1915 2926 1989 μέν
2975 1910 3066 1969 διὰ
3106 1913 3448 1990 γραμμάτων
3479 1910 3783 1968 ἐκόλασεν·

2102 2006 2196 2061 τὸν
2230 2002 2288 2060 δὲ
2333 2010 2430 2061 τοῦ
2480 2009 2720 2081 Χριστοῦ
2776 2002 3024 2081 μάρτυρα
3077 2002 3168 2058 καὶ
3219 2007 3470 2078 γενναῖον
3512 2000 3780 2073 ἀθλητήν

2105 2099 2390 2174 Ἀρτέμιον
2427 2097 2586 2161 αὐτὸς
2621 2095 2693 2153 δι’
2748 2097 2939 2152 ἑαυτοῦ
2997 2094 3047 2150 ἐν
3108 2094 3420 2171 Ἀντιοχείᾳ
3447 2096 3648 2171 παρὼν
3683 2094 3774 2149 καὶ

2105 2189 2369 2262 παρόντα,
2427 2185 2518 2243 διὰ
2571 2188 2670 2257 τὴν
2727 2186 2804 2252 είς
2861 2186 3090 2263 Χριστὸν
3134 2181 3438 2262 ὁμολογίαν
3469 2182 3774 2258 ἀπανθρώ-

2106 2299 2224 2340 πως
2279 2276 2558 2350 ἐκόλασεν,
2615 2276 2705 2332 καὶ
2759 2283 2863 2347 τῆς
2920 2274 3200 2351 παρούσης
3238 2273 3399 2330 αὑτὸν
3432 2273 3772 2351 ἀπεγύμνω-

2108 2388 2195 2421 σεν
2255 2365 2520 2437 ἐξουσίας,
2573 2367 2648 2439 μὴ
2702 2367 2878 2444 φέρων
2931 2367 3033 2435 τὴν
3092 2364 3256 2420 αὑτοῦ
3303 2363 3616 2442 παρρησίαν
3675 2365 3766 2421 καὶ

2107 2453 2372 2512 ἔνστασιν.
2405 2456 2466 2512 Ὁ
2495 2455 2600 2532 γὰρ
2634 2453 2954 2526 Ἰουλιανὸς,
2987 2454 3064 2516 ὡς
3112 2450 3444 2525 δεδήλωται,
3477 2455 3630 2528 [357]
3660 2455 3766 2522 τήν

2104 2550 2214 2600 τῶν
2269 2545 2556 2618 Ῥωμαίων
2616 2543 2894 2620 βασιλείαν
2953 2545 3400 2618 ὑποζωσάμενος,
3459 2541 3760 2612 ἐσπούδαζε

2102 2636 2346 2710 μάλιστα
2399 2636 2492 2690 τὸν
2569 2632 2945 2707 Ἐλληνισμὸν
3033 2632 3387 2707 ἐπανορθοῦν.
3471 2635 3756 2708 Πανταχοῦ

2101 2727 2283 2782 τοίνυν
2343 2726 2640 2802 γράμματα
2699 2722 3168 2798 διαπεμπόμενος,
3211 2721 3424 2778 ἐκέλευε
3451 2723 3516 2778 τά
3541 2721 3750 2778 τούτων

2099 2817 2301 2892 τεμένη
2333 2819 2422 2873 καὶ
2453 2817 2582 2880 τοὺς
2637 2815 2862 2891 βωμοὺς
2911 2815 3127 2886 άνιστᾷν
3163 2813 3299 2888 μετᾶ
3325 2811 3546 2885 πολλῆς
3579 2833 3755 2868 σπου-

2103 2906 2204 2978 δῆς
2252 2929 2310 2964 τε
2365 2909 2456 2964 καὶ
2513 2907 2840 2981 προθυμίαςο
2893 2904 2984 2961 καὶ
3039 2905 3170 2968 ὅσας
3201 2905 3230 2960 6
3265 2905 3428 2979 μέγας
3469 2906 3752 2961 Κωνσταν-

357 1913 360 1916 ’
412 1910 504 1964 22.
539 1910 652 1966 Sed
683 1910 818 1967 illos
845 1913 1084 1983 quidem
1118 1931 1224 1986 per
1263 1915 1492 1971 litteras
1540 1915 1786 1988 punivit.
1820 1915 1991 1971 Chri-

341 2001 415 2055 sti
444 2007 643 2057 autem
672 2008 995 2074 martyrem
1028 2009 1086 2059 et
1114 2021 1468 2077 generosum
1501 2007 1784 2062 athletam
1817 2008 1990 2062 Arte-

339 2090 527 2145 mium
559 2092 685 2163 ipse
717 2109 824 2164 per
855 2095 1262 2166 semetipsum,
1296 2112 1563 2167 praesens
1610 2102 1991 2169 praesentem,

339 2180 668 2236 Antiochia:
700 2188 946 2255 propter
961 2184 1176 2239 Christi
1204 2186 1643 2241 confessionem
1666 2187 1993 2243 inhumane

337 2270 555 2342 puniit,
601 2276 659 2326 et
706 2287 775 2327 ea
823 2288 1002 2343 quam
1050 2273 1311 2331 habebat
1357 2275 1632 2346 spoliavit
1679 2282 1992 2348 potestate,

339 2378 462 2416 non
492 2361 692 2418 ferens
720 2363 910 2434 ipsius
937 2365 1000 2419 in
1031 2365 1331 2436 loquendo
1363 2366 1698 2422 libertatem
1747 2373 1806 2424 et
1851 2385 1998 2424 con-

341 2451 643 2506 stantiam.
675 2452 944 2509 Julianus
977 2455 1158 2521 enim,
1191 2461 1257 2509 ut
1286 2455 1406 2510 dixi
1433 2457 1578 2529 jam,
1613 2473 1749 2512 cum
1779 2459 1996 2513 Roma-

343 2558 558 2597 norum
619 2543 934 2599 invasisset
981 2545 1319 2617 imperium,
1376 2548 1747 2603 restituendo
1802 2550 1995 2618 genti-

338 2629 515 2685 lismo
543 2633 800 2687 maxime
830 2634 1124 2692 studebat.
1176 2636 1367 2692 Missis
1425 2637 1624 2708 itaque
1673 2637 1732 2691 in
1783 2655 1992 2694 omnes

339 2726 538 2792 partes
581 2722 819 2790 litteris,
869 2724 1053 2795 jussit
1100 2724 1346 2781 deorum
1404 2727 1629 2798 templa
1677 2732 1736 2782 et
1780 2729 1992 2784 altaria

337 2810 501 2865 omni
530 2812 910 2869 festinatione
941 2831 1008 2870 ac
1041 2815 1236 2870 studio
1291 2817 1678 2884 remdiﬁcari;
1715 2823 1772 2872 et
1804 2835 1986 2890 quos-

332 2915 566 2971 cunque
599 2901 867 2958 redditus
899 2904 1168 2960 ecclesiis
1207 2905 1604 2962 attribuerant
1651 2908 1988 2963 Constanti-

331 3003 444 3045 nus
458 3000 915 3064 magnus,atque
938 2995 1067 3066 ejus
1085 2995 1245 3050 filius
1259 2997 1512 3051 Constan
1523 2997 1914 3066 tius,abstulit
1930 3003 1979 3054 el

2097 3004 2254 3061 τῖνος
2281 3003 2402 3062 ταῖς
2449 2996 2766 3068 ἐκκλησίαις
2807 2992 3112 3073 προσόδους
3158 2992 3412 3067 ἀπένειμε
3435 2993 3523 3048 καὶ
3555 2995 3583 3048 ὁ
3618 2991 3745 3046 τού-

332 3079 630 3137 idolorum
663 3084 903 3155 templis
933 3085 1394 3154 dedicavit;dum
1423 3088 1602 3142 simul
1632 3106 1738 3160 pro
1763 3089 1979 3160 episco-

2100 3110 2196 3144 του
2252 3090 2370 3152 υἱὸς
2441 3088 2838 3156 Κωνστάντιος,
2917 3084 3118 3148 ταύτας
3172 3081 3401 3162 ἀφελὼν,
3455 3088 3572 3144 τοῖς
3629 3084 3734 3136 τῶν

330 3170 815 3243 pis,presbyteris
838 3179 897 3227 et
915 3173 1181 3230 diaconis
1203 3177 1512 3232 constituit
1533 3177 1802 3246 mdituos,
1833 3184 1979 3234 tem-

2095 3177 2369 3251 δαιμόνων
2396 3183 2549 3240 ναοῖς
2599 3173 2916 3254 ἆφιέρωσεν·
2967 3175 3080 3230 ἄντ’
3127 3174 3426 3230 ἐπισκόπων
3451 3172 3541 3228 καὶ
3569 3190 3734 3246 πρεσ·

331 3258 570 3329 plorum
603 3262 904 3333 custodes,
938 3279 1301 3336 aspersores,
1335 3267 1658 3334 sacriﬁcos,
1694 3269 1979 3340 canepho-

2099 3264 2339 3344 ϐυτέρων
2393 3268 2484 3324 καὶ
2572 3264 2839 3322 διακόνων
2922 3268 3262 3337 καταστήσας
3321 3263 3599 3336 ζακόρους,
3648 3262 3735 3317 καὶ

334 3349 616 3420 ros(8),et
646 3368 1020 3424 quascunque
1061 3354 1372 3426 gentilium
1403 3356 1710 3428 nugacitas
1741 3357 1979 3429 imponil

2096 3359 2426 3433 νεωκόρους,
2457 3357 2547 3412 καὶ
2582 3357 2796 3434 ῥάντας,
2854 3357 2942 3412 καὶ
3004 3356 3190 3429 θύτας,
3241 3355 3332 3410 καὶ
3380 3352 3740 3429 κανηφόρους,

339 3437 606 3495 nomina.
642 3439 775 3496 Haec
805 3441 986 3514 igitur
1025 3447 1085 3498 et
1130 3444 1250 3499 alia
1298 3445 1521 3500 ﬁebant
1562 3446 1979 3502 Constantino-

2095 3449 2186 3504 καὶ
2218 3448 2345 3511 ὅσας
2376 3450 2405 3503 6
2432 3446 2765 3519 Ἐλληνικὸς
2791 3446 2954 3510 ὕθλος
2982 3445 3306 3526 ἐπιφημίζει
3334 3442 3744 3522 προσωνυμίας⁶

336 3527 482 3600 ΡοῙίο
2093 3543 2262 3594 ταῦτα
2293 3539 2390 3613 μέν
2437 3536 2528 3594 οὖν
2577 3539 2665 3594 καὶ
2714 3534 2874 3614 ’ἐτερα
2930 3534 3277 3612 διεπράττετο
3306 3535 3444 3590 κατὰ
3470 3533 3572 3603 τήν
3598 3535 3743 3590 Κων-

2095 3628 2566 3686 σταντινούπολιν.

406 3739 495 3792 23.
527 3740 668 3794 Post
709 3738 836 3795 haec
885 3743 1084 3796 autem
1133 3757 1268 3797 cum
1318 3741 1524 3797 matris
1573 3760 1692 3798 suae
1741 3744 1979 3800 fratrem

2164 3749 2268 3824 κγ’.
2329 3748 2481 3806 Μετᾶ
2532 3745 2588 3802 δὲ
2636 3750 2804 3803 ταῦτα
2859 3747 3071 3822 μητρὸς
3127 3743 3292 3800 αὑτοῦ
3335 3741 3572 3821 ἂδελφὸν
3596 3738 3737 3817 έχων

331 3826 600 3898 haberet,
631 3829 933 3886 Julianum
963 3831 1228 3899 nomine,
1276 3833 1398 3904 qui,
1450 3837 1516 3887 ut
1561 3834 1717 3905 apud
1762 3836 1987 3906 princi-

328 3937 464 3993 pem
495 3921 685 3994 gratia
713 3921 974 3991 floreret,
1025 3923 1425 3980 Christianam
1470 3925 1820 3998 religionem
1869 3927 1982 3982 ab-

317 4012 625 4084 juraverat
654 4017 710 4067 et
741 4029 1018 4084 magnam
1048 4030 1154 4083 pro
1204 4014 1546 4086 gentilismo
1598 4016 1981 4073 sedulitatem

325 4101 697 4173 ostendebat,
732 4102 904 4158 illum
935 4103 1135 4158 emisit
1162 4105 1422 4160 Orientis
1451 4112 1765 4176 rectorem,
1800 4124 1979 4178 quem

321 4196 534 4246 vocant
562 4193 864 4261 comitem,
897 4193 1068 4264 eique
1101 4193 1403 4250 mandavit
1440 4201 1507 4250 ut
1551 4213 1648 4252 res
1697 4197 1978 4252 ecclesia-

328 4281 506 4337 sticas
535 4287 772 4338 vexaret
801 4287 860 4338 et
887 4282 1278 4355 disperderet,
1312 4284 1383 4340 ad
1416 4285 1823 4357 gentilismum
1862 4304 1977 4342 au-

321 4376 440 4426 tem
472 4372 692 4443 ubique
725 4371 1062 4446 augendum
1095 4378 1152 4428 et
1181 4373 1585 4429 extollendum
1608 4375 1758 4430 nihil
1787 4376 1973 4431 inten-

320 4464 509 4515 tatum
534 4462 922 4532 relinqueret.
956 4465 1102 4518 Cum
1135 4480 1270 4534 ergo
1303 4463 1413 4519 iste
1466 4464 1836 4520 Antiochiam
1866 4484 1973 4522 ve-

2092 3835 2387 3894 Ίουλιανὸν
2414 3835 2678 3911 τοῦνομα,
2707 3836 2808 3906 τήν
2846 3839 2948 3891 τοῦ
2998 3837 3422 3911 Χριστιανισμοῦ
3454 3831 3738 3908 θρησκείαν

2090 3927 2544 4002 ἀπαρνησάμενον
2597 3925 2686 3981 διὰ
2738 3925 2838 3995 τὴν
2892 3924 3101 3980 ἐκείνου
3157 3924 3344 4001 χάριν,
3391 3920 3483 3977 καὶ
3521 3919 3737 3990 πολλὴν

2091 4015 2224 4092 ὑπὲρ
2280 4020 2377 4071 τοῦ
2443 4013 2822 4089 Ἑλληνισμοῦ
2903 4011 3214 4090 προθυμίαν
3275 4009 3740 4084 ἐπιδεικνύμενον,

2088 4102 2331 4182 ἄρχοντα
2383 4108 2484 4176 τῆς
2541 4105 2711 4178 Ἐῲας
2771 4105 2830 4160 ὃν
2889 4103 3119 4160 καλοῦσι
3171 4101 3390 4175 κόμητα
3420 4100 3739 4174 ἐξέπεμψεν,

2087 4193 2462 4269 ἐντειλάμενος
2547 4195 2613 4250 τὰ
2701 4193 2797 4268 μὲν
2884 4197 2994 4248 τῶν
3078 4189 3384 4262 ἐκκλησιῶν
3443 4191 3742 4266 πράγματα

2082 4290 2280 4340 κακοῦν
2338 4308 2398 4341 τε
2452 4287 2540 4341 καὶ
2621 4283 2972 4363 διαφθείρειν,
3031 4285 3314 4359 πανναχοῦ
3387 4277 3445 4336 δέ
3499 4279 3589 4335 καὶ
3654 4276 3741 4334 διὰ

2081 4376 2261 4446 πάσης
2292 4373 2436 4439 ἰδέας
2481 4375 2575 4430 τὸν
2625 4372 3001 4448 Ἐλληνισμὸν
3057 4371 3226 4446 αὔξειν
3257 4392 3315 4426 τε
3345 4369 3434 4425 καὶ
3475 4368 3738 4444 ἐπαίρειν.

2080 4467 2140 4523 Ὁ
2176 4463 2234 4521 δέ
2262 4465 2596 4545 ἀφικόμενος
2654 4463 2707 4519 ἐν
2765 4461 3105 4539 Ἀντιοχείᾳ,
3141 4461 3393 4538 ἐπειρᾶτο
3427 4459 3598 4534 μείζω
3629 4462 3734 4513 τῶν

318 4549 528 4614 nisset,
577 4551 901 4606 conabatur
944 4553 1225 4624 operibus
1275 4553 1446 4625 plura
1497 4555 1742 4626 exsequi
1791 4573 1968 4626 quam

2093 4554 2482 4631 ἐντεταλμένων
2541 4562 2659 4619 τοῖς
2713 4555 2898 4632 ἔργοις
2956 4554 3259 4632 φαίνεσθαι,
3308 4552 3397 4608 καὶ
3444 4548 3511 4619 δὴ
3562 4570 3738 4624 προσ·

316 4657 448 4711 qua)
482 4645 651 4696 erant
681 4642 740 4695 in
789 4643 1107 4699 mandatis.
1162 4644 1442 4700 Ecclesiis
1489 4646 1729 4716 quidem
1780 4646 1975 4701 aufert

315 4735 531 4784 cuncta
584 4730 870 4801 pretiosa,
929 4749 1066 4787 vasa
1113 4749 1328 4805 nempe
1387 4739 1668 4806 argentea
1699 4739 1758 4788 et
1788 4751 1968 4789 aurea

313 4836 380 4875 ac
411 4819 602 4875 serica
631 4819 1020 4891 vestimenta;
1056 4822 1203 4892 quin
1251 4824 1430 4878 etiam
1473 4822 1632 4893 ipsas
1681 4822 1965 4878 ecclesias

310 4909 554 4979 claudit,
587 4927 661 4965 ne
694 4911 827 4981 quis
858 4909 1038 4966 intret
1067 4913 1356 4968 orationis
1389 4929 1587 4980 causa,
1621 4913 1776 4967 fores
1809 4913 1962 4968 clau<

311 5000 448 5054 stris
477 4999 864 5070 vectibusque
904 5000 1244 5057 occludens.
1300 5003 1369 5055 Et
1413 5002 1539 5055 haec
1585 5000 1824 5071 quidem
1876 5004 1961 5058 fa-

307 5089 501 5146 ciebat
530 5090 589 5145 in
640 5091 872 5144 civitate
915 5093 1290 5150 Antiochena
1338 5091 1596 5146 Orientis
1625 5091 1960 5163 praefectus.

2081 4651 2315 4722 αιρεῖται
2369 4647 2464 4720 μὲν
2515 4650 2701 4701 πασῶν
2757 4649 2865 4701 τῶν
2927 4642 3234 4714 ἐκκλησιῶν
3287 4639 3495 4696 ἅπαντα
3522 4640 3591 4695 τά
3620 4659 3737 4694 κει-

2079 4737 2279 4806 μήλια,
2313 4735 2410 4790 ὅσα
2472 4735 2525 4790 ἐν
2585 4734 2811 4811 ἀργύρῳ
2867 4755 2926 4788 τε
2979 4733 3069 4788 καὶ
3129 4735 3324 4807 γρυσῷ
3353 4729 3444 4784 καὶ
3484 4732 3736 4802 σηρικοῖς

2079 4825 2355 4901 ὑφάσμασι
2405 4822 2656 4896 διετέλει,
2703 4822 2984 4880 ἀποκλείει
3035 4820 3093 4878 δὲ
3133 4822 3225 4876 καὶ
3272 4821 3370 4884 τὰς
3411 4816 3732 4890 ἐκκλησίας,

2071 4919 2168 4969 τοῦ
2203 4916 2277 4987 μή
2313 4935 2433 4970 τινα
2486 4913 2762 4986 εἶσφοιτᾷν
2819 4913 2870 4969 ἐν
2931 4912 3124 4976 αὐταῖς
3169 4910 3342 4986 εὐχῆς
3370 4906 3546 4978 ἓνεκα,
3577 4907 3732 4964 κλεῖ-

2074 5013 2175 5077 θρα
2205 5003 2294 5058 καὶ
2329 5001 2582 5079 μοχλοὺς
2631 5007 2749 5064 τοῖς
2797 5001 3046 5058 πυλῶσιν
3097 4995 3401 5057 ἐπιϐαλών.
3436 4997 3534 5053 Καὶ
3563 5002 3734 5053 ταῦτα

2075 5093 2168 5165 μέν
2197 5095 2332 5149 κατᾶ
2360 5094 2460 5164 τήν
2504 5092 2798 5169 Ἀντιόχου
2855 5090 3021 5148 πόλιν
3055 5092 3082 5147 ὁ
3111 5097 3212 5161 τῆς
3241 5087 3515 5158 ἀνατολῆς
3546 5085 3734 5164 ἅρχων

2072 5180 2374 5260 εἶργάζετο.

1899 5435 2122 5492 NOTAE.

365 5629 584 5716 iVox
615 5631 742 5716 illa,
771 5645 840 5686 ex
862 5632 1012 5716 κάνη-
1033 5645 1092 5716 et
1121 5640 1267 5716 φέρω
1301 5639 1654 5710 composita,
1674 5639 1831 5716 viros
1861 5644 1953 5700 vel

289 5701 576 5762 mulieres
605 5704 888 5778 designat
914 5701 1016 5783 qui
1063 5701 1221 5770 intra
1261 5701 1649 5792 paganorum
1664 5711 1950 5773 solemni-

2062 5647 2344 5716 tatesiea
2395 5659 2530 5716 ηοω
2581 5643 2695 5701 diis
2744 5643 3051 5706 offerenda
3105 5650 3277 5702 erant
3331 5645 3394 5703 in
3442 5645 3724 5708 canistris

2058 5715 2397 5794 portabant.
2416 5715 2582 5774 Eutr.
