  <div class='ocr_page' id='page_1' title='image "/cluster/home/n/w/nwhite01/storage/ocr_20150623/96:no.3/coo.31924054870005/652.png"; bbox 0 0 4120 6396; ppageno 0'>
   <div class='ocr_carea' id='block_1_1' title="bbox 317 324 459 381">
    <p class='ocr_par' dir='ltr' id='par_1_1' title="bbox 317 324 459 381">
     <span class='ocr_line' id='line_1_1' title="bbox 317 324 459 381; baseline 0.007 -1"><span class='ocrx_word' id='word_1_1' title='bbox 317 324 459 381; x_wconf 80' lang='grc'><strong>1273</strong></span> 
     </span>
    </p>
   </div>
   <div class='ocr_carea' id='block_1_2' title="bbox 1670 330 2385 391">
    <p class='ocr_par' dir='ltr' id='par_1_2' title="bbox 1670 330 2385 391">
     <span class='ocr_line' id='line_1_2' title="bbox 1670 330 2385 391; baseline -0.001 -4"><span class='ocrx_word' id='word_1_2' title='bbox 1670 333 1732 389; x_wconf 82' lang='lat'><strong>8.</strong></span> <span class='ocrx_word' id='word_1_3' title='bbox 1772 333 2079 391; x_wconf 72' lang='grc' dir='ltr'><strong>ΛΒΤΕΠῙῙ</strong></span> <span class='ocrx_word' id='word_1_4' title='bbox 2115 330 2385 389; x_wconf 69' lang='lat' dir='ltr'><strong>PASSIO.</strong></span> 
     </span>
    </p>
   </div>
   <div class='ocr_carea' id='block_1_3' title="bbox 3589 327 3733 387">
    <p class='ocr_par' dir='ltr' id='par_1_3' title="bbox 3589 327 3733 387">
     <span class='ocr_line' id='line_1_3' title="bbox 3589 327 3733 387; baseline 0 0"><span class='ocrx_word' id='word_1_5' title='bbox 3589 327 3733 387; x_wconf 66' lang='grc'><strong>1271</strong></span> 
     </span>
    </p>
   </div>
   <div class='ocr_carea' id='block_1_4' title="bbox 336 426 1958 529">
    <p class='ocr_par' dir='ltr' id='par_1_4' title="bbox 336 426 1958 524">
     <span class='ocr_line' id='line_1_4' title="bbox 336 426 1958 524; baseline 0.002 -21"><span class='ocrx_word' id='word_1_6' title='bbox 336 426 345 431; x_wconf 12' lang='grc' dir='ltr'>ὁ</span> <span class='ocrx_word' id='word_1_7' title='bbox 381 450 477 506; x_wconf 71' lang='grc'><strong>24.</strong></span> <span class='ocrx_word' id='word_1_8' title='bbox 517 448 580 505; x_wconf 81' lang='grc'><strong>’0</strong></span> <span class='ocrx_word' id='word_1_9' title='bbox 610 445 667 503; x_wconf 66' lang='grc' dir='ltr'><strong>δέ</strong></span> <span class='ocrx_word' id='word_1_10' title='bbox 701 445 1288 524; x_wconf 71' lang='grc' dir='ltr'>βασιλεῦςΊουλιανὸς</span> <span class='ocrx_word' id='word_1_11' title='bbox 1345 448 1425 507; x_wconf 79' lang='grc' dir='ltr'>ἔτι</span> <span class='ocrx_word' id='word_1_12' title='bbox 1478 449 1615 507; x_wconf 70' lang='grc' dir='ltr'>κατὰ</span> <span class='ocrx_word' id='word_1_13' title='bbox 1668 453 1769 521; x_wconf 74' lang='grc' dir='ltr'>τὴν</span> <span class='ocrx_word' id='word_1_14' title='bbox 1811 455 1958 510; x_wconf 88' lang='grc' dir='ltr'>Κων-</span> 
     </span>
    </p>
   </div>
   <div class='ocr_carea' id='block_1_5' title="bbox 2070 426 3732 529">
    <p class='ocr_par' dir='ltr' id='par_1_5' title="bbox 2154 448 3732 525">
     <span class='ocr_line' id='line_1_5' title="bbox 2154 448 3732 525; baseline -0.001 -16"><span class='ocrx_word' id='word_1_15' title='bbox 2154 457 2242 509; x_wconf 81' lang='grc'><strong>24.</strong></span> <span class='ocrx_word' id='word_1_16' title='bbox 2276 456 2603 525; x_wconf 80' lang='lat' dir='ltr'><strong>Imperator</strong></span> <span class='ocrx_word' id='word_1_17' title='bbox 2631 456 2831 508; x_wconf 87' lang='lat' dir='ltr'><strong>autem</strong></span> <span class='ocrx_word' id='word_1_18' title='bbox 2886 450 3158 507; x_wconf 81' lang='lat' dir='ltr'><strong>Julianus</strong></span> <span class='ocrx_word' id='word_1_19' title='bbox 3214 448 3732 525; x_wconf 79' lang='lat' dir='ltr'><strong>Constantinopoli</strong></span> 
     </span>
    </p>
   </div>
   <div class='ocr_carea' id='block_1_6' title="bbox 320 534 1969 617">
    <p class='ocr_par' dir='ltr' id='par_1_6' title="bbox 320 534 1969 617">
     <span class='ocr_line' id='line_1_6' title="bbox 320 534 1969 617; baseline 0.004 -25"><span class='ocrx_word' id='word_1_20' title='bbox 320 534 770 592; x_wconf 85' lang='grc' dir='ltr'>σταντινούπολιν</span> <span class='ocrx_word' id='word_1_21' title='bbox 854 535 1062 595; x_wconf 85' lang='grc' dir='ltr'>διεῖλκέ</span> <span class='ocrx_word' id='word_1_22' title='bbox 1114 562 1240 595; x_wconf 89' lang='grc' dir='ltr'>τινα</span> <span class='ocrx_word' id='word_1_23' title='bbox 1301 540 1520 617; x_wconf 68' lang='grc' dir='ltr'>Χρόνον,</span> <span class='ocrx_word' id='word_1_24' title='bbox 1577 542 1647 596; x_wconf 72' lang='grc' dir='ltr'>τὰ</span> <span class='ocrx_word' id='word_1_25' title='bbox 1703 540 1755 595; x_wconf 74' lang='grc' dir='ltr'>ἐν</span> <span class='ocrx_word' id='word_1_26' title='bbox 1799 542 1969 617; x_wconf 73' lang='grc' dir='ltr'>ταύτῃ</span> 
     </span>
    </p>
   </div>
   <div class='ocr_carea' id='block_1_7' title="bbox 312 624 1968 704">
    <p class='ocr_par' dir='ltr' id='par_1_7' title="bbox 312 624 1968 704">
     <span class='ocr_line' id='line_1_7' title="bbox 312 624 1968 704; baseline 0.003 -25"><span class='ocrx_word' id='word_1_27' title='bbox 312 626 580 700; x_wconf 87' lang='grc' dir='ltr'>κρατύνας</span> <span class='ocrx_word' id='word_1_28' title='bbox 613 624 691 689; x_wconf 81' lang='grc' dir='ltr'><strong>εἰς</strong></span> <span class='ocrx_word' id='word_1_29' title='bbox 719 626 869 699; x_wconf 85' lang='lat'><strong>[358]</strong></span> <span class='ocrx_word' id='word_1_30' title='bbox 899 625 1031 702; x_wconf 76' lang='grc' dir='ltr'>ὅπερ</span> <span class='ocrx_word' id='word_1_31' title='bbox 1065 627 1347 702; x_wconf 76' lang='grc' dir='ltr'><strong>ἐνομίζετο</strong></span> <span class='ocrx_word' id='word_1_32' title='bbox 1392 629 1629 703; x_wconf 79' lang='grc' dir='ltr'>μάλιστα</span> <span class='ocrx_word' id='word_1_33' title='bbox 1684 631 1754 700; x_wconf 80' lang='grc' dir='ltr'>τῇ</span> <span class='ocrx_word' id='word_1_34' title='bbox 1814 632 1968 704; x_wconf 89' lang='grc' dir='ltr'>βασι-</span> 
     </span>
    </p>
   </div>
   <div class='ocr_carea' id='block_1_8' title="bbox 314 714 1969 794">
    <p class='ocr_par' dir='ltr' id='par_1_8' title="bbox 314 714 1969 794">
     <span class='ocr_line' id='line_1_8' title="bbox 314 714 1969 794; baseline 0.002 -24"><span class='ocrx_word' id='word_1_35' title='bbox 314 714 435 785; x_wconf 77' lang='grc' dir='ltr'>λείᾳ</span> <span class='ocrx_word' id='word_1_36' title='bbox 457 716 773 791; x_wconf 75' lang='grc' dir='ltr'><strong>συμφέρειν,</strong></span> <span class='ocrx_word' id='word_1_37' title='bbox 805 718 893 771; x_wconf 87' lang='grc' dir='ltr'><strong>καὶ</strong></span> <span class='ocrx_word' id='word_1_38' title='bbox 931 717 1081 780; x_wconf 82' lang='grc' dir='ltr'>ὅπως</span> <span class='ocrx_word' id='word_1_39' title='bbox 1114 720 1142 773; x_wconf 99' lang='lat'><strong>6</strong></span> <span class='ocrx_word' id='word_1_40' title='bbox 1202 716 1580 792; x_wconf 78' lang='grc' dir='ltr'>Ἑλληνισμὸς</span> <span class='ocrx_word' id='word_1_41' title='bbox 1631 719 1780 791; x_wconf 86' lang='grc' dir='ltr'>αὐτῷ</span> <span class='ocrx_word' id='word_1_42' title='bbox 1831 720 1969 794; x_wconf 89' lang='grc' dir='ltr'>πρὸς</span> 
     </span>
    </p>
   </div>
   <div class='ocr_carea' id='block_1_9' title="bbox 311 803 1972 883">
    <p class='ocr_par' dir='ltr' id='par_1_9' title="bbox 311 803 1972 883">
     <span class='ocr_line' id='line_1_9' title="bbox 311 803 1972 883; baseline 0.003 -25"><span class='ocrx_word' id='word_1_43' title='bbox 311 804 375 858; x_wconf 88' lang='grc' dir='ltr'>τὸ</span> <span class='ocrx_word' id='word_1_44' title='bbox 409 803 827 880; x_wconf 87' lang='grc' dir='ltr'>μεγαλειότερον</span> <span class='ocrx_word' id='word_1_45' title='bbox 852 804 1050 880; x_wconf 78' lang='grc' dir='ltr'>ἐξαρθῇ</span> <span class='ocrx_word' id='word_1_46' title='bbox 1078 812 1295 862; x_wconf 82' lang='grc' dir='ltr'>σκοπῶν</span> <span class='ocrx_word' id='word_1_47' title='bbox 1345 829 1404 863; x_wconf 90' lang='grc' dir='ltr'><strong>τε</strong></span> <span class='ocrx_word' id='word_1_48' title='bbox 1450 807 1541 862; x_wconf 82' lang='grc' dir='ltr'><strong>καὶ</strong></span> <span class='ocrx_word' id='word_1_49' title='bbox 1591 809 1972 883; x_wconf 85' lang='grc' dir='ltr'>πραγματευό-</span> 
     </span>
    </p>
   </div>
   <div class='ocr_carea' id='block_1_10' title="bbox 315 895 1966 968">
    <p class='ocr_par' dir='ltr' id='par_1_10' title="bbox 315 895 1966 968">
     <span class='ocr_line' id='line_1_10' title="bbox 315 895 1966 968; baseline 0.004 -21"><span class='ocrx_word' id='word_1_50' title='bbox 315 913 501 965; x_wconf 84' lang='grc' dir='ltr'>μενος·</span> <span class='ocrx_word' id='word_1_51' title='bbox 577 895 708 968; x_wconf 78' lang='grc' dir='ltr'>ἄρας</span> <span class='ocrx_word' id='word_1_52' title='bbox 760 895 854 949; x_wconf 81' lang='grc' dir='ltr'><strong>οὗν</strong></span> <span class='ocrx_word' id='word_1_53' title='bbox 912 895 970 949; x_wconf 84' lang='grc' dir='ltr'>ἐκ</span> <span class='ocrx_word' id='word_1_54' title='bbox 1025 903 1126 966; x_wconf 80' lang='grc' dir='ltr'><strong>τῆς</strong></span> <span class='ocrx_word' id='word_1_55' title='bbox 1170 897 1799 962; x_wconf 81' lang='grc' dir='ltr'>Κωνσταντινουπόλεως</span> <span class='ocrx_word' id='word_1_56' title='bbox 1875 898 1966 953; x_wconf 85' lang='grc' dir='ltr'><strong>σὺν</strong></span> 
     </span>
    </p>
   </div>
   <div class='ocr_carea' id='block_1_11' title="bbox 308 983 1967 1060">
    <p class='ocr_par' dir='ltr' id='par_1_11' title="bbox 308 983 1967 1060">
     <span class='ocr_line' id='line_1_11' title="bbox 308 983 1967 1060; baseline 0.006 -23"><span class='ocrx_word' id='word_1_57' title='bbox 308 984 470 1039; x_wconf 86' lang='grc' dir='ltr'>παντὶ</span> <span class='ocrx_word' id='word_1_58' title='bbox 500 988 581 1057; x_wconf 82' lang='grc' dir='ltr'>τῷ</span> <span class='ocrx_word' id='word_1_59' title='bbox 611 989 823 1060; x_wconf 87' lang='grc' dir='ltr'>στρατῷ</span> <span class='ocrx_word' id='word_1_60' title='bbox 852 992 951 1054; x_wconf 78' lang='grc' dir='ltr'>τήν</span> <span class='ocrx_word' id='word_1_61' title='bbox 999 983 1087 1040; x_wconf 87' lang='grc' dir='ltr'>ἐπὶ</span> <span class='ocrx_word' id='word_1_62' title='bbox 1127 993 1225 1056; x_wconf 73' lang='grc' dir='ltr'><strong>τῆς</strong></span> <span class='ocrx_word' id='word_1_63' title='bbox 1290 987 1490 1060; x_wconf 81' lang='grc' dir='ltr'>Συρίας</span> <span class='ocrx_word' id='word_1_64' title='bbox 1550 986 1789 1043; x_wconf 84' lang='grc' dir='ltr'>ἐποιεῖτο</span> <span class='ocrx_word' id='word_1_65' title='bbox 1820 986 1967 1048; x_wconf 85' lang='grc' dir='ltr'>ὁδόν.</span> 
     </span>
    </p>
   </div>
   <div class='ocr_carea' id='block_1_12' title="bbox 311 1072 1964 1151">
    <p class='ocr_par' dir='ltr' id='par_1_12' title="bbox 311 1072 1964 1151">
     <span class='ocr_line' id='line_1_12' title="bbox 311 1072 1964 1151; baseline 0.004 -25"><span class='ocrx_word' id='word_1_66' title='bbox 311 1072 553 1128; x_wconf 87' lang='grc' dir='ltr'>Διελθὼν</span> <span class='ocrx_word' id='word_1_67' title='bbox 584 1073 763 1128; x_wconf 82' lang='grc' dir='ltr'>τοίνυν</span> <span class='ocrx_word' id='word_1_68' title='bbox 796 1073 1006 1129; x_wconf 80' lang='grc' dir='ltr'>ἅπασαν</span> <span class='ocrx_word' id='word_1_69' title='bbox 1063 1076 1165 1144; x_wconf 76' lang='grc' dir='ltr'><strong>τήν</strong></span> <span class='ocrx_word' id='word_1_70' title='bbox 1210 1075 1478 1150; x_wconf 81' lang='grc' dir='ltr'>Φρυγίαν,</span> <span class='ocrx_word' id='word_1_71' title='bbox 1536 1075 1625 1130; x_wconf 81' lang='grc' dir='ltr'><strong>καὶ</strong></span> <span class='ocrx_word' id='word_1_72' title='bbox 1679 1077 1816 1151; x_wconf 85' lang='grc' dir='ltr'>πρὸς</span> <span class='ocrx_word' id='word_1_73' title='bbox 1864 1078 1964 1147; x_wconf 78' lang='grc' dir='ltr'><strong>τήν</strong></span> 
     </span>
    </p>
   </div>
   <div class='ocr_carea' id='block_1_13' title="bbox 309 1162 1971 1238">
    <p class='ocr_par' dir='ltr' id='par_1_13' title="bbox 309 1162 1971 1238">
     <span class='ocr_line' id='line_1_13' title="bbox 309 1162 1971 1238; baseline 0.002 -20"><span class='ocrx_word' id='word_1_74' title='bbox 309 1163 551 1234; x_wconf 68' lang='grc' dir='ltr'>ἐσχάτην</span> <span class='ocrx_word' id='word_1_75' title='bbox 582 1162 751 1227; x_wconf 85' lang='grc' dir='ltr'>αὐτῆς</span> <span class='ocrx_word' id='word_1_76' title='bbox 780 1162 943 1219; x_wconf 89' lang='grc' dir='ltr'>πόλιν</span> <span class='ocrx_word' id='word_1_77' title='bbox 974 1164 1039 1219; x_wconf 88' lang='grc' dir='ltr'>τὸ</span> <span class='ocrx_word' id='word_1_78' title='bbox 1095 1163 1441 1238; x_wconf 85' lang='grc' dir='ltr'>καλούμενον</span> <span class='ocrx_word' id='word_1_79' title='bbox 1498 1164 1723 1221; x_wconf 84' lang='grc' dir='ltr'>Ἰκόνιον</span> <span class='ocrx_word' id='word_1_80' title='bbox 1772 1188 1971 1222; x_wconf 86' lang='grc' dir='ltr'>καταν-</span> 
     </span>
    </p>
   </div>
   <div class='ocr_carea' id='block_1_14' title="bbox 308 1254 1970 1332">
    <p class='ocr_par' dir='ltr' id='par_1_14' title="bbox 308 1254 1970 1332">
     <span class='ocr_line' id='line_1_14' title="bbox 308 1254 1970 1332; baseline 0.001 -19"><span class='ocrx_word' id='word_1_81' title='bbox 308 1260 505 1329; x_wconf 78' lang='grc' dir='ltr'>τήσας,</span> <span class='ocrx_word' id='word_1_82' title='bbox 577 1254 814 1325; x_wconf 79' lang='grc' dir='ltr'>ἐξέκλινε</span> <span class='ocrx_word' id='word_1_83' title='bbox 868 1258 969 1324; x_wconf 78' lang='grc' dir='ltr'><strong>τήν</strong></span> <span class='ocrx_word' id='word_1_84' title='bbox 1016 1257 1280 1332; x_wconf 86' lang='grc' dir='ltr'>Ἰσαυρίαν</span> <span class='ocrx_word' id='word_1_85' title='bbox 1336 1256 1680 1327; x_wconf 86' lang='grc' dir='ltr'>καταλιπὼν,</span> <span class='ocrx_word' id='word_1_86' title='bbox 1736 1259 1827 1313; x_wconf 86' lang='grc' dir='ltr'><strong>καὶ</strong></span> <span class='ocrx_word' id='word_1_87' title='bbox 1877 1260 1970 1314; x_wconf 89' lang='grc' dir='ltr'><strong>τὸν</strong></span> 
     </span>
    </p>
   </div>
   <div class='ocr_carea' id='block_1_15' title="bbox 309 1342 1969 1422">
    <p class='ocr_par' dir='ltr' id='par_1_15' title="bbox 309 1342 1969 1422">
     <span class='ocr_line' id='line_1_15' title="bbox 309 1342 1969 1422; baseline 0.001 -20"><span class='ocrx_word' id='word_1_88' title='bbox 309 1346 611 1422; x_wconf 75' lang='grc' dir='ltr'>Αεγόμενον</span> <span class='ocrx_word' id='word_1_89' title='bbox 636 1347 848 1420; x_wconf 80' lang='grc' dir='ltr'>Ταῦρον</span> <span class='ocrx_word' id='word_1_90' title='bbox 887 1342 1250 1421; x_wconf 76' lang='grc' dir='ltr'>ὑπεραναϐας,</span> <span class='ocrx_word' id='word_1_91' title='bbox 1283 1346 1450 1417; x_wconf 77' lang='grc' dir='ltr'>ἦλθεν</span> <span class='ocrx_word' id='word_1_92' title='bbox 1504 1347 1591 1403; x_wconf 77' lang='grc' dir='ltr'>ἐπὶ</span> <span class='ocrx_word' id='word_1_93' title='bbox 1632 1348 1725 1410; x_wconf 83' lang='grc' dir='ltr'><strong>τὰς</strong></span> <span class='ocrx_word' id='word_1_94' title='bbox 1777 1348 1969 1410; x_wconf 87' lang='grc' dir='ltr'>πόλεις</span> 
     </span>
    </p>
   </div>
   <div class='ocr_carea' id='block_1_16' title="bbox 304 1434 1965 1513">
    <p class='ocr_par' dir='ltr' id='par_1_16' title="bbox 304 1434 1965 1513">
     <span class='ocr_line' id='line_1_16' title="bbox 304 1434 1965 1513; baseline 0.001 -22"><span class='ocrx_word' id='word_1_95' title='bbox 304 1443 406 1506; x_wconf 61' lang='grc' dir='ltr'><strong>⁴τῆς</strong></span> <span class='ocrx_word' id='word_1_96' title='bbox 468 1434 747 1502; x_wconf 80' lang='grc' dir='ltr'>Κιλικίας,</span> <span class='ocrx_word' id='word_1_97' title='bbox 788 1434 879 1489; x_wconf 85' lang='grc' dir='ltr'><strong>καὶ</strong></span> <span class='ocrx_word' id='word_1_98' title='bbox 923 1440 1003 1507; x_wconf 81' lang='grc' dir='ltr'>τῷ</span> <span class='ocrx_word' id='word_1_99' title='bbox 1058 1441 1283 1509; x_wconf 80' lang='grc' dir='ltr'><strong>σταθμῷ</strong></span> <span class='ocrx_word' id='word_1_100' title='bbox 1340 1434 1723 1513; x_wconf 67' lang='grc' dir='ltr'><strong>προσπελάσας</strong></span> <span class='ocrx_word' id='word_1_101' title='bbox 1776 1442 1857 1510; x_wconf 81' lang='grc' dir='ltr'><strong>τῷ</strong></span> <span class='ocrx_word' id='word_1_102' title='bbox 1913 1438 1965 1493; x_wconf 86' lang='grc' dir='ltr'><strong>έν</strong></span> 
     </span>
    </p>
   </div>
   <div class='ocr_carea' id='block_1_17' title="bbox 307 1523 1969 1601">
    <p class='ocr_par' dir='ltr' id='par_1_17' title="bbox 307 1523 1969 1601">
     <span class='ocr_line' id='line_1_17' title="bbox 307 1523 1969 1601; baseline 0 -18"><span class='ocrx_word' id='word_1_103' title='bbox 307 1524 491 1598; x_wconf 82' lang='grc' dir='ltr'>Ἰσσῷ,</span> <span class='ocrx_word' id='word_1_104' title='bbox 520 1523 691 1580; x_wconf 87' lang='grc' dir='ltr'>αὐτοῦ</span> <span class='ocrx_word' id='word_1_105' title='bbox 721 1531 1074 1596; x_wconf 78' lang='grc' dir='ltr'>κατασκηνοῖ,</span> <span class='ocrx_word' id='word_1_106' title='bbox 1131 1527 1223 1581; x_wconf 89' lang='grc' dir='ltr'>τὸν</span> <span class='ocrx_word' id='word_1_107' title='bbox 1278 1524 1337 1581; x_wconf 85' lang='grc' dir='ltr'>ἐκ</span> <span class='ocrx_word' id='word_1_108' title='bbox 1384 1524 1725 1591; x_wconf 77' lang='grc' dir='ltr'>Μακεδονίας</span> <span class='ocrx_word' id='word_1_109' title='bbox 1776 1526 1969 1601; x_wconf 78' lang='grc' dir='ltr'>Ἀλέξ-</span> 
     </span>
    </p>
   </div>
   <div class='ocr_carea' id='block_1_18' title="bbox 311 1612 1969 1692">
    <p class='ocr_par' dir='ltr' id='par_1_18' title="bbox 311 1612 1969 1692">
     <span class='ocr_line' id='line_1_18' title="bbox 311 1612 1969 1692; baseline 0.001 -21"><span class='ocrx_word' id='word_1_110' title='bbox 311 1612 507 1685; x_wconf 84' lang='grc' dir='ltr'>ανδρον</span> <span class='ocrx_word' id='word_1_111' title='bbox 538 1619 945 1688; x_wconf 72' lang='grc' dir='ltr'>μιμησάμενοςο</span> <span class='ocrx_word' id='word_1_112' title='bbox 1003 1614 1192 1679; x_wconf 78' lang='grc' dir='ltr'>αὐτόθι</span> <span class='ocrx_word' id='word_1_113' title='bbox 1242 1616 1343 1692; x_wconf 78' lang='grc' dir='ltr'>γὰρ</span> <span class='ocrx_word' id='word_1_114' title='bbox 1393 1615 1645 1679; x_wconf 77' lang='grc' dir='ltr'>κάκεῖνος</span> <span class='ocrx_word' id='word_1_115' title='bbox 1698 1616 1751 1672; x_wconf 83' lang='grc' dir='ltr'>ἐν</span> <span class='ocrx_word' id='word_1_116' title='bbox 1812 1619 1969 1691; x_wconf 79' lang='grc' dir='ltr'>Ἰσσῷ</span> 
     </span>
    </p>
   </div>
   <div class='ocr_carea' id='block_1_19' title="bbox 311 1702 1968 1781">
    <p class='ocr_par' dir='ltr' id='par_1_19' title="bbox 311 1702 1968 1781">
     <span class='ocr_line' id='line_1_19' title="bbox 311 1702 1968 1781; baseline 0.002 -22"><span class='ocrx_word' id='word_1_117' title='bbox 311 1704 405 1759; x_wconf 87' lang='grc' dir='ltr'>τὸν</span> <span class='ocrx_word' id='word_1_118' title='bbox 430 1704 564 1779; x_wconf 86' lang='grc' dir='ltr'>πρὸς</span> <span class='ocrx_word' id='word_1_119' title='bbox 607 1708 829 1777; x_wconf 83' lang='grc' dir='ltr'>Δαρεῖον</span> <span class='ocrx_word' id='word_1_120' title='bbox 872 1708 980 1759; x_wconf 83' lang='grc' dir='ltr'>τῶν</span> <span class='ocrx_word' id='word_1_121' title='bbox 1042 1706 1261 1778; x_wconf 83' lang='grc' dir='ltr'>Περσῶν</span> <span class='ocrx_word' id='word_1_122' title='bbox 1327 1702 1556 1777; x_wconf 89' lang='grc' dir='ltr'>βασιλέα</span> <span class='ocrx_word' id='word_1_123' title='bbox 1606 1706 1968 1781; x_wconf 77' lang='grc' dir='ltr'>συνεκρότησε</span> 
     </span>
    </p>
   </div>
   <div class='ocr_carea' id='block_1_20' title="bbox 313 1791 2045 1902">
    <p class='ocr_par' dir='ltr' id='par_1_20' title="bbox 313 1791 2045 1902">
     <span class='ocr_line' id='line_1_20' title="bbox 313 1791 2045 1902; baseline 0.002 -53"><span class='ocrx_word' id='word_1_124' title='bbox 313 1791 584 1866; x_wconf 88' lang='grc' dir='ltr'>πόλεμον,</span> <span class='ocrx_word' id='word_1_125' title='bbox 641 1792 731 1848; x_wconf 81' lang='grc' dir='ltr'><strong>καὶ</strong></span> <span class='ocrx_word' id='word_1_126' title='bbox 778 1796 971 1849; x_wconf 91' lang='grc' dir='ltr'>τοῦτον</span> <span class='ocrx_word' id='word_1_127' title='bbox 1027 1795 1268 1864; x_wconf 76' lang='grc' dir='ltr'>νικήσας,</span> <span class='ocrx_word' id='word_1_128' title='bbox 1330 1793 1599 1868; x_wconf 79' lang='grc' dir='ltr'>ἐπίσημον</span> <span class='ocrx_word' id='word_1_129' title='bbox 1656 1796 1747 1850; x_wconf 89' lang='grc' dir='ltr'><strong>τὸν</strong></span> <span class='ocrx_word' id='word_1_130' title='bbox 1795 1797 2045 1902; x_wconf 83' lang='grc' dir='ltr'><strong>τόπονΒ</strong></span> 
     </span>
     <span class='ocr_line' id='line_1_21' title="bbox 342 1881 1836 1902; baseline 0 0"><span class='ocrx_word' id='word_1_131' title='bbox 342 1882 360 1902; x_wconf 61' lang='grc' dir='ltr'><strong><em>Ἀ</em></strong></span> <span class='ocrx_word' id='word_1_132' title='bbox 446 1882 457 1899; x_wconf 70' lang='grc' dir='ltr'><strong>Ι</strong></span> <span class='ocrx_word' id='word_1_133' title='bbox 649 1883 706 1902; x_wconf 60' lang='lat' dir='ltr'><strong>in</strong></span> <span class='ocrx_word' id='word_1_134' title='bbox 774 1885 826 1902; x_wconf 57' lang='lat' dir='ltr'><strong>VA</strong></span> <span class='ocrx_word' id='word_1_135' title='bbox 957 1883 969 1898; x_wconf 76' lang='lat'>‘</span> <span class='ocrx_word' id='word_1_136' title='bbox 1072 1884 1106 1902; x_wconf 65' lang='grc' dir='ltr'><strong>Ἰ</strong></span> <span class='ocrx_word' id='word_1_137' title='bbox 1245 1885 1256 1901; x_wconf 74' lang='lat'><strong><em>\</em></strong></span> <span class='ocrx_word' id='word_1_138' title='bbox 1400 1882 1437 1902; x_wconf 49' lang='grc' dir='ltr'><strong>’Ν</strong></span> <span class='ocrx_word' id='word_1_139' title='bbox 1616 1881 1640 1902; x_wconf 60' lang='grc' dir='ltr'>δ</span> <span class='ocrx_word' id='word_1_140' title='bbox 1826 1887 1836 1902; x_wconf 78' lang='grc'><strong><em>1</em></strong></span> 
     </span>
    </p>
   </div>
   <div class='ocr_carea' id='block_1_21' title="bbox 312 1881 1964 1961">
    <p class='ocr_par' dir='ltr' id='par_1_21' title="bbox 312 1881 1964 1961">
     <span class='ocr_line' id='line_1_22' title="bbox 312 1881 1964 1961; baseline 0.002 -23"><span class='ocrx_word' id='word_1_141' title='bbox 312 1882 618 1959; x_wconf 79' lang='grc' dir='ltr'>εἲργάσατο.</span> <span class='ocrx_word' id='word_1_142' title='bbox 648 1883 886 1938; x_wconf 78' lang='grc' dir='ltr'>Ἐκεῖθεν</span> <span class='ocrx_word' id='word_1_143' title='bbox 918 1883 1009 1937; x_wconf 89' lang='grc' dir='ltr'>τὸν</span> <span class='ocrx_word' id='word_1_144' title='bbox 1072 1884 1295 1940; x_wconf 84' lang='grc' dir='ltr'>Ἰσσικὸν</span> <span class='ocrx_word' id='word_1_145' title='bbox 1348 1882 1558 1940; x_wconf 84' lang='grc' dir='ltr'>κόλπον</span> <span class='ocrx_word' id='word_1_146' title='bbox 1613 1881 1964 1961; x_wconf 82' lang='grc' dir='ltr'>διαπεράσας,</span> 
     </span>
    </p>
   </div>
   <div class='ocr_carea' id='block_1_22' title="bbox 307 1971 1966 2051">
    <p class='ocr_par' dir='ltr' id='par_1_22' title="bbox 307 1971 1966 2051">
     <span class='ocr_line' id='line_1_23' title="bbox 307 1971 1966 2051; baseline 0.003 -25"><span class='ocrx_word' id='word_1_147' title='bbox 307 1972 476 2042; x_wconf 72' lang='grc' dir='ltr'>ἦλθεν</span> <span class='ocrx_word' id='word_1_148' title='bbox 502 1972 552 2027; x_wconf 78' lang='grc' dir='ltr'>ἐν</span> <span class='ocrx_word' id='word_1_149' title='bbox 586 1975 797 2046; x_wconf 86' lang='grc' dir='ltr'>Ταρσοῖ</span> <span class='ocrx_word' id='word_1_150' title='bbox 839 1977 909 2047; x_wconf 77' lang='grc' dir='ltr'><strong>τῇ</strong></span> <span class='ocrx_word' id='word_1_151' title='bbox 940 1971 1126 2028; x_wconf 80' lang='grc' dir='ltr'>πόλει⁶</span> <span class='ocrx_word' id='word_1_152' title='bbox 1185 1973 1431 2030; x_wconf 78' lang='grc' dir='ltr'>κάκεῖθεν</span> <span class='ocrx_word' id='word_1_153' title='bbox 1488 1973 1568 2036; x_wconf 81' lang='grc' dir='ltr'>εἷς</span> <span class='ocrx_word' id='word_1_154' title='bbox 1622 1976 1966 2051; x_wconf 81' lang='grc' dir='ltr'>Ἀντιόχειαν</span> 
     </span>
    </p>
   </div>
   <div class='ocr_carea' id='block_1_23' title="bbox 305 2061 1963 2139">
    <p class='ocr_par' dir='ltr' id='par_1_23' title="bbox 305 2061 1963 2139">
     <span class='ocr_line' id='line_1_24' title="bbox 305 2061 1963 2139; baseline 0.001 -22"><span class='ocrx_word' id='word_1_155' title='bbox 305 2064 658 2136; x_wconf 79' lang='grc' dir='ltr'>θυμομαχῶν</span> <span class='ocrx_word' id='word_1_156' title='bbox 689 2061 827 2116; x_wconf 80' lang='grc' dir='ltr'>κατὰ</span> <span class='ocrx_word' id='word_1_157' title='bbox 853 2066 962 2116; x_wconf 81' lang='grc' dir='ltr'><strong>τῶν</strong></span> <span class='ocrx_word' id='word_1_158' title='bbox 995 2063 1328 2136; x_wconf 76' lang='grc' dir='ltr'>Χριστιανῶν</span> <span class='ocrx_word' id='word_1_159' title='bbox 1370 2063 1458 2118; x_wconf 77' lang='grc' dir='ltr'><strong>καὶ</strong></span> <span class='ocrx_word' id='word_1_160' title='bbox 1493 2062 1963 2139; x_wconf 74' lang='grc' dir='ltr'>έπαπειλούμενος</span> 
     </span>
    </p>
   </div>
   <div class='ocr_carea' id='block_1_24' title="bbox 304 2148 1439 2230">
    <p class='ocr_par' dir='ltr' id='par_1_24' title="bbox 304 2148 1439 2230">
     <span class='ocr_line' id='line_1_25' title="bbox 304 2148 1439 2230; baseline 0.004 -24"><span class='ocrx_word' id='word_1_161' title='bbox 304 2153 369 2206; x_wconf 88' lang='grc' dir='ltr'>τὸ</span> <span class='ocrx_word' id='word_1_162' title='bbox 397 2150 609 2208; x_wconf 83' lang='grc' dir='ltr'>τούτων</span> <span class='ocrx_word' id='word_1_163' title='bbox 636 2151 711 2213; x_wconf 79' lang='grc' dir='ltr'>εἷς</span> <span class='ocrx_word' id='word_1_164' title='bbox 742 2148 878 2206; x_wconf 75' lang='grc' dir='ltr'>ἅπαν</span> <span class='ocrx_word' id='word_1_165' title='bbox 912 2150 1210 2230; x_wconf 78' lang='grc' dir='ltr'>ἐξαλείφειν</span> <span class='ocrx_word' id='word_1_166' title='bbox 1245 2150 1439 2227; x_wconf 75' lang='grc' dir='ltr'>ὄνομα.</span> 
     </span>
    </p>
   </div>
   <div class='ocr_carea' id='block_1_25' title="bbox 380 2257 1967 2337">
    <p class='ocr_par' dir='ltr' id='par_1_25' title="bbox 380 2257 1967 2337">
     <span class='ocr_line' id='line_1_26' title="bbox 380 2257 1967 2337; baseline 0.001 -22"><span class='ocrx_word' id='word_1_167' title='bbox 380 2260 475 2318; x_wconf 67' lang='grc' dir='ltr'>κε’.</span> <span class='ocrx_word' id='word_1_168' title='bbox 502 2257 749 2316; x_wconf 84' lang='grc' dir='ltr'>Ἐλθόντι</span> <span class='ocrx_word' id='word_1_169' title='bbox 779 2263 1071 2335; x_wconf 79' lang='grc' dir='ltr'>τοιγαροῦν</span> <span class='ocrx_word' id='word_1_170' title='bbox 1125 2264 1206 2331; x_wconf 78' lang='grc' dir='ltr'><strong>τῷ</strong></span> <span class='ocrx_word' id='word_1_171' title='bbox 1263 2262 1506 2336; x_wconf 81' lang='grc' dir='ltr'>τυράννῳ</span> <span class='ocrx_word' id='word_1_172' title='bbox 1566 2260 1618 2317; x_wconf 79' lang='grc' dir='ltr'>ἐν</span> <span class='ocrx_word' id='word_1_173' title='bbox 1655 2263 1967 2337; x_wconf 77' lang='grc' dir='ltr'>Ἀντιοχείᾳ</span> 
     </span>
    </p>
   </div>
   <div class='ocr_carea' id='block_1_26' title="bbox 310 2346 1965 2424">
    <p class='ocr_par' dir='ltr' id='par_1_26' title="bbox 310 2346 1965 2424">
     <span class='ocr_line' id='line_1_27' title="bbox 310 2346 1965 2424; baseline 0.001 -19"><span class='ocrx_word' id='word_1_174' title='bbox 310 2353 381 2423; x_wconf 76' lang='grc' dir='ltr'><strong>τῇ</strong></span> <span class='ocrx_word' id='word_1_175' title='bbox 412 2346 576 2403; x_wconf 86' lang='grc' dir='ltr'>πόλει</span> <span class='ocrx_word' id='word_1_176' title='bbox 606 2349 693 2403; x_wconf 84' lang='grc' dir='ltr'><strong>καὶ</strong></span> <span class='ocrx_word' id='word_1_177' title='bbox 727 2351 864 2423; x_wconf 83' lang='grc' dir='ltr'>πρὸς</span> <span class='ocrx_word' id='word_1_178' title='bbox 893 2353 1011 2410; x_wconf 89' lang='grc' dir='ltr'>τοῖς</span> <span class='ocrx_word' id='word_1_179' title='bbox 1048 2348 1350 2424; x_wconf 83' lang='grc' dir='ltr'>βασιλείοις</span> <span class='ocrx_word' id='word_1_180' title='bbox 1405 2348 1582 2415; x_wconf 69' lang='grc' dir='ltr'>οἴκοις</span> <span class='ocrx_word' id='word_1_181' title='bbox 1609 2351 1965 2423; x_wconf 85' lang='grc' dir='ltr'>κατασκηνώ-</span> 
     </span>
    </p>
   </div>
   <div class='ocr_carea' id='block_1_27' title="bbox 308 2435 1967 2517">
    <p class='ocr_par' dir='ltr' id='par_1_27' title="bbox 308 2435 1967 2517">
     <span class='ocr_line' id='line_1_28' title="bbox 308 2435 1967 2517; baseline 0.001 -22"><span class='ocrx_word' id='word_1_182' title='bbox 308 2459 484 2509; x_wconf 90' lang='grc' dir='ltr'>σαντι,</span> <span class='ocrx_word' id='word_1_183' title='bbox 515 2440 602 2492; x_wconf 80' lang='lat' dir='ltr'><strong>xui</strong></span> <span class='ocrx_word' id='word_1_184' title='bbox 639 2435 768 2493; x_wconf 72' lang='grc' dir='ltr'>οὐδὲ</span> <span class='ocrx_word' id='word_1_185' title='bbox 796 2438 933 2512; x_wconf 87' lang='grc' dir='ltr'>πρὸς</span> <span class='ocrx_word' id='word_1_186' title='bbox 968 2437 1179 2513; x_wconf 77' lang='grc' dir='ltr'>ἡμέραν</span> <span class='ocrx_word' id='word_1_187' title='bbox 1218 2440 1345 2512; x_wconf 85' lang='grc' dir='ltr'>μίαν</span> <span class='ocrx_word' id='word_1_188' title='bbox 1378 2441 1744 2515; x_wconf 75' lang='grc' dir='ltr'>ἡσυχάσαντι,</span> <span class='ocrx_word' id='word_1_189' title='bbox 1792 2462 1967 2517; x_wconf 84' lang='grc' dir='ltr'>προσ-</span> 
     </span>
    </p>
   </div>
   <div class='ocr_carea' id='block_1_28' title="bbox 304 2526 1964 2607">
    <p class='ocr_par' dir='ltr' id='par_1_28' title="bbox 304 2526 1964 2607">
     <span class='ocr_line' id='line_1_29' title="bbox 304 2526 1964 2607; baseline 0.002 -24"><span class='ocrx_word' id='word_1_190' title='bbox 304 2532 559 2605; x_wconf 71' lang='grc' dir='ltr'>ήχθησαν</span> <span class='ocrx_word' id='word_1_191' title='bbox 596 2529 748 2600; x_wconf 87' lang='grc' dir='ltr'>αὐτῷ</span> <span class='ocrx_word' id='word_1_192' title='bbox 780 2526 961 2603; x_wconf 83' lang='grc' dir='ltr'>ὥσπερ</span> <span class='ocrx_word' id='word_1_193' title='bbox 997 2529 1102 2582; x_wconf 82' lang='grc' dir='ltr'><strong>ἀπό</strong></span> <span class='ocrx_word' id='word_1_194' title='bbox 1153 2550 1298 2591; x_wconf 87' lang='grc' dir='ltr'>τινος</span> <span class='ocrx_word' id='word_1_195' title='bbox 1345 2530 1803 2607; x_wconf 70' lang='grc' dir='ltr'>παραγγέλματος</span> <span class='ocrx_word' id='word_1_196' title='bbox 1836 2529 1964 2587; x_wconf 86' lang='grc' dir='ltr'>δια-</span> 
     </span>
    </p>
   </div>
   <div class='ocr_carea' id='block_1_29' title="bbox 307 2614 1967 2696">
    <p class='ocr_par' dir='ltr' id='par_1_29' title="bbox 307 2614 1967 2696">
     <span class='ocr_line' id='line_1_30' title="bbox 307 2614 1967 2696; baseline 0.002 -22"><span class='ocrx_word' id='word_1_197' title='bbox 307 2614 627 2691; x_wconf 74' lang='grc' dir='ltr'>ϐληθέντες,</span> <span class='ocrx_word' id='word_1_198' title='bbox 661 2616 923 2693; x_wconf 87' lang='grc' dir='ltr'>Εὐγένιος</span> <span class='ocrx_word' id='word_1_199' title='bbox 979 2618 1071 2672; x_wconf 81' lang='grc' dir='ltr'><strong>καὶ</strong></span> <span class='ocrx_word' id='word_1_200' title='bbox 1126 2620 1410 2695; x_wconf 74' lang='grc' dir='ltr'>Μακάριος</span> <span class='ocrx_word' id='word_1_201' title='bbox 1473 2615 1833 2696; x_wconf 76' lang='grc' dir='ltr'>πρεσϐύτεροι</span> <span class='ocrx_word' id='word_1_202' title='bbox 1866 2628 1967 2692; x_wconf 81' lang='grc' dir='ltr'><strong>τῆς</strong></span> 
     </span>
    </p>
   </div>
   <div class='ocr_carea' id='block_1_30' title="bbox 303 2706 1965 2785">
    <p class='ocr_par' dir='ltr' id='par_1_30' title="bbox 303 2706 1965 2785">
     <span class='ocr_line' id='line_1_31' title="bbox 303 2706 1965 2785; baseline 0.001 -21"><span class='ocrx_word' id='word_1_203' title='bbox 303 2708 358 2765; x_wconf 78' lang='grc' dir='ltr'>ἐν</span> <span class='ocrx_word' id='word_1_204' title='bbox 415 2707 727 2783; x_wconf 83' lang='grc' dir='ltr'>’Δντιοχείᾳ</span> <span class='ocrx_word' id='word_1_205' title='bbox 802 2706 1135 2777; x_wconf 85' lang='grc' dir='ltr'>Ἐκκλησίας</span> <span class='ocrx_word' id='word_1_206' title='bbox 1214 2709 1574 2784; x_wconf 71' lang='grc' dir='ltr'>ὑπάρχοντεςο</span> <span class='ocrx_word' id='word_1_207' title='bbox 1627 2709 1721 2773; x_wconf 78' lang='grc' dir='ltr'><strong>οῦς</strong></span> <span class='ocrx_word' id='word_1_208' title='bbox 1752 2731 1965 2785; x_wconf 87' lang='grc' dir='ltr'>προκα-</span> 
     </span>
    </p>
   </div>
   <div class='ocr_carea' id='block_1_31' title="bbox 302 2796 1963 2875">
    <p class='ocr_par' dir='ltr' id='par_1_31' title="bbox 302 2796 1963 2875">
     <span class='ocr_line' id='line_1_32' title="bbox 302 2796 1963 2875; baseline 0.002 -22"><span class='ocrx_word' id='word_1_209' title='bbox 302 2800 454 2863; x_wconf 86' lang='grc' dir='ltr'>θίσας</span> <span class='ocrx_word' id='word_1_210' title='bbox 486 2798 572 2853; x_wconf 77' lang='grc' dir='ltr'><strong>ἐπὶ</strong></span> <span class='ocrx_word' id='word_1_211' title='bbox 602 2802 699 2853; x_wconf 81' lang='grc' dir='ltr'><strong>τοῦ</strong></span> <span class='ocrx_word' id='word_1_212' title='bbox 734 2799 1007 2873; x_wconf 74' lang='grc' dir='ltr'>βήματος,</span> <span class='ocrx_word' id='word_1_213' title='bbox 1064 2796 1314 2853; x_wconf 78' lang='grc' dir='ltr'>ἐκέλευσε</span> <span class='ocrx_word' id='word_1_214' title='bbox 1362 2807 1699 2875; x_wconf 79' lang='grc' dir='ltr'>παραστῆναι</span> <span class='ocrx_word' id='word_1_215' title='bbox 1758 2801 1786 2855; x_wconf 89' lang='lat'><strong>6</strong></span> <span class='ocrx_word' id='word_1_216' title='bbox 1840 2802 1963 2856; x_wconf 82' lang='grc' dir='ltr'>ἀλι-</span> 
     </span>
    </p>
   </div>
   <div class='ocr_carea' id='block_1_32' title="bbox 299 2886 1961 2966">
    <p class='ocr_par' dir='ltr' id='par_1_32' title="bbox 299 2886 1961 2966">
     <span class='ocr_line' id='line_1_33' title="bbox 299 2886 1961 2966; baseline 0.001 -21"><span class='ocrx_word' id='word_1_217' title='bbox 299 2891 515 2964; x_wconf 75' lang='grc' dir='ltr'>τήριος,</span> <span class='ocrx_word' id='word_1_218' title='bbox 545 2887 633 2943; x_wconf 77' lang='grc' dir='ltr'><strong>καί</strong></span> <span class='ocrx_word' id='word_1_219' title='bbox 658 2909 786 2965; x_wconf 87' lang='grc' dir='ltr'>φησι</span> <span class='ocrx_word' id='word_1_220' title='bbox 817 2888 955 2963; x_wconf 89' lang='grc' dir='ltr'>πρὸς</span> <span class='ocrx_word' id='word_1_221' title='bbox 988 2886 1215 2949; x_wconf 81' lang='grc' dir='ltr'>αὐτούς’</span> <span class='ocrx_word' id='word_1_222' title='bbox 1277 2888 1436 2951; x_wconf 90' lang='grc' dir='ltr'>Τίνες</span> <span class='ocrx_word' id='word_1_223' title='bbox 1496 2889 1612 2943; x_wconf 77' lang='grc' dir='ltr'><strong>ἐστὲ</strong></span> <span class='ocrx_word' id='word_1_224' title='bbox 1659 2888 1961 2966; x_wconf 80' lang='grc' dir='ltr'>ἅνθρωποι,</span> 
     </span>
    </p>
   </div>
   <div class='ocr_carea' id='block_1_33' title="bbox 300 2977 1965 3053">
    <p class='ocr_par' dir='ltr' id='par_1_33' title="bbox 300 2977 1965 3053">
     <span class='ocr_line' id='line_1_34' title="bbox 300 2977 1965 3053; baseline 0.001 -21"><span class='ocrx_word' id='word_1_225' title='bbox 300 2978 397 3033; x_wconf 82' lang='grc' dir='ltr'><strong>καὶ</strong></span> <span class='ocrx_word' id='word_1_226' title='bbox 450 2978 614 3033; x_wconf 85' lang='grc' dir='ltr'>ποίου</span> <span class='ocrx_word' id='word_1_227' title='bbox 677 2978 803 3053; x_wconf 86' lang='grc' dir='ltr'>βίου</span> <span class='ocrx_word' id='word_1_228' title='bbox 860 2977 950 3031; x_wconf 81' lang='grc' dir='ltr'><strong>καὶ</strong></span> <span class='ocrx_word' id='word_1_229' title='bbox 1034 2977 1214 3052; x_wconf 84' lang='grc' dir='ltr'>τύχης</span> <span class='ocrx_word' id='word_1_230' title='bbox 1263 2977 1652 3053; x_wconf 50' lang='grc' dir='ltr'>τυγχάνοντες,</span> <span class='ocrx_word' id='word_1_231' title='bbox 1713 2977 1804 3033; x_wconf 81' lang='grc' dir='ltr'>ἐπὶ</span> <span class='ocrx_word' id='word_1_232' title='bbox 1865 2983 1965 3035; x_wconf 90' lang='grc' dir='ltr'><strong>τοῦ</strong></span> 
     </span>
    </p>
   </div>
   <div class='ocr_carea' id='block_1_34' title="bbox 302 3066 1960 3147">
    <p class='ocr_par' dir='ltr' id='par_1_34' title="bbox 302 3066 1960 3147">
     <span class='ocr_line' id='line_1_35' title="bbox 302 3066 1960 3147; baseline -0.008 -28"><span class='ocrx_word' id='word_1_233' title='bbox 302 3069 572 3143; x_wconf 74' lang='grc' dir='ltr'>ἡμετέρον</span> <span class='ocrx_word' id='word_1_234' title='bbox 669 3068 1033 3143; x_wconf 76' lang='grc' dir='ltr'>προσήχθητε</span> <span class='ocrx_word' id='word_1_235' title='bbox 1108 3067 1360 3142; x_wconf 80' lang='grc' dir='ltr'>βήματος</span> <span class='ocrx_word' id='word_1_236' title='bbox 1420 3087 1435 3137; x_wconf 76' lang='grc' dir='ltr'><strong>ς</strong></span> <span class='ocrx_word' id='word_1_237' title='bbox 1516 3066 1776 3145; x_wconf 86' lang='grc' dir='ltr'>Εὐγένιος</span> <span class='ocrx_word' id='word_1_238' title='bbox 1832 3067 1960 3147; x_wconf 78' lang='grc' dir='ltr'>ἔφη.</span> 
     </span>
    </p>
   </div>
   <div class='ocr_carea' id='block_1_35' title="bbox 300 3154 1964 3234">
    <p class='ocr_par' dir='ltr' id='par_1_35' title="bbox 300 3154 1964 3234">
     <span class='ocr_line' id='line_1_36' title="bbox 300 3154 1964 3234; baseline -0.001 -19"><span class='ocrx_word' id='word_1_239' title='bbox 300 3156 617 3234; x_wconf 80' lang='grc' dir='ltr'>Χριστιανοί</span> <span class='ocrx_word' id='word_1_240' title='bbox 648 3154 836 3230; x_wconf 80' lang='grc' dir='ltr'>ἐσμεν,</span> <span class='ocrx_word' id='word_1_241' title='bbox 868 3154 959 3210; x_wconf 76' lang='grc' dir='ltr'>καί</span> <span class='ocrx_word' id='word_1_242' title='bbox 1018 3162 1118 3225; x_wconf 81' lang='grc' dir='ltr'>τῆς</span> <span class='ocrx_word' id='word_1_243' title='bbox 1174 3157 1413 3230; x_wconf 76' lang='grc' dir='ltr'>Χριστοῦ</span> <span class='ocrx_word' id='word_1_244' title='bbox 1458 3156 1699 3230; x_wconf 84' lang='grc' dir='ltr'>ποίμνης</span> <span class='ocrx_word' id='word_1_245' title='bbox 1728 3156 1964 3234; x_wconf 83' lang='grc' dir='ltr'>ἆγελάρ-</span> 
     </span>
    </p>
   </div>
   <div class='ocr_carea' id='block_1_36' title="bbox 2080 540 3731 614">
    <p class='ocr_par' dir='ltr' id='par_1_36' title="bbox 2080 540 3731 614">
     <span class='ocr_line' id='line_1_37' title="bbox 2080 540 3731 614; baseline -0.001 -15"><span class='ocrx_word' id='word_1_246' title='bbox 2080 543 2323 614; x_wconf 86' lang='lat' dir='ltr'><strong>aliquod</strong></span> <span class='ocrx_word' id='word_1_247' title='bbox 2382 543 2667 614; x_wconf 89' lang='lat' dir='ltr'><strong>temporis</strong></span> <span class='ocrx_word' id='word_1_248' title='bbox 2726 540 3092 609; x_wconf 79' lang='lat' dir='ltr'><strong>morabatur,</strong></span> <span class='ocrx_word' id='word_1_249' title='bbox 3126 542 3190 595; x_wconf 92' lang='lat' dir='ltr'><strong>in</strong></span> <span class='ocrx_word' id='word_1_250' title='bbox 3223 557 3292 596; x_wconf 89' lang='lat' dir='ltr'><strong>ea</strong></span> <span class='ocrx_word' id='word_1_251' title='bbox 3336 543 3731 599; x_wconf 79' lang='lat' dir='ltr'><strong>corroborans</strong></span> 
     </span>
    </p>
   </div>
   <div class='ocr_carea' id='block_1_37' title="bbox 2080 630 3732 704">
    <p class='ocr_par' dir='ltr' id='par_1_37' title="bbox 2080 630 3732 704">
     <span class='ocr_line' id='line_1_38' title="bbox 2080 630 3732 704; baseline -0.001 -17"><span class='ocrx_word' id='word_1_252' title='bbox 2080 651 2212 704; x_wconf 70' lang='lat' dir='ltr'><strong>quae</strong></span> <span class='ocrx_word' id='word_1_253' title='bbox 2244 633 2620 687; x_wconf 79' lang='lat' dir='ltr'><strong>existimabat</strong></span> <span class='ocrx_word' id='word_1_254' title='bbox 2650 632 2907 687; x_wconf 84' lang='lat' dir='ltr'><strong>maxime</strong></span> <span class='ocrx_word' id='word_1_255' title='bbox 2956 630 3227 686; x_wconf 84' lang='lat' dir='ltr'><strong>conferre</strong></span> <span class='ocrx_word' id='word_1_256' title='bbox 3251 630 3326 685; x_wconf 90' lang='lat' dir='ltr'><strong>ad</strong></span> <span class='ocrx_word' id='word_1_257' title='bbox 3358 631 3583 687; x_wconf 88' lang='lat' dir='ltr'><strong>bonum</strong></span> <span class='ocrx_word' id='word_1_258' title='bbox 3616 633 3732 686; x_wconf 89' lang='lat' dir='ltr'><strong>im-</strong></span> 
     </span>
    </p>
   </div>
   <div class='ocr_carea' id='block_1_38' title="bbox 2079 720 3733 793">
    <p class='ocr_par' dir='ltr' id='par_1_38' title="bbox 2079 720 3733 793">
     <span class='ocr_line' id='line_1_39' title="bbox 2079 720 3733 793; baseline -0.001 -17"><span class='ocrx_word' id='word_1_259' title='bbox 2079 723 2250 793; x_wconf 88' lang='lat' dir='ltr'><strong>perii,</strong></span> <span class='ocrx_word' id='word_1_260' title='bbox 2285 722 2580 792; x_wconf 86' lang='lat' dir='ltr'><strong>simulque</strong></span> <span class='ocrx_word' id='word_1_261' title='bbox 2612 739 2827 777; x_wconf 88' lang='lat' dir='ltr'><strong>curans</strong></span> <span class='ocrx_word' id='word_1_262' title='bbox 2858 727 3035 791; x_wconf 89' lang='lat' dir='ltr'><strong>atque</strong></span> <span class='ocrx_word' id='word_1_263' title='bbox 3068 720 3271 775; x_wconf 89' lang='lat' dir='ltr'><strong>omnia</strong></span> <span class='ocrx_word' id='word_1_264' title='bbox 3311 721 3633 791; x_wconf 86' lang='lat' dir='ltr'><strong>disponens</strong></span> <span class='ocrx_word' id='word_1_265' title='bbox 3666 726 3733 776; x_wconf 90' lang='lat' dir='ltr'><strong>ut</strong></span> 
     </span>
    </p>
   </div>
   <div class='ocr_carea' id='block_1_39' title="bbox 2079 810 3735 884">
    <p class='ocr_par' dir='ltr' id='par_1_39' title="bbox 2079 810 3735 884">
     <span class='ocr_line' id='line_1_40' title="bbox 2079 810 3735 884; baseline 0 -19"><span class='ocrx_word' id='word_1_266' title='bbox 2079 812 2456 884; x_wconf 89' lang='lat' dir='ltr'><strong>gentilismus</strong></span> <span class='ocrx_word' id='word_1_267' title='bbox 2486 812 2798 883; x_wconf 80' lang='lat' dir='ltr'><strong>magnifice</strong></span> <span class='ocrx_word' id='word_1_268' title='bbox 2858 810 3263 865; x_wconf 86' lang='lat' dir='ltr'><strong>extolleretur.</strong></span> <span class='ocrx_word' id='word_1_269' title='bbox 3297 812 3512 865; x_wconf 83' lang='lat' dir='ltr'><strong>Postea</strong></span> <span class='ocrx_word' id='word_1_270' title='bbox 3542 812 3735 882; x_wconf 82' lang='lat' dir='ltr'><strong>profe-</strong></span> 
     </span>
    </p>
   </div>
   <div class='ocr_carea' id='block_1_40' title="bbox 2081 901 3731 971">
    <p class='ocr_par' dir='ltr' id='par_1_40' title="bbox 2081 901 3731 971">
     <span class='ocr_line' id='line_1_41' title="bbox 2081 901 3731 971; baseline -0.001 -15"><span class='ocrx_word' id='word_1_271' title='bbox 2081 907 2209 956; x_wconf 90' lang='lat' dir='ltr'><strong>ctus</strong></span> <span class='ocrx_word' id='word_1_272' title='bbox 2268 901 2781 971; x_wconf 87' lang='lat' dir='ltr'><strong>Constantinopoli</strong></span> <span class='ocrx_word' id='word_1_273' title='bbox 2837 916 2971 954; x_wconf 91' lang='lat' dir='ltr'><strong>cum</strong></span> <span class='ocrx_word' id='word_1_274' title='bbox 3016 901 3293 955; x_wconf 88' lang='lat' dir='ltr'><strong>universo</strong></span> <span class='ocrx_word' id='word_1_275' title='bbox 3345 901 3609 955; x_wconf 87' lang='lat' dir='ltr'><strong>exercitu</strong></span> <span class='ocrx_word' id='word_1_276' title='bbox 3669 901 3731 955; x_wconf 89' lang='lat' dir='ltr'><strong>in</strong></span> 
     </span>
    </p>
   </div>
   <div class='ocr_carea' id='block_1_41' title="bbox 2081 989 3733 1063">
    <p class='ocr_par' dir='ltr' id='par_1_41' title="bbox 2081 989 3733 1063">
     <span class='ocr_line' id='line_1_42' title="bbox 2081 989 3733 1063; baseline 0.001 -18"><span class='ocrx_word' id='word_1_277' title='bbox 2081 990 2309 1061; x_wconf 89' lang='lat' dir='ltr'><strong>Syriam</strong></span> <span class='ocrx_word' id='word_1_278' title='bbox 2342 990 2454 1043; x_wconf 86' lang='lat' dir='ltr'><strong>iter</strong></span> <span class='ocrx_word' id='word_1_279' title='bbox 2484 989 2761 1045; x_wconf 88' lang='lat' dir='ltr'><strong>instituit.</strong></span> <span class='ocrx_word' id='word_1_280' title='bbox 2807 991 2917 1043; x_wconf 89' lang='lat' dir='ltr'><strong>Per</strong></span> <span class='ocrx_word' id='word_1_281' title='bbox 2948 995 3133 1043; x_wconf 85' lang='lat' dir='ltr'><strong>totam</strong></span> <span class='ocrx_word' id='word_1_282' title='bbox 3184 990 3362 1061; x_wconf 81' lang='lat' dir='ltr'><strong>igitur</strong></span> <span class='ocrx_word' id='word_1_283' title='bbox 3415 990 3733 1063; x_wconf 83' lang='lat' dir='ltr'><strong>Phrygiam</strong></span> 
     </span>
    </p>
   </div>
   <div class='ocr_carea' id='block_1_42' title="bbox 2080 1078 3734 1151">
    <p class='ocr_par' dir='ltr' id='par_1_42' title="bbox 2080 1078 3734 1151">
     <span class='ocr_line' id='line_1_43' title="bbox 2080 1078 3734 1151; baseline 0.001 -17"><span class='ocrx_word' id='word_1_284' title='bbox 2080 1079 2402 1145; x_wconf 89' lang='lat' dir='ltr'><strong>transiens,</strong></span> <span class='ocrx_word' id='word_1_285' title='bbox 2436 1096 2572 1134; x_wconf 90' lang='lat' dir='ltr'><strong>cum</strong></span> <span class='ocrx_word' id='word_1_286' title='bbox 2612 1079 2685 1133; x_wconf 88' lang='lat' dir='ltr'><strong>ad</strong></span> <span class='ocrx_word' id='word_1_287' title='bbox 2738 1084 3062 1133; x_wconf 83' lang='lat' dir='ltr'><strong>extremam</strong></span> <span class='ocrx_word' id='word_1_288' title='bbox 3103 1078 3283 1150; x_wconf 85' lang='lat' dir='ltr'><strong>hujus</strong></span> <span class='ocrx_word' id='word_1_289' title='bbox 3331 1080 3591 1151; x_wconf 81' lang='lat' dir='ltr'><strong>regionis</strong></span> <span class='ocrx_word' id='word_1_290' title='bbox 3634 1096 3734 1135; x_wconf 84' lang='lat' dir='ltr'><strong>ve-</strong></span> 
     </span>
    </p>
   </div>
   <div class='ocr_carea' id='block_1_43' title="bbox 2079 1168 3734 1239">
    <p class='ocr_par' dir='ltr' id='par_1_43' title="bbox 2079 1168 3734 1239">
     <span class='ocr_line' id='line_1_44' title="bbox 2079 1168 3734 1239; baseline 0.001 -16"><span class='ocrx_word' id='word_1_291' title='bbox 2079 1169 2268 1223; x_wconf 87' lang='lat' dir='ltr'><strong>nisset</strong></span> <span class='ocrx_word' id='word_1_292' title='bbox 2298 1168 2617 1234; x_wconf 86' lang='lat' dir='ltr'><strong>civitatem,</strong></span> <span class='ocrx_word' id='word_1_293' title='bbox 2667 1185 2798 1239; x_wconf 62' lang='lat' dir='ltr'><strong>qua:</strong></span> <span class='ocrx_word' id='word_1_294' title='bbox 2837 1173 3079 1222; x_wconf 81' lang='lat' dir='ltr'><strong>vocatur</strong></span> <span class='ocrx_word' id='word_1_295' title='bbox 3115 1168 3405 1237; x_wconf 88' lang='lat' dir='ltr'><strong>Iconium,</strong></span> <span class='ocrx_word' id='word_1_296' title='bbox 3464 1169 3734 1225; x_wconf 89' lang='lat' dir='ltr'><strong>declina-</strong></span> 
     </span>
    </p>
   </div>
   <div class='ocr_carea' id='block_1_44' title="bbox 2079 1258 3730 1328">
    <p class='ocr_par' dir='ltr' id='par_1_44' title="bbox 2079 1258 3730 1328">
     <span class='ocr_line' id='line_1_45' title="bbox 2079 1258 3730 1328; baseline 0.002 -17"><span class='ocrx_word' id='word_1_297' title='bbox 2079 1258 2182 1326; x_wconf 85' lang='lat' dir='ltr'><strong>vit,</strong></span> <span class='ocrx_word' id='word_1_298' title='bbox 2226 1258 2450 1313; x_wconf 85' lang='lat' dir='ltr'><strong>omissa</strong></span> <span class='ocrx_word' id='word_1_299' title='bbox 2520 1258 2765 1313; x_wconf 87' lang='lat' dir='ltr'><strong>Isauria.</strong></span> <span class='ocrx_word' id='word_1_300' title='bbox 2827 1258 2975 1311; x_wconf 90' lang='lat' dir='ltr'><strong>Dein</strong></span> <span class='ocrx_word' id='word_1_301' title='bbox 3034 1262 3311 1328; x_wconf 89' lang='lat' dir='ltr'><strong>superato</strong></span> <span class='ocrx_word' id='word_1_302' title='bbox 3382 1263 3583 1314; x_wconf 91' lang='lat' dir='ltr'><strong>monte</strong></span> <span class='ocrx_word' id='word_1_303' title='bbox 3632 1259 3730 1314; x_wconf 87' lang='lat' dir='ltr'><strong>cui</strong></span> 
     </span>
    </p>
   </div>
   <div class='ocr_carea' id='block_1_45' title="bbox 2080 1346 3735 1415">
    <p class='ocr_par' dir='ltr' id='par_1_45' title="bbox 2080 1346 3735 1415">
     <span class='ocr_line' id='line_1_46' title="bbox 2080 1346 3735 1415; baseline 0.001 -14"><span class='ocrx_word' id='word_1_304' title='bbox 2080 1364 2300 1401; x_wconf 90' lang='lat' dir='ltr'><strong>nomen</strong></span> <span class='ocrx_word' id='word_1_305' title='bbox 2322 1349 2569 1414; x_wconf 90' lang='lat' dir='ltr'><strong>Taurus,</strong></span> <span class='ocrx_word' id='word_1_306' title='bbox 2604 1346 2855 1401; x_wconf 88' lang='lat' dir='ltr'><strong>accessit</strong></span> <span class='ocrx_word' id='word_1_307' title='bbox 2912 1346 2985 1400; x_wconf 87' lang='lat' dir='ltr'><strong>ad</strong></span> <span class='ocrx_word' id='word_1_308' title='bbox 3043 1346 3309 1401; x_wconf 84' lang='lat' dir='ltr'><strong>civitates</strong></span> <span class='ocrx_word' id='word_1_309' title='bbox 3356 1347 3626 1415; x_wconf 61' lang='lat' dir='ltr'><strong>Cilicia);</strong></span> <span class='ocrx_word' id='word_1_310' title='bbox 3673 1351 3735 1403; x_wconf 83' lang='lat' dir='ltr'><strong>et</strong></span> 
     </span>
    </p>
   </div>
   <div class='ocr_carea' id='block_1_46' title="bbox 2078 1434 3733 1507">
    <p class='ocr_par' dir='ltr' id='par_1_46' title="bbox 2078 1434 3733 1507">
     <span class='ocr_line' id='line_1_47' title="bbox 2078 1434 3733 1507; baseline 0 -16"><span class='ocrx_word' id='word_1_311' title='bbox 2078 1442 2395 1507; x_wconf 86' lang='lat' dir='ltr'><strong>postquam</strong></span> <span class='ocrx_word' id='word_1_312' title='bbox 2427 1436 2622 1507; x_wconf 86' lang='lat' dir='ltr'><strong>attigit</strong></span> <span class='ocrx_word' id='word_1_313' title='bbox 2650 1436 2968 1491; x_wconf 90' lang='lat' dir='ltr'><strong>stationem</strong></span> <span class='ocrx_word' id='word_1_314' title='bbox 2999 1452 3130 1505; x_wconf 76' lang='lat' dir='ltr'><strong>quae</strong></span> <span class='ocrx_word' id='word_1_315' title='bbox 3172 1440 3263 1490; x_wconf 89' lang='lat' dir='ltr'><strong>est</strong></span> <span class='ocrx_word' id='word_1_316' title='bbox 3297 1434 3373 1491; x_wconf 89' lang='lat' dir='ltr'><strong>ad</strong></span> <span class='ocrx_word' id='word_1_317' title='bbox 3402 1437 3615 1505; x_wconf 90' lang='lat' dir='ltr'><strong>Issum,</strong></span> <span class='ocrx_word' id='word_1_318' title='bbox 3649 1436 3733 1491; x_wconf 88' lang='lat' dir='ltr'><strong>ibi</strong></span> 
     </span>
    </p>
   </div>
   <div class='ocr_carea' id='block_1_47' title="bbox 2079 1525 3739 1596">
    <p class='ocr_par' dir='ltr' id='par_1_47' title="bbox 2079 1525 3739 1596">
     <span class='ocr_line' id='line_1_48' title="bbox 2079 1525 3739 1596; baseline -0.001 -14"><span class='ocrx_word' id='word_1_319' title='bbox 2079 1532 2532 1583; x_wconf 80' lang='lat' dir='ltr'><strong>castrametatus</strong></span> <span class='ocrx_word' id='word_1_320' title='bbox 2566 1532 2673 1596; x_wconf 90' lang='lat' dir='ltr'><strong>est,</strong></span> <span class='ocrx_word' id='word_1_321' title='bbox 2723 1525 3128 1582; x_wconf 81' lang='lat' dir='ltr'><strong>Alexandrum</strong></span> <span class='ocrx_word' id='word_1_322' title='bbox 3187 1525 3567 1581; x_wconf 84' lang='lat' dir='ltr'><strong>Macedonem</strong></span> <span class='ocrx_word' id='word_1_323' title='bbox 3598 1526 3739 1582; x_wconf 90' lang='lat' dir='ltr'><strong>imi-</strong></span> 
     </span>
    </p>
   </div>
   <div class='ocr_carea' id='block_1_48' title="bbox 2078 1615 3737 1688">
    <p class='ocr_par' dir='ltr' id='par_1_48' title="bbox 2078 1615 3737 1688">
     <span class='ocr_line' id='line_1_49' title="bbox 2078 1615 3737 1688; baseline 0.001 -17"><span class='ocrx_word' id='word_1_324' title='bbox 2078 1620 2253 1672; x_wconf 89' lang='lat' dir='ltr'><strong>tatus.</strong></span> <span class='ocrx_word' id='word_1_325' title='bbox 2300 1619 2444 1673; x_wconf 89' lang='lat' dir='ltr'><strong>Nam</strong></span> <span class='ocrx_word' id='word_1_326' title='bbox 2502 1618 2614 1672; x_wconf 87' lang='lat' dir='ltr'><strong>iste</strong></span> <span class='ocrx_word' id='word_1_327' title='bbox 2667 1632 2905 1688; x_wconf 90' lang='lat' dir='ltr'><strong>quoque</strong></span> <span class='ocrx_word' id='word_1_328' title='bbox 2964 1632 3102 1671; x_wconf 91' lang='lat' dir='ltr'><strong>cum</strong></span> <span class='ocrx_word' id='word_1_329' title='bbox 3148 1615 3345 1680; x_wconf 84' lang='lat' dir='ltr'><strong>Dario,</strong></span> <span class='ocrx_word' id='word_1_330' title='bbox 3417 1616 3737 1672; x_wconf 88' lang='lat' dir='ltr'><strong>Persarum</strong></span> 
     </span>
    </p>
   </div>
   <div class='ocr_carea' id='block_1_49' title="bbox 2077 1706 3739 1779">
    <p class='ocr_par' dir='ltr' id='par_1_49' title="bbox 2077 1706 3739 1779">
     <span class='ocr_line' id='line_1_50' title="bbox 2077 1706 3739 1779; baseline 0.001 -18"><span class='ocrx_word' id='word_1_331' title='bbox 2077 1723 2236 1779; x_wconf 89' lang='lat' dir='ltr'><strong>rege,</strong></span> <span class='ocrx_word' id='word_1_332' title='bbox 2270 1707 2395 1763; x_wconf 91' lang='lat' dir='ltr'><strong>illic</strong></span> <span class='ocrx_word' id='word_1_333' title='bbox 2442 1708 2503 1763; x_wconf 92' lang='lat' dir='ltr'><strong>in</strong></span> <span class='ocrx_word' id='word_1_334' title='bbox 2552 1707 2674 1763; x_wconf 91' lang='lat' dir='ltr'><strong>Isso</strong></span> <span class='ocrx_word' id='word_1_335' title='bbox 2715 1707 2990 1779; x_wconf 71' lang='lat' dir='ltr'><strong>prmlium</strong></span> <span class='ocrx_word' id='word_1_336' title='bbox 3050 1707 3395 1777; x_wconf 87' lang='lat' dir='ltr'><strong>commisit;</strong></span> <span class='ocrx_word' id='word_1_337' title='bbox 3427 1722 3544 1778; x_wconf 90' lang='lat' dir='ltr'><strong>quo</strong></span> <span class='ocrx_word' id='word_1_338' title='bbox 3574 1706 3739 1762; x_wconf 86' lang='lat' dir='ltr'><strong>devi-</strong></span> 
     </span>
    </p>
   </div>
   <div class='ocr_carea' id='block_1_50' title="bbox 2077 1796 3735 1869">
    <p class='ocr_par' dir='ltr' id='par_1_50' title="bbox 2077 1796 3735 1869">
     <span class='ocr_line' id='line_1_51' title="bbox 2077 1796 3735 1869; baseline 0.001 -18"><span class='ocrx_word' id='word_1_339' title='bbox 2077 1800 2194 1865; x_wconf 91' lang='lat' dir='ltr'><strong>cto,</strong></span> <span class='ocrx_word' id='word_1_340' title='bbox 2250 1797 2447 1852; x_wconf 91' lang='lat' dir='ltr'><strong>locum</strong></span> <span class='ocrx_word' id='word_1_341' title='bbox 2506 1797 2767 1852; x_wconf 90' lang='lat' dir='ltr'><strong>reddidit</strong></span> <span class='ocrx_word' id='word_1_342' title='bbox 2810 1797 3129 1869; x_wconf 88' lang='lat' dir='ltr'><strong>insignem.</strong></span> <span class='ocrx_word' id='word_1_343' title='bbox 3212 1798 3393 1851; x_wconf 92' lang='lat' dir='ltr'><strong>Porro</strong></span> <span class='ocrx_word' id='word_1_344' title='bbox 3462 1796 3735 1852; x_wconf 80' lang='lat' dir='ltr'><strong>Julianus</strong></span> 
     </span>
    </p>
   </div>
   <div class='ocr_carea' id='block_1_51' title="bbox 2076 1885 3732 1954">
    <p class='ocr_par' dir='ltr' id='par_1_51' title="bbox 2076 1885 3732 1954">
     <span class='ocr_line' id='line_1_52' title="bbox 2076 1885 3732 1954; baseline 0.001 -14"><span class='ocrx_word' id='word_1_345' title='bbox 2076 1885 2295 1941; x_wconf 89' lang='lat' dir='ltr'><strong>isthinc</strong></span> <span class='ocrx_word' id='word_1_346' title='bbox 2324 1887 2572 1943; x_wconf 88' lang='lat' dir='ltr'><strong>Issicum</strong></span> <span class='ocrx_word' id='word_1_347' title='bbox 2605 1887 2804 1942; x_wconf 91' lang='lat' dir='ltr'><strong>sinum</strong></span> <span class='ocrx_word' id='word_1_348' title='bbox 2828 1886 3404 1954; x_wconf 89' lang='lat' dir='ltr'><strong>traductus,Tarsum</strong></span> <span class='ocrx_word' id='word_1_349' title='bbox 3435 1886 3732 1942; x_wconf 87' lang='lat' dir='ltr'><strong>civitatem</strong></span> 
     </span>
    </p>
   </div>
   <div class='ocr_carea' id='block_1_52' title="bbox 2071 1974 3733 2047">
    <p class='ocr_par' dir='ltr' id='par_1_52' title="bbox 2071 1974 3733 2047">
     <span class='ocr_line' id='line_1_53' title="bbox 2071 1974 3733 2047; baseline 0.002 -19"><span class='ocrx_word' id='word_1_350' title='bbox 2071 1976 2251 2043; x_wconf 86' lang='lat' dir='ltr'><strong>venit,</strong></span> <span class='ocrx_word' id='word_1_351' title='bbox 2311 1982 2488 2047; x_wconf 88' lang='lat' dir='ltr'><strong>atque</strong></span> <span class='ocrx_word' id='word_1_352' title='bbox 2546 1976 2687 2031; x_wconf 90' lang='lat' dir='ltr'><strong>hinc</strong></span> <span class='ocrx_word' id='word_1_353' title='bbox 2735 1975 3117 2030; x_wconf 84' lang='lat' dir='ltr'><strong>Antiochiam</strong></span> <span class='ocrx_word' id='word_1_354' title='bbox 3176 1975 3328 2030; x_wconf 89' lang='lat' dir='ltr'><strong>iram</strong></span> <span class='ocrx_word' id='word_1_355' title='bbox 3378 1974 3613 2047; x_wconf 90' lang='lat' dir='ltr'><strong>spirans</strong></span> <span class='ocrx_word' id='word_1_356' title='bbox 3668 1975 3733 2032; x_wconf 87' lang='lat' dir='ltr'><strong>in</strong></span> 
     </span>
    </p>
   </div>
   <div class='ocr_carea' id='block_1_53' title="bbox 2071 2065 3734 2137">
    <p class='ocr_par' dir='ltr' id='par_1_53' title="bbox 2071 2065 3734 2137">
     <span class='ocr_line' id='line_1_54' title="bbox 2071 2065 3734 2137; baseline 0.001 -17"><span class='ocrx_word' id='word_1_357' title='bbox 2071 2066 2461 2135; x_wconf 89' lang='lat' dir='ltr'><strong>Christianos,</strong></span> <span class='ocrx_word' id='word_1_358' title='bbox 2496 2082 2821 2137; x_wconf 90' lang='lat' dir='ltr'><strong>eorumque</strong></span> <span class='ocrx_word' id='word_1_359' title='bbox 2853 2083 3074 2121; x_wconf 88' lang='lat' dir='ltr'><strong>nomen</strong></span> <span class='ocrx_word' id='word_1_360' title='bbox 3107 2082 3170 2121; x_wconf 91' lang='lat' dir='ltr'><strong>se</strong></span> <span class='ocrx_word' id='word_1_361' title='bbox 3205 2082 3453 2137; x_wconf 88' lang='lat' dir='ltr'><strong>prorsus</strong></span> <span class='ocrx_word' id='word_1_362' title='bbox 3495 2065 3734 2122; x_wconf 84' lang='lat' dir='ltr'><strong>deletu-</strong></span> 
     </span>
    </p>
   </div>
   <div class='ocr_carea' id='block_1_54' title="bbox 2070 2156 2544 2211">
    <p class='ocr_par' dir='ltr' id='par_1_54' title="bbox 2070 2156 2544 2211">
     <span class='ocr_line' id='line_1_55' title="bbox 2070 2156 2544 2211; baseline 0.002 -1"><span class='ocrx_word' id='word_1_363' title='bbox 2070 2172 2204 2211; x_wconf 90' lang='lat' dir='ltr'><strong>rum</strong></span> <span class='ocrx_word' id='word_1_364' title='bbox 2236 2156 2544 2211; x_wconf 88' lang='lat' dir='ltr'><strong>minitans.</strong></span> 
     </span>
    </p>
   </div>
   <div class='ocr_carea' id='block_1_55' title="bbox 2141 2263 3729 2335">
    <p class='ocr_par' dir='ltr' id='par_1_55' title="bbox 2141 2263 3729 2335">
     <span class='ocr_line' id='line_1_56' title="bbox 2141 2263 3729 2335; baseline 0.001 -18"><span class='ocrx_word' id='word_1_365' title='bbox 2141 2263 2231 2318; x_wconf 81' lang='lat'><strong>25.</strong></span> <span class='ocrx_word' id='word_1_366' title='bbox 2256 2264 2402 2320; x_wconf 92' lang='lat' dir='ltr'><strong>Cum</strong></span> <span class='ocrx_word' id='word_1_367' title='bbox 2432 2265 2633 2335; x_wconf 87' lang='lat' dir='ltr'><strong>itaque</strong></span> <span class='ocrx_word' id='word_1_368' title='bbox 2684 2264 3063 2320; x_wconf 80' lang='lat' dir='ltr'><strong>Antiochiam</strong></span> <span class='ocrx_word' id='word_1_369' title='bbox 3108 2265 3372 2320; x_wconf 83' lang='lat' dir='ltr'><strong>venisset</strong></span> <span class='ocrx_word' id='word_1_370' title='bbox 3410 2269 3729 2335; x_wconf 88' lang='lat' dir='ltr'><strong>tyrannus,</strong></span> 
     </span>
    </p>
   </div>
   <div class='ocr_carea' id='block_1_56' title="bbox 2073 2350 3736 2422">
    <p class='ocr_par' dir='ltr' id='par_1_56' title="bbox 2073 2350 3736 2422">
     <span class='ocr_line' id='line_1_57' title="bbox 2073 2350 3736 2422; baseline 0.002 -18"><span class='ocrx_word' id='word_1_371' title='bbox 2073 2350 2213 2405; x_wconf 91' lang='lat' dir='ltr'><strong>etin</strong></span> <span class='ocrx_word' id='word_1_372' title='bbox 2235 2350 2479 2406; x_wconf 91' lang='lat' dir='ltr'><strong>domum</strong></span> <span class='ocrx_word' id='word_1_373' title='bbox 2507 2351 2843 2407; x_wconf 89' lang='lat' dir='ltr'><strong>divertisset</strong></span> <span class='ocrx_word' id='word_1_374' title='bbox 2873 2352 3345 2422; x_wconf 88' lang='lat' dir='ltr'><strong>imperatoriam,</strong></span> <span class='ocrx_word' id='word_1_375' title='bbox 3378 2357 3438 2405; x_wconf 89' lang='lat' dir='ltr'><strong>et</strong></span> <span class='ocrx_word' id='word_1_376' title='bbox 3488 2369 3565 2408; x_wconf 94' lang='lat' dir='ltr'><strong>ne</strong></span> <span class='ocrx_word' id='word_1_377' title='bbox 3612 2366 3736 2407; x_wconf 84' lang='lat' dir='ltr'><strong>una</strong></span> 
     </span>
    </p>
   </div>
   <div class='ocr_carea' id='block_1_57' title="bbox 2073 2440 3731 2512">
    <p class='ocr_par' dir='ltr' id='par_1_57' title="bbox 2073 2440 3731 2512">
     <span class='ocr_line' id='line_1_58' title="bbox 2073 2440 3731 2512; baseline 0 -18"><span class='ocrx_word' id='word_1_378' title='bbox 2073 2440 2316 2512; x_wconf 87' lang='lat' dir='ltr'><strong>quidem</strong></span> <span class='ocrx_word' id='word_1_379' title='bbox 2371 2441 2465 2495; x_wconf 91' lang='lat' dir='ltr'><strong>die</strong></span> <span class='ocrx_word' id='word_1_380' title='bbox 2524 2441 2865 2512; x_wconf 85' lang='lat' dir='ltr'><strong>quievisset,</strong></span> <span class='ocrx_word' id='word_1_381' title='bbox 2924 2440 3163 2496; x_wconf 88' lang='lat' dir='ltr'><strong>adducti</strong></span> <span class='ocrx_word' id='word_1_382' title='bbox 3219 2445 3360 2495; x_wconf 89' lang='lat' dir='ltr'><strong>sunt</strong></span> <span class='ocrx_word' id='word_1_383' title='bbox 3441 2441 3514 2495; x_wconf 89' lang='lat' dir='ltr'><strong>ad</strong></span> <span class='ocrx_word' id='word_1_384' title='bbox 3569 2456 3731 2508; x_wconf 86' lang='lat' dir='ltr'><strong>eum,</strong></span> 
     </span>
    </p>
   </div>
   <div class='ocr_carea' id='block_1_58' title="bbox 2071 2530 3735 2602">
    <p class='ocr_par' dir='ltr' id='par_1_58' title="bbox 2071 2530 3735 2602">
     <span class='ocr_line' id='line_1_59' title="bbox 2071 2530 3735 2602; baseline 0.001 -18"><span class='ocrx_word' id='word_1_385' title='bbox 2071 2530 2242 2600; x_wconf 90' lang='lat' dir='ltr'><strong>quasi</strong></span> <span class='ocrx_word' id='word_1_386' title='bbox 2275 2546 2343 2585; x_wconf 88' lang='lat' dir='ltr'><strong>ex</strong></span> <span class='ocrx_word' id='word_1_387' title='bbox 2391 2530 2666 2586; x_wconf 91' lang='lat' dir='ltr'><strong>condicto</strong></span> <span class='ocrx_word' id='word_1_388' title='bbox 2716 2530 3002 2598; x_wconf 87' lang='lat' dir='ltr'><strong>accusati,</strong></span> <span class='ocrx_word' id='word_1_389' title='bbox 3070 2530 3367 2602; x_wconf 87' lang='lat' dir='ltr'><strong>Eugenius</strong></span> <span class='ocrx_word' id='word_1_390' title='bbox 3424 2534 3484 2585; x_wconf 90' lang='lat' dir='ltr'><strong>et</strong></span> <span class='ocrx_word' id='word_1_391' title='bbox 3540 2532 3735 2585; x_wconf 84' lang='lat' dir='ltr'><strong>Maca-</strong></span> 
     </span>
    </p>
   </div>
   <div class='ocr_carea' id='block_1_59' title="bbox 2071 2619 3734 2690">
    <p class='ocr_par' dir='ltr' id='par_1_59' title="bbox 2071 2619 3734 2690">
     <span class='ocr_line' id='line_1_60' title="bbox 2071 2619 3734 2690; baseline 0.001 -17"><span class='ocrx_word' id='word_1_392' title='bbox 2071 2620 2221 2684; x_wconf 87' lang='lat' dir='ltr'><strong>rius,</strong></span> <span class='ocrx_word' id='word_1_393' title='bbox 2277 2620 2666 2675; x_wconf 69' lang='lat' dir='ltr'><strong>Antiochenm</strong></span> <span class='ocrx_word' id='word_1_394' title='bbox 2711 2619 2990 2675; x_wconf 65' lang='lat' dir='ltr'><strong>Ecclesia;</strong></span> <span class='ocrx_word' id='word_1_395' title='bbox 3035 2619 3394 2690; x_wconf 85' lang='lat' dir='ltr'><strong>presbyteri.</strong></span> <span class='ocrx_word' id='word_1_396' title='bbox 3448 2620 3605 2684; x_wconf 89' lang='lat' dir='ltr'><strong>Quos</strong></span> <span class='ocrx_word' id='word_1_397' title='bbox 3636 2635 3734 2674; x_wconf 91' lang='lat' dir='ltr'><strong>se-</strong></span> 
     </span>
    </p>
   </div>
   <div class='ocr_carea' id='block_1_60' title="bbox 2071 2706 3729 2779">
    <p class='ocr_par' dir='ltr' id='par_1_60' title="bbox 2071 2706 3729 2779">
     <span class='ocr_line' id='line_1_61' title="bbox 2071 2706 3729 2779; baseline 0 -16"><span class='ocrx_word' id='word_1_398' title='bbox 2071 2707 2219 2763; x_wconf 89' lang='lat' dir='ltr'><strong>dens</strong></span> <span class='ocrx_word' id='word_1_399' title='bbox 2250 2726 2355 2779; x_wconf 89' lang='lat' dir='ltr'><strong>pro</strong></span> <span class='ocrx_word' id='word_1_400' title='bbox 2388 2708 2673 2763; x_wconf 88' lang='lat' dir='ltr'><strong>tribunali</strong></span> <span class='ocrx_word' id='word_1_401' title='bbox 2714 2708 2844 2763; x_wconf 90' lang='lat' dir='ltr'><strong>sisti</strong></span> <span class='ocrx_word' id='word_1_402' title='bbox 2894 2708 3080 2779; x_wconf 87' lang='lat' dir='ltr'><strong>jussit</strong></span> <span class='ocrx_word' id='word_1_403' title='bbox 3111 2707 3426 2775; x_wconf 90' lang='lat' dir='ltr'><strong>scelestus,</strong></span> <span class='ocrx_word' id='word_1_404' title='bbox 3461 2706 3729 2778; x_wconf 87' lang='lat' dir='ltr'><strong>dixitque</strong></span> 
     </span>
    </p>
   </div>
   <div class='ocr_carea' id='block_1_61' title="bbox 2070 2796 3727 2867">
    <p class='ocr_par' dir='ltr' id='par_1_61' title="bbox 2070 2796 3727 2867">
     <span class='ocr_line' id='line_1_62' title="bbox 2070 2796 3727 2867; baseline 0 -15"><span class='ocrx_word' id='word_1_405' title='bbox 2070 2798 2156 2852; x_wconf 91' lang='lat' dir='ltr'><strong>eis</strong></span> <span class='ocrx_word' id='word_1_406' title='bbox 2189 2814 2202 2852; x_wconf 92' lang='lat'><strong>:</strong></span> <span class='ocrx_word' id='word_1_407' title='bbox 2237 2798 2489 2863; x_wconf 87' lang='lat' dir='ltr'><strong>Quinam</strong></span> <span class='ocrx_word' id='word_1_408' title='bbox 2521 2797 2662 2853; x_wconf 90' lang='lat' dir='ltr'><strong>estis</strong></span> <span class='ocrx_word' id='word_1_409' title='bbox 2699 2814 2801 2852; x_wconf 89' lang='lat' dir='ltr'><strong>vos</strong></span> <span class='ocrx_word' id='word_1_410' title='bbox 2833 2796 2861 2851; x_wconf 86' lang='lat'><strong>?</strong></span> <span class='ocrx_word' id='word_1_411' title='bbox 2909 2799 3047 2862; x_wconf 68' lang='lat' dir='ltr'><strong>Qum</strong></span> <span class='ocrx_word' id='word_1_412' title='bbox 3096 2797 3259 2851; x_wconf 91' lang='lat' dir='ltr'><strong>vobis</strong></span> <span class='ocrx_word' id='word_1_413' title='bbox 3336 2797 3469 2852; x_wconf 72' lang='lat' dir='ltr'><strong>vitas</strong></span> <span class='ocrx_word' id='word_1_414' title='bbox 3546 2798 3727 2867; x_wconf 89' lang='lat' dir='ltr'><strong>ratio,</strong></span> 
     </span>
    </p>
   </div>
   <div class='ocr_carea' id='block_1_62' title="bbox 2071 2884 3733 2958">
    <p class='ocr_par' dir='ltr' id='par_1_62' title="bbox 2071 2884 3733 2958">
     <span class='ocr_line' id='line_1_63' title="bbox 2071 2884 3733 2958; baseline 0.001 -16"><span class='ocrx_word' id='word_1_415' title='bbox 2071 2904 2201 2958; x_wconf 63' lang='lat' dir='ltr'><strong>quas</strong></span> <span class='ocrx_word' id='word_1_416' title='bbox 2246 2904 2397 2955; x_wconf 91' lang='lat' dir='ltr'><strong>sors,</strong></span> <span class='ocrx_word' id='word_1_417' title='bbox 2430 2891 2495 2941; x_wconf 90' lang='lat' dir='ltr'><strong>ut</strong></span> <span class='ocrx_word' id='word_1_418' title='bbox 2535 2887 2608 2942; x_wconf 91' lang='lat' dir='ltr'><strong>ad</strong></span> <span class='ocrx_word' id='word_1_419' title='bbox 2638 2891 2912 2941; x_wconf 92' lang='lat' dir='ltr'><strong>nostrum</strong></span> <span class='ocrx_word' id='word_1_420' title='bbox 2945 2884 3329 2941; x_wconf 90' lang='lat' dir='ltr'><strong>adducamini</strong></span> <span class='ocrx_word' id='word_1_421' title='bbox 3385 2885 3653 2940; x_wconf 87' lang='lat' dir='ltr'><strong>tribunal</strong></span> <span class='ocrx_word' id='word_1_422' title='bbox 3701 2885 3733 2944; x_wconf 65' lang='grc' dir='ltr'><strong><em>τ</em></strong></span> 
     </span>
    </p>
   </div>
   <div class='ocr_carea' id='block_1_63' title="bbox 2069 2973 3727 3048">
    <p class='ocr_par' dir='ltr' id='par_1_63' title="bbox 2069 2973 3727 3048">
     <span class='ocr_line' id='line_1_64' title="bbox 2069 2973 3727 3048; baseline 0 -17"><span class='ocrx_word' id='word_1_423' title='bbox 2069 2976 2396 3048; x_wconf 81' lang='lat' dir='ltr'><strong>Respondit</strong></span> <span class='ocrx_word' id='word_1_424' title='bbox 2424 2976 2723 3047; x_wconf 86' lang='lat' dir='ltr'><strong>Eugenius</strong></span> <span class='ocrx_word' id='word_1_425' title='bbox 2758 2993 2771 3031; x_wconf 90' lang='lat'><strong>:</strong></span> <span class='ocrx_word' id='word_1_426' title='bbox 2805 2975 3127 3030; x_wconf 87' lang='lat' dir='ltr'><strong>Christiani</strong></span> <span class='ocrx_word' id='word_1_427' title='bbox 3158 2991 3386 3043; x_wconf 89' lang='lat' dir='ltr'><strong>sumus,</strong></span> <span class='ocrx_word' id='word_1_428' title='bbox 3421 2979 3479 3030; x_wconf 89' lang='lat' dir='ltr'><strong>et</strong></span> <span class='ocrx_word' id='word_1_429' title='bbox 3505 2973 3727 3031; x_wconf 89' lang='lat' dir='ltr'><strong>Christi</strong></span> 
     </span>
    </p>
   </div>
   <div class='ocr_carea' id='block_1_64' title="bbox 2068 3064 3725 3139">
    <p class='ocr_par' dir='ltr' id='par_1_64' title="bbox 2068 3064 3725 3139">
     <span class='ocr_line' id='line_1_65' title="bbox 2068 3064 3725 3139; baseline -0.001 -18"><span class='ocrx_word' id='word_1_430' title='bbox 2068 3067 2260 3139; x_wconf 86' lang='lat' dir='ltr'><strong>gregis</strong></span> <span class='ocrx_word' id='word_1_431' title='bbox 2290 3071 2559 3138; x_wconf 91' lang='lat' dir='ltr'><strong>pastores</strong></span> <span class='ocrx_word' id='word_1_432' title='bbox 2590 3084 2604 3133; x_wconf 87' lang='lat'><strong>;</strong></span> <span class='ocrx_word' id='word_1_433' title='bbox 2640 3066 2766 3121; x_wconf 76' lang='lat' dir='ltr'><strong>haec</strong></span> <span class='ocrx_word' id='word_1_434' title='bbox 2786 3070 2994 3119; x_wconf 88' lang='lat' dir='ltr'><strong>nostra</strong></span> <span class='ocrx_word' id='word_1_435' title='bbox 3014 3065 3146 3119; x_wconf 64' lang='lat' dir='ltr'><strong>vitas</strong></span> <span class='ocrx_word' id='word_1_436' title='bbox 3177 3064 3351 3134; x_wconf 90' lang='lat' dir='ltr'><strong>ratio,</strong></span> <span class='ocrx_word' id='word_1_437' title='bbox 3386 3065 3513 3119; x_wconf 66' lang='lat' dir='ltr'><strong>haec</strong></span> <span class='ocrx_word' id='word_1_438' title='bbox 3567 3081 3725 3136; x_wconf 87' lang='lat' dir='ltr'><strong>sors,</strong></span> 
     </span>
    </p>
   </div>
   <div class='ocr_carea' id='block_1_65' title="bbox 2070 3153 3727 3226">
    <p class='ocr_par' dir='ltr' id='par_1_65' title="bbox 2070 3153 3727 3226">
     <span class='ocr_line' id='line_1_66' title="bbox 2070 3153 3727 3226; baseline 0 -15"><span class='ocrx_word' id='word_1_439' title='bbox 2070 3156 2183 3211; x_wconf 90' lang='lat' dir='ltr'><strong>hoc</strong></span> <span class='ocrx_word' id='word_1_440' title='bbox 2222 3156 2582 3210; x_wconf 87' lang='lat' dir='ltr'><strong>institutum.</strong></span> <span class='ocrx_word' id='word_1_441' title='bbox 2642 3157 2713 3209; x_wconf 88' lang='lat' dir='ltr'><strong>Et</strong></span> <span class='ocrx_word' id='word_1_442' title='bbox 2760 3155 3125 3226; x_wconf 87' lang='lat' dir='ltr'><strong>imperator:</strong></span> <span class='ocrx_word' id='word_1_443' title='bbox 3187 3153 3316 3223; x_wconf 86' lang='lat' dir='ltr'><strong>Ubi,</strong></span> <span class='ocrx_word' id='word_1_444' title='bbox 3367 3153 3585 3225; x_wconf 89' lang='lat' dir='ltr'><strong>inquit,</strong></span> <span class='ocrx_word' id='word_1_445' title='bbox 3633 3158 3727 3211; x_wconf 81' lang='lat' dir='ltr'><strong>est</strong></span> 
     </span>
    </p>
   </div>
   <div class='ocr_carea' id='block_1_66' title="bbox 297 3214 1958 3325">
    <p class='ocr_par' dir='ltr' id='par_1_66' title="bbox 297 3214 1958 3325">
     <span class='ocr_line' id='line_1_67' title="bbox 302 3214 1912 3234; baseline 0.012 -19"><span class='ocrx_word' id='word_1_446' title='bbox 302 3214 359 3234; x_wconf 39' lang='grc' dir='ltr'><em>η,</em></span> <span class='ocrx_word' id='word_1_447' title='bbox 713 3214 724 3230; x_wconf 90' lang='grc'><strong>,</strong></span> <span class='ocrx_word' id='word_1_448' title='bbox 825 3214 835 3225; x_wconf 92' lang='grc'><strong>,</strong></span> <span class='ocrx_word' id='word_1_449' title='bbox 1076 3214 1115 3225; x_wconf 88' lang='grc'><strong>.-</strong></span> <span class='ocrx_word' id='word_1_450' title='bbox 1226 3214 1235 3230; x_wconf 90' lang='grc'><em>.</em></span> <span class='ocrx_word' id='word_1_451' title='bbox 1561 3214 1572 3230; x_wconf 77' lang='grc' dir='ltr'><strong>ι</strong></span> <span class='ocrx_word' id='word_1_452' title='bbox 1654 3214 1697 3228; x_wconf 83' lang='lat'><strong>.-</strong></span> <span class='ocrx_word' id='word_1_453' title='bbox 1774 3214 1786 3232; x_wconf 79' lang='grc' dir='ltr'><strong>ι</strong></span> <span class='ocrx_word' id='word_1_454' title='bbox 1904 3214 1912 3234; x_wconf 80' lang='grc' dir='ltr'><strong>ι</strong></span> 
     </span>
     <span class='ocr_line' id='line_1_68' title="bbox 297 3246 1958 3325; baseline 0 -22"><span class='ocrx_word' id='word_1_455' title='bbox 297 3267 393 3325; x_wconf 86' lang='grc' dir='ltr'><strong>χαι</strong></span> <span class='ocrx_word' id='word_1_456' title='bbox 423 3248 789 3323; x_wconf 58' lang='grc' dir='ltr'>τυγχάνομεν</span> <span class='ocrx_word' id='word_1_457' title='bbox 820 3251 982 3302; x_wconf 88' lang='grc' dir='ltr'>τοῦτο</span> <span class='ocrx_word' id='word_1_458' title='bbox 1020 3246 1141 3319; x_wconf 86' lang='grc' dir='ltr'>βίος</span> <span class='ocrx_word' id='word_1_459' title='bbox 1176 3249 1314 3319; x_wconf 73' lang='grc' dir='ltr'>ἡμῖν</span> <span class='ocrx_word' id='word_1_460' title='bbox 1360 3248 1451 3302; x_wconf 87' lang='grc' dir='ltr'><strong>καὶ</strong></span> <span class='ocrx_word' id='word_1_461' title='bbox 1502 3247 1649 3323; x_wconf 74' lang='grc' dir='ltr'>τύχη</span> <span class='ocrx_word' id='word_1_462' title='bbox 1704 3247 1796 3303; x_wconf 84' lang='grc' dir='ltr'><strong>καὶ</strong></span> <span class='ocrx_word' id='word_1_463' title='bbox 1842 3246 1958 3303; x_wconf 80' lang='grc' dir='ltr'>ἐπι-</span> 
     </span>
    </p>
   </div>
   <div class='ocr_carea' id='block_1_67' title="bbox 2070 3214 3729 3325">
    <p class='ocr_par' dir='ltr' id='par_1_67' title="bbox 2072 3214 3729 3317">
     <span class='ocr_line' id='line_1_69' title="bbox 2072 3214 3729 3317; baseline 0.001 -18"><span class='ocrx_word' id='word_1_464' title='bbox 2072 3261 2214 3317; x_wconf 89' lang='lat' dir='ltr'><strong>grex</strong></span> <span class='ocrx_word' id='word_1_465' title='bbox 2247 3246 2463 3300; x_wconf 88' lang='lat' dir='ltr'><strong>Christi</strong></span> <span class='ocrx_word' id='word_1_466' title='bbox 2510 3246 2683 3317; x_wconf 89' lang='lat' dir='ltr'><strong>cujus</strong></span> <span class='ocrx_word' id='word_1_467' title='bbox 2737 3214 2866 3299; x_wconf 43' lang='lat' dir='ltr'><strong>vos‘</strong></span> <span class='ocrx_word' id='word_1_468' title='bbox 2892 3249 3162 3315; x_wconf 91' lang='lat' dir='ltr'><strong>pastores</strong></span> <span class='ocrx_word' id='word_1_469' title='bbox 3222 3214 3364 3298; x_wconf 77' lang='lat' dir='ltr'><strong>estis</strong></span> <span class='ocrx_word' id='word_1_470' title='bbox 3392 3243 3421 3298; x_wconf 84' lang='lat'><strong>?</strong></span> <span class='ocrx_word' id='word_1_471' title='bbox 3450 3214 3508 3292; x_wconf 44' lang='grc' dir='ltr'><strong>ἀ</strong></span> <span class='ocrx_word' id='word_1_472' title='bbox 3568 3214 3729 3301; x_wconf 75' lang='lat' dir='ltr'><strong>llixit</strong></span> 
     </span>
    </p>
   </div>
   <div class='ocr_carea' id='block_1_68' title="bbox 297 3334 1964 3410">
    <p class='ocr_par' dir='ltr' id='par_1_68' title="bbox 297 3334 1964 3410">
     <span class='ocr_line' id='line_1_70' title="bbox 297 3334 1964 3410; baseline 0.001 -18"><span class='ocrx_word' id='word_1_473' title='bbox 297 3334 568 3410; x_wconf 73' lang='grc' dir='ltr'>τήδευμα.</span> <span class='ocrx_word' id='word_1_474' title='bbox 601 3336 699 3391; x_wconf 83' lang='grc' dir='ltr'>Καὶ</span> <span class='ocrx_word' id='word_1_475' title='bbox 749 3337 777 3391; x_wconf 92' lang='lat'><strong>6</strong></span> <span class='ocrx_word' id='word_1_476' title='bbox 830 3336 1109 3410; x_wconf 88' lang='grc' dir='ltr'>βασιλεύς·</span> <span class='ocrx_word' id='word_1_477' title='bbox 1174 3337 1249 3391; x_wconf 85' lang='grc' dir='ltr'>Οὗ</span> <span class='ocrx_word' id='word_1_478' title='bbox 1333 3337 1515 3393; x_wconf 89' lang='grc' dir='ltr'>τοίνυν</span> <span class='ocrx_word' id='word_1_479' title='bbox 1571 3336 1714 3394; x_wconf 78' lang='grc' dir='ltr'>ἐστὶν</span> <span class='ocrx_word' id='word_1_480' title='bbox 1773 3340 1809 3408; x_wconf 78' lang='grc' dir='ltr'>ἡ</span> <span class='ocrx_word' id='word_1_481' title='bbox 1865 3344 1964 3394; x_wconf 91' lang='grc' dir='ltr'><strong>τοῦ</strong></span> 
     </span>
    </p>
   </div>
   <div class='ocr_carea' id='block_1_69' title="bbox 299 3415 1959 3504">
    <p class='ocr_par' dir='ltr' id='par_1_69' title="bbox 299 3415 1959 3504">
     <span class='ocr_line' id='line_1_71' title="bbox 299 3415 1959 3504; baseline -0.001 -19"><span class='ocrx_word' id='word_1_482' title='bbox 299 3432 543 3503; x_wconf 86' lang='grc' dir='ltr'>Χριστοῦ</span> <span class='ocrx_word' id='word_1_483' title='bbox 573 3426 817 3501; x_wconf 82' lang='grc' dir='ltr'>ποίμνην</span> <span class='ocrx_word' id='word_1_484' title='bbox 849 3427 917 3496; x_wconf 79' lang='grc' dir='ltr'><strong>ἧς</strong></span> <span class='ocrx_word' id='word_1_485' title='bbox 950 3429 1109 3501; x_wconf 83' lang='grc' dir='ltr'>ὑμεῖς</span> <span class='ocrx_word' id='word_1_486' title='bbox 1137 3426 1446 3504; x_wconf 82' lang='grc' dir='ltr'>ἀγελάρχαι</span> <span class='ocrx_word' id='word_1_487' title='bbox 1505 3429 1827 3503; x_wconf 75' lang='grc' dir='ltr'>τυγχάνετες</span> <span class='ocrx_word' id='word_1_488' title='bbox 1862 3415 1959 3486; x_wconf 69' lang='grc' dir='ltr'><strong>Καὶ</strong></span> 
     </span>
    </p>
   </div>
   <div class='ocr_carea' id='block_1_70' title="bbox 296 3516 1959 3592">
    <p class='ocr_par' dir='ltr' id='par_1_70' title="bbox 296 3516 1959 3592">
     <span class='ocr_line' id='line_1_72' title="bbox 296 3516 1959 3592; baseline -0.001 -17"><span class='ocrx_word' id='word_1_489' title='bbox 296 3520 325 3575; x_wconf 89' lang='grc' dir='ltr'><strong>ὁ</strong></span> <span class='ocrx_word' id='word_1_490' title='bbox 354 3516 633 3592; x_wconf 75' lang='grc' dir='ltr'>Εὐγένιος’</span> <span class='ocrx_word' id='word_1_491' title='bbox 716 3522 868 3571; x_wconf 81' lang='grc' dir='ltr'>Πᾶσα</span> <span class='ocrx_word' id='word_1_492' title='bbox 926 3518 961 3586; x_wconf 78' lang='grc' dir='ltr'><strong>ἡ</strong></span> <span class='ocrx_word' id='word_1_493' title='bbox 1023 3517 1323 3591; x_wconf 73' lang='grc' dir='ltr'>οἰκουμένη</span> <span class='ocrx_word' id='word_1_494' title='bbox 1384 3517 1516 3589; x_wconf 78' lang='grc' dir='ltr'>ὅσην</span> <span class='ocrx_word' id='word_1_495' title='bbox 1554 3520 1704 3592; x_wconf 83' lang='grc'><strong>[359]</strong></span> <span class='ocrx_word' id='word_1_496' title='bbox 1736 3518 1764 3572; x_wconf 84' lang='lat'><strong>6</strong></span> <span class='ocrx_word' id='word_1_497' title='bbox 1792 3517 1959 3589; x_wconf 69' lang='grc' dir='ltr'>ἥλιος</span> 
     </span>
    </p>
   </div>
   <div class='ocr_carea' id='block_1_71' title="bbox 302 3605 1958 3685">
    <p class='ocr_par' dir='ltr' id='par_1_71' title="bbox 302 3605 1958 3685">
     <span class='ocr_line' id='line_1_73' title="bbox 302 3605 1958 3685; baseline 0.001 -22"><span class='ocrx_word' id='word_1_498' title='bbox 302 3608 494 3685; x_wconf 74' lang='grc' dir='ltr'>ἐφορᾷ,</span> <span class='ocrx_word' id='word_1_499' title='bbox 527 3607 617 3663; x_wconf 85' lang='grc' dir='ltr'><strong>καὶ</strong></span> <span class='ocrx_word' id='word_1_500' title='bbox 651 3608 769 3662; x_wconf 82' lang='grc' dir='ltr'>ὅσοι</span> <span class='ocrx_word' id='word_1_501' title='bbox 813 3605 903 3660; x_wconf 78' lang='grc' dir='ltr'>ἐπὶ</span> <span class='ocrx_word' id='word_1_502' title='bbox 961 3606 1164 3677; x_wconf 81' lang='grc' dir='ltr'>ταύτης</span> <span class='ocrx_word' id='word_1_503' title='bbox 1221 3606 1353 3662; x_wconf 78' lang='grc' dir='ltr'>εἰσὶν</span> <span class='ocrx_word' id='word_1_504' title='bbox 1414 3605 1711 3681; x_wconf 73' lang='grc' dir='ltr'>ἅνθρωποι.</span> <span class='ocrx_word' id='word_1_505' title='bbox 1774 3607 1870 3664; x_wconf 86' lang='grc' dir='ltr'>Καὶ</span> <span class='ocrx_word' id='word_1_506' title='bbox 1928 3610 1958 3664; x_wconf 85' lang='grc' dir='ltr'>ὁ</span> 
     </span>
    </p>
   </div>
   <div class='ocr_carea' id='block_1_72' title="bbox 300 3691 1957 3771">
    <p class='ocr_par' dir='ltr' id='par_1_72' title="bbox 300 3691 1957 3771">
     <span class='ocr_line' id='line_1_74' title="bbox 300 3691 1957 3771; baseline -0.002 -16"><span class='ocrx_word' id='word_1_507' title='bbox 300 3696 621 3759; x_wconf 85' lang='grc' dir='ltr'>Ἰουλιανός·</span> <span class='ocrx_word' id='word_1_508' title='bbox 655 3696 848 3768; x_wconf 81' lang='grc' dir='ltr'>Ἡμεῖς</span> <span class='ocrx_word' id='word_1_509' title='bbox 882 3691 938 3749; x_wconf 65' lang='grc' dir='ltr'><strong>δὲ</strong></span> <span class='ocrx_word' id='word_1_510' title='bbox 972 3694 1134 3749; x_wconf 88' lang='grc' dir='ltr'>τίνων</span> <span class='ocrx_word' id='word_1_511' title='bbox 1195 3692 1442 3771; x_wconf 78' lang='grc' dir='ltr'>ἄρχομεν</span> <span class='ocrx_word' id='word_1_512' title='bbox 1494 3696 1583 3750; x_wconf 89' lang='grc' dir='ltr'><strong>καὶ</strong></span> <span class='ocrx_word' id='word_1_513' title='bbox 1637 3696 1800 3752; x_wconf 90' lang='grc' dir='ltr'>τίνων</span> <span class='ocrx_word' id='word_1_514' title='bbox 1858 3698 1957 3767; x_wconf 76' lang='grc' dir='ltr'><strong>σή-</strong></span> 
     </span>
    </p>
   </div>
   <div class='ocr_carea' id='block_1_73' title="bbox 306 3782 1957 3861">
    <p class='ocr_par' dir='ltr' id='par_1_73' title="bbox 306 3782 1957 3861">
     <span class='ocr_line' id='line_1_75' title="bbox 306 3782 1957 3861; baseline 0.001 -21"><span class='ocrx_word' id='word_1_515' title='bbox 306 3806 470 3861; x_wconf 87' lang='grc' dir='ltr'>μερον</span> <span class='ocrx_word' id='word_1_516' title='bbox 509 3783 902 3861; x_wconf 88' lang='grc' dir='ltr'>βασιλεύομεν,</span> <span class='ocrx_word' id='word_1_517' title='bbox 952 3782 997 3837; x_wconf 81' lang='grc' dir='ltr'><em>ὦ</em></span> <span class='ocrx_word' id='word_1_518' title='bbox 1041 3782 1396 3859; x_wconf 89' lang='grc' dir='ltr'>ταλαίπωρον</span> <span class='ocrx_word' id='word_1_519' title='bbox 1447 3786 1538 3840; x_wconf 87' lang='grc' dir='ltr'><strong>καὶ</strong></span> <span class='ocrx_word' id='word_1_520' title='bbox 1593 3782 1957 3861; x_wconf 79' lang='grc' dir='ltr'>δυστυχέστα-</span> 
     </span>
    </p>
   </div>
   <div class='ocr_carea' id='block_1_74' title="bbox 296 3872 1957 3953">
    <p class='ocr_par' dir='ltr' id='par_1_74' title="bbox 296 3872 1957 3953">
     <span class='ocr_line' id='line_1_76' title="bbox 296 3872 1957 3953; baseline -0.001 -23"><span class='ocrx_word' id='word_1_521' title='bbox 296 3896 390 3931; x_wconf 70' lang='grc' dir='ltr'><strong>τον</strong></span> <span class='ocrx_word' id='word_1_522' title='bbox 421 3874 831 3950; x_wconf 76' lang='grc' dir='ltr'>ἀνθρωπάριον,</span> <span class='ocrx_word' id='word_1_523' title='bbox 865 3872 911 3928; x_wconf 82' lang='grc' dir='ltr'><strong>εί</strong></span> <span class='ocrx_word' id='word_1_524' title='bbox 945 3872 1077 3944; x_wconf 78' lang='grc' dir='ltr'>ὅσην</span> <span class='ocrx_word' id='word_1_525' title='bbox 1113 3876 1141 3928; x_wconf 87' lang='lat'><strong>6</strong></span> <span class='ocrx_word' id='word_1_526' title='bbox 1172 3873 1337 3944; x_wconf 75' lang='grc' dir='ltr'>ἣλιος</span> <span class='ocrx_word' id='word_1_527' title='bbox 1366 3872 1538 3953; x_wconf 73' lang='grc' dir='ltr'>ἐφορᾷ</span> <span class='ocrx_word' id='word_1_528' title='bbox 1586 3877 1685 3951; x_wconf 68' lang='grc' dir='ltr'>γῆν</span> <span class='ocrx_word' id='word_1_529' title='bbox 1737 3876 1766 3930; x_wconf 91' lang='lat'><strong>6</strong></span> <span class='ocrx_word' id='word_1_530' title='bbox 1822 3877 1957 3950; x_wconf 88' lang='grc' dir='ltr'>Χρι-</span> 
     </span>
    </p>
   </div>
   <div class='ocr_carea' id='block_1_75' title="bbox 298 3963 1952 4040">
    <p class='ocr_par' dir='ltr' id='par_1_75' title="bbox 298 3963 1952 4040">
     <span class='ocr_line' id='line_1_77' title="bbox 298 3963 1952 4040; baseline 0.001 -20"><span class='ocrx_word' id='word_1_531' title='bbox 298 3965 424 4029; x_wconf 87' lang='grc' dir='ltr'>στὸς</span> <span class='ocrx_word' id='word_1_532' title='bbox 453 3964 695 4037; x_wconf 86' lang='grc' dir='ltr'>ποίμνην</span> <span class='ocrx_word' id='word_1_533' title='bbox 735 3965 995 4032; x_wconf 79' lang='grc' dir='ltr'>κέκτηται</span> <span class='ocrx_word' id='word_1_534' title='bbox 1031 3983 1045 4033; x_wconf 86' lang='grc'><strong>;</strong></span> <span class='ocrx_word' id='word_1_535' title='bbox 1080 3963 1183 4021; x_wconf 82' lang='grc' dir='ltr'>Καὶ</span> <span class='ocrx_word' id='word_1_536' title='bbox 1242 3965 1272 4019; x_wconf 92' lang='lat'><strong>6</strong></span> <span class='ocrx_word' id='word_1_537' title='bbox 1307 3965 1536 4040; x_wconf 82' lang='grc' dir='ltr'>μάρτυς’</span> <span class='ocrx_word' id='word_1_538' title='bbox 1595 3966 1706 4034; x_wconf 73' lang='grc' dir='ltr'><strong>Τῆς</strong></span> <span class='ocrx_word' id='word_1_539' title='bbox 1761 3963 1952 4038; x_wconf 73' lang='grc' dir='ltr'>αὐτῆς,</span> 
     </span>
    </p>
   </div>
   <div class='ocr_carea' id='block_1_76' title="bbox 302 4051 1954 4131">
    <p class='ocr_par' dir='ltr' id='par_1_76' title="bbox 302 4051 1954 4131">
     <span class='ocr_line' id='line_1_78' title="bbox 302 4051 1954 4131; baseline 0 -22"><span class='ocrx_word' id='word_1_540' title='bbox 302 4056 347 4109; x_wconf 83' lang='grc' dir='ltr'><strong>ὢ</strong></span> <span class='ocrx_word' id='word_1_541' title='bbox 381 4054 629 4131; x_wconf 85' lang='grc' dir='ltr'>βασιλεῦ,</span> <span class='ocrx_word' id='word_1_542' title='bbox 700 4054 790 4109; x_wconf 83' lang='grc' dir='ltr'><strong>καὶ</strong></span> <span class='ocrx_word' id='word_1_543' title='bbox 852 4053 1093 4127; x_wconf 86' lang='grc' dir='ltr'>ποίμνης</span> <span class='ocrx_word' id='word_1_544' title='bbox 1179 4053 1272 4107; x_wconf 80' lang='grc' dir='ltr'><strong>καὶ</strong></span> <span class='ocrx_word' id='word_1_545' title='bbox 1356 4051 1560 4127; x_wconf 79' lang='grc' dir='ltr'>ἀγέλης</span> <span class='ocrx_word' id='word_1_546' title='bbox 1629 4055 1954 4125; x_wconf 79' lang='grc' dir='ltr'>ἐπιστατεῖς,</span> 
     </span>
    </p>
   </div>
   <div class='ocr_carea' id='block_1_77' title="bbox 302 4140 1954 4220">
    <p class='ocr_par' dir='ltr' id='par_1_77' title="bbox 302 4140 1954 4220">
     <span class='ocr_line' id='line_1_79' title="bbox 302 4140 1954 4220; baseline -0.002 -18"><span class='ocrx_word' id='word_1_547' title='bbox 302 4149 476 4220; x_wconf 79' lang='grc' dir='ltr'>ἧσπερ</span> <span class='ocrx_word' id='word_1_548' title='bbox 506 4144 596 4198; x_wconf 89' lang='grc' dir='ltr'><strong>καὶ</strong></span> <span class='ocrx_word' id='word_1_549' title='bbox 644 4145 810 4215; x_wconf 81' lang='grc' dir='ltr'>ἡμεῖς</span> <span class='ocrx_word' id='word_1_550' title='bbox 870 4141 1177 4217; x_wconf 75' lang='grc' dir='ltr'>ἀγελάρχαι</span> <span class='ocrx_word' id='word_1_551' title='bbox 1235 4140 1599 4218; x_wconf 71' lang='grc' dir='ltr'>τυγχάνομεν·</span> <span class='ocrx_word' id='word_1_552' title='bbox 1661 4140 1731 4199; x_wconf 78' lang='grc' dir='ltr'><strong>δι’</strong></span> <span class='ocrx_word' id='word_1_553' title='bbox 1788 4143 1954 4199; x_wconf 85' lang='grc' dir='ltr'>αὐτοῦ</span> 
     </span>
    </p>
   </div>
   <div class='ocr_carea' id='block_1_78' title="bbox 300 4228 1952 4313">
    <p class='ocr_par' dir='ltr' id='par_1_78' title="bbox 300 4228 1952 4313">
     <span class='ocr_line' id='line_1_80' title="bbox 300 4228 1952 4313; baseline 0 -26"><span class='ocrx_word' id='word_1_554' title='bbox 300 4239 405 4313; x_wconf 75' lang='grc' dir='ltr'><strong>γὰρ</strong></span> <span class='ocrx_word' id='word_1_555' title='bbox 464 4232 708 4308; x_wconf 86' lang='grc' dir='ltr'>βασιλεῖς</span> <span class='ocrx_word' id='word_1_556' title='bbox 759 4228 1160 4307; x_wconf 82' lang='grc' dir='ltr'>βασιλεύουσιν,</span> <span class='ocrx_word' id='word_1_557' title='bbox 1239 4230 1330 4285; x_wconf 86' lang='grc' dir='ltr'><strong>καὶ</strong></span> <span class='ocrx_word' id='word_1_558' title='bbox 1386 4230 1639 4307; x_wconf 85' lang='grc' dir='ltr'>τύραννοι</span> <span class='ocrx_word' id='word_1_559' title='bbox 1696 4236 1952 4308; x_wconf 83' lang='grc' dir='ltr'>κρατοῦσι</span> 
     </span>
    </p>
   </div>
   <div class='ocr_carea' id='block_1_79' title="bbox 296 4319 1949 4398">
    <p class='ocr_par' dir='ltr' id='par_1_79' title="bbox 296 4319 1949 4398">
     <span class='ocr_line' id='line_1_81' title="bbox 296 4319 1949 4398; baseline 0.001 -23"><span class='ocrx_word' id='word_1_560' title='bbox 296 4332 423 4398; x_wconf 78' lang='grc' dir='ltr'>γῆς,</span> <span class='ocrx_word' id='word_1_561' title='bbox 455 4323 547 4376; x_wconf 84' lang='grc' dir='ltr'><strong>καὶ</strong></span> <span class='ocrx_word' id='word_1_562' title='bbox 578 4319 743 4382; x_wconf 87' lang='grc' dir='ltr'>αὐτός</span> <span class='ocrx_word' id='word_1_563' title='bbox 775 4342 859 4375; x_wconf 92' lang='grc' dir='ltr'><strong>σοι</strong></span> <span class='ocrx_word' id='word_1_564' title='bbox 890 4320 951 4375; x_wconf 86' lang='grc' dir='ltr'>τὸ</span> <span class='ocrx_word' id='word_1_565' title='bbox 992 4319 1272 4392; x_wconf 80' lang='grc' dir='ltr'>βασίλειον</span> <span class='ocrx_word' id='word_1_566' title='bbox 1306 4322 1547 4394; x_wconf 78' lang='grc' dir='ltr'>σήμερον</span> <span class='ocrx_word' id='word_1_567' title='bbox 1597 4319 1819 4377; x_wconf 83' lang='grc' dir='ltr'>δέδωκε·</span> <span class='ocrx_word' id='word_1_568' title='bbox 1852 4323 1949 4377; x_wconf 79' lang='grc' dir='ltr'><strong>κᾶν</strong></span> 
     </span>
    </p>
   </div>
   <div class='ocr_carea' id='block_1_80' title="bbox 297 4407 1953 4486">
    <p class='ocr_par' dir='ltr' id='par_1_80' title="bbox 297 4407 1953 4486">
     <span class='ocr_line' id='line_1_82' title="bbox 297 4407 1953 4486; baseline 0.001 -20"><span class='ocrx_word' id='word_1_569' title='bbox 297 4410 456 4472; x_wconf 88' lang='grc' dir='ltr'>αὐτὸς</span> <span class='ocrx_word' id='word_1_570' title='bbox 514 4408 813 4485; x_wconf 82' lang='grc' dir='ltr'>ἀχάριστος</span> <span class='ocrx_word' id='word_1_571' title='bbox 867 4409 989 4483; x_wconf 78' lang='grc' dir='ltr'>περὶ</span> <span class='ocrx_word' id='word_1_572' title='bbox 1044 4409 1137 4463; x_wconf 87' lang='grc' dir='ltr'><strong>τὸν</strong></span> <span class='ocrx_word' id='word_1_573' title='bbox 1221 4407 1506 4485; x_wconf 74' lang='grc' dir='ltr'>εὐεργέτην</span> <span class='ocrx_word' id='word_1_574' title='bbox 1581 4408 1803 4486; x_wconf 72' lang='grc' dir='ltr'>ἐφάνης·</span> <span class='ocrx_word' id='word_1_575' title='bbox 1863 4412 1953 4467; x_wconf 76' lang='grc' dir='ltr'>αὕ-</span> 
     </span>
    </p>
   </div>
   <div class='ocr_carea' id='block_1_81' title="bbox 299 4495 1948 4575">
    <p class='ocr_par' dir='ltr' id='par_1_81' title="bbox 299 4495 1948 4575">
     <span class='ocr_line' id='line_1_83' title="bbox 299 4495 1948 4575; baseline 0 -20"><span class='ocrx_word' id='word_1_576' title='bbox 299 4522 414 4575; x_wconf 91' lang='grc' dir='ltr'>ριον</span> <span class='ocrx_word' id='word_1_577' title='bbox 449 4497 508 4555; x_wconf 75' lang='grc' dir='ltr'><strong>δὲ</strong></span> <span class='ocrx_word' id='word_1_578' title='bbox 532 4498 697 4555; x_wconf 83' lang='grc' dir='ltr'>πάλιν</span> <span class='ocrx_word' id='word_1_579' title='bbox 727 4495 884 4571; x_wconf 77' lang='grc' dir='ltr'>ἄλλῳ</span> <span class='ocrx_word' id='word_1_580' title='bbox 914 4496 1023 4553; x_wconf 83' lang='grc' dir='ltr'>τινὶ</span> <span class='ocrx_word' id='word_1_581' title='bbox 1077 4495 1260 4554; x_wconf 84' lang='grc' dir='ltr'>δώσει.</span> <span class='ocrx_word' id='word_1_582' title='bbox 1322 4499 1634 4574; x_wconf 74' lang='grc' dir='ltr'>Ἐφήμερος</span> <span class='ocrx_word' id='word_1_583' title='bbox 1693 4500 1794 4575; x_wconf 83' lang='grc' dir='ltr'><strong>γὰρ</strong></span> <span class='ocrx_word' id='word_1_584' title='bbox 1879 4503 1948 4571; x_wconf 80' lang='grc' dir='ltr'>εἴ,</span> 
     </span>
    </p>
   </div>
   <div class='ocr_carea' id='block_1_82' title="bbox 2070 3331 3728 3407">
    <p class='ocr_par' dir='ltr' id='par_1_82' title="bbox 2070 3331 3728 3407">
     <span class='ocr_line' id='line_1_84' title="bbox 2070 3331 3728 3407; baseline -0.001 -19"><span class='ocrx_word' id='word_1_585' title='bbox 2070 3334 2368 3407; x_wconf 89' lang='lat' dir='ltr'><strong>Eugenius</strong></span> <span class='ocrx_word' id='word_1_586' title='bbox 2404 3351 2416 3388; x_wconf 92' lang='lat'>:</span> <span class='ocrx_word' id='word_1_587' title='bbox 2447 3334 2765 3390; x_wconf 88' lang='lat' dir='ltr'><strong>Universus</strong></span> <span class='ocrx_word' id='word_1_588' title='bbox 2797 3338 3092 3389; x_wconf 89' lang='lat' dir='ltr'><strong>terrarum</strong></span> <span class='ocrx_word' id='word_1_589' title='bbox 3136 3331 3320 3400; x_wconf 90' lang='lat' dir='ltr'><strong>orbis,</strong></span> <span class='ocrx_word' id='word_1_590' title='bbox 3381 3331 3576 3405; x_wconf 88' lang='lat' dir='ltr'><strong>quoad</strong></span> <span class='ocrx_word' id='word_1_591' title='bbox 3634 3332 3728 3388; x_wconf 87' lang='lat' dir='ltr'><strong>la-</strong></span> 
     </span>
    </p>
   </div>
   <div class='ocr_carea' id='block_1_83' title="bbox 2070 3420 3726 3494">
    <p class='ocr_par' dir='ltr' id='par_1_83' title="bbox 2070 3420 3726 3494">
     <span class='ocr_line' id='line_1_85' title="bbox 2070 3420 3726 3494; baseline 0.001 -18"><span class='ocrx_word' id='word_1_592' title='bbox 2070 3423 2298 3479; x_wconf 89' lang='lat' dir='ltr'><strong>tissime</strong></span> <span class='ocrx_word' id='word_1_593' title='bbox 2334 3439 2469 3477; x_wconf 90' lang='lat' dir='ltr'><strong>eum</strong></span> <span class='ocrx_word' id='word_1_594' title='bbox 2500 3422 2715 3494; x_wconf 87' lang='lat' dir='ltr'><strong>aspicit</strong></span> <span class='ocrx_word' id='word_1_595' title='bbox 2745 3422 2856 3489; x_wconf 88' lang='lat' dir='ltr'><strong>sol,</strong></span> <span class='ocrx_word' id='word_1_596' title='bbox 2887 3426 2946 3476; x_wconf 89' lang='lat' dir='ltr'><strong>et</strong></span> <span class='ocrx_word' id='word_1_597' title='bbox 2974 3437 3183 3476; x_wconf 91' lang='lat' dir='ltr'><strong>omnes</strong></span> <span class='ocrx_word' id='word_1_598' title='bbox 3215 3420 3316 3491; x_wconf 90' lang='lat' dir='ltr'><strong>qui</strong></span> <span class='ocrx_word' id='word_1_599' title='bbox 3358 3420 3420 3475; x_wconf 91' lang='lat' dir='ltr'><strong>in</strong></span> <span class='ocrx_word' id='word_1_600' title='bbox 3472 3437 3538 3475; x_wconf 91' lang='lat' dir='ltr'><strong>eo</strong></span> <span class='ocrx_word' id='word_1_601' title='bbox 3585 3425 3726 3478; x_wconf 87' lang='lat' dir='ltr'><strong>sunt</strong></span> 
     </span>
    </p>
   </div>
   <div class='ocr_carea' id='block_1_84' title="bbox 2068 3509 3724 3580">
    <p class='ocr_par' dir='ltr' id='par_1_84' title="bbox 2068 3509 3724 3580">
     <span class='ocr_line' id='line_1_86' title="bbox 2068 3509 3724 3580; baseline 0.001 -14"><span class='ocrx_word' id='word_1_602' title='bbox 2068 3512 2365 3568; x_wconf 88' lang='lat' dir='ltr'><strong>homines.</strong></span> <span class='ocrx_word' id='word_1_603' title='bbox 2440 3514 2510 3566; x_wconf 92' lang='lat' dir='ltr'><strong>Et</strong></span> <span class='ocrx_word' id='word_1_604' title='bbox 2546 3512 2867 3567; x_wconf 83' lang='lat' dir='ltr'><strong>Julianus:</strong></span> <span class='ocrx_word' id='word_1_605' title='bbox 2918 3513 3033 3565; x_wconf 90' lang='lat' dir='ltr'><strong>Nos</strong></span> <span class='ocrx_word' id='word_1_606' title='bbox 3091 3515 3290 3564; x_wconf 87' lang='lat' dir='ltr'><strong>autem</strong></span> <span class='ocrx_word' id='word_1_607' title='bbox 3361 3509 3724 3580; x_wconf 87' lang='lat' dir='ltr'><strong>quibusnam</strong></span> 
     </span>
    </p>
   </div>
   <div class='ocr_carea' id='block_1_85' title="bbox 2066 3598 3719 3672">
    <p class='ocr_par' dir='ltr' id='par_1_85' title="bbox 2066 3598 3719 3672">
     <span class='ocr_line' id='line_1_87' title="bbox 2066 3598 3719 3672; baseline -0.001 -17"><span class='ocrx_word' id='word_1_608' title='bbox 2066 3617 2422 3672; x_wconf 62' lang='lat' dir='ltr'><strong>praesumus,</strong></span> <span class='ocrx_word' id='word_1_609' title='bbox 2456 3606 2515 3656; x_wconf 93' lang='lat' dir='ltr'><strong>et</strong></span> <span class='ocrx_word' id='word_1_610' title='bbox 2544 3602 2605 3655; x_wconf 91' lang='lat' dir='ltr'><strong>in</strong></span> <span class='ocrx_word' id='word_1_611' title='bbox 2638 3616 2786 3670; x_wconf 91' lang='lat' dir='ltr'><strong>quos</strong></span> <span class='ocrx_word' id='word_1_612' title='bbox 2808 3598 2985 3654; x_wconf 89' lang='lat' dir='ltr'><strong>hodie</strong></span> <span class='ocrx_word' id='word_1_613' title='bbox 3008 3614 3352 3654; x_wconf 85' lang='lat' dir='ltr'><strong>exercemus</strong></span> <span class='ocrx_word' id='word_1_614' title='bbox 3372 3598 3719 3669; x_wconf 90' lang='lat' dir='ltr'><strong>imperium,</strong></span> 
     </span>
    </p>
   </div>
   <div class='ocr_carea' id='block_1_86' title="bbox 2066 3687 3718 3755">
    <p class='ocr_par' dir='ltr' id='par_1_86' title="bbox 2066 3687 3718 3755">
     <span class='ocr_line' id='line_1_88' title="bbox 2066 3687 3718 3755; baseline 0 -11"><span class='ocrx_word' id='word_1_615' title='bbox 2066 3706 2098 3744; x_wconf 94' lang='grc' dir='ltr'><strong>ο</strong></span> <span class='ocrx_word' id='word_1_616' title='bbox 2132 3690 2336 3745; x_wconf 86' lang='lat' dir='ltr'><strong>infelix</strong></span> <span class='ocrx_word' id='word_1_617' title='bbox 2362 3694 2425 3744; x_wconf 91' lang='lat' dir='ltr'><strong>tu</strong></span> <span class='ocrx_word' id='word_1_618' title='bbox 2476 3694 2534 3744; x_wconf 91' lang='lat' dir='ltr'><strong>et</strong></span> <span class='ocrx_word' id='word_1_619' title='bbox 2557 3689 2891 3745; x_wconf 90' lang='lat' dir='ltr'><strong>miserrime</strong></span> <span class='ocrx_word' id='word_1_620' title='bbox 2921 3688 3264 3755; x_wconf 90' lang='lat' dir='ltr'><strong>homuncio,</strong></span> <span class='ocrx_word' id='word_1_621' title='bbox 3298 3688 3348 3742; x_wconf 91' lang='lat' dir='ltr'><strong>si</strong></span> <span class='ocrx_word' id='word_1_622' title='bbox 3379 3687 3718 3744; x_wconf 86' lang='lat' dir='ltr'><strong>universam</strong></span> 
     </span>
    </p>
   </div>
   <div class='ocr_carea' id='block_1_87' title="bbox 2066 3777 3722 3851">
    <p class='ocr_par' dir='ltr' id='par_1_87' title="bbox 2066 3777 3722 3851">
     <span class='ocr_line' id='line_1_89' title="bbox 2066 3777 3722 3851; baseline -0.001 -16"><span class='ocrx_word' id='word_1_623' title='bbox 2066 3797 2243 3851; x_wconf 89' lang='lat' dir='ltr'><strong>quam</strong></span> <span class='ocrx_word' id='word_1_624' title='bbox 2264 3780 2352 3835; x_wconf 91' lang='lat' dir='ltr'><strong>sol</strong></span> <span class='ocrx_word' id='word_1_625' title='bbox 2377 3780 2591 3851; x_wconf 89' lang='lat' dir='ltr'><strong>aspicit</strong></span> <span class='ocrx_word' id='word_1_626' title='bbox 2619 3786 2835 3835; x_wconf 90' lang='lat' dir='ltr'><strong>terram</strong></span> <span class='ocrx_word' id='word_1_627' title='bbox 2859 3780 3127 3835; x_wconf 89' lang='lat' dir='ltr'><strong>Christus</strong></span> <span class='ocrx_word' id='word_1_628' title='bbox 3152 3794 3387 3851; x_wconf 88' lang='lat' dir='ltr'><strong>gregem</strong></span> <span class='ocrx_word' id='word_1_629' title='bbox 3409 3777 3722 3849; x_wconf 84' lang='lat' dir='ltr'><strong>possidet?</strong></span> 
     </span>
    </p>
   </div>
   <div class='ocr_carea' id='block_1_88' title="bbox 2061 3869 3719 3944">
    <p class='ocr_par' dir='ltr' id='par_1_88' title="bbox 2061 3869 3719 3944">
     <span class='ocr_line' id='line_1_90' title="bbox 2061 3869 3719 3944; baseline -0.001 -17"><span class='ocrx_word' id='word_1_630' title='bbox 2061 3874 2223 3927; x_wconf 89' lang='lat' dir='ltr'><strong>Tunc</strong></span> <span class='ocrx_word' id='word_1_631' title='bbox 2254 3879 2480 3943; x_wconf 81' lang='lat' dir='ltr'><strong>martyr</strong></span> <span class='ocrx_word' id='word_1_632' title='bbox 2512 3871 2753 3927; x_wconf 86' lang='lat' dir='ltr'><strong>:Eidem</strong></span> <span class='ocrx_word' id='word_1_633' title='bbox 2810 3871 2992 3944; x_wconf 89' lang='lat' dir='ltr'><strong>gregi,</strong></span> <span class='ocrx_word' id='word_1_634' title='bbox 3048 3871 3392 3941; x_wconf 88' lang='lat' dir='ltr'><strong>imperator,</strong></span> <span class='ocrx_word' id='word_1_635' title='bbox 3426 3874 3484 3924; x_wconf 89' lang='lat' dir='ltr'><strong>et</strong></span> <span class='ocrx_word' id='word_1_636' title='bbox 3512 3869 3719 3941; x_wconf 88' lang='lat' dir='ltr'><strong>pecori</strong></span> 
     </span>
    </p>
   </div>
   <div class='ocr_carea' id='block_1_89' title="bbox 2063 3960 3718 4033">
    <p class='ocr_par' dir='ltr' id='par_1_89' title="bbox 2063 3960 3718 4033">
     <span class='ocr_line' id='line_1_91' title="bbox 2063 3960 3718 4033; baseline -0.002 -16"><span class='ocrx_word' id='word_1_637' title='bbox 2063 3978 2274 4033; x_wconf 61' lang='lat' dir='ltr'><strong>prases,</strong></span> <span class='ocrx_word' id='word_1_638' title='bbox 2307 3962 2480 4033; x_wconf 90' lang='lat' dir='ltr'><strong>cujus</strong></span> <span class='ocrx_word' id='word_1_639' title='bbox 2521 3966 2579 4016; x_wconf 90' lang='lat' dir='ltr'><strong>et</strong></span> <span class='ocrx_word' id='word_1_640' title='bbox 2634 3977 2744 4016; x_wconf 92' lang='lat' dir='ltr'><strong>nos</strong></span> <span class='ocrx_word' id='word_1_641' title='bbox 2782 3965 3051 4032; x_wconf 89' lang='lat' dir='ltr'><strong>pastores</strong></span> <span class='ocrx_word' id='word_1_642' title='bbox 3100 3975 3327 4015; x_wconf 90' lang='lat' dir='ltr'><strong>sumus.</strong></span> <span class='ocrx_word' id='word_1_643' title='bbox 3376 3960 3489 4014; x_wconf 91' lang='lat' dir='ltr'><strong>Per</strong></span> <span class='ocrx_word' id='word_1_644' title='bbox 3544 3960 3718 4013; x_wconf 90' lang='lat' dir='ltr'><strong>Chri-</strong></span> 
     </span>
    </p>
   </div>
   <div class='ocr_carea' id='block_1_90' title="bbox 2063 4049 3716 4123">
    <p class='ocr_par' dir='ltr' id='par_1_90' title="bbox 2063 4049 3716 4123">
     <span class='ocr_line' id='line_1_92' title="bbox 2063 4049 3716 4123; baseline -0.001 -17"><span class='ocrx_word' id='word_1_645' title='bbox 2063 4055 2221 4107; x_wconf 89' lang='lat' dir='ltr'><strong>stum</strong></span> <span class='ocrx_word' id='word_1_646' title='bbox 2250 4051 2410 4106; x_wconf 92' lang='lat' dir='ltr'><strong>enim</strong></span> <span class='ocrx_word' id='word_1_647' title='bbox 2442 4066 2611 4123; x_wconf 90' lang='lat' dir='ltr'><strong>reges</strong></span> <span class='ocrx_word' id='word_1_648' title='bbox 2637 4055 2907 4123; x_wconf 85' lang='lat' dir='ltr'><strong>regnant,</strong></span> <span class='ocrx_word' id='word_1_649' title='bbox 2934 4054 2992 4105; x_wconf 90' lang='lat' dir='ltr'><strong>et</strong></span> <span class='ocrx_word' id='word_1_650' title='bbox 3019 4054 3294 4121; x_wconf 90' lang='lat' dir='ltr'><strong>potentes</strong></span> <span class='ocrx_word' id='word_1_651' title='bbox 3326 4049 3716 4105; x_wconf 89' lang='lat' dir='ltr'><strong>dominantur</strong></span> 
     </span>
    </p>
   </div>
   <div class='ocr_carea' id='block_1_91' title="bbox 2062 4137 3711 4212">
    <p class='ocr_par' dir='ltr' id='par_1_91' title="bbox 2062 4137 3711 4212">
     <span class='ocr_line' id='line_1_93' title="bbox 2062 4137 3711 4212; baseline 0.001 -16"><span class='ocrx_word' id='word_1_652' title='bbox 2062 4141 2125 4196; x_wconf 90' lang='lat' dir='ltr'><strong>in</strong></span> <span class='ocrx_word' id='word_1_653' title='bbox 2156 4146 2331 4196; x_wconf 88' lang='lat' dir='ltr'><strong>terra.</strong></span> <span class='ocrx_word' id='word_1_654' title='bbox 2365 4142 2496 4212; x_wconf 90' lang='lat' dir='ltr'><strong>Ipse</strong></span> <span class='ocrx_word' id='word_1_655' title='bbox 2519 4155 2757 4210; x_wconf 87' lang='lat' dir='ltr'><strong>quoque</strong></span> <span class='ocrx_word' id='word_1_656' title='bbox 2780 4139 2957 4194; x_wconf 91' lang='lat' dir='ltr'><strong>hodie</strong></span> <span class='ocrx_word' id='word_1_657' title='bbox 2992 4138 3097 4194; x_wconf 89' lang='lat' dir='ltr'><strong>tibi</strong></span> <span class='ocrx_word' id='word_1_658' title='bbox 3150 4137 3314 4193; x_wconf 89' lang='lat' dir='ltr'><strong>dedit</strong></span> <span class='ocrx_word' id='word_1_659' title='bbox 3368 4138 3711 4210; x_wconf 88' lang='lat' dir='ltr'><strong>imperium.</strong></span> 
     </span>
    </p>
   </div>
   <div class='ocr_carea' id='block_1_92' title="bbox 2061 4228 3710 4302">
    <p class='ocr_par' dir='ltr' id='par_1_92' title="bbox 2061 4228 3710 4302">
     <span class='ocr_line' id='line_1_94' title="bbox 2061 4228 3710 4302; baseline -0.002 -16"><span class='ocrx_word' id='word_1_660' title='bbox 2061 4231 2227 4296; x_wconf 88' lang='lat' dir='ltr'><strong>Quod</strong></span> <span class='ocrx_word' id='word_1_661' title='bbox 2258 4231 2306 4285; x_wconf 91' lang='lat' dir='ltr'><strong>si</strong></span> <span class='ocrx_word' id='word_1_662' title='bbox 2337 4231 2635 4302; x_wconf 87' lang='lat' dir='ltr'><strong>ingratum</strong></span> <span class='ocrx_word' id='word_1_663' title='bbox 2650 4228 3046 4300; x_wconf 72' lang='lat' dir='ltr'><strong>tepraabueris</strong></span> <span class='ocrx_word' id='word_1_664' title='bbox 3079 4244 3216 4301; x_wconf 87' lang='lat' dir='ltr'><strong>erga</strong></span> <span class='ocrx_word' id='word_1_665' title='bbox 3245 4228 3710 4301; x_wconf 83' lang='lat' dir='ltr'><strong>benefactorem,</strong></span> 
     </span>
    </p>
   </div>
   <div class='ocr_carea' id='block_1_93' title="bbox 2061 4317 3706 4388">
    <p class='ocr_par' dir='ltr' id='par_1_93' title="bbox 2061 4317 3706 4388">
     <span class='ocr_line' id='line_1_95' title="bbox 2061 4317 3706 4388; baseline -0.001 -13"><span class='ocrx_word' id='word_1_666' title='bbox 2061 4336 2191 4376; x_wconf 86' lang='lat' dir='ltr'><strong>cras</strong></span> <span class='ocrx_word' id='word_1_667' title='bbox 2222 4336 2458 4375; x_wconf 89' lang='lat' dir='ltr'><strong>rursum</strong></span> <span class='ocrx_word' id='word_1_668' title='bbox 2491 4318 2641 4373; x_wconf 92' lang='lat' dir='ltr'><strong>illud</strong></span> <span class='ocrx_word' id='word_1_669' title='bbox 2672 4319 2844 4374; x_wconf 91' lang='lat' dir='ltr'><strong>alteri</strong></span> <span class='ocrx_word' id='word_1_670' title='bbox 2876 4318 3264 4374; x_wconf 90' lang='lat' dir='ltr'><strong>dabit.Unius</strong></span> <span class='ocrx_word' id='word_1_671' title='bbox 3290 4318 3452 4373; x_wconf 90' lang='lat' dir='ltr'><strong>enim</strong></span> <span class='ocrx_word' id='word_1_672' title='bbox 3474 4317 3591 4372; x_wconf 90' lang='lat' dir='ltr'><strong>diei</strong></span> <span class='ocrx_word' id='word_1_673' title='bbox 3620 4333 3706 4388; x_wconf 91' lang='lat' dir='ltr'><strong>es,</strong></span> 
     </span>
    </p>
   </div>
   <div class='ocr_carea' id='block_1_94' title="bbox 2060 4406 3709 4480">
    <p class='ocr_par' dir='ltr' id='par_1_94' title="bbox 2060 4406 3709 4480">
     <span class='ocr_line' id='line_1_96' title="bbox 2060 4406 3709 4480; baseline -0.001 -15"><span class='ocrx_word' id='word_1_674' title='bbox 2060 4415 2119 4465; x_wconf 89' lang='lat' dir='ltr'><strong>et</strong></span> <span class='ocrx_word' id='word_1_675' title='bbox 2148 4410 2222 4465; x_wconf 91' lang='lat' dir='ltr'><strong>iis</strong></span> <span class='ocrx_word' id='word_1_676' title='bbox 2252 4425 2412 4464; x_wconf 86' lang='lat' dir='ltr'><strong>nunc</strong></span> <span class='ocrx_word' id='word_1_677' title='bbox 2433 4409 2694 4480; x_wconf 89' lang='lat' dir='ltr'><strong>imperas</strong></span> <span class='ocrx_word' id='word_1_678' title='bbox 2724 4409 2825 4479; x_wconf 89' lang='lat' dir='ltr'><strong>qui</strong></span> <span class='ocrx_word' id='word_1_679' title='bbox 2853 4413 2995 4463; x_wconf 90' lang='lat' dir='ltr'><strong>sunt</strong></span> <span class='ocrx_word' id='word_1_680' title='bbox 3029 4408 3209 4463; x_wconf 90' lang='lat' dir='ltr'><strong>unius</strong></span> <span class='ocrx_word' id='word_1_681' title='bbox 3267 4406 3407 4462; x_wconf 91' lang='lat' dir='ltr'><strong>diei.</strong></span> <span class='ocrx_word' id='word_1_682' title='bbox 3439 4407 3709 4464; x_wconf 90' lang='lat' dir='ltr'><strong>Christus</strong></span> 
     </span>
    </p>
   </div>
   <div class='ocr_carea' id='block_1_95' title="bbox 2058 4496 3707 4571">
    <p class='ocr_par' dir='ltr' id='par_1_95' title="bbox 2058 4496 3707 4571">
     <span class='ocr_line' id='line_1_97' title="bbox 2058 4496 3707 4571; baseline -0.001 -16"><span class='ocrx_word' id='word_1_683' title='bbox 2058 4517 2193 4555; x_wconf 88' lang='lat' dir='ltr'><strong>vero</strong></span> <span class='ocrx_word' id='word_1_684' title='bbox 2225 4498 2654 4570; x_wconf 89' lang='lat' dir='ltr'><strong>sempiternum</strong></span> <span class='ocrx_word' id='word_1_685' title='bbox 2686 4497 2952 4570; x_wconf 91' lang='lat' dir='ltr'><strong>possidet</strong></span> <span class='ocrx_word' id='word_1_686' title='bbox 2979 4514 3251 4571; x_wconf 86' lang='lat' dir='ltr'><strong>regnum,</strong></span> <span class='ocrx_word' id='word_1_687' title='bbox 3305 4496 3464 4569; x_wconf 93' lang='lat' dir='ltr'><strong>quod</strong></span> <span class='ocrx_word' id='word_1_688' title='bbox 3523 4496 3707 4554; x_wconf 79' lang='lat' dir='ltr'><strong>finem</strong></span> 
     </span>
    </p>
   </div>
   <div class='ocr_carea' id='block_1_96' title="bbox 294 4585 1958 4666">
    <p class='ocr_par' dir='ltr' id='par_1_96' title="bbox 294 4585 1943 4666">
     <span class='ocr_line' id='line_1_98' title="bbox 294 4585 1943 4666; baseline -0.001 -19"><span class='ocrx_word' id='word_1_689' title='bbox 294 4592 381 4647; x_wconf 78' lang='grc' dir='ltr'><strong>καὶ</strong></span> <span class='ocrx_word' id='word_1_690' title='bbox 435 4589 726 4664; x_wconf 77' lang='grc' dir='ltr'>ἐφημέρων</span> <span class='ocrx_word' id='word_1_691' title='bbox 777 4590 867 4641; x_wconf 92' lang='grc' dir='ltr'><strong>νῦν</strong></span> <span class='ocrx_word' id='word_1_692' title='bbox 931 4585 1255 4663; x_wconf 86' lang='grc' dir='ltr'>βασιλεύεις’</span> <span class='ocrx_word' id='word_1_693' title='bbox 1316 4588 1481 4650; x_wconf 85' lang='grc' dir='ltr'>αὐτὸς</span> <span class='ocrx_word' id='word_1_694' title='bbox 1541 4586 1599 4644; x_wconf 81' lang='grc' dir='ltr'><strong>δὶ</strong></span> <span class='ocrx_word' id='word_1_695' title='bbox 1648 4591 1749 4660; x_wconf 78' lang='grc' dir='ltr'>τὴν</span> <span class='ocrx_word' id='word_1_696' title='bbox 1786 4590 1943 4666; x_wconf 33' lang='grc' dir='ltr'>βασιε</span> 
     </span>
    </p>
   </div>
   <div class='ocr_carea' id='block_1_97' title="bbox 2070 4585 2673 4666">
    <p class='ocr_par' dir='ltr' id='par_1_97' title="bbox 2070 4588 2673 4661">
     <span class='ocr_line' id='line_1_99' title="bbox 2070 4588 2673 4661; baseline -0.003 -16"><span class='ocrx_word' id='word_1_697' title='bbox 2070 4604 2365 4661; x_wconf 72' lang='lat' dir='ltr'><strong>nunquam</strong></span> <span class='ocrx_word' id='word_1_698' title='bbox 2398 4588 2673 4660; x_wconf 88' lang='lat' dir='ltr'><strong>accipiet.</strong></span> 
     </span>
    </p>
   </div>
   <div class='ocr_carea' id='block_1_98' title="bbox 293 4674 1946 4753">
    <p class='ocr_par' dir='ltr' id='par_1_98' title="bbox 293 4674 1946 4753">
     <span class='ocr_line' id='line_1_100' title="bbox 293 4674 1946 4753; baseline -0.002 -15"><span class='ocrx_word' id='word_1_699' title='bbox 293 4682 445 4738; x_wconf 85' lang='grc' dir='ltr'>λείαν</span> <span class='ocrx_word' id='word_1_700' title='bbox 473 4680 697 4734; x_wconf 71' lang='grc' dir='ltr'>αἰώνιον</span> <span class='ocrx_word' id='word_1_701' title='bbox 737 4677 1021 4749; x_wconf 85' lang='grc' dir='ltr'>κέκτηται,</span> <span class='ocrx_word' id='word_1_702' title='bbox 1079 4675 1171 4732; x_wconf 84' lang='grc' dir='ltr'><strong>καὶ</strong></span> <span class='ocrx_word' id='word_1_703' title='bbox 1230 4678 1398 4752; x_wconf 83' lang='grc' dir='ltr'>πέρας</span> <span class='ocrx_word' id='word_1_704' title='bbox 1454 4674 1670 4733; x_wconf 79' lang='grc' dir='ltr'>οὐδέπω</span> <span class='ocrx_word' id='word_1_705' title='bbox 1728 4674 1946 4753; x_wconf 74' lang='grc' dir='ltr'>λαμϐά-</span> 
     </span>
    </p>
   </div>
   <div class='ocr_carea' id='block_1_99' title="bbox 290 4790 507 4831">
    <p class='ocr_par' dir='ltr' id='par_1_99' title="bbox 290 4790 507 4831">
     <span class='ocr_line' id='line_1_101' title="bbox 290 4790 507 4831; baseline 0.009 -2"><span class='ocrx_word' id='word_1_706' title='bbox 290 4790 507 4831; x_wconf 86' lang='grc' dir='ltr'>νουσαν.</span> 
     </span>
    </p>
   </div>
   <div class='ocr_carea' id='block_1_100' title="bbox 360 4868 1945 4951">
    <p class='ocr_par' dir='ltr' id='par_1_100' title="bbox 360 4868 1945 4951">
     <span class='ocr_line' id='line_1_102' title="bbox 360 4868 1945 4951; baseline -0.001 -17"><span class='ocrx_word' id='word_1_707' title='bbox 360 4878 459 4941; x_wconf 82' lang='grc' dir='ltr'>κς’.</span> <span class='ocrx_word' id='word_1_708' title='bbox 482 4875 580 4934; x_wconf 82' lang='grc' dir='ltr'><strong>Καὶ</strong></span> <span class='ocrx_word' id='word_1_709' title='bbox 612 4876 640 4931; x_wconf 87' lang='lat'><strong>6</strong></span> <span class='ocrx_word' id='word_1_710' title='bbox 672 4868 1025 4951; x_wconf 66' lang='grc' dir='ltr'>Παραεατηςθ</span> <span class='ocrx_word' id='word_1_711' title='bbox 1079 4872 1290 4931; x_wconf 79' lang='grc' dir='ltr'>’Λνόσιε</span> <span class='ocrx_word' id='word_1_712' title='bbox 1346 4874 1437 4930; x_wconf 88' lang='grc' dir='ltr'><strong>καὶ</strong></span> <span class='ocrx_word' id='word_1_713' title='bbox 1488 4878 1591 4941; x_wconf 80' lang='grc' dir='ltr'><strong>τῆς</strong></span> <span class='ocrx_word' id='word_1_714' title='bbox 1641 4880 1750 4933; x_wconf 78' lang='grc' dir='ltr'><strong>τῶν</strong></span> <span class='ocrx_word' id='word_1_715' title='bbox 1809 4878 1945 4933; x_wconf 83' lang='grc' dir='ltr'>θεῶν</span> 
     </span>
    </p>
   </div>
   <div class='ocr_carea' id='block_1_101' title="bbox 290 4962 1945 5045">
    <p class='ocr_par' dir='ltr' id='par_1_101' title="bbox 290 4962 1945 5045">
     <span class='ocr_line' id='line_1_103' title="bbox 290 4962 1945 5045; baseline -0.01 -20"><span class='ocrx_word' id='word_1_716' title='bbox 290 4968 570 5042; x_wconf 84' lang='grc' dir='ltr'>εὐμενείας</span> <span class='ocrx_word' id='word_1_717' title='bbox 600 4963 886 5041; x_wconf 82' lang='grc' dir='ltr'>ἀλλότριε,</span> <span class='ocrx_word' id='word_1_718' title='bbox 936 4964 1131 5039; x_wconf 77' lang='grc' dir='ltr'>χθιζὸς</span> <span class='ocrx_word' id='word_1_719' title='bbox 1181 4962 1256 5017; x_wconf 84' lang='grc' dir='ltr'>ὥν</span> <span class='ocrx_word' id='word_1_720' title='bbox 1316 4965 1345 5019; x_wconf 86' lang='grc' dir='ltr'><strong>ὀ</strong></span> <span class='ocrx_word' id='word_1_721' title='bbox 1397 4965 1639 5040; x_wconf 87' lang='grc' dir='ltr'>Χριστὸς</span> <span class='ocrx_word' id='word_1_722' title='bbox 1688 4967 1780 5021; x_wconf 83' lang='grc' dir='ltr'><strong>καὶ</strong></span> <span class='ocrx_word' id='word_1_723' title='bbox 1811 4965 1945 5045; x_wconf 61' lang='grc' dir='ltr'>ἱερή-</span> 
     </span>
    </p>
   </div>
   <div class='ocr_carea' id='block_1_102' title="bbox 298 5053 1943 5134">
    <p class='ocr_par' dir='ltr' id='par_1_102' title="bbox 298 5053 1943 5134">
     <span class='ocr_line' id='line_1_104' title="bbox 298 5053 1943 5134; baseline -0.002 -19"><span class='ocrx_word' id='word_1_724' title='bbox 298 5079 486 5134; x_wconf 83' lang='grc' dir='ltr'>μερος,</span> <span class='ocrx_word' id='word_1_725' title='bbox 544 5055 649 5111; x_wconf 82' lang='grc' dir='ltr'>κάκ</span> <span class='ocrx_word' id='word_1_726' title='bbox 700 5059 807 5109; x_wconf 79' lang='grc' dir='ltr'><strong>τῶν</strong></span> <span class='ocrx_word' id='word_1_727' title='bbox 861 5057 960 5109; x_wconf 90' lang='grc' dir='ltr'><strong>τοῦ</strong></span> <span class='ocrx_word' id='word_1_728' title='bbox 1037 5053 1307 5129; x_wconf 86' lang='grc' dir='ltr'>Καίσαρος</span> <span class='ocrx_word' id='word_1_729' title='bbox 1362 5053 1679 5129; x_wconf 87' lang='grc' dir='ltr'>Αὐγούστου</span> <span class='ocrx_word' id='word_1_730' title='bbox 1728 5055 1943 5130; x_wconf 87' lang='grc' dir='ltr'>χρόνων</span> 
     </span>
    </p>
   </div>
   <div class='ocr_carea' id='block_1_103' title="bbox 296 5140 1948 5225">
    <p class='ocr_par' dir='ltr' id='par_1_103' title="bbox 296 5140 1948 5225">
     <span class='ocr_line' id='line_1_105' title="bbox 296 5140 1948 5225; baseline -0.002 -21"><span class='ocrx_word' id='word_1_731' title='bbox 296 5147 619 5225; x_wconf 70' lang='grc' dir='ltr'>ἀρξάμενος,</span> <span class='ocrx_word' id='word_1_732' title='bbox 654 5143 877 5207; x_wconf 81' lang='grc' dir='ltr'>αἶ’ώνιος</span> <span class='ocrx_word' id='word_1_733' title='bbox 927 5140 1185 5216; x_wconf 80' lang='grc' dir='ltr'>βασιλεὺς</span> <span class='ocrx_word' id='word_1_734' title='bbox 1246 5142 1347 5198; x_wconf 80' lang='grc' dir='ltr'>ὑπὸ</span> <span class='ocrx_word' id='word_1_735' title='bbox 1408 5147 1504 5198; x_wconf 88' lang='grc' dir='ltr'><strong>σοῦ</strong></span> <span class='ocrx_word' id='word_1_736' title='bbox 1554 5146 1948 5221; x_wconf 87' lang='grc' dir='ltr'>κεχειροτόνη-</span> 
     </span>
    </p>
   </div>
   <div class='ocr_carea' id='block_1_104' title="bbox 292 5230 1944 5314">
    <p class='ocr_par' dir='ltr' id='par_1_104' title="bbox 292 5230 1944 5314">
     <span class='ocr_line' id='line_1_106' title="bbox 292 5230 1944 5314; baseline -0.002 -21"><span class='ocrx_word' id='word_1_737' title='bbox 292 5259 382 5293; x_wconf 85' lang='grc' dir='ltr'><strong>ται</strong></span> <span class='ocrx_word' id='word_1_738' title='bbox 414 5238 704 5311; x_wconf 76' lang='grc' dir='ltr'>σήμερον;</span> <span class='ocrx_word' id='word_1_739' title='bbox 756 5232 862 5314; x_wconf 73' lang='grc' dir='ltr'><strong>Καὶ</strong></span> <span class='ocrx_word' id='word_1_740' title='bbox 895 5231 923 5287; x_wconf 97' lang='lat'><strong>6</strong></span> <span class='ocrx_word' id='word_1_741' title='bbox 988 5230 1215 5308; x_wconf 84' lang='grc' dir='ltr'>μάρτυς’</span> <span class='ocrx_word' id='word_1_742' title='bbox 1266 5232 1374 5288; x_wconf 83' lang='grc' dir='ltr'>Ναὶ</span> <span class='ocrx_word' id='word_1_743' title='bbox 1431 5233 1569 5289; x_wconf 78' lang='grc' dir='ltr'>κατὰ</span> <span class='ocrx_word' id='word_1_744' title='bbox 1613 5235 1677 5289; x_wconf 88' lang='grc' dir='ltr'>τὸ</span> <span class='ocrx_word' id='word_1_745' title='bbox 1734 5235 1944 5309; x_wconf 79' lang='grc' dir='ltr'>ἀνθρώ-</span> 
     </span>
    </p>
   </div>
   <div class='ocr_carea' id='block_1_105' title="bbox 288 5320 1944 5399">
    <p class='ocr_par' dir='ltr' id='par_1_105' title="bbox 288 5320 1944 5399">
     <span class='ocr_line' id='line_1_107' title="bbox 288 5320 1944 5399; baseline -0.001 -18"><span class='ocrx_word' id='word_1_746' title='bbox 288 5346 450 5381; x_wconf 85' lang='grc' dir='ltr'>πινον</span> <span class='ocrx_word' id='word_1_747' title='bbox 481 5324 574 5380; x_wconf 79' lang='grc' dir='ltr'><strong>καὶ</strong></span> <span class='ocrx_word' id='word_1_748' title='bbox 609 5324 674 5379; x_wconf 86' lang='grc' dir='ltr'>τὸ</span> <span class='ocrx_word' id='word_1_749' title='bbox 704 5328 806 5392; x_wconf 85' lang='grc' dir='ltr'><strong>τῆς</strong></span> <span class='ocrx_word' id='word_1_750' title='bbox 862 5320 1139 5399; x_wconf 81' lang='grc' dir='ltr'>ἀφράστου</span> <span class='ocrx_word' id='word_1_751' title='bbox 1190 5321 1281 5377; x_wconf 78' lang='grc' dir='ltr'><strong>καὶ</strong></span> <span class='ocrx_word' id='word_1_752' title='bbox 1319 5321 1562 5398; x_wconf 73' lang='grc' dir='ltr'>ἀρρήτου</span> <span class='ocrx_word' id='word_1_753' title='bbox 1622 5322 1944 5399; x_wconf 75' lang='grc' dir='ltr'>οἰκονομίας</span> 
     </span>
    </p>
   </div>
   <div class='ocr_carea' id='block_1_106' title="bbox 280 5409 1943 5490">
    <p class='ocr_par' dir='ltr' id='par_1_106' title="bbox 280 5409 1943 5490">
     <span class='ocr_line' id='line_1_108' title="bbox 280 5409 1943 5490; baseline -0.001 -20"><span class='ocrx_word' id='word_1_754' title='bbox 280 5414 456 5472; x_wconf 87' lang='grc' dir='ltr'>αὐτοῦ</span> <span class='ocrx_word' id='word_1_755' title='bbox 489 5415 812 5489; x_wconf 81' lang='grc' dir='ltr'>μυστήριον,</span> <span class='ocrx_word' id='word_1_756' title='bbox 860 5411 958 5466; x_wconf 80' lang='grc' dir='ltr'>εἰτ’</span> <span class='ocrx_word' id='word_1_757' title='bbox 1016 5411 1107 5467; x_wconf 81' lang='grc' dir='ltr'><strong>οὐν</strong></span> <span class='ocrx_word' id='word_1_758' title='bbox 1163 5411 1510 5488; x_wconf 81' lang='grc' dir='ltr'>σαρκώσεως,</span> <span class='ocrx_word' id='word_1_759' title='bbox 1570 5409 1745 5477; x_wconf 71' lang='grc' dir='ltr'>οὕτως</span> <span class='ocrx_word' id='word_1_760' title='bbox 1801 5411 1943 5490; x_wconf 82' lang='grc' dir='ltr'>ἔχει,</span> 
     </span>
    </p>
   </div>
   <div class='ocr_carea' id='block_1_107' title="bbox 278 5502 1942 5580">
    <p class='ocr_par' dir='ltr' id='par_1_107' title="bbox 278 5502 1942 5580">
     <span class='ocr_line' id='line_1_109' title="bbox 278 5502 1942 5580; baseline 0 -19"><span class='ocrx_word' id='word_1_761' title='bbox 278 5506 540 5580; x_wconf 79' lang='grc' dir='ltr'>βασιλεῦ,</span> <span class='ocrx_word' id='word_1_762' title='bbox 573 5503 690 5560; x_wconf 72' lang='grc' dir='ltr'>ἐπεὶ</span> <span class='ocrx_word' id='word_1_763' title='bbox 728 5503 867 5558; x_wconf 83' lang='grc' dir='ltr'>κατᾶ</span> <span class='ocrx_word' id='word_1_764' title='bbox 902 5502 1003 5572; x_wconf 77' lang='grc' dir='ltr'><strong>τήν</strong></span> <span class='ocrx_word' id='word_1_765' title='bbox 1049 5502 1193 5567; x_wconf 81' lang='grc' dir='ltr'>θείαν</span> <span class='ocrx_word' id='word_1_766' title='bbox 1248 5503 1417 5559; x_wconf 88' lang='grc' dir='ltr'>αὐτοῦ</span> <span class='ocrx_word' id='word_1_767' title='bbox 1471 5502 1564 5559; x_wconf 82' lang='grc' dir='ltr'><strong>καὶ</strong></span> <span class='ocrx_word' id='word_1_768' title='bbox 1606 5506 1942 5578; x_wconf 84' lang='grc' dir='ltr'>προαιώνιον</span> 
     </span>
    </p>
   </div>
   <div class='ocr_carea' id='block_1_108' title="bbox 268 5590 1940 5671">
    <p class='ocr_par' dir='ltr' id='par_1_108' title="bbox 268 5590 1940 5671">
     <span class='ocr_line' id='line_1_110' title="bbox 268 5590 1940 5671; baseline -0.006 -18"><span class='ocrx_word' id='word_1_769' title='bbox 268 5594 535 5669; x_wconf 84' lang='grc' dir='ltr'>γέννησιν</span> <span class='ocrx_word' id='word_1_770' title='bbox 566 5590 745 5655; x_wconf 81' lang='grc' dir='ltr'>οὐδεὶς</span> <span class='ocrx_word' id='word_1_771' title='bbox 785 5591 1133 5668; x_wconf 75' lang='grc' dir='ltr'>εὐρεθήσεται</span> <span class='ocrx_word' id='word_1_772' title='bbox 1161 5593 1366 5669; x_wconf 79' lang='grc' dir='ltr'>γρόνος</span> <span class='ocrx_word' id='word_1_773' title='bbox 1399 5593 1428 5648; x_wconf 88' lang='lat'><strong>6</strong></span> <span class='ocrx_word' id='word_1_774' title='bbox 1468 5592 1672 5665; x_wconf 87' lang='grc' dir='ltr'>ταύτης</span> <span class='ocrx_word' id='word_1_775' title='bbox 1721 5596 1940 5671; x_wconf 73' lang='grc' dir='ltr'>ὑπὲρ-ιε.</span> 
     </span>
    </p>
   </div>
   <div class='ocr_carea' id='block_1_109' title="bbox 262 5674 1939 5763">
    <p class='ocr_par' dir='ltr' id='par_1_109' title="bbox 262 5674 1939 5763">
     <span class='ocr_line' id='line_1_111' title="bbox 262 5674 1939 5763; baseline 0.001 -22"><span class='ocrx_word' id='word_1_776' title='bbox 262 5702 399 5763; x_wconf 86' lang='grc' dir='ltr'>ρος.</span> <span class='ocrx_word' id='word_1_777' title='bbox 462 5683 562 5743; x_wconf 79' lang='grc' dir='ltr'>Καὶ</span> <span class='ocrx_word' id='word_1_778' title='bbox 639 5682 668 5740; x_wconf 91' lang='lat'><strong>6</strong></span> <span class='ocrx_word' id='word_1_779' title='bbox 728 5674 1056 5761; x_wconf 77' lang='grc' dir='ltr'>Παραϐατης</span> <span class='ocrx_word' id='word_1_780' title='bbox 1112 5680 1347 5759; x_wconf 84' lang='grc' dir='ltr'>νομίσαν</span> <span class='ocrx_word' id='word_1_781' title='bbox 1400 5680 1723 5742; x_wconf 78' lang='grc' dir='ltr'>ἀπαίδευτον</span> <span class='ocrx_word' id='word_1_782' title='bbox 1802 5684 1939 5743; x_wconf 80' lang='grc' dir='ltr'>εἶναί</span> 
     </span>
    </p>
   </div>
   <div class='ocr_carea' id='block_1_110' title="bbox 2126 4873 3707 4950">
    <p class='ocr_par' dir='ltr' id='par_1_110' title="bbox 2126 4873 3707 4950">
     <span class='ocr_line' id='line_1_112' title="bbox 2126 4873 3707 4950; baseline -0.001 -18"><span class='ocrx_word' id='word_1_783' title='bbox 2126 4880 2215 4934; x_wconf 86' lang='lat'><strong>26.</strong></span> <span class='ocrx_word' id='word_1_784' title='bbox 2249 4874 2514 4949; x_wconf 88' lang='lat' dir='ltr'><strong>Subjecit</strong></span> <span class='ocrx_word' id='word_1_785' title='bbox 2535 4879 2815 4949; x_wconf 86' lang='lat' dir='ltr'><strong>Apostata</strong></span> <span class='ocrx_word' id='word_1_786' title='bbox 2849 4875 3075 4950; x_wconf 87' lang='lat' dir='ltr'><strong>:Impie</strong></span> <span class='ocrx_word' id='word_1_787' title='bbox 3135 4883 3194 4932; x_wconf 90' lang='lat' dir='ltr'><strong>et</strong></span> <span class='ocrx_word' id='word_1_788' title='bbox 3248 4894 3282 4933; x_wconf 94' lang='lat' dir='ltr'><strong>a</strong></span> <span class='ocrx_word' id='word_1_789' title='bbox 3330 4875 3577 4933; x_wconf 90' lang='lat' dir='ltr'><strong>deorum</strong></span> <span class='ocrx_word' id='word_1_790' title='bbox 3608 4873 3707 4931; x_wconf 85' lang='lat' dir='ltr'><strong>be-</strong></span> 
     </span>
    </p>
   </div>
   <div class='ocr_carea' id='block_1_111' title="bbox 2055 4966 3709 5037">
    <p class='ocr_par' dir='ltr' id='par_1_111' title="bbox 2055 4966 3709 5037">
     <span class='ocr_line' id='line_1_113' title="bbox 2055 4966 3709 5037; baseline -0.001 -15"><span class='ocrx_word' id='word_1_791' title='bbox 2055 4967 2393 5023; x_wconf 86' lang='lat' dir='ltr'><strong>nevolentia</strong></span> <span class='ocrx_word' id='word_1_792' title='bbox 2431 4966 2648 5037; x_wconf 87' lang='lat' dir='ltr'><strong>aliene,</strong></span> <span class='ocrx_word' id='word_1_793' title='bbox 2671 4983 2807 5023; x_wconf 90' lang='lat' dir='ltr'><strong>cum</strong></span> <span class='ocrx_word' id='word_1_794' title='bbox 2867 4968 3183 5022; x_wconf 89' lang='lat' dir='ltr'><strong>hesternus</strong></span> <span class='ocrx_word' id='word_1_795' title='bbox 3215 4966 3292 5021; x_wconf 89' lang='lat' dir='ltr'><strong>sit</strong></span> <span class='ocrx_word' id='word_1_796' title='bbox 3349 4967 3617 5021; x_wconf 91' lang='lat' dir='ltr'><strong>Christus</strong></span> <span class='ocrx_word' id='word_1_797' title='bbox 3648 4969 3709 5021; x_wconf 86' lang='lat' dir='ltr'><strong>et</strong></span> 
     </span>
    </p>
   </div>
   <div class='ocr_carea' id='block_1_112' title="bbox 2055 5056 3707 5132">
    <p class='ocr_par' dir='ltr' id='par_1_112' title="bbox 2055 5056 3707 5132">
     <span class='ocr_line' id='line_1_114' title="bbox 2055 5056 3707 5132; baseline -0.003 -17"><span class='ocrx_word' id='word_1_798' title='bbox 2055 5059 2234 5115; x_wconf 92' lang='lat' dir='ltr'><strong>unius</strong></span> <span class='ocrx_word' id='word_1_799' title='bbox 2258 5058 2395 5128; x_wconf 90' lang='lat' dir='ltr'><strong>diei,</strong></span> <span class='ocrx_word' id='word_1_800' title='bbox 2436 5075 2503 5114; x_wconf 88' lang='lat' dir='ltr'><strong>ac</strong></span> <span class='ocrx_word' id='word_1_801' title='bbox 2553 5059 2801 5114; x_wconf 65' lang='lat' dir='ltr'><strong>Caesaris</strong></span> <span class='ocrx_word' id='word_1_802' title='bbox 2854 5059 3097 5132; x_wconf 89' lang='lat' dir='ltr'><strong>Augusti</strong></span> <span class='ocrx_word' id='word_1_803' title='bbox 3149 5063 3415 5129; x_wconf 89' lang='lat' dir='ltr'><strong>tempore</strong></span> <span class='ocrx_word' id='word_1_804' title='bbox 3472 5056 3707 5111; x_wconf 84' lang='lat' dir='ltr'><strong>exstite-</strong></span> 
     </span>
    </p>
   </div>
   <div class='ocr_carea' id='block_1_113' title="bbox 2053 5147 3706 5220">
    <p class='ocr_par' dir='ltr' id='par_1_113' title="bbox 2053 5147 3706 5220">
     <span class='ocr_line' id='line_1_115' title="bbox 2053 5147 3706 5220; baseline -0.001 -16"><span class='ocrx_word' id='word_1_805' title='bbox 2053 5148 2150 5217; x_wconf 91' lang='lat' dir='ltr'><strong>rit,</strong></span> <span class='ocrx_word' id='word_1_806' title='bbox 2185 5147 2460 5219; x_wconf 88' lang='lat' dir='ltr'><strong>nunquid</strong></span> <span class='ocrx_word' id='word_1_807' title='bbox 2518 5147 2917 5220; x_wconf 89' lang='lat' dir='ltr'><strong>sempiternus</strong></span> <span class='ocrx_word' id='word_1_808' title='bbox 2975 5165 3077 5204; x_wconf 90' lang='lat' dir='ltr'><strong>rex</strong></span> <span class='ocrx_word' id='word_1_809' title='bbox 3126 5152 3254 5203; x_wconf 86' lang='lat' dir='ltr'><strong>ate</strong></span> <span class='ocrx_word' id='word_1_810' title='bbox 3304 5151 3537 5203; x_wconf 87' lang='lat' dir='ltr'><strong>creatus</strong></span> <span class='ocrx_word' id='word_1_811' title='bbox 3613 5150 3706 5202; x_wconf 90' lang='lat' dir='ltr'><strong>est</strong></span> 
     </span>
    </p>
   </div>
   <div class='ocr_carea' id='block_1_114' title="bbox 2052 5233 3702 5309">
    <p class='ocr_par' dir='ltr' id='par_1_114' title="bbox 2052 5233 3702 5309">
     <span class='ocr_line' id='line_1_116' title="bbox 2052 5233 3702 5309; baseline -0.001 -17"><span class='ocrx_word' id='word_1_812' title='bbox 2052 5237 2289 5293; x_wconf 83' lang='lat' dir='ltr'><strong>hodie?</strong></span> <span class='ocrx_word' id='word_1_813' title='bbox 2343 5239 2413 5292; x_wconf 93' lang='lat' dir='ltr'><strong>Et</strong></span> <span class='ocrx_word' id='word_1_814' title='bbox 2467 5241 2695 5309; x_wconf 85' lang='lat' dir='ltr'><strong>martyr</strong></span> <span class='ocrx_word' id='word_1_815' title='bbox 2738 5253 2752 5292; x_wconf 91' lang='lat'><strong>:</strong></span> <span class='ocrx_word' id='word_1_816' title='bbox 2808 5237 3041 5309; x_wconf 89' lang='lat' dir='ltr'><strong>Utique,</strong></span> <span class='ocrx_word' id='word_1_817' title='bbox 3099 5237 3316 5308; x_wconf 89' lang='lat' dir='ltr'><strong>inquit,</strong></span> <span class='ocrx_word' id='word_1_818' title='bbox 3367 5233 3702 5291; x_wconf 89' lang='lat' dir='ltr'><strong>secundum</strong></span> 
     </span>
    </p>
   </div>
   <div class='ocr_carea' id='block_1_115' title="bbox 2052 5324 3700 5398">
    <p class='ocr_par' dir='ltr' id='par_1_115' title="bbox 2052 5324 3700 5398">
     <span class='ocr_line' id='line_1_117' title="bbox 2052 5324 3700 5398; baseline -0.002 -15"><span class='ocrx_word' id='word_1_819' title='bbox 2052 5327 2489 5384; x_wconf 86' lang='lat' dir='ltr'><strong>humanitatem</strong></span> <span class='ocrx_word' id='word_1_820' title='bbox 2542 5332 2601 5382; x_wconf 90' lang='lat' dir='ltr'><strong>et</strong></span> <span class='ocrx_word' id='word_1_821' title='bbox 2681 5326 3000 5383; x_wconf 71' lang='lat' dir='ltr'><strong>ineﬂ‘abilis</strong></span> <span class='ocrx_word' id='word_1_822' title='bbox 3049 5332 3225 5398; x_wconf 89' lang='lat' dir='ltr'><strong>atque</strong></span> <span class='ocrx_word' id='word_1_823' title='bbox 3277 5324 3700 5382; x_wconf 88' lang='lat' dir='ltr'><strong>inenarrabilis</strong></span> 
     </span>
    </p>
   </div>
   <div class='ocr_carea' id='block_1_116' title="bbox 2052 5418 3703 5491">
    <p class='ocr_par' dir='ltr' id='par_1_116' title="bbox 2052 5418 3703 5491">
     <span class='ocr_line' id='line_1_118' title="bbox 2052 5418 3703 5491; baseline -0.002 -16"><span class='ocrx_word' id='word_1_824' title='bbox 2052 5418 2519 5491; x_wconf 88' lang='lat' dir='ltr'><strong>dispensationis</strong></span> <span class='ocrx_word' id='word_1_825' title='bbox 2566 5419 2693 5491; x_wconf 91' lang='lat' dir='ltr'><strong>ejus</strong></span> <span class='ocrx_word' id='word_1_826' title='bbox 2733 5436 2838 5475; x_wconf 90' lang='lat' dir='ltr'><strong>seu</strong></span> <span class='ocrx_word' id='word_1_827' title='bbox 2886 5419 3083 5475; x_wconf 89' lang='lat' dir='ltr'><strong>carnis</strong></span> <span class='ocrx_word' id='word_1_828' title='bbox 3134 5424 3423 5491; x_wconf 64' lang='lat' dir='ltr'><strong>suscepta</strong></span> <span class='ocrx_word' id='word_1_829' title='bbox 3479 5422 3703 5491; x_wconf 86' lang='lat' dir='ltr'><strong>myste-</strong></span> 
     </span>
    </p>
   </div>
   <div class='ocr_carea' id='block_1_117' title="bbox 2050 5507 3702 5581">
    <p class='ocr_par' dir='ltr' id='par_1_117' title="bbox 2050 5507 3702 5581">
     <span class='ocr_line' id='line_1_119' title="bbox 2050 5507 3702 5581; baseline -0.001 -16"><span class='ocrx_word' id='word_1_830' title='bbox 2050 5510 2229 5578; x_wconf 90' lang='lat' dir='ltr'><strong>rium,</strong></span> <span class='ocrx_word' id='word_1_831' title='bbox 2262 5509 2346 5565; x_wconf 89' lang='lat' dir='ltr'><strong>ita</strong></span> <span class='ocrx_word' id='word_1_832' title='bbox 2373 5526 2471 5565; x_wconf 90' lang='lat' dir='ltr'><strong>res</strong></span> <span class='ocrx_word' id='word_1_833' title='bbox 2501 5508 2701 5577; x_wconf 90' lang='lat' dir='ltr'><strong>habet,</strong></span> <span class='ocrx_word' id='word_1_834' title='bbox 2733 5508 3059 5581; x_wconf 88' lang='lat' dir='ltr'><strong>imperator</strong></span> <span class='ocrx_word' id='word_1_835' title='bbox 3087 5528 3104 5580; x_wconf 87' lang='lat'><strong>;</strong></span> <span class='ocrx_word' id='word_1_836' title='bbox 3163 5508 3269 5565; x_wconf 92' lang='lat' dir='ltr'><strong>sed</strong></span> <span class='ocrx_word' id='word_1_837' title='bbox 3324 5507 3521 5580; x_wconf 91' lang='lat' dir='ltr'><strong>quoad</strong></span> <span class='ocrx_word' id='word_1_838' title='bbox 3572 5507 3702 5580; x_wconf 90' lang='lat' dir='ltr'><strong>ejus</strong></span> 
     </span>
    </p>
   </div>
   <div class='ocr_carea' id='block_1_118' title="bbox 2051 5599 3701 5673">
    <p class='ocr_par' dir='ltr' id='par_1_118' title="bbox 2051 5599 3701 5673">
     <span class='ocr_line' id='line_1_120' title="bbox 2051 5599 3701 5673; baseline -0.001 -18"><span class='ocrx_word' id='word_1_839' title='bbox 2051 5599 2311 5655; x_wconf 81' lang='lat' dir='ltr'><strong>divinam</strong></span> <span class='ocrx_word' id='word_1_840' title='bbox 2341 5604 2401 5655; x_wconf 91' lang='lat' dir='ltr'><strong>et</strong></span> <span class='ocrx_word' id='word_1_841' title='bbox 2447 5615 2581 5671; x_wconf 79' lang='lat' dir='ltr'><strong>quae</strong></span> <span class='ocrx_word' id='word_1_842' title='bbox 2638 5602 2775 5655; x_wconf 87' lang='lat' dir='ltr'><strong>ante</strong></span> <span class='ocrx_word' id='word_1_843' title='bbox 2822 5599 3043 5656; x_wconf 78' lang='lat' dir='ltr'><strong>saecula</strong></span> <span class='ocrx_word' id='word_1_844' title='bbox 3097 5604 3187 5655; x_wconf 86' lang='lat' dir='ltr'><strong>est</strong></span> <span class='ocrx_word' id='word_1_845' title='bbox 3232 5599 3701 5673; x_wconf 86' lang='lat' dir='ltr'><strong>generationem,</strong></span> 
     </span>
    </p>
   </div>
   <div class='ocr_carea' id='block_1_119' title="bbox 2048 5688 3700 5767">
    <p class='ocr_par' dir='ltr' id='par_1_119' title="bbox 2048 5688 3700 5767">
     <span class='ocr_line' id='line_1_121' title="bbox 2048 5688 3700 5767; baseline -0.001 -19"><span class='ocrx_word' id='word_1_846' title='bbox 2048 5690 2285 5749; x_wconf 89' lang='lat' dir='ltr'><strong>nullum</strong></span> <span class='ocrx_word' id='word_1_847' title='bbox 2344 5688 2684 5748; x_wconf 85' lang='lat' dir='ltr'><strong>invenietur</strong></span> <span class='ocrx_word' id='word_1_848' title='bbox 2730 5694 2966 5765; x_wconf 88' lang='lat' dir='ltr'><strong>tempus</strong></span> <span class='ocrx_word' id='word_1_849' title='bbox 3045 5707 3117 5748; x_wconf 84' lang='lat' dir='ltr'><strong>ea</strong></span> <span class='ocrx_word' id='word_1_850' title='bbox 3189 5689 3487 5767; x_wconf 82' lang='lat' dir='ltr'><strong>superius.</strong></span> <span class='ocrx_word' id='word_1_851' title='bbox 3544 5689 3700 5767; x_wconf 69' lang='grc' dir='ltr'><strong>Δροτ</strong></span> 
     </span>
    </p>
   </div>
  </div>
