4120 6374
463 388 601 447 1275

1979 383 2354 444 ΔΒΒΙΝΒΑ.

3665 383 3678 391 ·
3779 345 3910 451 1276

460 519 612 572 stata
642 514 994 574 existimans
1021 515 1234 573 Christi
1266 519 1588 587 martyrem
1639 513 1932 570 incultum
1982 529 2110 571 esse

2237 530 2344 566 τινα
2369 510 2463 567 τὸν
2490 514 2588 567 τοῦ
2628 513 2864 589 Χριστοῦ
2907 511 3175 591 μάρτυρα,
3232 514 3323 570 καὶ
3381 521 3491 586 τῆς
3555 511 3909 587 Ἑλληνικῆς

467 607 816 678 quempiam
844 614 902 663 et
928 607 1164 679 gentilis
1215 605 1568 661 eruditionis
1627 609 1950 677 expertem,
1986 603 2124 658 irri-

469 694 618 750 dens
665 695 815 752 dixit
862 697 914 750 ei
967 713 982 750 :
1033 697 1202 767 Ergo,
1263 694 1493 762 infelix,
1525 695 1796 750 Christus
1845 699 1982 749 tuus
2030 692 2121 748 bis

469 784 583 840 fuit
612 785 981 858 generatus?
1013 787 1082 839 Et
1139 785 1186 839 si
1236 784 1479 855 quidem
1534 785 1596 839 in
1654 785 1766 840 hoc
1823 783 2119 855 gloriaris,

476 878 614 930 sunt
639 880 699 929 et
719 874 872 946 apud
903 875 1135 928 Graecos
1163 874 1270 927 viri
1312 874 1762 946 sapientissimi,
1785 889 1907 929 non
1926 873 2118 928 solum

475 962 565 1018 bis
592 962 694 1019 sed
736 963 912 1018 etiam
944 968 1034 1017 ter
1080 963 1366 1036 generati.
1401 964 1726 1020 Mercurius
1786 963 1968 1030 enim,
2019 962 2119 1033 qui

473 1051 927 1125 cognominatur
948 1053 1390 1126 Trismegistus,
1423 1053 1687 1109 tervenit
1714 1053 1776 1108 in
1807 1052 2120 1121 mundum,

469 1141 752 1212 suiipsius
805 1141 1102 1212 conscius,
1161 1148 1228 1199 ut
1275 1143 1427 1199 sacri
1509 1143 1638 1215 ejus
1697 1160 1765 1199 ac
1814 1141 2120 1198 mirabiles

465 1230 733 1286 referunt
779 1230 938 1302 libri,
1000 1237 1059 1287 et
1105 1231 1328 1288 idcirco
1385 1233 1802 1306 Trismegistus
1856 1237 2118 1287 vocatur.

467 1320 654 1375 Simili
694 1320 872 1376 modo
927 1322 1312 1395 Pythagoras,
1363 1323 1651 1378 Mercurio
1701 1326 1873 1378 astate
1922 1325 2123 1392 poste-

463 1409 608 1476 rior,
641 1410 770 1482 ipse
800 1428 1036 1483 quoque
1068 1418 1160 1467 ter
1186 1411 1348 1467 venit
1394 1411 1468 1466 ad
1512 1411 1713 1480 vitam,
1763 1411 1957 1483 primo
1989 1408 2126 1481 qui-

463 1498 600 1554 dem
640 1500 958 1557 nauclerus
989 1502 1312 1574 :Egyptius,
1345 1501 1485 1557 dein
1516 1501 1869 1573 Euphorbus
1899 1500 1971 1556 de
2003 1517 2121 1570 quo

462 1589 622 1661 apud
684 1591 1024 1662 Homerum,
1087 1597 1390 1664 postremo
1449 1596 1649 1648 autem
1734 1591 2119 1664 Pythagoras,

460 1679 792 1736 Mnesarchi
824 1681 1008 1752 filius,
1040 1681 1297 1738 Samius.

531 1848 623 1901 27.
657 1847 731 1901 Et
755 1850 984 1919 martyr
1012 1846 1270 1903 irridens
1319 1863 1508 1920 nugas
1557 1862 1663 1903 seu
1715 1845 1915 1918 potius
1960 1844 2117 1900 face-

466 1936 580 1992 tias
609 1935 829 1992 eruditi
861 1937 1239 2009 imperatoris
1255 1941 1434 2009 atque
1465 1937 1786 2010 impiorum
1803 1935 2116 2010 gentilium

469 2025 889 2096 deliramenta,
923 2027 1262 2098 suspicatus
1289 2043 1426 2082 vero
1456 2032 1778 2099 tyrannum
1800 2025 1895 2081 his
1923 2023 2118 2080 verbis

467 2114 686 2170 Christi
743 2115 1192 2188 generationem
1263 2115 1651 2172 deridendam
1710 2114 1977 2188 praebere
2031 2130 2128 2170 vo-

467 2203 676 2273 luisse,
739 2221 940 2262 severe
989 2205 1341 2277 fortiterque
1393 2206 1707 2278 reposuit:
1753 2203 2126 2277 Oportuisset

465 2293 558 2348 vel
581 2292 656 2349 ab
709 2292 883 2349 initio
910 2310 1021 2350 nec
1063 2295 1428 2366 respondere
1486 2295 1617 2363 tibi,
1676 2293 2120 2362 scelestissime,

464 2398 580 2438 nec
607 2382 1009 2455 qualicunque
1039 2383 1387 2441 defensione
1430 2390 1485 2441 te
1535 2383 1766 2457 dignari
1799 2402 1814 2452 ;
1848 2383 1952 2439 sed
1983 2400 2124 2456 pro-

469 2477 604 2544 pter
661 2477 957 2530 astantem
1024 2474 1284 2545 turbam,
1335 2475 1476 2546 quia
1523 2474 1597 2529 de
1680 2473 1896 2529 Christi
1949 2489 2122 2547 grege

466 2561 739 2633 plerique
798 2567 956 2632 sunt,
1025 2563 1147 2620 dixi
1205 2581 1577 2636 quascunque
1646 2563 1786 2631 dixi,
1849 2567 1908 2618 et
1962 2579 2125 2619 nunc

465 2670 656 2725 pauca
704 2655 920 2723 dicam,
957 2655 1030 2711 de
1063 2673 1268 2712 eorum
1300 2656 1490 2712 salute
1524 2655 1837 2712 sollicitus.
1888 2655 2129 2710 Scilicet

466 2743 766 2800 Christum
788 2745 860 2801 ab
883 2745 1003 2802 alto
1035 2751 1373 2817 repetentes
1404 2746 1610 2801 multis
1628 2750 1765 2801 ante
1796 2745 2125 2818 generatio-

463 2833 643 2894 nibus
672 2835 979 2907 prOphetm
1034 2837 1606 2908 prmnuntiaverunt,
1655 2835 1965 2907 multaque
2025 2851 2127 2890 oc-

466 2929 718 2980 currunt
745 2924 1035 2981 adventus
1067 2927 1196 2998 ejus
1227 2926 1573 2982 testimonia
1601 2925 1664 2980 in
1698 2925 1910 2980 vestris
1943 2925 2126 2980 etiam

465 3013 726 3074 Oraculis
755 3019 814 3070 et
843 3014 905 3068 in
956 3014 1126 3071 libris
1177 3014 1508 3088 Sibyllinis.
1576 3017 1646 3070 Et
1687 3013 2124 3071 incarnationis

470 3103 600 3175 ejus
625 3119 808 3160 causa
829 3104 947 3159 fuit
975 3104 1140 3160 salus
1204 3109 1266 3160 et
1317 3105 1615 3176 reparatio
1649 3104 1913 3161 hominis
1945 3103 2121 3176 lapsi.

471 3193 618 3249 Cum
649 3194 811 3250 enim
839 3194 1102 3250 venisset
1157 3195 1220 3250 in
1251 3201 1494 3265 terram,
1544 3213 1788 3252 omnem
1843 3195 2123 3252 morbum

473 3283 721 3354 expulit,
755 3288 816 3340 et
842 3284 1003 3355 quod
1049 3285 1408 3354 mirabilius,
1441 3285 1618 3342 verbo
1641 3290 1907 3342 mortuos
1933 3286 2121 3342 susci-
2155 3270 2199 3338 C

471 3373 616 3428 tavit
639 3373 894 3430 fetentes
935 3375 1142 3446 ;quod
1193 3392 1328 3431 vero
1384 3375 1656 3431 omnium
1705 3375 1963 3432 maxime
2012 3381 2130 3431 stu-

470 3462 735 3535 pendum
794 3469 904 3532 est,
981 3482 1088 3537 pro
1148 3464 1358 3522 mundi
1412 3465 1604 3522 salute
1671 3481 1883 3537 passus
1935 3466 2129 3521 crucis

470 3557 861 3625 tormentum,
889 3556 1218 3611 resurrexit
1274 3556 1453 3612 tertia
1497 3557 1593 3612 die
1648 3572 1683 3612 a
1730 3555 2004 3624 mortuis,
2063 3560 2131 3611 ut

474 3648 774 3701 testantur
821 3644 1132 3718 quingenti
1191 3645 1489 3714 homines,
1542 3645 1838 3701 militibus
1890 3661 2127 3718 quoque

473 3734 946 3791 custodientibus
978 3736 1343 3808 sepulcrum,
1365 3754 1441 3793 ne
1471 3737 1690 3793 rimam
1716 3737 2129 3809 inveniretqui

475 3824 655 3881 vellet
717 3826 848 3898 ejus
897 3827 1398 3884 resurrectionem
1438 3827 1814 3884 calumniari.
1871 3830 1943 3882 Et
1991 3844 2128 3884 cum

476 3914 834 3973 surrexisset
861 3932 898 3974 a
925 3917 1200 3989 mortuis,
1226 3917 1386 3974 visus
1417 3923 1508 3973 est
1564 3934 1598 3972 a
1645 3917 1957 3990 discipulis
2005 3918 2130 3974 suis

473 4023 582 4077 per
609 4006 872 4079 integros
904 4005 1031 4064 dies
1061 4007 1455 4080 quadraginta
1483 4023 1620 4063 cum
1660 4007 1782 4062 illis
1804 4023 2129 4064 conversa-

475 4097 570 4156 tus
600 4113 615 4162 ;
649 4100 710 4151 et
732 4095 1070 4152 videntibus
1101 4102 1282 4167 atque
1323 4097 1751 4169 aspicientibus
1803 4097 1971 4169 ipsis.
2005 4097 2133 4154 ele-

473 4188 641 4258 yatus
685 4187 775 4238 est
827 4183 890 4239 in
938 4183 1176 4253 cmlum,
1228 4183 1551 4241 demittens
1608 4184 1670 4240 in
1716 4201 1818 4240 eos
1877 4185 2132 4257 Spiritus

473 4272 663 4334 sancti
685 4273 910 4330 donum
938 4278 998 4329 et
1015 4273 1293 4329 virtutem
1322 4291 1337 4328 :
1369 4275 1453 4330 ita
1479 4279 1547 4330 ut
1575 4280 1633 4331 et
1661 4275 2132 4348 alienigenarum

470 4362 694 4436 linguis
723 4362 1133 4435 loquerentur,
1165 4379 1276 4419 nec
1297 4381 1446 4436 opus
1462 4363 1754 4421 haberent
1781 4365 2129 4438 interprete.

481 4451 856 4523 Loquebatur
885 4452 1046 4509 enim
1078 4453 1140 4509 in
1190 4453 1276 4510 eis
1302 4453 1556 4526 Spiritus
1605 4460 1869 4525 sanctus,
1928 4457 2012 4512 ita
2066 4461 2134 4513 ut

481 4544 540 4596 et
557 4540 758 4597 futura
776 4542 1193 4613 praaviderent,
1228 4547 1285 4598 et
1320 4545 1749 4615 prophetarent
1777 4561 1910 4617 qua)
1945 4562 2130 4601 even-

479 4633 613 4687 tura
633 4635 851 4686 essent.
886 4632 992 4697 Qui
1069 4631 1312 4703 quidem
1377 4633 1600 4705 egressi
1660 4633 2136 4705 prmdicaverunt
2168 4649 2212 4714 υ

478 4736 614 4776 cum
645 4719 888 4792 ubique,
911 4721 1064 4776 nihil
1103 4738 1303 4778 secum
1335 4721 1596 4778 ferentes
1654 4728 1871 4794 praeter
1940 4723 2130 4779 solam

477 4811 610 4885 ejus
631 4809 993 4868 invisibilem
1024 4813 1340 4881 virtutem;
1363 4828 1484 4868 non
1515 4813 1813 4885 clypeum,
1845 4830 1968 4870 non
1998 4813 2135 4869 lan-

479 4917 670 4973 ceam,
702 4918 824 4958 non
855 4901 1120 4975 gladium
1140 4907 1437 4970 tenentes,
1488 4901 1593 4958 sed
1645 4902 1813 4972 nudi,
1872 4903 2136 4959 inermes

484 4995 543 5047 et
572 5007 869 5063 pauperes
899 4990 1192 5048 mundum
1225 4996 1513 5063 ceperunt
1566 4991 1932 5059 universum,
1983 5008 2136 5047 mor-

479 5083 614 5135 tuos
655 5079 1002 5148 excitantes,
1061 5079 1332 5151 leprosos
1379 5078 1762 5148 mundantes,
1841 5081 2137 5139 daamonia

479 5167 909 5242 ejicientes.Et
951 5169 1077 5225 huic
1107 5168 1358 5240 quinam
1413 5169 1732 5224 fecerunt?
1777 5171 2134 5239 Piscatores,

479 5258 759 5318 homines
791 5261 982 5334 ignari
1012 5261 1348 5318 litterarum
1381 5266 1439 5317 et
1468 5259 1788 5318 mundanas
1827 5262 2134 5334 sapientiae

483 5355 770 5409 exsortes.

547 5585 821 5652 28.Quos
841 5601 977 5642 vero
1035 5585 1162 5658 ipse
1210 5585 1516 5656 induxisti,
1578 5584 1860 5644 deridens
1918 5588 2136 5646 Christi

480 5675 950 5747 generationem,
973 5675 1130 5732 viros
1150 5677 1457 5749 sapientes
1495 5683 1554 5732 et
1582 5676 1838 5746 divinos,
1869 5684 1939 5735 ut
1956 5680 2135 5737 modo

481 5781 584 5826 eos
613 5766 858 5838 vocasti,
888 5764 1125 5822 etiamsi
1151 5767 1433 5825 daremus
1449 5784 1586 5825 vera
1607 5766 1794 5824 fuisse
1827 5769 1956 5828 huic
1985 5769 2134 5828 deli-

2231 601 2424 678 σοφίας
2503 603 2802 678 ἀμέτοχον,
2885 601 3266 679 διαχλευάζων
3341 603 3444 683 ἔφη
3506 606 3660 681 πρὸς
3721 606 3902 663 αὐτόν·

2231 694 2470 763 Οὐκοῦν,
2502 691 2548 747 ὦ
2577 693 2920 770 ταλαίπωρε,
2954 696 2983 750 ὁ
3039 695 3282 770 Χριστός
3316 717 3411 752 σου
3460 693 3554 759 δὶς
3617 698 3726 773 ἄρα
3755 699 3903 774 γεγὲ-

2229 804 2389 852 νηται
2427 802 2440 851 ;
2474 782 2574 838 Καὶ
2615 785 2661 838 εἰ
2712 783 2801 839 ἐπὶ
2843 783 3024 859 τούτῳ
3079 785 3401 859 κομπάζεις,
3464 785 3578 841 εἶσὶ
3631 787 3727 842 καὶ
3783 792 3901 861 παρ’

2230 872 2500 944 ’Ἓλλησιν
2533 870 2724 949 ἄνδρες
2754 875 3063 950 σοφώτατοι
3098 874 3159 930 ού
3196 876 3362 949 μόνον
3399 873 3488 940 δὶς
3526 879 3898 952 γεννηθεντες,

2231 960 2378 1017 ἀλλὰ
2433 963 2522 1018 καὶ
2570 963 2710 1040 τρίς
2769 965 2800 1019 ὅ
2876 986 2935 1020 τε
2992 965 3096 1040 γὰρ
3143 967 3359 1039 Ἐρμῆς
3412 966 3440 1020 ὁ
3501 968 3900 1046 Τρισμέγιστος

2230 1051 2691 1128 ἐπικαλούμενος,
2722 1055 2908 1130 τρίτον
2951 1056 3121 1125 ἦλθεν
3177 1054 3230 1110 ἐν
3279 1056 3501 1130 κόσμῳ,
3539 1057 3740 1114 ἑαυτὸν
3791 1058 3902 1115 ἑπι-

2229 1143 2416 1219 γνοὺς,
2443 1144 2624 1208 καθὼς
2664 1146 2720 1200 αἱ
2766 1145 2908 1222 ἱεραὶ
2965 1144 3133 1201 αὐτοῦ
3196 1147 3289 1202 καὶ
3351 1148 3664 1221 θαυμάσιαι
3723 1143 3900 1226 βίϐλοι

2231 1229 2636 1308 διαγορεύουσι,
2658 1232 2749 1289 καὶ
2799 1232 2890 1290 διὰ
2945 1239 3108 1291 τοῦτο
3164 1235 3571 1314 Τρισμὲγιστος
3637 1236 3899 1313 ὀνομάζε-

2228 1343 2339 1382 ται.
2372 1324 2618 1397 Ὁμοίως
2652 1322 2710 1380 δὲ
2738 1324 2829 1380 καὶ
2861 1326 3185 1402 Πυθαγόρας
3207 1329 3359 1400 [360]
3405 1328 3434 1382 ὁ
3491 1325 3710 1383 τούτου
3743 1349 3895 1403 μετα-

2229 1413 2563 1489 γενέστερος,
2594 1413 2686 1470 καὶ
2720 1413 2882 1478 αὐτὸς
2902 1417 3089 1492 τρίτον
3129 1415 3294 1486 ἦλθεν
3323 1415 3376 1471 ἐν
3441 1417 3578 1493 βίῳ·
3639 1420 3889 1496 πρότερον

2235 1505 2332 1577 μὲν
2355 1505 2660 1581 Αἲγύπτιος
2679 1507 2924 1582 γεγονὼς
2956 1506 3294 1585 ναύκληρος,
3357 1504 3550 1564 ἔπειτα
3602 1507 3654 1564 δ’
3693 1507 3895 1588 Εὔφορ-

2231 1588 2331 1657 ϐος
2365 1594 2393 1649 ὁ
2426 1595 2514 1674 ὑφ’
2542 1596 2794 1672 Ὀμήρου
2857 1598 3366 1672 μνημονευόμενος,
3396 1597 3645 1676 ἔσχατον
3706 1597 3764 1655 δὲ
3793 1606 3888 1655 llu-

2232 1686 2469 1761 θαγόρας
2489 1685 2834 1762 Μνησάρχου
2855 1686 2992 1755 υἱὸς,
3013 1687 3242 1761 Σάμιος.

2302 1793 2401 1862 κζ’.
2438 1793 2542 1850 Καὶ
2587 1795 2617 1850 ὁ
2671 1796 2880 1870 μάρτυς
2937 1795 3305 1872 καταγελάσας
3354 1801 3468 1853 τῶν
3522 1796 3886 1874 ληρημάτων,

2150 1893 2196 1958 Β
2231 1879 2448 1956 μᾶλλον
2491 1881 2550 1939 δὶ
2612 1887 3020 1960 κομψευμάτων
3067 1890 3166 1942 τοῦ
3223 1890 3392 1966 σοφοῦ
3452 1887 3752 1966 βασιλέως,
3803 1887 3882 1943 καὶ

2229 1981 2332 2043 τῆς
2357 1978 2465 2029 τῶν
2526 1969 2736 2030 ἀσεϐῶν
2795 1975 3083 2047 Ἐλλήνων
3143 1975 3522 2055 μωρολογίας,
3583 1978 3882 2051 ὑπονοήσας

2233 2060 2293 2119 δὲ
2319 2063 2411 2119 τὸν
2441 2063 2698 2141 τύραννον
2731 2067 2830 2135 τήν
2878 2069 2975 2122 τοῦ
3021 2071 3261 2141 Χριστοῦ
3314 2069 3569 2144 γέννησιν
3631 2066 3721 2124 διὰ
3767 2088 3881 2123 του-

2230 2154 2362 2208 τωνῖ
2395 2158 2503 2208 τῶν
2536 2152 2798 2231 ῥημάτων
2834 2154 3122 2231 χλευάζειν
3177 2157 3546 2233 πειρώμενον,
3603 2155 3706 2237 ἔφη
3753 2157 3877 2232 πρὸς

2234 2241 2394 2298 αὐτὸν
2485 2244 2622 2316 μετά
2675 2241 2904 2315 πολλῆς
2961 2245 3261 2317 αὐστηρίας
3333 2247 3426 2302 καὶ
3477 2247 3872 2324 γενναιότητος’

2231 2329 2389 2390 ’Ἔδει
2443 2335 2545 2404 τήν
2606 2335 2789 2410 ἀρχὴν
2855 2331 2997 2410 μηδὲ
3038 2335 3432 2412 ἀποκρίνασθαί
3482 2359 3599 2408 σοι,
3652 2357 3875 2413 παρανο-

2239 2423 2473 2497 μώτατε,
2537 2422 2678 2499 μηδὶ
2732 2431 2832 2495 τῆς
2885 2425 3104 2482 οἱασοῦν
3182 2425 3488 2506 ἀπολογίας
3559 2426 3874 2499 καταξιῶσαί

2235 2531 2313 2567 σε·
2341 2510 2401 2568 ἀ)
2416 2513 2488 2570 λά
2517 2511 2607 2569 διὰ
2626 2515 2718 2570 τὸν
2750 2520 3073 2591 παρεστῶτα
3101 2511 3296 2592 ὄχλον,
3347 2517 3430 2573 δτι
3486 2524 3588 2588 τῆς
3628 2521 3722 2574 τοῦ
3749 2518 3870 2589 Χρι-

2234 2607 2365 2657 στοῦ
2395 2603 2639 2677 ποίμνης
2673 2603 2726 2661 ol
2756 2603 3012 2668 πλείονες
3065 2604 3241 2662 αὐτῶν
3291 2607 3678 2683 τυγχάνουσιν,
3730 2605 3866 2661 εἶπον

2234 2691 2439 2769 ὅσαπερ
2488 2694 2660 2764 εἷπον,
2711 2695 2801 2750 καὶ
2853 2698 2945 2750 νῦν
2997 2693 3081 2750 ἐπ’
3130 2694 3320 2773 ὀλίγον
3365 2695 3496 2773 ἐρῶ,
3550 2703 3650 2767 τῆς
3699 2695 3862 2750 αὐτῶν

2233 2779 2544 2857 κηδόμενος
2599 2805 2894 2860 σωτηριας⁹
2956 2787 3039 2840 ὅτι
3097 2786 3189 2841 τὸν
3248 2787 3478 2860 Χριστὸν
3543 2785 3733 2842 ἄνωθεν
3779 2783 3864 2839 καὶ

2233 2871 2341 2938 πρὸ
2398 2870 2628 2928 πολλῶν
2695 2877 2896 2948 γενεῶς
2951 2874 3003 2928 οἱ
3059 2881 3338 2953 προφῆται
3391 2871 3858 2950 προκατήγγειλαν,

2232 2961 2323 3018 καὶ
2379 2959 2568 3018 πολλᾶ
2610 2969 2715 3032 τῆς
2764 2962 3064 3039 παρουσίας
3123 2964 3289 3020 αὐτοῦ
3341 2965 3408 3020 τά
3463 2964 3714 3040 μαρτύρια
3760 2961 3856 3016 κάκ

2231 3055 2341 3106 τῶν
2373 3054 2502 3128 παρ’
2534 3052 2665 3126 ὑμῖν
2684 3059 2963 3129 χρησμῶν
3021 3053 3112 3110 καὶ
3164 3059 3273 3110 τῶν
3329 3050 3648 3111 Σιϐυλλείων
3679 3072 3848 3127 γραμ-

2239 3141 2445 3213 μάτων.
2480 3141 2586 3197 Καὶ
2628 3148 2730 3212 τῆς
2787 3141 3249 3220 ἑνανθρωπήσεως
3305 3143 3458 3199 αὐτοῦ
3500 3145 3537 3213 ἡ
3582 3141 3715 3196 αἰτία
3758 3139 3840 3194 ἐπὶ

2238 3231 2490 3306 σωτηρίᾳ
2517 3231 2606 3286 καὶ
2662 3231 2962 3304 ἀνακλήσει
3017 3241 3122 3304 τῆς
3164 3239 3274 3290 τῶν
3320 3232 3600 3311 ἀνθρώπων
3654 3228 3851 3286 ὲκπτώ·

2236 3341 2374 3382 σεως
2403 3319 2642 3396 γέγονεν·
2675 3321 2846 3378 ἐλθὼν
2895 3323 2999 3400 γὰρ
3021 3324 3110 3379 ἐπὶ
3164 3331 3266 3395 τῆς
3321 3329 3451 3400 γῆς,
3507 3328 3666 3379 πᾶσαν
3710 3319 3854 3374 νόσον

2231 3410 2505 3482 ἀπήλασε,
2535 3413 2628 3467 καὶ
2660 3415 2724 3469 τὸ
2784 3412 3218 3492 παραδοξότερον
3269 3417 3361 3472 καὶ
3411 3414 3610 3493 ῥήματι
3655 3408 3862 3486 νεκροὺς

2230 3499 2453 3577 ἤγειρεν
2486 3497 2788 3574 όδωδὸτας,
2815 3505 2908 3560 καὶ
2931 3505 2995 3560 τὸ
3025 3501 3092 3574 δή
3151 3507 3370 3560 πάντων
3418 3503 3861 3578 θαυμασιώτερον,

2233 3591 2367 3665 ὑπὲρ
2395 3600 2499 3664 τῆς
2528 3598 2627 3649 τοῦ
2647 3595 2861 3668 κόσμου
2894 3594 3170 3672 σωτηρίας
3226 3595 3414 3660 παθὼν
3466 3596 3530 3652 τὸ
3589 3593 3675 3650 διὰ
3719 3611 3863 3647 σταυ-

2234 3680 2337 3759 Ροδ
2365 3685 2561 3754 πάθος,
2619 3683 2813 3756 ἀνέστη
2871 3688 3172 3764 τριήμερος
3231 3685 3291 3742 ἐκ
3344 3691 3453 3742 τῶν
3509 3685 3706 3762 νεκρῶν
3771 3679 3861 3736 ὑπὸ

2238 3773 2469 3848 μάρτυσι
2518 3774 2922 3844 πεντακοσίοις,
2945 3775 3036 3832 καὶ
3095 3781 3441 3850 στρατιωτῶν
3502 3772 3860 3855 φρουρούντων

2233 3863 2399 3920 αὐτοῦ
2428 3864 2522 3920 τὸν
2549 3866 2744 3943 τάφον,
2770 3863 2864 3921 ’ίνα
2895 3867 2974 3940 μή
3001 3870 3114 3942 σχῇ
3147 3868 3336 3944 χώραν
3368 3867 3396 3922 ὁ
3441 3867 3543 3936 τὴν
3604 3865 3865 3921 ἀνάστασιν

2234 3955 2403 4010 αὐτοῦ
2461 3962 2865 4034 συκοφαντῆσαι
2929 3955 3295 4031 βουλόμενος·
3377 3955 3468 4011 καὶ
3543 3954 3766 4016 ἀναστὰς
3816 3949 3865 4005 ὲκ

2232 4048 2342 4100 τῶν
2375 4049 2603 4122 νεκρῶν,
2647 4044 2805 4124 ὤφθη
2862 4050 2982 4110 τρῖς
3042 4051 3314 4121 μαθηταῖς
3370 4045 3535 4102 αὐτοῦ
3593 4045 3678 4124 ἐφ’
3732 4041 3869 4101 ὅλαις

2232 4132 2629 4208 τεσσαράκοντα
2682 4133 2919 4210 ἡμέραις
2980 4139 3097 4210 μετ’
3151 4136 3326 4192 αὐτῶν
3386 4132 3869 4213 συναναστρεφόμε-

2239 4246 2424 4299 μενος,
2453 4222 2546 4280 καὶ
2574 4223 2834 4300 ὁρώντων
2894 4224 3055 4281 αὐτὸν
3107 4225 3199 4282 καὶ
3260 4225 3572 4304 βλεπόντων
3605 4223 3865 4300 ἀνελήφθη

2237 4315 2316 4381 εἷς
2342 4315 2474 4380 τοὺς
2526 4315 2815 4394 οὐρανοὺς,
2875 4316 3266 4389 ἐξαποστείλας
3321 4319 3472 4391 [361]
3532 4316 3720 4379 αὐτοῖς
3783 4313 3870 4380 τήν

2234 4409 2332 4462 τοῦ
2362 4405 2522 4482 ἆγίου
2555 4405 2866 4480 Πνεύματος
2899 4403 3106 4482 δωρεάν
3149 4428 3209 4464 τε
3263 4406 3352 4462 καὶ
3411 4403 3667 4481 δύναμιν⁹
3727 4403 3873 4459 ὥστεο

2235 4493 2326 4550 καὶ
2382 4492 2661 4572 γλώσσαις
2716 4495 3036 4572 ἀλλογενῶν
3111 4498 3565 4576 ἀποφθέγγεσθαι,
3647 4495 3739 4552 καὶ
3805 4491 3870 4566 μὴ

2238 4581 2387 4660 ἔχειν
2420 4584 2609 4660 χρείαν
2639 4589 2738 4641 τοῦ
2768 4584 3190 4661 ἐρμηνεύοντος,
3223 4583 3410 4642 ἐλάλει
3442 4584 3545 4663 γὰρ
3607 4586 3660 4641 ἐν
3709 4583 3875 4642 αὐτοῖς

2241 4674 2306 4728 τὸ
2337 4679 2559 4748 Πνεῦμα
2584 4675 2648 4730 τὸ
2679 4673 2854 4750 ἅγιον,
2891 4674 3031 4732 ὣστε
3063 4677 3153 4732 καὶ
3209 4677 3277 4733 τὰ
3331 4675 3523 4754 πόρρω
3559 4671 3875 4752 προϐλὲπειν

2241 4761 2333 4818 καὶ
2383 4763 2745 4839 προφητεύειν
2802 4766 2872 4822 τὰ
2930 4763 3226 4840 μέλλοντα.
3301 4765 3515 4830 Οἳτινες
3569 4763 3876 4838 ἐξελθόντες,

2244 4851 2506 4928 ἐκήρυξαν
2559 4853 2720 4910 αὐτὸν
2797 4855 3100 4930 πανταχοῦ,
3170 4853 3340 4931 μηδὲν
3416 4854 3796 4933 ἐπιφερόμενοι
3845 4847 3875 4921 ἦ

2248 4942 2422 5019 μόνην
2448 4946 2550 5017 τὴν
2579 4944 2748 5002 αὐτοῦ
2779 4947 3009 5024 ἀόρατον
3060 4945 3315 5023 δύναμιν,
3373 4948 3474 5004 ούκ
3529 4947 3755 5020 ἀσπίδα,
3801 4941 3878 5002 καὶ

2247 5031 2400 5110 δόρυ,
2430 5035 2522 5092 καὶ
2554 5036 2707 5116 ξίφος
2733 5038 3091 5112 κατέχοντες,
3122 5036 3273 5094 ἀλλᾶ
3292 5039 3517 5115 γυμνοὶ,
3549 5039 3641 5094 καὶ
3673 5036 3878 5103 ἄοπλοι,

2243 5125 2332 5179 καὶ
2365 5126 2615 5198 πένητες,
2648 5125 2819 5183 πάντα
2873 5129 2966 5184 τὸν
3019 5129 3228 5202 κόσμον
3279 5126 3616 5204 ἐζώγρησαν,
3671 5123 3881 5201 νεκροὺς

2247 5212 2566 5291 ἐγείροντες,
2625 5215 2864 5292 λεπροὺς
2921 5219 3333 5295 καθαρίζοντες,
3363 5215 3650 5292 α-δαιμόνια
3697 5212 3880 5274 ἐκϐάλο

2247 5302 2456 5369 λοντες.
2490 5307 2596 5362 Καὶ
2625 5311 2793 5363 ταῦτα
2821 5305 2966 5371 τίνες
2994 5325 3010 5377 ;
3047 5306 3244 5378 ἀλιεῖς,
3285 5309 3373 5364 καὶ
3397 5302 3880 5384 ἀγράμματοι,καὶ

2242 5400 2344 5465 τῆς
2373 5399 2470 5451 τοῦ
2489 5397 2703 5471 κόσμου
2735 5396 2925 5476 σοφίας
2958 5398 3251 5474 ἀμὲτοχοι.

2313 5592 2418 5664 νη“.
2444 5590 2553 5656 Ούς
2583 5590 2641 5650 δὲ
2676 5594 2840 5660 αὐτὸς
2888 5597 3311 5674 παρεισήγαγες,
3365 5593 3746 5674 ἔπικερτομῶν
3797 5594 3878 5664 τὴν

2241 5687 2338 5738 τοῦ
2366 5687 2604 5759 Χριστοῦ
2634 5686 2914 5761 γέννησιν,
2944 5684 3144 5763 ἄνδρας
3200 5685 3402 5761 σοφούς
3457 5707 3518 5742 τε
3571 5687 3662 5743 καὶ
3709 5684 3882 5744 θεολό-

2240 5793 2392 5848 γους,
2423 5773 2498 5836 ὡς
2520 5776 2611 5830 νῦν
2663 5771 2908 5851 εἶ’ρηκας,
2969 5775 3015 5832 εἶ
3067 5774 3158 5834 καὶ
3212 5773 3442 5852 δοίημεν
3496 5776 3706 5850 ἀληθὶς
3760 5769 3882 5860 γενέο
