4120 6440
396 483 543 545 1277

1774 494 1835 547 8.
1875 486 2178 546 ΔΒΤΒΠΙῙ
2215 485 2488 543 PASSIO.

3715 372 3746 423 C
3837 372 3845 391 Ὗ

3766 408 3775 424 ι
3836 410 3845 425 ι

3690 486 3834 547 1278

401 604 526 666 σθαι
572 612 734 665 τοῦτο
786 611 848 665 τὸ
908 611 1317 689 παραλήρημα,
1365 610 1419 667 τί
1465 613 1814 688 γεννηθέντες
1864 608 1947 673 δίς
2003 631 2063 666 τε

2176 615 2468 679 ramenta,
2502 610 2645 682 quid
2685 609 2798 679 bis,
2832 614 2890 666 et
2918 614 3026 678 ter,
3061 614 3121 665 et
3150 614 3363 682 quater
3384 610 3568 682 geniti
3599 612 3827 669 mundo

399 700 493 756 καὶ
524 701 640 776 τρὶς
686 700 777 754 καὶ
836 703 1088 777 τετράκις
1134 702 1227 757 τὸν
1277 701 1491 775 κόσμον
1551 701 1869 777 ὠφέλησαν,
1900 699 1936 769 ἢ
1975 698 2071 772 μὲ-

406 808 503 862 ρος
532 788 585 842 τί
614 793 723 842 τῶν
750 792 848 842 τοῦ
896 788 1109 861 κόσμου
1170 790 1364 862 μικρὸν
1393 791 1426 859 ἢ
1461 787 1756 864 ἐλάχιστον
1792 807 1805 857 ;
1855 788 1980 855 Τίς,
2014 786 2074 840 ἐκ

404 877 513 931 τῶν
560 871 772 952 βίϐλων
827 879 1031 951 Ἑρμοῦ
1079 897 1137 932 τε
1183 877 1277 932 καὶ
1329 877 1674 953 Πυθαγόρου,
1717 896 1944 951 νεκροος
1991 874 2071 947 ἐξ·

405 964 721 1034 ανέστησεν,
772 966 807 1036 ἢ
862 964 1100 1041 λεπροὺς
1160 964 1500 1039 ἐκαθάρισεν,
1551 968 1585 1036 ἢ
1641 963 1907 1039 δαίμονας
1964 964 2070 1017 άπ-

403 1052 631 1124 ήλασεν,
665 1052 756 1116 οὓς
791 1054 945 1126 ὑμεῖς
999 1054 1363 1129 θεραπεύετες
1420 1052 1585 1110 Ἀλλ’
1630 1056 1845 1129 Ἐρμῆς
1911 1052 2005 1125 μὲν
2042 1052 2070 1105 6

410 1144 671 1219 μέγιστος
732 1142 819 1219 ὑφ’
878 1143 1033 1215 ὑμῶν
1118 1144 1664 1219 προσαγορευόμενος
1700 1187 1715 1212 ,
1767 1142 2070 1217 Αἰγύπτιος

398 1233 616 1308 γέγονεν
676 1228 986 1307 ἄνθρωπος,
1018 1234 1107 1288 καὶ
1169 1238 1286 1295 τοῖς
1328 1234 1641 1305 Αἲγυπτίων
1690 1234 1889 1307 νόμοις
1934 1253 2071 1309 τρα-

400 1321 522 1396 φεὶς
563 1326 794 1395 γυναῖκα
843 1342 901 1377 τε
953 1323 1163 1398 γήμας,
1213 1320 1416 1388 παῖδας
1472 1323 1783 1393 ἐτέκνωσεν,
1839 1324 1912 1377 ὧν
1973 1323 2065 1377 τὸν

397 1405 794 1487 πρεσϐύτερον,
837 1412 946 1468 Tir
1004 1412 1359 1486 ὀνομάζουσι,
1417 1413 1556 1488 πρὸς
1616 1414 1674 1467 ’ὁν
1734 1412 1894 1474 αὐτός
1949 1409 2070 1466 δια-

396 1499 616 1582 λέγεται
669 1501 759 1555 καὶ
815 1500 950 1565 τοὺς
1001 1502 1193 1558 ἑαυτοῦ
1250 1500 1453 1580 λόγους
1508 1505 1763 1583 ἆφοσιοῖ,
1822 1502 1960 1577 πρός
2008 1523 2068 1558 τε

400 1592 494 1646 τὸν
555 1589 605 1661 ἐξ
654 1587 985 1667 Ἐπιδαύρου
1057 1590 1397 1663 Ἀσκλήπιον
1463 1595 1557 1648 τὸν
1620 1593 2071 1667 προκατάρξαντα

405 1683 524 1741 κατ’
559 1682 696 1755 ὑμᾶς
736 1688 837 1752 τῆς
893 1684 1147 1759 ἱατρικῆς
1202 1682 1535 1757 ἐπιστήμης.
1586 1684 1648 1746 ’ὀς
1692 1684 1780 1739 καὶ
1808 1684 1909 1752 τὴν
1943 1683 2066 1738 tuo.

406 1776 505 1827 τοῦ
536 1772 821 1849 θεολογίαν
876 1772 1129 1848 διασαφεῖ
1176 1770 1410 1850 ἔχουσαν
1462 1773 1656 1836 οὕτως’
1692 1776 1821 1829 Θεὸν
1874 1781 2067 1844 νοῆσαι

412 1861 509 1934 μὶν
568 1861 834 1936 χαλεπὸν,
897 1863 1094 1939 φράσαι
1149 1860 1207 1918 δὶ
1258 1861 1541 1918 ἀδύνατοψ
1592 1859 1705 1919 ἔστι
1755 1863 1857 1939 γὰρ
1916 1883 2067 1938 τρισ-

2178 699 2648 770 profuerunt,vel
2678 699 2835 770 quod
2867 705 3097 771 partem
3130 700 3260 772 ejus
3292 716 3531 771 parvam
3561 705 3664 756 aut
3703 703 3828 756 mi-

2177 788 2577 854 nimam?Quis
2592 789 2651 843 in
2677 790 2734 843 in
2752 790 3022 843 Mercurii
3038 794 3097 843 et
3121 789 3464 861 Pythagoras
3490 789 3659 844 libris
3678 807 3831 845 mor-

2176 885 2308 934 tuos
2331 879 2647 934 suscitasse
2669 879 2904 951 legitur,
2930 885 3032 933 aut
3053 879 3320 950 leprosos
3352 879 3695 947 mundasse,
3730 885 3834 935 aut

2178 968 2474 1039 expulisse
2503 968 3047 1038 daemones,quibus
3070 986 3169 1022 vos
3194 969 3482 1024 honorem
3505 968 3834 1039 praestatis?

2175 1058 2498 1113 Mercurius
2526 1057 2790 1129 quidem,
2815 1058 3232 1130 Trismegistus
3266 1074 3299 1113 a
3329 1058 3494 1112 vobis
3526 1059 3830 1131 cognomi-

2174 1152 2373 1215 natus,
2405 1147 2519 1201 fuit
2541 1146 2719 1201 homo
2751 1147 3051 1219 {Egyptius
3083 1152 3141 1201 et
3169 1148 3574 1219 Aigyptiorum
3597 1147 3827 1220 legibus

2171 1236 2504 1293 institutus.
2539 1236 2647 1302 Qui
2680 1253 2814 1291 cum
2867 1235 3132 1291 duxisset
3165 1236 3661 1303 uxorem,liberos
3692 1254 3829 1309 pro-

2172 1326 2405 1398 creavit,
2427 1342 2682 1398 quorum
2728 1325 3190 1397 primogenitum
3233 1327 3338 1380 Tat
3366 1326 3719 1392 nominant;
3753 1325 3827 1381 ad

2172 1416 2331 1471 hunc
2356 1416 2483 1488 ipse
2515 1415 2782 1486 loquitur
2820 1416 2994 1486 eique
3044 1431 3185 1470 suos
3232 1431 3541 1471 sermones
3569 1416 3826 1484 dedicat,

2172 1522 2409 1561 necnon
2458 1505 2769 1576 Esculapio
2803 1522 2872 1560 ex
2904 1505 3222 1576 Epidauro,
3280 1505 3380 1575 qui
3407 1505 3551 1560 artis
3578 1506 3829 1561 medica

2172 1599 2378 1651 auctor
2408 1613 2442 1651 a
2466 1595 2630 1650 vobis
2662 1595 3042 1666 perhibetur;
3079 1595 3173 1649 cui
3216 1595 3395 1649 etiam
3445 1611 3634 1663 suam,
3692 1611 3826 1667 quas

2173 1686 2256 1741 sic
2283 1684 2843 1757 sonat,theologiam
2877 1684 3153 1756 explicat:
3189 1686 3373 1739 Deum
3406 1684 3646 1755 quidem
3679 1700 3828 1739 con-

2171 1777 2366 1848 cipere
2396 1774 2869 1847 difﬁcile,eloqui
2900 1780 3100 1829 autem
3130 1773 3631 1846 impossibile.Est
3661 1773 3824 1830 enim

2171 1866 2232 1920 in
2265 1867 2422 1921 trina
2452 1865 2750 1937 hypostati
2795 1864 3148 1931 consistens,
3195 1863 3631 1935 inexplicabilis
3682 1863 3826 1919 sub-

404 1944 732 2030 υπόστατος,
765 1952 1167 2027 ἄνερμήνευτος
1206 1952 1365 2008 οὐσία
1394 1953 1483 2009 καὶ
1516 1953 1697 2031 φύσις,
1730 1953 1829 2008 οὐκ
1859 1952 2064 2029 ἔχουσα

2176 1956 2424 2011 strantia
2454 1960 2512 2010 et
2541 1960 2911 2024 natura,quae
2943 1954 3094 2009 nihil
3124 1953 3339 2010 habeat
3363 1954 3519 2025 apud
3540 1953 3823 2008 mortales

402 2040 553 2115 παρὰ
586 2042 806 2117 βροτοῖς
867 2040 1209 2114 ἐξομοίωσιν·
1266 2040 1363 2105 οὕς
1397 2040 1455 2097 δὲ
1485 2043 1639 2107 θεοὺς
1697 2044 2057 2116 ὀνομάζουσιν

402 2124 678 2207 ἄνθρωποι
731 2132 879 2204 [362]
932 2130 1075 2186 πολὺ
1134 2132 1196 2186 τὸ
1233 2129 1481 2206 μυθῶδες
1529 2132 1618 2187 καὶ
1678 2133 1944 2211 σφαλερὸν
1979 2131 2060 2209 ἐφ’

403 2220 630 2284 ἑαυτοὺς
685 2220 1057 2276 ἐπεσπάσαντο
1091 2238 1105 2252 ·
1183 2222 1273 2276 καὶ
1333 2222 1461 2298 περὶ
1513 2230 1614 2292 τῆς
1670 2226 1769 2277 τοῦ
1825 2223 2061 2295 Χριστοῦ

404 2307 691 2380 ἐλεύσεως,
742 2312 1043 2376 καὶναύτὸς
1090 2309 1336 2388 ἄμυδράν
1388 2333 1507 2367 τινα
1555 2311 1891 2387 προφητείαν
1943 2308 2062 2365 δια-

400 2398 640 2475 γορεῦει,
674 2399 773 2455 οὐκ
803 2399 853 2472 ἐξ
911 2401 1124 2469 ἑαυτοῦ,
1186 2399 1333 2457 ’ἀλλ’
1393 2401 1453 2457 ἐκ
1504 2409 1604 2472 τῆς
1641 2396 1908 2478 Ἐϐραίων
1940 2403 2061 2457 θεο-

407 2489 597 2567 λογίας
654 2493 854 2564 ταύτην
918 2492 1359 2570 ἰπαῤῥυσάμενος
1394 2537 1408 2552 .
1473 2491 1645 2552 Ἀλλᾶ
1700 2493 1753 2549 τί
1807 2516 1901 2569 μοι
1952 2499 2060 2549 τῶν

404 2586 626 2658 σαπρῶν
657 2603 716 2637 τε
766 2584 856 2637 καὶ
910 2578 1199 2637 ὀδωδότων
1233 2584 1441 2657 Ἑρμοῦ
1496 2582 1757 2659 ῥημάτων
1788 2588 1896 2639 τῶν
1931 2582 2063 2658 παρ’

410 2672 541 2744 ὑμῖν
600 2673 955 2747 τιμωμένων,
1008 2669 1115 2744 ἤδη
1177 2671 1283 2745 πρὸ
1343 2670 1562 2728 πολλοῦ
1603 2674 1919 2741 σεσηπότων
1969 2673 2060 2727 καὶ

405 2761 876 2839 ἀπεῤῥυηκότων;
940 2759 1076 2816 Οὐδὶ
1132 2764 1233 2836 γάρ
1292 2760 1441 2819 ἆσιον
1500 2763 1625 2837 περὶ
1680 2767 1785 2817 τῶν
1841 2763 2057 2831 ζώντων

405 2850 611 2927 ἐρωτᾷν
640 2851 766 2913 τοὺς
803 2850 1053 2929 νεκροὺς,
1085 2848 1231 2926 ἔχων
1285 2849 1345 2907 ἐκ
1388 2855 1495 2907 τῶν
1546 2851 1819 2929 θεοσόφων
1854 2850 2057 2927 λογίων

400 2940 530 3004 τοὺς
564 2940 792 3012 ἀληθεῖς
842 2940 1117 3017 μάρτυρας
1160 2939 1241 3011 'io,
1273 2942 1372 3011 τὴν
1417 2942 1650 3018 Χριστοῦ
1674 2941 1970 3018 παρουσίαν
2002 2961 2059 2996 τε

405 3028 499 3085 καὶ
534 3030 763 3101 θεότητα
800 3028 1306 3106 προκατήγγειλαν.

466 3194 572 3259 κθ’.
632 3193 949 3271 Πυθαγόρας
1004 3192 1063 3251 δὲ
1118 3196 1146 3251 ὁ
1198 3202 1300 3266 τῆς
1352 3192 1649 3267 Ἰταλικῆς»
1682 3197 1944 3274 κατάρξας
1975 3197 2059 3253 αί-

406 3281 654 3360 ρὲσεως,
710 3283 763 3339 τί
824 3286 962 3361 μέγα
1018 3285 1109 3341 καὶ
1171 3287 1479 3359 θαυμαστὸν
1540 3286 1591 3341 ἒν
1648 3285 1728 3360 τῷ
1790 3286 1897 3363 βίῳ
1941 3286 2061 3361 τρὶς

399 3375 706 3450 παραχθεὶς
739 3374 1101 3452 ἀπειργάσατο
1138 3403 1153 3446 ;
1204 3379 1238 3446 ἢ
1267 3375 1351 3432 ὅτι
1402 3375 1454 3431 ἐν
1509 3376 1791 3451 Ὀλυμπίᾳ
1832 3377 2063 3454 γενόμε-

399 3464 615 3535 νος,ὡς
650 3462 809 3537 ὑμεῖς
867 3465 1115 3543 φάσκετε,
1177 3471 1414 3541 χρυσοῦν
1473 3468 1568 3521 τὸν
1633 3467 1825 3522 ἑαυτοῦ
1886 3469 2066 3541 μηρὸν

398 3550 821 3616 Ἑλλανοδίκαις
885 3552 1174 3624 ὑπὲδειξες
1229 3556 1317 3610 καὶ
1354 3556 1485 3630 βοῦν
1540 3555 1753 3610 θύεσθαι
1794 3554 2071 3629 μέλλοντα

414 3644 829 3717 ’μυκησάμενον.
866 3641 1116 3719 ’Δνδρὸς,
1148 3642 1272 3722 ἔφη,
1306 3647 1495 3720 ψυχὴν
1528 3644 1648 3717 ἐμοὶ
1686 3645 1952 3722 φιλτάτου
1981 3645 2071 3700 xs-

408 3753 627 3804 κτηται,
661 3734 750 3787 καὶ
784 3730 873 3788 διὰ
900 3736 996 3788 τοῦ
1031 3736 1357 3806 μυκήματος
1396 3734 1787 3810 προσαγορεύει
1823 3754 1891 3806 με
1912 3735 1939 3788 6
1965 3754 2069 3788 τα-

414 3820 739 3899 λαίπωροςς
774 3822 862 3878 καὶ
897 3823 1048 3879 ἀετὸν
1108 3822 1160 3878 ἐν
1220 3822 1345 3898 ὕψει
1399 3825 1719 3896 πετόμενον,
1753 3820 1824 3877 δι’
1854 3819 2071 3895 ἐπῳδης

414 3918 735 3968 καταπεσεῖν
785 3911 871 3968 ἐπὶ
920 3920 1024 3988 γῆς
1075 3912 1346 3983 πεποίηκε
1381 3931 1393 3981 ;
1448 3915 1629 3970 Ταῦτα
1659 3913 1686 3966 6
1714 3912 1836 3988 τρὶς
1875 3932 2068 3986 γεννη-

414 4006 526 4067 θεὶς
585 4003 1018 4081 ἐθαυματούργει
1078 4005 1130 4061 ἐν
1187 4005 1472 4079 Ὀλυμπίᾳ
1525 4004 1853 4081 γενόμενος,
1914 4003 2066 4073 δοξο-

416 4099 598 4167 μανῶν
657 4094 745 4150 καὶ
807 4095 1271 4171 φαντασιούμενος
1306 4091 1701 4170 ὁτρισάθλιοςο
1764 4094 1793 4149 ὁ
1849 4094 1949 4163 τήν
1980 4112 2065 4146 τε·

406 4182 639 4255 τρακτὺν
694 4183 855 4258 ὅρκον
908 4182 1224 4257 τιθέμενος,
1278 4184 1367 4239 καὶ
1420 4181 1621 4253 ταύτην
1676 4184 1898 4261 φάσκων
1956 4202 2068 4252 πη-

406 4272 508 4347 γὴν
566 4272 790 4328 ἀεννάου
843 4272 1088 4350 φύσεως⁸
1151 4274 1179 4328 6
1236 4272 1363 4335 τοὺς
1422 4271 1667 4345 κυάμους
1723 4267 2016 4345 σεϐόμενος
2052 4314 2066 4341 ,

408 4359 481 4413 δι’
523 4357 616 4422 οὕς
664 4360 754 4414 καὶ
813 4360 1067 4416 ἀπώλετο
1130 4363 1265 4434 μετᾶ
1319 4365 1428 4416 τῶν
1488 4362 1656 4416 αὐτοῦ
1706 4360 1932 4435 ἑταίρων
1964 4360 2068 4415 ὑπὸ

404 4450 514 4501 τῶν
571 4446 913 4522 Ταραντίνων
1004 4447 1471 4523 συνελαυνόμενος
1507 4468 1520 4482 ⁸
1588 4452 1663 4523 μὴ
1729 4449 2069 4527 βουλόμενος

405 4534 508 4613 γὰρ
556 4537 648 4591 τὸν
700 4538 871 4593 τόπον
928 4545 1169 4609 πατῆσαι
1231 4538 1284 4594 ἐν
1314 4540 1360 4612 ᾧ
1391 4540 1447 4593 οἱ
1479 4538 1682 4613 κύαμοι
1738 4538 2067 4614 ἐσπαρμένοι

408 4648 729 4703 ετυγχανου,
788 4627 949 4691 αὐτὸς
1010 4630 1145 4702 μετᾶ
1202 4634 1313 4685 τῶν
1373 4629 1600 4705 ἑταίρων
1660 4628 1752 4684 καὶ
1810 4634 2066 4704 μαθητῶν

403 4719 832 4796 κατασφὰττεται
863 4762 877 4788 ,
934 4716 1025 4772 καί
1091 4722 1200 4774 τῶν
1268 4718 1480 4796 ἐχθρῶν
1541 4717 1743 4794 γίνεται
1816 4719 2062 4794 παρανά-

402 4804 588 4879 λωμα·
648 4814 831 4863 Θεανω
891 4805 947 4863 δὶ
1002 4810 1038 4878 ἡ
1093 4807 1291 4864 τούτου
1336 4809 1551 4885 γαμετὴ
1609 4808 1701 4863 καὶ
1764 4810 2060 4884 μαθήτρια,

407 4896 483 4969 μή
514 4894 749 4953 θέλουσα
785 4899 888 4968 τήν
944 4897 1117 4953 αἰτίαν
1173 4904 1474 4971 κατειπεῖν,
1525 4895 1596 4953 δι’
1626 4897 1695 4967 ἢν
1725 4898 1820 4954 τὸν
1849 4896 2059 4973 κύαμον

402 4984 503 5042 οὐκ
531 4984 789 5057 ἐσθίουσι,
830 4988 932 5057 τὴν
979 4987 1232 5064 γλῶσσαν
1293 4987 1626 5063 ἐκτμηθεῖσα
1651 4987 1944 5063 πρότερον,
1967 4986 2060 5044 καὶ

402 5073 572 5145 αὐτὴν
602 5073 1081 5151 προσαπόλλυται.

394 5262 397 5263 ν
473 5233 543 5293 λ’.
602 5240 784 5292 Ταῦτα
830 5241 940 5293 τῶν
997 5241 1104 5293 σῶν
1180 5236 1503 5317 φιλοσόφων
1556 5238 1622 5293 τὰ
1669 5239 2061 5315 προτερήματα

405 5329 514 5381 τῶν
538 5323 620 5389 δὶς
665 5328 821 5400 [363]
874 5328 963 5382 καὶ
1015 5328 1137 5404 τρὶς
1193 5330 1586 5404 γεννηθέντων,
1631 5328 1707 5391 ὡς
1738 5328 1897 5390 αὐτὸς
1930 5327 2063 5404 ἐρη-

397 5413 674 5488 τόρευσας·
735 5416 960 5470 κάκεῖνα
1014 5420 1112 5471 τοῦ
1171 5417 1307 5491 ἐμοῦ
1365 5419 1605 5492 Χριστοῦ
1662 5415 1750 5471 ἐπὶ
1816 5417 2061 5491 σωτηρίᾳ

395 5504 486 5557 καὶ
532 5502 829 5576 ἀνακλήσει
879 5509 977 5560 τοῦ
1024 5510 1134 5561 τῶν
1184 5505 1483 5583 ἀνθρώπων
1533 5507 1726 5582 γένους
1777 5508 1845 5561 τὰ
1890 5527 2059 5583 τερα-

2174 2048 2262 2101 sui
2288 2044 2785 2109 consimile.Quos
2811 2049 3009 2098 autem
3032 2043 3173 2099 deos
3196 2043 3821 2109 nominanihomines,

2172 2136 2213 2190 ii
2262 2136 2482 2191 multas
2515 2134 2746 2189 fabulas
2791 2134 3128 2204 multosque
3162 2149 3392 2189 errores
3424 2134 3497 2188 ad
3530 2150 3592 2189 se
3622 2137 3824 2189 traxe-

2171 2231 2331 2281 runt.
2376 2224 2652 2290 Quinimo
2708 2224 2780 2279 de
2830 2224 3046 2278 Christi
3096 2223 3350 2279 adventu
3403 2223 3528 2295 ipse
3587 2238 3827 2295 quoque
3912 2230 3915 2233 ’

2174 2315 2489 2389 obscuram
2522 2314 2841 2384 quamdam
2875 2312 3251 2384 prophetiam
3287 2312 3671 2383 refert,quam
3702 2328 3825 2367 non

2176 2420 2246 2459 ex
2278 2404 2472 2476 seipso
2497 2402 2602 2458 sed
2625 2420 2693 2457 ex
2724 2402 3104 2457 Hebraeorum
3137 2401 3435 2473 theologia
3463 2402 3681 2457 hausit.
3714 2400 3827 2455 Sed

2174 2494 2318 2566 quid
2347 2493 2496 2549 mihi
2546 2509 2683 2548 cum
2730 2492 3026 2563 corruptis
3077 2497 3136 2546 et
3180 2490 3505 2546 fetentibus
3552 2490 3826 2545 Mercurii

2172 2584 2386 2650 verbis,
2422 2599 2553 2654 quae
2585 2598 2619 2637 a
2643 2581 2805 2637 vobis
2856 2582 2915 2636 in
2957 2580 3183 2635 honore
3212 2579 3525 2647 habentur,
3559 2578 3830 2650 quamvis

2167 2673 2403 2746 jamdiu
2433 2672 2671 2744 putrida
2702 2672 2823 2727 sint
2852 2676 2911 2727 et
2953 2671 3263 2741 antiquata
3284 2670 3325 2724 ?'
3357 2672 3483 2725 Non
3535 2669 3695 2724 enim
3739 2669 3831 2724 fas

2175 2769 2265 2818 est
2294 2764 2451 2818 circa
2482 2763 2642 2817 vivos
2684 2761 3049 2833 interrogare
3082 2766 3372 2829 mortuos,
3405 2775 3540 2814 cum
3575 2758 3828 2815 habeam

2175 2869 2245 2908 ex
2292 2852 2508 2907 divinis
2559 2851 2814 2922 eloquiis
2864 2850 3155 2905 veridicos
3206 2854 3408 2919 testes,
3455 2848 3559 2920 qui
3607 2848 3829 2903 Christi

2173 2942 2556 3015 praesentiam
2587 2958 2654 2997 ac
2686 2939 3055 2995 divinitatem
3083 2938 3653 3010 praenuntiaverunt.

2247 3182 2334 3233 29.
2370 3178 2728 3250 Pythagoras
2759 3182 2981 3243 autem,
3034 3178 3209 3231 sectae
3257 3173 3478 3229 Italicae
3522 3172 3823 3244 princeps,

2177 3269 2320 3341 quid
2351 3268 2573 3341 grande
2605 3272 2663 3322 et
2692 3264 3135 3333 admirandum,
3169 3270 3259 3318 ter
3289 3264 3352 3318 in
3381 3262 3562 3318 vitam
3607 3261 3827 3333 produ-

2177 3359 2531 3429 ctus,eﬂ‘ecit
2548 3359 2576 3414 ‘I
2596 3360 2744 3413 Num
2772 3358 2930 3429 quia,
2965 3372 3101 3412 cum
3122 3354 3408 3427 Olympiae
3432 3357 3609 3420 esset,
3635 3356 3704 3407 ut
3728 3368 3831 3407 vos

2176 3450 2397 3517 dicitis,
2430 3465 2678 3506 aureum
2702 3464 2877 3504 suum
2898 3446 3093 3501 femur
3113 3442 3517 3500 Hellanodicis
3547 3440 3829 3498 ostendit.

2177 3540 2281 3597 Vel
2310 3538 2469 3610 quod
2500 3538 2649 3593 dixit
2679 3536 2751 3592 de
2782 3537 2927 3592 bove
2980 3534 3084 3605 qui
3125 3533 3379 3605 jamjam
3429 3529 3833 3586 immolandus

2176 3628 2516 3701 mugiebat:
2550 3626 2672 3680 Viri
2709 3626 2857 3680 mihi
2906 3622 3263 3687 charissimi,
3317 3620 3581 3677 animam
3628 3618 3833 3688 habet,

2177 3726 2357 3789 etper
2378 3717 2668 3789 mugitum
2690 3715 2912 3770 salutat
2924 3730 3018 3768 me
3034 3711 3388 3767 infelix?Seu
3405 3725 3541 3764 cum
3562 3707 3831 3778 aquilatu

2176 3807 2432 3863 sublime
2450 3806 2757 3860 volantem
2784 3820 2890 3875 per
2910 3799 3514 3869 incantationem(7-8)
3530 3798 3593 3852 in
3609 3801 3829 3852 terram

2176 3895 2441 3966 dejecit?
2472 3896 2606 3949 Haec
2647 3898 2735 3947 ter
2786 3894 3020 3963 genitus
3069 3889 3379 3945 mirabilia
3418 3892 3696 3959 operatus
3742 3889 3834 3940 est

2176 3984 2483 4056 Olympiae,
2516 3984 2728 4037 insano
2758 3981 2960 4054 gloriae
2993 3995 3195 4036 amore
3226 3984 3433 4050 captus
3466 3982 3524 4031 et
3550 3974 3831 4031 inanibus

2172 4074 2502 4129 visionibus
2534 4072 2872 4127 miserrime
2903 4070 3169 4125 delusus.
3197 4069 3304 4133 Qui
3336 4067 3563 4123 scilicet
3593 4068 3829 4136 quater-

2174 4164 2418 4221 nienem
2432 4161 2859 4235 jusjurandum
2880 4159 3298 4226 constituebat,
3316 4157 3520 4214 dicens
3538 4171 3673 4211 eum
3697 4170 3829 4210 esse

2172 4255 2398 4310 fontem
2432 4253 2801 4308 inexhaustas
2832 4257 3082 4307 naturas.
3112 4250 3222 4316 Qui
3242 4247 3409 4304 fabas
3440 4246 3831 4316 colebat,pro-

2173 4350 2307 4418 pter
2327 4361 2474 4416 quas
2502 4343 2834 4416 periitcum
2858 4339 3258 4397 familiaribus
3297 4338 3420 4394 suis
3442 4354 3476 4393 a
3494 4334 3828 4392 Tarentinis

2173 4436 2236 4492 in
2269 4435 2516 4491 exilium
2548 4439 2736 4491 actus.
2769 4435 2915 4487 Nam
2947 4448 3082 4487 cum
3130 4430 3321 4485 nollet
3347 4427 3599 4500 pedibus
3635 4431 3826 4481 terere

2172 4525 2371 4581 locum
2403 4524 2465 4578 in
2509 4539 2625 4594 quo
2669 4521 2818 4577 faba)
2864 4538 3083 4593 sparsae
3134 4524 3327 4585 erant,
3361 4516 3710 4572 interfectus
3741 4517 3832 4570 est

2176 4632 2313 4671 cum
2343 4613 2552 4670 amicis
2583 4630 2651 4669 ac
2680 4611 3011 4684 discipulis,
3064 4616 3123 4668 et
3169 4608 3552 4665 inimicorum
3581 4620 3827 4661 suorum

2095 4694 2142 4758 D
2174 4706 2367 4763 factus
2386 4709 2479 4759 est
2495 4702 2716 4775 praeda.
2745 4703 2981 4757 Theano
3014 4706 3247 4769 autem,
3271 4699 3400 4771 ejus
3449 4713 3599 4753 uxor
3648 4699 3707 4751 et
3737 4694 3827 4749 di-

2172 4794 2422 4866 scipula,
2456 4792 2671 4849 nolens
2702 4808 2943 4848 causam
2974 4790 3241 4863 proferre
3272 4805 3377 4845 cur
3396 4786 3563 4843 fabas
3582 4801 3703 4840 non
3726 4800 3827 4839 co-

2170 4883 2503 4951 mederent,
2546 4883 2678 4955 ipsa
2725 4897 2985 4954 quoque,
3034 4880 3241 4954 lingua
3286 4878 3452 4952 prius
3494 4878 3827 4947 amputata,

2171 4975 2421 5032 interiit.

2237 5241 2325 5297 30.
2361 5238 2495 5296 Haec
2526 5235 2771 5311 quidem
2802 5242 2941 5294 sunt
2968 5234 3275 5309 privilegia
3325 5234 3822 5310 philosophorum

2165 5333 2426 5400 tuorum,
2460 5329 2562 5401 qui
2593 5328 2686 5384 bis
2718 5333 2777 5384 et
2798 5333 2909 5396 ter,
2936 5332 3003 5382 ut
3032 5326 3159 5398 ipse
3193 5326 3448 5382 oratorie
3472 5328 3818 5399 exposuisti,

2164 5420 2429 5493 generati
2457 5419 2697 5487 fuerun,
2730 5418 2836 5473 illa
2864 5422 3065 5472 autem
3095 5417 3311 5471 Christi
3344 5417 3460 5471 mei
3485 5434 3590 5489 pro
3628 5416 3819 5473 salute

2166 5515 2226 5565 et
2253 5509 2628 5582 reparatione
2659 5507 2973 5563 hominum
3003 5507 3238 5580 generis
3268 5506 3576 5564 miracula.
3601 5507 3822 5580 Pytha-

2024 5688 2248 5746 NOTAE.

476 5858 608 5931 (7-8)
636 5855 852 5913 Textus
884 5854 1121 5915 Graecus
1153 5856 1446 5916 habebat:
1473 5853 1545 5913 δι’
1575 5854 1807 5931 σποδῖς,
1841 5858 1999 5932 quod
2029 5858 2064 5916 i1

2180 5859 2193 5881 ’
2223 5853 2427 5925 ἐποδῆς
2455 5863 2687 5916 mutare
2717 5857 2954 5916 obvium
2979 5864 3125 5917 erat.
