4120 6418
389 335 531 394 1279

1907 343 2274 402 ΔΒΒΕΝΠΔ.

3702 338 3844 397 1280

389 457 560 532 gora's
589 465 647 519 et
674 460 998 521 Mercurius
1046 463 1361 522 hominum
1410 463 1643 523 animas
1685 465 1760 523 ad
1816 467 2036 524 inferni

2161 468 2531 545 τουργήματα.
2604 467 2710 525 Καὶ
2766 465 3086 546 Πυθαγόρας
3147 466 3246 542 μὶν
3295 465 3387 523 καὶ
3448 466 3692 542 Ἑρμῆς
3746 464 3869 530 τᾶςι

387 551 753 624 profundum
779 554 1124 624 detrudunt,
1157 573 1263 627 per
1291 556 1429 611 illos
1461 573 1607 628 quas
1655 556 2046 614 introducunt

2161 563 2257 615 τῶν
2317 558 2613 635 ἀνθρώπων
2665 558 2849 635 ψυχὰς
2901 557 2979 621 εἰς
3037 558 3127 614 τὸν
3185 553 3320 629 ᾅδου
3374 556 3654 630 πυθμένα
3711 575 3844 611 κατ-

390 643 944 716 transmigrationes
975 649 1033 699 et
1063 645 1537 701 transfusiones:
1586 663 1746 703 nunc
1797 648 2042 719 quidem

392 733 626 788 animas
655 734 715 788 in
753 739 919 789 muta
966 734 1249 790 animalia
1296 740 1356 790 et
1402 735 1557 792 feras
1606 737 2042 807 transmittunt,

391 839 555 877 nunc
587 827 784 878 autem
816 822 1054 878 easdem
1086 825 1149 878 in
1179 824 1372 895 pisces
1405 831 1463 880 et
1490 826 1726 898 plantas
1757 844 1865 899 per
1894 828 2044 883 alios

395 912 684 984 quosdam
715 911 946 968 orbicos
980 918 1176 969 motus
1207 919 1267 969 et
1286 915 1545 971 ambitus
1574 917 1820 972 trahunt
1840 935 1908 973 ac
1932 918 2048 973 dis-

395 1006 668 1074 pergunt.
697 1003 802 1056 Ast
829 1003 1117 1070 Christus,
1147 1010 1213 1058 ut
1242 1006 1398 1060 Deus
1437 1023 1608 1062 verus
1653 1012 1712 1062 et
1761 1014 2042 1077 aeternus,

398 1091 655 1146 animam
686 1091 828 1146 fecit
855 1092 1257 1150 immortalem
1289 1100 1349 1150 et
1378 1096 1529 1151 senii
1580 1102 1904 1169 expertem,
1954 1097 2048 1152 di-

393 1181 550 1246 vino,
593 1180 693 1251 qui
748 1179 862 1236 fuit
899 1182 972 1237 ab
1027 1183 1221 1253 initio,
1267 1185 1489 1256 Spiritu
1539 1190 1596 1240 et
1640 1187 2046 1243 insufﬂatione

394 1269 770 1338 viviﬁcatam,
797 1271 1036 1342 quando
1069 1290 1284 1346 nempe
1314 1275 1574 1346 primum
1605 1275 1927 1333 fabricatus
1958 1283 2049 1333 est

394 1361 725 1430 hominem,
755 1367 824 1418 ut
852 1362 1035 1418 divini
1067 1370 1126 1420 et
1155 1366 1256 1437 qui
1286 1366 1446 1422 omni
1471 1367 1810 1440 suspicione
1842 1373 2050 1424 carent

398 1451 614 1524 Moysis
643 1451 912 1508 referunt
939 1452 1099 1509 libri.
1134 1456 1381 1528 Lapsam
1428 1473 1564 1512 vero
1610 1474 1748 1514 cum
1799 1475 2047 1530 corpore

399 1541 990 1612 perinobedientiam
1007 1543 1487 1618 etdeceptionem
1505 1547 1735 1604 exitiasi
1750 1548 2046 1618 draconis,

402 1647 753 1702 progressus
775 1631 836 1687 in
860 1636 1081 1690 terram
1116 1638 1177 1689 et
1220 1635 1282 1690 in
1327 1651 1396 1691 ea
1432 1643 1838 1704 conversatus,
1868 1638 2050 1693 viam-

402 1736 519 1792 que
550 1719 760 1777 salutis
790 1721 965 1778 nobis
997 1723 1318 1780 ostendens
1347 1741 1454 1797 per
1481 1725 1844 1798 baptismum
1874 1732 1934 1783 et
1962 1743 2052 1783 re-

2151 649 2366 724 άγουσι,
2429 651 2884 724 μετεμψυχώσεις
2942 645 3011 719 δή
3059 668 3210 710 τινας
3263 647 3352 702 καὶ
3405 643 3842 721 μεταγγισμοῦς

2152 737 2597 814 παρεισάγοντεςο
2656 739 2790 793 ποτὶ
2841 738 2937 812 μὲν
2990 736 3066 799 είς
3124 734 3300 814 ἄλογα
3359 740 3478 806 ζῶα
3537 735 3640 790 καὶ
3677 735 3841 810 θηρία

2151 829 2349 892 ταύτας
2407 822 2902 902 μετεμϐιϐάζοντες
2934 871 2948 896 ,
3007 827 3140 882 ποτὲ
3197 823 3255 881 δὲ
3308 825 3386 890 εἷς
3446 823 3691 900 ἰχθύας,
3752 824 3839 879 καὶ

2154 917 2311 995 φυτὰ,
2346 917 2436 972 καὶ
2467 916 2640 979 ἄλλας
2685 917 2838 979 τινας
2881 914 3349 986 ἐπανακυκλῆσεις
3396 917 3496 970 καί
3531 911 3839 989 περιόδους

2153 1011 2528 1069 κατασπῶντες
2579 1005 2742 1069 αὐτὰς
2797 1005 2889 1061 καὶ
2938 1003 3424 1082 άπορῥαπίζοντες.
3491 1004 3563 1061 Ὀ
3612 999 3677 1057 δὲ
3706 1004 3839 1079 Χρι-

2155 1098 2280 1160 στὸς
2307 1096 2441 1161 καθὸ
2472 1095 2600 1158 Θεὸς
2633 1097 2898 1172 ὑπάρχων
2948 1091 3164 1167 ἀληθὴς
3207 1093 3299 1150 καὶ
3346 1091 3612 1161 αἰώνίος,
3649 1093 3840 1146 ἀθάνα-

2153 1208 2246 1244 τον
2265 1189 2452 1264 ψυχὴν
2502 1187 2593 1243 καὶ
2651 1185 2842 1264 ἀγήρω
2890 1187 3294 1248 κατασκευάσας
3348 1189 3429 1258 τῷ
3493 1183 3600 1239 ἀπ’
3651 1182 3833 1259 ἀρχῆς

2158 1278 2427 1352 Ηνεῦματι
2489 1278 2620 1351 θείῳ
2680 1278 2771 1333 καὶ
2830 1275 3186 1355 ἰμφυσήματι
3223 1320 3238 1346 ,
3298 1277 3388 1331 ὅτε
3445 1275 3552 1329 τὸν
3611 1277 3832 1348 πρῶτον

2157 1365 2249 1438 έδη
2265 1369 2558 1442 μιούρησεν
2619 1368 2925 1442 ἄνθρωπον,
2959 1367 3036 1430 ὡς
3081 1367 3136 1422 αἱ
3166 1368 3306 1421 Θεῖαι
3358 1365 3449 1420 καὶ
3489 1357 3831 1435 ἀδιάϐλητοι

2155 1462 2252 1513 τοῦ
2303 1456 2580 1520 Μωϋσέως
2641 1454 3023 1533 διαγορεύουσι
3085 1450 3274 1531 βίϐλοι
3312 1499 3326 1526 ,
3397 1453 3496 1510 καὶ
3561 1456 3826 1508 πεσοῦσαν

2160 1548 2296 1622 μετά
2321 1551 2419 1603 τοῦ
2450 1547 2706 1620 σώματος
2765 1543 2856 1601 διὰ
2883 1552 2986 1616 τῆς
3015 1551 3302 1622 παρακοῆς
3330 1543 3421 1599 καὶ
3453 1544 3565 1612 τῆς
3622 1541 3832 1612 ἀπάτης

2156 1641 2253 1693 τοῦ
2299 1635 2658 1714 ψυχοφθόρου
2706 1632 3023 1712 δράκοντος,
3081 1631 3254 1689 ἐλθὼν
3303 1632 3389 1688 ἐπὶ
3437 1637 3557 1709 γῆς
3587 1631 3684 1686 καὶ
3731 1651 3826 1686 πο-

2160 1726 2565 1800 λιτευσάμενος,
2597 1725 2688 1780 καὶ
2731 1722 2987 1801 ὑροδεξας
3033 1726 3170 1797 ἡμῖν
3221 1720 3346 1778 ὁδὸν
3397 1719 3691 1798 σωτηρίας
3743 1717 3828 1774 διὰ

400 1810 833 1867 surrectionem
863 1829 1034 1868 suam
1072 1831 1107 1869 a
1147 1815 1420 1884 mortuis,
1471 1833 1543 1872 ex
1571 1816 1789 1872 inferni
1819 1817 2049 1890 abyssis

2161 1822 2255 1874 τοῦ
2307 1816 2682 1892 βαπτίσματος
2735 1815 2957 1885 καὶτῆς
3005 1812 3065 1870 ἐκ
3109 1817 3314 1890 νεκρῶν
3367 1811 3546 1867 αὐτοῦ
3607 1811 3823 1865 ἀναστά-

2359 1905 2373 1914 .
2481 1909 2506 1914 _
2644 1909 2672 1914 _
2724 1902 2787 1914 ....
3078 1904 3089 1914 .
3293 1900 3308 1914 .
3436 1900 3450 1914 .
3610 1899 3624 1914 ι
3777 1897 3791 1914 ,

403 1899 464 1955 in
494 1901 709 1956 omium
730 1901 986 1960 reduxit.
1010 1904 1077 1958 Et
1099 1903 1316 1960 iterum
1339 1905 1583 1962 veniens
1601 1905 1876 1979 judicare
1894 1906 2051 1962 vivos

399 1995 459 2045 et
483 1995 772 2060 mortuos,
805 1993 1185 2049 resuscitabit
1231 2012 1480 2068 corpora
1519 2013 1704 2068 eaque
1737 1996 2052 2053 animabus

397 2079 742 2153 conjunget,
775 2085 834 2137 et
863 2081 1075 2139 reddet
1103 2083 1428 2157 unicuique
1473 2086 1806 2143 secundum
1866 2103 2051 2159 opera

401 2185 528 2226 sua.

470 2349 560 2405 81.
594 2351 729 2406 Haac
759 2367 896 2408 cum
925 2351 1378 2426 philosophatus
1420 2353 1634 2411 fuisset
1660 2360 1907 2429 martyr,
1938 2355 2059 2412 ini-

406 2455 562 2511 quus
593 2445 652 2495 et
702 2446 971 2512 apostata
1016 2442 1287 2499 Julianus
1343 2443 1528 2499 dixit:
1579 2445 1900 2512 Videtisne,
1945 2446 2054 2502 viri

403 2529 654 2586 Romani
687 2534 746 2586 et
793 2533 998 2600 Graaci,
1049 2533 1208 2589 hunc
1253 2533 1572 2590 scelestum
1623 2540 1682 2590 et
1738 2552 2054 2592 exsecran-

403 2619 570 2688 dum,
604 2626 828 2692 quanta
857 2639 928 2678 ex
960 2623 1176 2679 Graacis
1201 2623 1537 2697 disciplinis
1570 2626 1630 2682 in
1661 2632 1928 2683 nostram
1959 2644 2055 2683 re-

401 2710 686 2783 ligionem
719 2712 998 2768 effuderit
1043 2716 1451 2787 nugamenta?
1499 2717 1612 2772 Per
1667 2717 1856 2773 solem
1905 2717 2055 2773 mihi

404 2803 844 2873 charissimum,
873 2805 1026 2860 sicut
1046 2821 1256 2861 aurum
1287 2805 1613 2879 fulgentem
1644 2813 1823 2880 atque
1852 2809 2057 2866 omnia

405 2898 742 2962 ornantem,
776 2911 896 2949 non
925 2895 1120 2966 patiar
1159 2894 1441 2968 deinceps
1473 2899 1810 2954 Graecorum
1835 2898 2059 2956 doctri-

400 2982 497 3038 nis
544 2983 969 3055 impiissimum
1029 2985 1505 3042 Christianorum
1556 3005 1742 3061 genus
1799 2989 2049 3052 erudiri.

399 3074 546 3128 Ecce
565 3072 726 3128 enim
749 3089 932 3128 sacrae
954 3073 1297 3147 dogmatum
1318 3076 1712 3132 institutionis
1733 3095 1914 3134 causa
1944 3079 2056 3134 iste

401 3162 881 3234 particeps,licet
899 3179 1024 3218 non
1043 3169 1202 3220 recte
1226 3170 1285 3220 et
1301 3165 1502 3236 plane,
1525 3166 1745 3222 multas
1767 3172 1968 3223 tamen
1999 3172 2060 3223 et

401 3250 762 3322 injucundas
786 3252 1043 3324 ineptias
1063 3254 1276 3310 eﬂ‘udit
1293 3255 1452 3311 circa
1471 3256 1721 3312 istorum
1752 3273 2056 3314 sacrorum

401 3355 470 3396 ac
501 3341 862 3413 sapientium
907 3341 1166 3398 virorum
1215 3343 1550 3402 historiam.
1581 3347 1670 3402 Ita
1698 3347 1933 3403 locutus
1955 3348 2056 3420 ju-

399 3429 502 3486 bet
525 3436 847 3504 martyrem
869 3431 1182 3489 lictoribus
1207 3433 1358 3490 tradi
1382 3435 1456 3491 ad
1478 3436 1835 3510 quingentas
1863 3453 2057 3508 usque

398 3520 602 3594 plagas
623 3522 1178 3594 vapulaturum.Qui
1201 3523 1513 3597 abreptum
1535 3525 1706 3581 illum
1727 3527 2057 3584 inhumane

400 3611 601 3684 ﬂagris
631 3611 959 3670 caedebant.
993 3615 1064 3669 Et
1109 3631 1303 3686 praaco
1349 3615 1685 3672 clamabat:
1736 3618 1848 3674 Fac
1895 3619 2057 3690 quod

397 3701 519 3757 vult
549 3701 1110 3775 imperator,desine
1143 3704 1400 3761 absurda
1421 3705 1675 3777 loqui,et
1705 3707 2057 3764 liberaberis

399 3807 434 3846 a
465 3791 894 3864 castigantibus
926 3797 1002 3849 te.
1055 3795 1273 3867 Martyr
1318 3801 1518 3852 autem
1561 3796 1798 3853 fortiter
1838 3797 2057 3854 tolera-

399 3879 502 3937 bat
538 3880 680 3936 dum
736 3882 1159 3957 ﬂagellaretur,
1218 3891 1425 3943 tacens
1483 3891 1542 3943 et
1597 3888 1844 3944 omnino
1903 3887 2057 3943 nihil

399 3971 731 4044 proferens.

471 4153 559 4207 32.
593 4150 817 4208 Deinde
847 4153 1141 4224 Julianus,
1173 4155 1363 4212 oculis
1399 4155 1461 4211 in
1483 4156 1698 4212 Christi
1730 4161 2056 4230 martyrem

402 4241 722 4296 Macarium
776 4241 1086 4314 conjectis,
1138 4243 1223 4298 sic
1275 4259 1410 4298 eum
1457 4243 1752 4299 allocutus
1800 4249 1929 4300 est:
1974 4245 2058 4299 Tu

397 4329 539 4401 quid
576 4329 726 4387 dicis
754 4335 812 4387 te
865 4332 1076 4404 teipso,
1108 4332 1470 4388 miserabilis
1513 4333 1918 4390 homunculo?
1945 4335 2060 4389 Re-

403 4419 646 4491 spondit
675 4421 996 4478 Macarius:
1019 4423 1103 4477 Tu
1134 4422 1260 4494 ipse
1283 4424 1469 4479 miser
1482 4440 1545 4478 es
1567 4429 1626 4479 et
1655 4425 1925 4480 omnium
1957 4425 2061 4479 ho-

402 4510 637 4564 minum
666 4509 1136 4581 infelicissimus,
1170 4513 1338 4569 canis
1369 4512 1605 4569 sordide
1638 4519 1697 4569 et
1724 4513 2054 4582 immunde;

2165 1928 2323 1976 σεως,
2355 1905 2414 1961 ἐκ
2439 1909 2549 1962 τῶν
2578 1909 2676 1962 τοῦ
2724 1902 2858 1976 ᾆὸου
2914 1904 3205 1978 πυθμένων
3265 1900 3341 1965 είς
3395 1899 3672 1976 οὐρανοὺς
3699 1897 3823 1955 tati-

2159 2018 2259 2069 την
2292 1995 2649 2073 ἐπανήγαγεν
2681 1993 2771 2050 καὶ
2819 1991 2986 2050 πάλιν
3033 1992 3339 2070 ἐρχόμενος
3380 1995 3570 2066 κρῖναι
3625 1994 3820 2060 ζῶντας

2160 2085 2252 2141 imi
2308 2085 2556 2162 νεκροὺς,
2616 2083 2963 2158 ἐξαναστήσει
3019 2083 3087 2138 τὰ
3145 2083 3395 2155 σώματα,
3443 2078 3543 2135 καὶ
3605 2077 3816 2152 συνάψει

2159 2181 2280 2239 ταῖς
2339 2176 2542 2232 ἑαυτῶν
2595 2177 2801 2250 ψυχαῖς
2835 2218 2852 2247 ,
2907 2169 2998 2229 καὶ
3069 2168 3344 2228 ἀποδώσει
3415 2170 3634 2243 έκάστῳ
3687 2165 3815 2224 κατὰ

2161 2265 2231 2322 τὰ
2257 2263 2388 2341 ἔργα
2415 2263 2602 2324 αὐτοῦ.

2234 2352 2340 2412 λα’.
2386 2357 2570 2412 Ταῦτα
2623 2356 2726 2409 τοῦ
2787 2353 3061 2426 μάρτυρος
3113 2347 3616 2428 φιλοσοφήσαντος,
3651 2346 3678 2401 ό
3707 2366 3804 2400 πα-

2165 2447 2406 2521 ράνομος
2460 2444 2552 2499 καὶ
2607 2443 2921 2512 ἀποστάτης
2998 2439 3100 2520 ἔφη
3159 2436 3466 2500 Ἰουλιανός
3500 2455 3515 2471 ⁸
3573 2437 3803 2512 Ὁρᾶτε,

2163 2533 2352 2612 ἄνδρες
2372 2536 2644 2608 Ῥωμαῖοι
2662 2533 2756 2588 καὶ
2786 2530 3082 2602 Ἕλληνες,
3103 2528 3320 2585 τουτονὶ
3339 2528 3434 2583 τὸν
3464 2525 3802 2599 παλαμναῖον

2162 2624 2252 2680 καὶ
2285 2624 2594 2701 ἀλιτήριον,
2653 2621 2823 2678 πόσον
2878 2621 2936 2676 ἐκ
2991 2625 3098 2675 τῶν
3147 2616 3496 2688 Ἑλληνικῶν
3553 2613 3799 2690 μαθημά-

2162 2737 2270 2771 των
2325 2716 2462 2771 κατᾶ
2515 2721 2618 2784 τῆς
2649 2713 2921 2786 ἡμετέρας
2975 2708 3286 2786 έσχεδίασεν
3349 2707 3510 2764 ὕθλον
3545 2724 3559 2777 ;
3598 2705 3685 2763 Μὰ
3711 2704 3794 2759 τὸν

2165 2807 2289 2881 ἐμοὶ
2323 2803 2788 2883 προσφιλέστατον
2844 2801 3007 2872 ἥλιον
3052 2801 3146 2855 τὸν
3179 2804 3463 2875 χουσαυγῆ
3492 2795 3576 2852 καὶ
3605 2791 3792 2883 παγκόξ

2164 2881 2556 2971 σμιον,οὐκέτι
2599 2893 2855 2966 ἀνέξομαι
2913 2895 3032 2953 τοῖς
3089 2887 3380 2959 Ἑλλήνων
3441 2881 3790 2971 μαθήμασι-το

2165 2968 2510 3062 Χριστιανῶν
2571 2983 2877 3038 ἀθεώτατον
2948 2975 3357 3043 ἰκπαιδεῦεσθαι
3433 2977 3618 3051 γένος’
3676 2968 3783 3024 ίδοὺ

2165 3059 2266 3152 γάρ
2297 3082 2400 3145 τῆς
2433 3075 2583 3148 ἱερᾶς
2609 3073 2719 3128 τῶν
2751 3070 2935 3146 λόγων
2980 3066 3231 3131 παιδείας
3277 3066 3359 3123 καὶ
3415 3062 3561 3125 οὗτος
3589 3061 3616 3115 ό
3641 3059 3774 3152 κύων

2173 3147 2522 3241 μεταλαϐὼν,
2553 3161 2653 3218 κᾶν
2712 3161 2860 3234 [364]
2913 3161 3017 3216 οὔκ
3061 3157 3145 3215 ἐπ’
3206 3155 3404 3222 εὐθείας
3432 3154 3514 3210 καὶ
3557 3147 3773 3241 ὁμαλοῦ,

2087 3225 2130 3294 C
2167 3225 2295 3312 άλλ⁹
2326 3253 2482 3328 ὅμως
2509 3225 2742 3321 ’πολλὴν
2798 3225 2920 3306 τινα
2976 3249 3066 3305 καί
3115 3249 3321 3324 ἀτερπῆ
3383 3244 3502 3320 περὶ
3523 3242 3613 3311 τὴν
3641 3240 3785 3328 ὶστοιτ

2163 3346 2282 3420 ρίαν
2343 3323 2693 3419 μωρολογίαν
2751 3337 3006 3415 κατέχεεν
3070 3342 3180 3395 τῶν
3214 3323 3404 3414 νὶερῶν
3457 3331 3650 3390 ἐκείνων
3702 3323 3788 3420 καὶ

2162 3417 2480 3514 φιλοσόφων
2531 3429 2765 3506 ἀνδρῶν.
2828 3433 3006 3487 Ταῦτα
3059 3427 3252 3498 εἰπὼν,
3282 3423 3496 3482 κελεύει
3549 3422 3631 3478 τὸν
3649 3417 3795 3514 ,μάρ-

2160 3505 2297 3600 τυρα
2324 3505 2444 3586 τοῖς
2475 3505 2704 3597 δημίοις
2733 3518 3128 3595 παραδοθῆναι,
3173 3516 3264 3572 καὶ
3325 3515 3613 3590 μαστιγοῦν
3642 3505 3796 3583 ἄχρι-

2161 3599 2526 3672 πεντακοσίων
2567 3609 2822 3687 πληγῶν.
2875 3609 2944 3668 Οἱ
2997 3605 3055 3664 δὶ
3103 3601 3364 3669 λαϐόντες
3403 3606 3594 3675 ἢκιζον
3641 3599 3796 3654 ἄπαν-

2163 3705 2397 3778 θρώπως
2436 3706 2553 3765 ταῖς
2610 3699 2847 3774 μάστιξι·
2905 3699 2994 3753 καὶ
3055 3697 3084 3753 ὁ
3139 3695 3309 3771 κῆρυξ
3365 3689 3516 3751 ἐϐόαο
3575 3687 3794 3757 Ποίησον

2158 3793 2222 3850 τὸ
2250 3797 2350 3849 τοῦ
2401 3789 2670 3868 βασιλέως
2728 3787 2970 3863 θέλημα,
3029 3791 3230 3843 παῦσαι
3288 3788 3396 3840 τῶν
3434 3778 3796 3858 μωπολογιῶν

2160 3882 2247 3946 κςὶ
2293 3879 2669 3956 ἆπαλλαγήσῃ
2715 3883 2825 3934 τῶν
2870 3875 3218 3947 κολαζόντων
3269 3895 3346 3931 σε.
3397 3874 3459 3931 Ὁ
3509 3869 3569 3927 δὲ
3612 3869 3799 3944 μάρτυς

2163 3974 2438 4050 ἐκαρτέρει
2469 3971 2830 4046 τυπτόμενος,
2863 3971 3088 4025 σιωπῶν
3139 3968 3229 4023 καὶ
3267 3963 3437 4041 μηδὲν
3469 3961 3620 4025 ὅλως
3648 3969 3799 4039 φθεγ-

2160 4065 2416 4142 γόμενος.

2235 4152 2347 4231 λβ’.
2399 4152 2673 4216 Ἀτενίσας
2729 4149 2788 4207 δὲ
2816 4150 2955 4227 πρὸς
2984 4150 3078 4206 τὸν
3133 4151 3231 4203 τοῦ
3281 4148 3523 4222 Χριστοῦ
3577 4141 3804 4231 μάρτυρα

2162 4230 2465 4318 Μακάριον,
2515 4237 2617 4320 ἔφη
2663 4241 2800 4317 πρὸς
2848 4238 3031 4295 αὐτόν’
3089 4237 3165 4293 Σὺ
3195 4236 3248 4292 τί
3281 4235 3459 4312 λέγεις
3507 4230 3635 4330 περὶ
3665 4247 3801 4330 aea-ti:

2159 4339 2280 4404 τοῦ,
2339 4317 2691 4408 ταλαίπωρον
2746 4329 3176 4404 ἀνθρωπάριον;
3231 4325 3515 4402 Μακάριος
3572 4317 3692 4400 ἔφη·
3737 4317 3802 4370 Σὺ

2164 4426 2212 4480 εί
2264 4422 2617 4499 ταλαίπωρος
2674 4421 2765 4477 καὶ
2815 4419 3031 4476 πάντων
3089 4416 3392 4494 ἀνθρώπων
3453 4411 3802 4512 ἀθλιώτερος,

2161 4513 2308 4571 κύων
2360 4513 2565 4590 ῥυπαρὶ
2610 4510 2700 4568 καὶ
2758 4510 3042 4584 ἀκάθαρτε·
3101 4507 3210 4583 ἐγὼ
3270 4504 3328 4561 δὲ
3381 4509 3463 4578 τῷ
3492 4501 3611 4559 ὅντι
3646 4501 3804 4575 μακά-

403 4614 509 4670 ego
538 4614 675 4654 vero
705 4600 903 4670 reipsa
931 4599 1139 4656 beatus
1187 4618 1344 4671 sum,
1376 4603 1496 4658 imo
1539 4603 1922 4659 beatissimus
1954 4604 2049 4676 (9),

2163 4603 2278 4682 ριός
2337 4602 2453 4677 εἶμι
2499 4600 2590 4658 καὶ
2643 4601 3128 4675 τρισμακάριστος,
3165 4597 3322 4691 ,κατὰ
3375 4595 3473 4664 τὴν
3535 4606 3800 4691 προσωνυ-

395 4688 570 4760 juxta
600 4703 821 4744 nomen
849 4706 1048 4746 meum
1073 4692 1211 4760 (10),
1260 4692 1401 4763 quia
1429 4691 1530 4748 ubi
1580 4693 1880 4749 Christum
1911 4709 2052 4749 con-

2171 4694 2298 4768 μίαν
2331 4713 2459 4768 μου,
2489 4691 2575 4748 ὅτι
2621 4689 2713 4746 τὸν
2766 4690 2996 4766 Χριστὸν
3053 4685 3350 4762 ὁμολογῶν
3393 4683 3683 4777 προσκυνῶ
3717 4683 3799 4777 τον

406 4777 598 4849 ﬁteor,
631 4777 812 4834 adoro
843 4779 946 4835 Dei
978 4779 1194 4835 Filium
1224 4781 1519 4837 viventem
1553 4786 1612 4837 et
1630 4787 1940 4838 aeternum.
1975 4783 2052 4837 Tu

2166 4787 2300 4839 Θεοῦ
2329 4781 2456 4838 Υἱὸν
2487 4782 2577 4836 τὸν
2622 4783 2800 4850 ζῶντα
2855 4777 2944 4834 καὶ
2994 4776 3346 4854 προαιώνιον.
3407 4773 3580 4835 Αὐτὸς
3608 4769 3664 4825 δἒ
3689 4769 3802 4867 τοῖς·

402 4872 602 4923 autem
632 4867 829 4940 ipsum
859 4868 1170 4942 abjurasti,
1204 4869 1518 4926 adhaerens
1561 4871 1796 4927 diabolo
1843 4876 1900 4927 et
1951 4887 2052 4926 an-

2162 4891 2261 4928 τον
2291 4871 2595 4947 ἀπηρνήσω
2643 4865 3088 4966 προπολληθεῖς
3134 4870 3215 4940 τῷ
3263 4859 3516 4966 ὃιαϐόλιιζ
3554 4858 3658 4966 καὶρ
3696 4858 3801 4913 τοῖς

401 4959 550 5032 gelis
581 4959 732 5031 ejus,
765 4959 1084 5015 homicidis
1116 4965 1173 5016 et
1203 4961 1455 5032 impuris
1505 4960 1835 5033 spiritibus,
1868 4961 1969 5033 qui
2005 4966 2052 5016 te

2165 4960 2423 5037 ἀγγέλοις
2483 4958 2650 5015 αὐτοῦ
2713 4963 2831 5021 τοῖς
2890 4955 3168 5032 ὀλεθρίοις
3218 4975 3276 5010 τε
3330 4953 3420 5008 καὶ
3483 4952 3805 5048 ’ἀκαθάρτοις

404 5049 584 5104 etiam
624 5049 878 5104 invitum
923 5050 985 5104 in
1035 5050 1232 5122 ignem
1283 5056 1574 5106 aeternum
1620 5052 1959 5124 projicient.
1992 5053 2052 5107 Et

2169 5049 2445 5126 δαίμοσιν,
2477 5046 2531 5104 οἳ
2585 5069 2642 5104 σε
2700 5048 2793 5103 καὶ
2850 5045 2951 5102 οὐκ
3003 5043 3261 5109 ἐθέλοντα
3309 5046 3392 5116 τῷ
3447 5037 3657 5110 αὶωνίῳ
3685 5037 3802 5105 πυρί

411 5141 696 5211 Apostata
725 5156 738 5195 :
774 5139 978 5210 Video,
1007 5141 1225 5212 inquit,
1259 5139 1419 5212 quod
1452 5142 1603 5197 mori
1647 5143 1852 5214 cupias
1899 5147 1957 5198 et
1985 5141 2052 5198 ad

2167 5138 2650 5217 παραπέμψουσιν.
2703 5136 2810 5194 Καὶ
2860 5137 2888 5191 ὁ
2921 5129 3270 5209 Παραόάτηςο
3331 5128 3468 5224 Οἷ-ιξα
3520 5132 3607 5224 ὅτι
3661 5136 3804 5224 θανα-

397 5228 773 5286 iracundiam
807 5246 902 5286 me
940 5231 1181 5287 studeas
1208 5247 1550 5304 provocare,
1594 5238 1662 5288 ut
1703 5233 1818 5289 cito
1864 5237 1921 5288 te
1952 5249 2052 5288 au-

2167 5235 2264 5303 τᾷς
2301 5229 2393 5286 καὶ
2446 5229 2585 5304 πρὸς
2643 5227 2813 5302 ὀργὴν
2874 5223 3093 5295 κινῆσαι
3155 5243 3220 5298 με
3278 5218 3550 5291 σπεύδεις,
3583 5217 3674 5274 ’ίνα
3721 5217 3808 5265 τάα

395 5317 605 5378 feram.
635 5321 763 5376 Non
793 5324 994 5378 tamen
1023 5325 1091 5376 ut
1131 5320 1495 5393 sperasti,ita
1541 5321 1644 5378 flet
1672 5322 1805 5392 tibi,
1836 5320 2052 5395 impiis‘

2173 5341 2330 5398 χειον
2363 5317 2691 5392 έξαναλώσω
2746 5335 2826 5372 σε·
2880 5312 3008 5370 ἀλλ’
3059 5311 3170 5389 οὐχ
3220 5313 3296 5377 ὡς
3334 5311 3503 5374 αὐτὸς
3557 5305 3808 5380 ἤλπισας,

1995 5470 2218 5527 ΝΟΤλΕ.

471 5582 816 5674 .(9)“Le‘gi.tur
843 5584 908 5640 in
941 5590 1113 5674 textu.
1134 5587 1333 5674 Graeco
1358 5603 1393 5674 ς,
1420 5586 1905 5674 τρισμακάριστος.
1939 5587 2052 5668 S_ed

2235 5587 2349 5659 (10)
2381 5582 2664 5674 Μοεκάριος
2686 5584 2845 5642 enim
2879 5581 3429 5674 signiﬁcat‘beatuﬁ
3445 5575 3798 5674 .lﬂotetur‘tna:

397 5650 688 5742 τεῖςςίεῆ
704 5656 768 5711 in
789 5658 1149 5742 compositis
1180 5650 1470 5732 adjective
1502 5650 1596 5714 cui
1634 5650 1908 5732 jungitur
1936 5659 2052 5715 vim

2163 5650 2303 5714 mén
2332 5650 2690 5742 ’μακᾷριὲῑοςν
2724 5650 3151 5742 ίιιιαω.ἲοςθξιι
3190 5653 3566 5742 hjssdhibet
3591 5650 3798 5742 esset"

400 5715 570 5785 addit
606 5715 975 5799 superlativi.
1005 5729 1158 5785 Emr.
1250 5715 1274 5732 ”
1334 5715 1337 5716 ν
1634 5715 1657 5732 ”
1752 5715 1785 5731 ν
2163 5715 2402 5805 proprie
2423 5715 2760 5803 signiﬁcare
2785 5753 2802 5801 ε
2823 5729 2924 5805 qui
2953 5728 3188 5786 habetur
3209 5726 3355 5803 felix
3382 5743 3477 5784 seu
3509 5727 3704 5784 beatus.
3723 5715 3792 5772 Ῑυο
