4120 6398
342 484 480 546 1281

1688 472 1749 525 Β.
1789 471 2094 528 ΔΒΤΕΜΠ
2132 472 2406 526 PASSIO.

3617 472 3759 528 1282

348 609 525 672 οὕτως
556 604 702 662 ἔσται
736 624 844 673 σοι,
876 594 1212 656 ἀσεϐέστατε.
1245 599 1425 654 Τοῦτο
1485 592 1545 650 δὶ
1592 597 1811 669 πρῶτον
1862 595 1996 649 ἀπο·
2028 624 2045 681 γ

2155 597 2281 652 ime.
2317 597 2427 652 Sed
2458 598 2569 653 hoc
2599 599 2858 670 primum
2888 598 3207 670 responde,
3258 603 3318 655 et
3363 597 3562 655 indica
3588 601 3764 671 quid-

350 700 539 778 κρίνου
570 695 661 751 xui
692 689 934 759 δίδασκε,
971 690 1023 743 τί
1057 688 1143 778 ,τὸ
1196 683 2004 778 δόξαν-.ὑμῖν,ᾼῶᾼπαμμίαροι3

352 770 433 846 ὅτι
472 783 615 861 μηδέ
668 786 794 857 μιᾶς
850 799 994 840 τινος
1052 777 1293 851 ἐξουσίας
1350 772 1387 845 ἤ
1447 774 1593 849 παρά
1644 770 1915 849 βασιλέως
1970 771 2006 842 ἢ

350 878 498 954 παρὰ
544 893 692 934 τινος
754 874 863 925 τῶν
922 866 1209 941 ἀρχόντων
1272 862 1687 941 μετειληφότες,
1737 861 1898 917 παντί
1951 882 2008 917 τε

348 950 441 1025 xui
471 965 755 1037 πανταχοῦ
789 954 1194 1032 διατρέχοντες,
1246 956 1340 1016 τὰς
1399 957 1508 1008 τῶν
1566 950 1817 1028 μεγάλων
1872 954 2007 1007 θεῶν

353 1054 588 1116 σπονδάς
634 1072 695 1106 τε
746 1048 836 1104 xui
896 1046 1081 1108 θυσίας
1142 1042 1455 1117 ἀνατρέπειν
1516 1038 1865 1111 σπουδάζετε,
1928 1038 2013 1095 δι-

361 1147 650 1204 δάσκοντες
707 1138 769 1194 ἂν
845 1136 975 1197 τοὺς
1033 1134 1375 1209 ἀνθρώπους,
1450 1133 1676 1193 τούτους
1740 1134 1814 1205 μὴ
1877 1133 2011 1185 εἶναι

358 1235 534 1305 θεοὺς,
573 1227 715 1305 μηδὲ
746 1233 997 1301 σωτῆρας
1043 1231 1143 1294 τῆς
1201 1221 1555 1295 οἰκουμένης,
1612 1220 1701 1275 xui
1758 1224 1854 1275 τοῦ
1911 1220 2010 1274 ἀν-

356 1320 632 1400 θρωπείου
661 1317 852 1394 γένους
880 1308 1189 1390 προνοητάς
1238 1333 1297 1366 τε
1353 1310 1441 1365 καὶ
1493 1313 1642 1400 [3θ5]
1700 1306 2010 1382 κηδεμόνας

355 1397 757 1490 τυγχάνοντας,
790 1404 881 1467 οὕς
915 1404 1073 1474 ἡάπ⁹
1133 1402 1331 1464 αἰῶνος
1389 1401 1483 1456 παὶ
1539 1397 1741 1463 ἄνωθεν
1807 1420 2012 1474 πατροο

357 1484 672 1579 παράδοτος
726 1500 836 1551 τῶν
891 1493 1191 1567 ἀνθρώπων
1247 1492 1524 1561 συνήθεια,
1585 1484 1757 1543 σέϐειν
1814 1510 1874 1543 τε
1922 1488 2011 1543 xui

360 1577 687 1667 προσκυνεῖν
744 1579 1148 1659 παραδέδωκεν·
1203 1580 1294 1634 τὸν
1355 1577 1413 1634 δὲ
1470 1578 1705 1653 Χριστὸν
1738 1579 1867 1653 χθὲς
1916 1583 2014 1634 τοῦ

2116 702 2256 740 nam
2286 685 2448 740 vobis
2476 687 2667 741 visum
2700 687 2794 755 sit,
2826 686 3197 755 exsecrandi,
3228 692 3294 742 ut
3323 687 3491 742 nulla
3522 688 3641 743 sive
3690 690 3763 743 ab

2116 775 2622 846 imperatore,sive
2646 793 2679 831 a
2697 778 2978 847 quopiam
3003 778 3348 849 magistratu
3372 777 3616 832 licentia
3643 795 3770 833 mu-

2117 864 2251 929 niti,
2285 864 2505 936 ubique
2539 866 2904 933 discurratis,
2941 871 2999 920 et
3028 883 3380 938 magnorum
3412 865 3660 922 deorum
3692 868 3773 922 ri-

2120 958 2215 1008 tus
2240 959 2296 1008 et
2317 954 2610 1009 sacrificia
2636 958 2897 1009 evertere
2916 955 3238 1021 conemini,
3267 956 3549 1011 docentes
3582 956 3773 1011 homi-

2120 1059 2228 1097 nes
2256 1060 2355 1097 eos
2388 1059 2508 1097 non
2541 1059 2669 1098 esse
2688 1043 2830 1097 deos
2851 1060 3045 1114 neque
3079 1048 3406 1100 servatores
3436 1044 3776 1111 mundi,aut

2119 1132 2383 1188 humano
2415 1133 2619 1205 generi
2650 1132 2959 1203 providere
2992 1133 3379 1205 ejusdemque
3411 1151 3615 1207 gerere
3666 1152 3773 1190 cu-

2121 1237 2268 1291 ram,
2305 1238 2455 1291 quos
2485 1221 2557 1277 ab
2590 1239 2710 1277 uavo
2747 1227 2806 1277 et
2835 1222 3039 1277 multis
3070 1228 3227 1277 retro
3260 1224 3496 1279 saeculis
3527 1241 3560 1279 a
3590 1225 3773 1296 patri-

2121 1310 2232 1364 bus
2248 1310 2511 1381 profecta
2532 1310 2877 1366 mortalium
2899 1312 3264 1366 consuetudo
3286 1313 3777 1369 reverendostra-

2123 1400 2274 1456 didit
2300 1409 2357 1457 et
2388 1403 2743 1471 adorandos;
2770 1402 3069 1458 Christum
3100 1410 3321 1469 autem,
3354 1404 3456 1474 qui
3486 1405 3614 1459 heri
3647 1422 3776 1461 esse

2124 1493 2318 1563 coepit,
2352 1510 2463 1548 nec
2495 1493 2749 1549 multum
2796 1499 2932 1548 ante
2981 1498 3248 1548 nostram
3301 1498 3556 1564 aetatem,
3590 1497 3777 1550 Deum

2126 1582 2557 1654 sempiternum
2589 1589 2647 1637 et
2683 1600 2882 1655 regem
2931 1583 3344 1637 universorum
3395 1583 3781 1655 praedicatis?

364 1666 499 1738 εῖναι
530 1676 851 1753 ἀρξάμενον,
874 1672 966 1727 καὶ
995 1671 1058 1726 οὑ
1106 1668 1213 1745 πρὸ
1262 1666 1479 1724 πολλοῦ
1508 1673 1608 1738 τῆς
1666 1668 1934 1743 ἡμετέρας
1992 1674 2201 1744 γενεᾶς,
2262 1670 2391 1725 Θεὸν
2450 1670 2783 1747 προαιώνιον
2840 1668 2930 1725 xui
2993 1667 3222 1745 βασιλέα
3271 1673 3379 1725 τῶν
3440 1670 3585 1726 ὅλων
3646 1672 3778 1727 ἀνα-

364 1769 659 1845 κηρύττετε
686 1785 702 1835 ;

439 1858 533 1934 λγ.
567 1855 669 1911 Καὶ
730 1853 758 1908 ὁ
816 1851 1116 1925 Μακάριος·
1179 1848 1295 1906 Οὐκ
1345 1845 1618 1923 ἠρκέσθης
1672 1852 1794 1910 ταῖς
1852 1847 2095 1925 Εὖγε-Β

367 1951 488 2005 νίου
530 1950 724 2024 σοφαῖς
784 1939 1140 2013 ἀποδείξεσιν,
1200 1939 1245 1992 ὦ
1305 1936 1760 2013 παρανομώτατε,
1818 1936 1903 1992 ὅτι
1957 1939 2027 1993 τά

371 2040 511 2095 αύτά
538 2035 631 2091 καὶ
689 2032 813 2110 περὶ
870 2036 979 2087 τῶν
1034 2028 1210 2084 αὐτῶν
1271 2028 1350 2083 ἀεὶ
1403 2026 1645 2103 έρωτᾷς;
1706 2028 1858 2095 ΠΑήν
1918 2025 2028 2101 ἐγώ

374 2126 557 2184 σοιτά
589 2124 725 2180 αύτά
777 2120 867 2177 καὶ
926 2116 1053 2195 περί
1099 2122 1208 2173 τῶν
1269 2116 1444 2171 αὐτῶν
1506 2115 1839 2191 ὁμοτρόπως
1893 2116 2030 2171 ἀπο-

372 2218 736 2294 κριθήσομαι,
769 2210 851 2267 ὅτι
884 2209 1117 2283 Χριστὸς
1164 2205 1224 2261 δν
1258 2205 1320 2261 σὺ
1369 2206 1659 2281 χλευάζεις
1706 2207 1797 2261 καὶ
1846 2203 2030 2294 διασύ-

377 2293 490 2385 ρεις
548 2300 838 2380 ἐπιγελῶν,
898 2298 1073 2360 οὓτως
1156 2294 1609 2372 παρακελεύεται.
1698 2298 1864 2350 Εἶπεν
1925 2293 2030 2369 γὰρ

381 2383 521 2474 πρὸς
576 2392 705 2457 τοὺς
760 2388 939 2467 ἱεροὺς
994 2386 1159 2442 αὐτοῦ
1220 2384 1489 2459 μαθητάς⁹
1550 2385 1909 2461 Πορευθέντες
1957 2383 2033 2446 εἷς

380 2470 473 2544 τδν
535 2483 742 2557 κόσμον
803 2483 1031 2545 ἅπαντα,
1086 2477 1456 2550 μαθητεύσατε
1510 2474 1687 2530 πάντα
1734 2474 1801 2529 τὰ
1882 2470 2033 2543 ἔθνη,

385 2576 739 2655 βαπτίζοντες
768 2570 962 2633 αὐτοὺς
1021 2568 1098 2630 εἷς
1153 2567 1216 2623 τὸ
1275 2562 1447 2639 ὄνομα
1502 2568 1601 2619 τοῦ
1660 2564 1890 2637 Πατρὸς,
1946 2562 2037 2617 xui

381 2649 480 2722 τοῦ
538 2664 689 2733 ῐὶοὖ,
746 2660 836 2715 καὶ
887 2662 984 2714 τοῦ
1043 2657 1203 2733 ἁγίου
1261 2653 1599 2726 Πνεύματος,
1687 2649 2039 2713 διδάσποντες

388 2753 586 2817 αὐτοὺς
686 2754 873 2825 τηρεῖν
978 2748 1153 2802 πάντα
1255 2744 1355 2799 ὑσα
1456 2742 1811 2815 ἐνετειλάμην
1885 2742 2038 2813 ὑμῖν,

389 2844 601 2923 φεύγειν
634 2863 693 2898 τε
717 2841 824 2896 ἀπὸ
853 2843 962 2894 τῶν
1024 2835 1266 2911 ματαίων
1316 2832 1587 2902 εἰδώλων,
1647 2832 1737 2888 καὶ
1794 2830 2039 2906 ἐπιστρέ-

393 2919 514 3013 (peni
546 2932 630 2988 ἐπὶ
663 2931 790 2985 Θεὸν
828 2933 1023 2999 ζῶντα,
1056 2925 1115 2988 ὅς
1163 2919 1338 2979 ἔκτισε
1382 2922 1474 2978 τὸν
1523 2921 1751 2997 οὐρανὸν
1801 2921 1892 2976 καὶ
1942 2922 2042 2989 τήν

392 3007 521 3101 γῆν.
558 3022 622 3077 Oi
652 3020 755 3096 γάρ
789 3017 900 3084 θεοί
931 3038 1049 3085 σου,
1083 3013 1175 3079 οὕς
1223 3012 1381 3074 αὐτὸς
1430 3015 1778 3101 προσκυνεῖς,
1842 3007 2042 3101 δαιμό-

392 3096 499 3169 νων
533 3112 635 3168 εἶσὶ
670 3107 990 3181 πλάσματα,
1022 3103 1112 3159 xui
1175 3103 1359 3175 μύθων
1421 3099 1711 3175 εύρέματα,
1768 3096 1858 3153 xui
1926 3096 2044 3152 δια-

2199 1854 2287 1909 33.
2320 1852 2408 1907 Ad
2439 1852 2566 1907 hinc
2607 1852 2927 1907 Macarius:
2952 1854 3077 1907 Non
3111 1868 3246 1925 ergo
3279 1852 3644 1907 suffecerunt
3674 1851 3781 1907 tibi

2136 1945 2435 2016 sapientes
2466 1944 2710 2016 Eugenii
2742 1944 3301 2013 demonstrationes,
3338 1944 3782 2012 scelestissime,

2136 2034 2276 2106 quia
2297 2035 2503 2090 eadem
2528 2040 2585 2089 et
2605 2035 2678 2090 de
2703 2035 2915 2090 iisdem
2940 2052 3176 2107 semper
3205 2036 3534 2109 interrogas
3551 2036 3579 2091 Τ
3607 2036 3789 2107 Equi-

2094 2114 2097 2115 ⁷
2135 2123 2271 2179 dem
2300 2124 2405 2179 tibi
2432 2123 2639 2180 eadem
2663 2124 2734 2179 de
2756 2124 2969 2179 iisdem
3013 2140 3081 2180 ac
3106 2125 3315 2179 eodem
3338 2141 3453 2196 quo
3484 2131 3548 2180 tu
3578 2124 3787 2179 ordine

2134 2212 2623 2283 respondebo,ita
2644 2212 2895 2284 jubente
2917 2214 3169 2281 Christo,
3204 2230 3381 2285 quem
3413 2219 3478 2269 tu
3508 2212 3790 2269 deriden-

2140 2300 2283 2355 dum
2340 2300 2571 2372 praebes
2630 2306 2689 2356 et
2750 2301 3055 2357 irridendo
3111 2302 3357 2357 laceras.
3418 2302 3575 2357 Dixit
3626 2302 3789 2357 enim

2142 2390 2363 2445 sanctis
2386 2389 2695 2461 discipulis
2718 2390 2860 2445 suis:
2890 2394 3093 2446 Euntes
3128 2392 3189 2445 in
3232 2390 3526 2446 mundum
3556 2392 3793 2446 univer-

2143 2496 2295 2546 sum,
2329 2480 2519 2534 docete
2548 2496 2727 2535 omnes
2770 2487 2976 2549 gentes,
3005 2480 3345 2551 baptizantes
3374 2497 3460 2535 eos
3485 2483 3545 2535 in
3576 2483 3797 2536 nomine

2143 2568 2349 2637 Patris,
2375 2575 2427 2623 et
2450 2569 2600 2637 Filii,
2629 2575 2679 2623 et
2707 2571 2949 2639 Spiritus
2979 2572 3178 2638 sancti,
3211 2572 3464 2625 docentes
3493 2574 3582 2626 θος
3610 2572 3795 2626 omnia

2143 2674 2482 2728 quaecunque
2523 2658 2784 2713 mandavi
2829 2659 2978 2713 vobis
3006 2658 3049 2728 ³,
3100 2663 3158 2713 et
3198 2658 3400 2731 fugere
3430 2676 3579 2715 vana
3609 2661 3793 2714 simu-

2141 2748 2323 2813 lacra,
2357 2752 2415 2801 et
2446 2747 2705 2802 converti
2729 2748 2803 2802 ad
2826 2749 3011 2803 Deum
3040 2749 3256 2819 vivum,
3287 2749 3387 2819 qui
3416 2749 3557 2804 fecit
3576 2750 3791 2805 coelum

2145 2842 2204 2890 et
2236 2841 2477 2890 terram.
2512 2835 2601 2890 Dii
2634 2836 2790 2890 enim
2828 2836 2932 2904 tui,
2966 2853 3115 2907 quos
3144 2838 3270 2909 ipse
3303 2837 3534 2907 adoras,
3568 2838 3793 2894 daemo-

2146 2942 2292 2980 num
2311 2930 2453 2979 sunt
2472 2925 2842 2996 ﬁgmenta,et
2866 2926 3105 2981 inventa
3133 2926 3492 2995 fabularum,
3513 2933 3572 2983 et
3593 2928 3797 2983 diabo-

2145 3014 2277 3069 lica:
2302 3014 2665 3085 operationis
2696 3014 2871 3069 fetus.
2906 3017 2986 3070 De
3011 3016 3105 3070 his
3136 3015 3295 3070 enim
3328 3016 3472 3071 dicit
3500 3018 3806 3089 Scriptura

2149 3110 2390 3159 nostra:
2428 3105 2534 3172 Dii,
2566 3106 2664 3174 qui
2697 3104 2889 3159 calum
2920 3112 2972 3159 et
3004 3112 3208 3159 terram
3237 3123 3345 3159 non
3374 3109 3647 3176 fecerunt,
3674 3125 3806 3177 per-

391 3198 628 3271 6ολικῆς
681 3196 948 3274 ἐνεργείας
1005 3194 1423 3271 κυοφορήματα·
1463 3276 1470 3278 λ
1507 3188 1656 3265 λέγει
1712 3188 1843 3278 ,γὰρ
1919 3187 2045 3278 περῖ

2155 3200 2283 3249 eant
2313 3192 2355 3247 ³.
2391 3192 2504 3247 Sed
2534 3193 2651 3248 alia
2684 3210 2919 3265 quoque
2964 3194 3080 3261 lex,
3130 3195 3462 3266 imperialis
3502 3213 3741 3269 nempe,
3775 3214 3810 3252 a

396 3291 639 3359 αὐτό)νὴ
672 3289 913 3361 ἡμετέρα
959 3285 1170 3362 Γραφή.
1231 3281 1355 3337 Θεοὶ
1411 3276 1471 3334 οἷ’
1518 3279 1612 3334 τὸν
1669 3277 1897 3352 οὐρανὸν
1954 3276 2043 3331 καὶ

392 3384 497 3452 τὴν
555 3386 656 3456 γῆν
720 3376 819 3432 οὐκ
898 3373 1160 3444 ἰποίησαν
1236 3365 1648 3426 ἀπολέσθωσαν.
1729 3365 1906 3424 Ἀλλά
1956 3366 2047 3420 xui

393 3472 567 3545 νόμος
599 3466 794 3528 αὐτοὺς
847 3462 1029 3539 ἔτερος
1072 3459 1362 3538 βασιλικὸς
1422 3461 1450 3514 ὁ
1508 3458 1654 3533 παρά
1710 3456 2050 3512 Κωνσταντί-

396 3584 494 3617 νου
522 3562 618 3614 τοῦ
650 3560 746 3611 σοῦ
768 3556 1062 3629 συγγενοῦς
1118 3551 1374 3618 ἐκτεθεὶς,
1422 3545 1681 3605 ἐκϐάλλει
1733 3554 1835 3617 τῆς
1882 3567 2055 3621 προσ-

400 3649 702 3719 κυνήσεως,
759 3642 850 3699 xui
906 3639 1165 3697 καταλύει
1225 3637 1401 3693 αὐτῶν
1457 3638 1525 3692 τά
1601 3631 1933 3708 σεϐάσματω
1994 3634 2051 3697 ὃς

405 3739 481 3803 εἷς
515 3736 753 3811 Χριστὸν
782 3730 1096 3800 πιστεύσας,
1127 3731 1196 3785 τὰ
1224 3734 1334 3784 τῶν
1389 3725 1638 3783 εἰδώλων
1674 3727 1872 3799 τεμένη
1921 3746 2054 3781 κατ-

406 3832 650 3907 έστρεψε,
682 3824 899 3888 καὶτὰς
957 3820 1373 3907 προσαγομένας
1432 3817 1619 3880 αὐτοῖς
1663 3816 1849 3907 θυσίας
1887 3813 2061 3907 ’διαρέ

408 3903 586 3999 ρήδηνή
616 3916 908 3973 ἀπέπαυσε.
963 3914 1029 3971 Τί
1080 3911 1258 3966 τοίνυν
1300 3906 1625 3999 ἀδικοῦμεν,
1660 3907 1704 3961 ὧ
1757 3903 2062 3999 βασιλεῖ’νᾶ

407 3996 539 4074 Θεὸς
568 4004 885 4084 προσέταξε,
943 4003 1034 4058 xui
1103 3998 1360 4077 βασιλεὺς
1414 3998 1581 4073 μέγας
1637 3996 2062 4069 νενομοθέτηκε,

407 4098 763 4173 κρατύνοντες
822 4092 913 4149 xui
962 4089 1444 4159 διαυθεντίζοντες,
1494 4086 1527 4142 ὁὶ
1580 4085 1639 4143 δὲ
1695 4088 1730 4157 ἡ
1785 4090 1894 4141 τῶν
1949 4104 2063 4138 πα-

2156 3283 2546 3338 Constantino
2567 3284 3010 3355 consanguineo
3034 3289 3134 3338 tuo
3166 3284 3306 3350 lata,
3335 3284 3683 3340 adoratione
3708 3302 3810 3341 eos

2158 3372 2439 3439 excludit,
2473 3376 2531 3427 et
2558 3372 2827 3427 dissolvit
2857 3390 3063 3428 eorum
3095 3374 3342 3428 cultum.
3386 3374 3813 3431 Constantinus

2162 3463 2345 3525 enim,
2374 3462 2589 3516 Christi
2632 3462 2747 3517 fide
2797 3468 3095 3535 suscepta,
3128 3462 3425 3518 idolorum
3459 3464 3681 3535 templa
3708 3464 3814 3519 de-

2164 3552 2398 3619 struxit,
2434 3556 2492 3606 et
2519 3568 2652 3621 quas
2681 3552 2766 3606 eis
2819 3552 3226 3607 oﬂ‘erebantur
3273 3552 3583 3608 sacriﬁciis
3613 3558 3817 3623 aperte

2167 3642 2347 3696 ﬁnem
2370 3642 2675 3712 imposuit.
2701 3641 2849 3706 Quid
2878 3658 3013 3715 ergo
3037 3642 3176 3698 mali
3194 3643 3443 3715 agimus,
3471 3643 3819 3715 imperator,

2168 3730 2217 3785 si
2251 3747 2382 3801 quas
2422 3732 2577 3785 Deus
2607 3730 2910 3786 mandavit
2941 3738 2999 3786 et
3044 3749 3294 3805 magnus
3336 3732 3663 3804 imperator
3689 3733 3820 3807 lege

2171 3820 2421 3874 sancivit
2442 3821 2779 3876 stabilimus
2823 3826 2883 3876 et
2902 3838 2936 3876 a
2967 3822 3304 3893 suspicione
3328 3821 3607 3877 falsitatis
3628 3822 3820 3877 vindi-

2172 3925 2397 3978 camus,
2438 3927 2570 3980 quze
2618 3916 2819 3967 autem
2864 3917 3152 3979 veterum,
3183 3916 3247 3966 ut
3303 3911 3523 3980 dixisti,
3556 3912 3819 3967 vivorum

2173 3998 2521 4069 insipientia
2559 4017 2630 4054 ex
2683 4000 3022 4056 daemonum
3074 4000 3516 4057 machinatione
3575 4001 3821 4069 invenit,

2177 4087 2563 4145 eliminamus
2590 4094 2648 4145 et
2675 4089 3063 4162 prohibemus
3084 4091 3112 4144 ‘I

405 4171 603 4257 λαιῶν,
660 4186 734 4248 ὠς
793 4180 952 4257 ἔφης,
1012 4179 1221 4256 ἀνδρῶν
1273 4177 1429 4233 ἄνοια
1481 4176 1542 4232 έκ
1594 4183 1695 4247 τῆς
1764 4178 1873 4230 τῶν
1930 4171 2207 4247 δαιμόνων
2268 4176 2458 4254 ἐφεῦρε
2518 4177 2953 4254 μηχανουργίας,
3014 4177 3417 4257 έξαφανίζοντες
3474 4177 3567 4233 καὶ
3627 4174 3824 4233 διακω-

407 4278 630 4438 Egit;
661 4319 787 4418 ,18'.
849 4360 953 4417 Καὶ
1013 4360 1040 4413 ὁ
1091 4352 1443 4428 Παραϐάτης“
1510 4351 1687 4411 Ἀλλὰ
1771 4356 2063 4410 Κωνσταν-

397 4459 577 4521 τῖνος,
613 4450 980 4526 οίκτρότατοι,
1018 4445 1339 4521 νεωτερίςας
1393 4441 1483 4499 διὰ
1524 4446 1618 4506 τὰς
1652 4440 2063 4519 προσπεσούσας

2248 4358 2335 4410 34.
2393 4357 2720 4429 Respondit
2759 4359 3081 4429 Apostata:
3130 4358 3243 4414 Sed
3294 4357 3740 4423 Constantinus,
3796 4372 3830 4410 ο

2177 4447 2521 4515 miserrimi,
2572 4465 2707 4503 cum
2756 4448 3097 4504 innovasset
3146 4449 3420 4520 quaedam
3458 4452 3703 4520 prapter
3733 4462 3833 4501 eas

404 4541 552 4614 αύτῷ
586 4538 997 4614 ἀνοσιουργίας,
1028 4536 1233 4606 ἀπέστη
1263 4538 1373 4589 τῶν
1408 4534 1566 4604 θεῶν,
1614 4532 1704 4610 ὑφ’
1762 4531 1911 4605 ὑμῶν
1956 4535 2045 4585 τῶι

2177 4553 2325 4607 quas
2357 4536 2564 4591 didicit
2593 4537 2952 4609 impietates,
2985 4555 3020 4592 a
3066 4538 3181 4593 diis
3213 4537 3450 4604 defecit,
3483 4536 3767 4607 deceptus
3799 4550 3835 4590 a

407 4628 725 4687 Γαλιλαίων
760 4625 1136 4699 ἐξαπατηθεὶς,
1164 4626 1258 4679 ἅτε
1288 4621 1356 4692 δὴ
1384 4619 1629 4684 παιδείας
1660 4622 1956 4697 ἀμέτοχος,
1979 4621 2070 4675 καὶ

418 4723 558 4795 μήτε
587 4724 705 4782 τοῖς
738 4719 1074 4791 Ῥωμαῖκοῖς
1108 4715 1327 4788 νόμοις,
1371 4714 1513 4786 μήτε
1558 4717 1677 4773 τοῖς
1720 4710 2074 4781 Ἑλληνικοῖς

410 4808 584 4867 ἔθεσιν
614 4805 972 4882 έμπεδωθείς·
1038 4801 1149 4879 ἕγὼ
1200 4802 1279 4875 δὲ,
1314 4802 1359 4857 ὦ
1392 4800 1592 4871 ἀνόσιε,
1652 4803 1751 4870 τῆς
1801 4798 2072 4871 Ἐλληνι-

406 4902 507 4969 xi:
556 4920 615 4954 τε
670 4898 763 4953 xui
822 4898 1142 4969 Ῥωμαῖκῆς
1193 4890 1439 4954 παιδείας
1504 4888 1667 4968 ἄκρον
1728 4886 2076 4962 ἐπειλημμέ-

410 5010 527 5058 νος,
558 4989 648 5043 xui
679 4992 797 5048 ταῖς
843 4990 951 5040 τῶν
1005 4982 1254 5039 παλαιῶν
1308 4978 1511 5055 ἀνδρῶν
1575 4979 1910 5053 θεολογίαις,
1952 4981 2077 5054 Ἐρ-

418 5083 521 5153 μοῦ
550 5076 608 5132 τέ
656 5097 801 5153 φημι
862 5073 952 5128 xui
1010 5071 1256 5149 Ὀρφέως
1315 5069 1407 5126 καὶ
1465 5067 1786 5137 Πλάτωνος,
1842 5068 2074 5139 ἐξησκη-

419 5170 599 5242 μένος,
632 5163 738 5239 ούχ
769 5165 967 5233 ἣκιστα
1026 5159 1084 5216 δὲ
1141 5159 1229 5215 xui
1286 5164 1406 5224 ταῖς
1463 5155 1789 5216 Ἰουδαϊκαῖς
1840 5161 2076 5235 Γραφαῖς

416 5252 923 5329 ἐξωμιληκὼς,καῖ
963 5252 1063 5320 τήν
1119 5249 1328 5305 τούτων
1384 5246 1663 5324 τερθρείαν
1721 5249 2076 5318 πεπατηκὼς,

415 5342 580 5399 πάλιν
614 5342 701 5398 ἐπὶ
752 5343 815 5397 τὸ
872 5336 1359 5415 πατροπαράδοτον
1416 5337 1506 5393 xui
1561 5337 1927 5413 ἀρχαιότατον
1986 5337 2077 5392 καὶ

418 5432 670 5510 θεοφιλὲς
696 5430 823 5494 τοὺς
867 5432 1192 5505 ἀνθρώπους
1243 5424 1365 5494 ἔθος
1425 5450 1485 5483 τε
1540 5427 1633 5483 xui
1695 5423 1853 5490 σέϐας
1905 5429 2082 5502 μένειν

419 5521 834 5594 διακελεύομαι,
868 5520 902 5591 ἢ
935 5525 1055 5582 ταῖς
1105 5524 1215 5575 τῶν
1275 5515 1618 5574 ἀπαιδεύτων
1678 5516 1769 5571 xui
1828 5539 2079 5594 νεωτεριε-

422 5615 626 5685 ζόντων
656 5610 865 5677 ἀνοίαις
895 5610 1241 5667 ἀκολουθεῖν·
1300 5608 1446 5665 ἀλλά
1493 5610 1805 5685 ἀπογυμνοι
1851 5622 1962 5675 σθω
1993 5612 2083 5665 xui

496 5832 519 5869 ⁸
548 5832 749 5892 Matth.
781 5846 979 5906 xxviii,
1018 5832 1107 5903 19,
1131 5829 1224 5891 20.
1300 5828 1323 5864 ³
1351 5828 1565 5887 Jerem.
1607 5844 1665 5901 x,
1702 5830 1787 5887 11.

2179 4626 2344 4681 vobis
2371 4627 2719 4692 Galilazis,ut
2752 4628 2853 4698 qui
2885 4632 3042 4683 esset
3072 4628 3269 4683 omnis
3294 4627 3579 4682 doctrinas
3603 4641 3838 4697 expers,

2181 4732 2374 4787 neque
2407 4718 2809 4771 Romanorum
2840 4716 3070 4789 legibus
3103 4722 3161 4771 et
3202 4718 3539 4772 Graecorum
3571 4713 3841 4770 moribus

2182 4806 2560 4861 informatus.
2618 4808 2735 4879 Ego
2793 4823 2947 4870 vero,
3008 4806 3213 4879 impie,
3263 4806 3365 4877 qui
3415 4805 3487 4861 ad
3534 4819 3838 4860 summum

2185 4898 2399 4951 Graecae
2432 4902 2491 4950 et
2518 4898 2797 4951 Romana;
2830 4895 3183 4951 eruditionis
3209 4895 3472 4967 perveni,
3504 4900 3563 4949 et
3592 4894 3654 4949 in
3684 4898 3839 4948 vete-

2186 5002 2319 5040 rum
2369 4986 2627 5040 virorum
2678 4986 3013 5058 theologiis,
3069 4985 3347 5041 videlicet
3389 4983 3683 5051 Mercurii,
3735 4983 3842 5037 Or-

2188 5075 2325 5146 phei
2386 5079 2444 5129 et
2489 5075 2779 5143 Platonis,
2835 5076 3190 5131 exercitatus
3250 5092 3405 5143 sum,
3462 5078 3521 5129 et
3568 5072 3844 5129 Judaicas

2189 5165 2522 5236 Scripturas
2600 5164 2776 5238 plane
2847 5165 3113 5237 cognitas
3185 5165 3398 5231 habeo,
3481 5161 3845 5241 conculcatis

2189 5254 2401 5309 horum
2435 5254 2834 5327 nugamentis,
2862 5254 3044 5327 jubeo
3078 5254 3353 5309 homines
3402 5253 3476 5308 ad
3526 5268 3755 5307 morem
3789 5255 3849 5306 et

2190 5343 2417 5400 cultum
2475 5360 2510 5398 a
2557 5344 2825 5415 patribus
2873 5344 3181 5407 traditum,
3242 5343 3732 5415 antiquissimum
3790 5344 3850 5395 et

2194 5434 2308 5489 diis
2337 5432 2742 5506 gratissimum
2783 5450 2989 5489 rursus
3044 5451 3107 5489 se
3155 5438 3406 5501 vertere,
3437 5433 3637 5505 potius
3669 5445 3850 5501 quam

2192 5523 2572 5580 indoctorum
2622 5541 2689 5579 ac
2737 5530 3088 5579 novatorum
3138 5523 3394 5595 ineptias
3426 5522 3620 5593 sequi.
3650 5518 3761 5574 Sed
3793 5521 3852 5571 et

2194 5614 2305 5669 iste
2338 5619 2588 5670 exuatur
2616 5619 2773 5670 veste
2814 5631 2941 5681 sua,
2996 5615 3217 5685 fiatque
3265 5613 3586 5687 ﬂagrorum
3617 5604 3848 5679 experi-
