4120 6376
522 322 662 378 1283

2046 315 2419 371 ADDBNDA.

3799 327 3924 388 (286

516 449 704 508 menti
734 449 1054 523 particeps,
1082 453 1149 505 ut
1174 447 1267 504 vel
1297 463 1369 502 ex
1393 447 1505 502 hoc
1536 443 1864 518 sapientior
1901 443 2147 500 effectus

2287 438 2448 531 οὗτος
2474 446 2573 512 τῆς
2601 441 2949 520 ἀμπεχόνης,
2980 443 3073 502 καὶ
3103 453 3208 518 τῆς
3265 452 3374 504 τῶν
3423 448 3711 526 μαστίγων
3759 453 3930 531 «dph:

516 541 740 598 nostris
763 541 995 618 legibus
1026 539 1205 598 etiam
1235 537 1452 594 invitus
1484 552 1547 592 se
1579 535 1911 592 submittat.

587 815 677 868 35.
711 813 856 867 Cum
895 809 1074 882 igitur
1127 811 1418 880 martyres
1459 805 1786 861 inhumane
1835 804 2174 860 cruciaren-

518 907 614 958 tur
645 906 703 957 et
730 899 1092 974 gravissimis
1118 896 1632 954 contunderentur
1661 894 2178 962 verberibus,bea-

515 995 608 1045 tus
639 994 698 1044 et
735 989 866 1060 pius
900 987 1222 1052 Artemius,
1259 986 1377 1041 dux
1408 991 1466 1040 et
1496 983 1823 1057 augustalis
1849 984 1959 1055 (11)
1993 986 2174 1039 totius

509 1079 760 1151 Egypti,
793 1082 858 1133 ut
889 1094 1070 1149 supra
1090 1076 1418 1132 indicatum
1452 1079 1561 1143 est,
1595 1091 1630 1130 a
1657 1074 2006 1129 Constantio
2040 1090 2176 1128 con-

511 1154 775 1235 stitutus,
809 1168 990 1223 etiam
1018 1171 1262 1240 propter
1293 1169 1516 1221 rectam
1549 1167 1607 1220 et
1637 1165 1928 1235 integram
1960 1162 2172 1235 agendi

507 1257 804 1314 rationem
830 1274 1032 1314 rerum
1065 1257 1126 1312 in
1155 1255 1324 1328 Syria
1361 1254 1754 1327 gerendarum
1803 1252 2170 1325 procuratio-

510 1364 650 1403 nem
673 1351 1002 1419 acceperat.
1019 1347 1164 1402 Cum
1191 1362 1326 1418 ergo
1349 1344 1745 1416 imperatorias
1768 1345 2170 1399 Romanorum

507 1437 751 1493 familiaa
785 1436 1200 1493 devotissimus
1233 1440 1408 1502 esset,
1442 1439 1501 1488 et
1527 1433 1850 1489 audivisset
1867 1431 2168 1488 lulianum

467 1563 473 1576 ο
511 1525 762 1599 imperio
795 1527 1051 1598 potitum
1084 1524 1159 1581 ad
1198 1524 1504 1581 Persicum
1552 1539 1871 1596 prOperare
1914 1521 2165 1590 bellum,

470 1679 476 1683 _
508 1616 766 1692 acceptis
795 1631 1035 1687 quoque
1058 1614 1275 1670 litteris
1297 1613 1512 1685 quibus
1527 1611 1853 1684 jubebatur
1873 1627 2006 1667 cum
2030 1611 2165 1666 uni-

503 1722 670 1761 verso
703 1705 966 1760 exercitu
1009 1703 1392 1759 Antiochiam
1433 1701 1702 1771 tendere,
1735 1701 1797 1756 in
1829 1701 2048 1757 dictam
2080 1701 2166 1756 ci-

2287 528 2340 586 ἐν
2374 531 2584 604 μεθέξει
2635 531 2892 610 γενὲσθωο
2953 537 3030 601 ὡς
3087 534 3147 593 ἄν
3207 535 3268 594 ἔκ
3321 540 3520 596 τούτου
3580 528 3924 619 σωφρονέστε-

2289 641 2383 697 ρος
2404 623 2667 699 γεγονὼς,
2695 627 3143 704 τοῖς-ἡμετέροις
3169 627 3366 703 νόμοις
3394 629 3484 686 καὶ
3540 632 3620 705 μή
3680 631 3927 709 βουλόμεο

2285 731 2378 774 νος
2417 712 2765 788 ὑποκύψειεν.

2358 798 2455 859 λε“.
2511 802 2732 860 Τούτων
2787 804 2963 861 τοίνυν
3022 807 3404 883 ἀπανθρώπως
3481 815 3923 888 τιμωρουμένων,

2285 887 2565 977 αἰκισμοῖς
2615 913 2674 948 τε
2736 895 3062 970 βαρυτάτοις
3111 894 3527 973 ἀλγυνομὲνων,
3591 901 3622 955 6
3684 899 3924 977 μακάριος

2284 977 2374 1033 καὶ
2409 975 2636 1051 εὐσεϐὴς
2669 982 2978 1056 Ἀρτὲμιος,
3039 985 3112 1046 ὡς
3168 984 3620 1062 προδεδήλωται,
3673 987 3795 1062 δοὺξ
3828 975 3919 1059 Ἵκαὶ

2283 1067 2690 1144 Δύγουστάλιος
2724 1072 2824 1127 ὑπὸ
2858 1073 3242 1131 Κωναταντίου
3271 1083 3373 1146 τῆς
3429 1077 3718 1153 Λῗγύπτου
3765 1094 3918 1152 πασης

2281 1159 2654 1230 κατασταθεὶς,
2685 1162 2776 1216 καὶ
2827 1160 2916 1217 διὰ
2971 1164 3071 1233 τήν
3130 1162 3300 1238 ἀρθήν
3361 1165 3527 1223 αὐτοῦ
3583 1168 3676 1224 καὶ
3735 1167 3918 1244 ἀμίμη-

2281 1267 2371 1302 τον
2405 1249 2597 1324 πρᾶξιν
2630 1248 2932 1327 ἐπιτροπήν
2965 1249 3096 1328 ἔσχε
3121 1253 3212 1309 καὶ
3267 1259 3377 1310 τῶν
3417 1263 3521 1326 τῆς
3576 1257 3776 1333 Συρίας
3819 1263 3916 1314 ἐπι-

2281 1334 2564 1410 μελεῖσθαι
2615 1341 2972 1416 πραγμάτων⁹
3033 1341 3110 1404 ὡς
3169 1341 3431 1420 ὑπάρχων
3488 1345 3584 1402 οὗν
3668 1359 3914 1412 καθοσιω·

2282 1427 2443 1499 μένος
2474 1432 2543 1503 τῇ
2574 1434 2682 1484 τῶν
2741 1431 3030 1504 Ῥωμαίων
3087 1431 3361 1508 βασιλείᾷ,
3411 1433 3506 1490 καὶ
3570 1436 3796 1500 ἆκνύσας
3843 1437 3908 1494 ὅτι

2276 1515 2580 1583 Ἰουλιανὸς
2613 1514 2990 1596 βεϐασίλευκε,
3019 1522 3110 1578 καὶ
3143 1524 3281 1598 πρὸς
3338 1525 3430 1580 τὸν
3483 1527 3753 1603 Περσικὸν
3804 1549 3912 1585 κατ-

2277 1606 2552 1684 επείγεται
2581 1608 2854 1684 πόλεμον,
2905 1613 3206 1689 γράμματά
3261 1635 3319 1670 τε
3367 1611 3666 1690 δεξάμενος
3711 1618 3776 1673 τά
3825 1639 3910 1673 πα-

2275 1695 2680 1773 ρακελευόμενα
2735 1699 2871 1773 μετά
2937 1702 3141 1765 παντὸς
3217 1707 3316 1758 τοῦ
3387 1705 3797 1780 στρατεύματος
3847 1709 3909 1771 εἷς

467 1827 473 1832 -
500 1793 740 1850 vitatem
764 1794 940 1866 juxta
969 1792 1251 1849 mandata
1282 1809 1343 1847 se
1375 1792 1647 1859 contulit,
1685 1796 1744 1847 et
1772 1807 1907 1846 cum
1940 1807 2007 1847 eo
2037 1807 2147 1862 quo

2274 1787 2622 1863 Ἀντιόχειαν
2654 1789 2990 1862 ἢκειν,κατά
3035 1791 3099 1846 τὸ
3154 1793 3438 1858 κεκευσοὶν
3499 1793 3655 1868 αὗτῷ
3702 1799 3906 1874 παρεγὲ-

496 1899 606 1956 par
639 1888 765 1939 erat
792 1888 1081 1956 apparatu
1115 1887 1175 1938 et
1220 1881 1502 1939 satellitio
1553 1881 1742 1937 astitit
1787 1881 2156 1954 imperatori,

499 1988 608 2044 pro
644 1972 929 2029 tribunali
961 1972 1218 2040 sedenti,
1253 1970 1490 2044 quando
1522 1969 1592 2027 de
1626 1971 1848 2027 sanctis
1882 1971 2158 2042 martyri-

497 2061 611 2118 bus
661 2061 988 2119 sceleratus
1037 2060 1297 2117 habebat
1348 2061 1763 2132 quaestionem.
1815 2061 1918 2116 Cui
1966 2059 2156 2116 dixit:

497 2151 636 2217 Qua)
661 2156 716 2208 te
740 2168 919 2208 causa
949 2151 1649 2224 impellitﬁmperatormt
1676 2156 1796 2206 tam
1827 2151 2156 2208 inhumane

495 2241 651 2297 vires
683 2245 922 2298 sanctos
955 2247 1014 2296 et
1043 2242 1162 2297 Deo
1195 2245 1576 2296 consecratos
1625 2244 1906 2311 torqueas
1954 2245 2011 2295 et
2058 2257 2158 2296 co-

493 2347 597 2406 gas
629 2330 812 2387 ﬁdem
843 2346 1010 2386 suam
1055 2330 1330 2402 abjurare
1354 2331 1381 2385 ‘2
1409 2330 1570 2385 Scias
1603 2329 1784 2402 igitur
1814 2329 1973 2401 quod
2004 2335 2063 2386 et
2093 2335 2154 2386 tu

491 2421 669 2476 homo
704 2421 806 2489 sis,
843 2421 1057 2476 iisdem
1089 2419 1395 2476 doloribus
1445 2419 1734 2475 obnoxius
1764 2419 2154 2492 ejusdemque

488 2515 718 2567 natura
753 2509 1149 2566 afﬂictionum
1188 2511 1506 2582 particeps,
1560 2509 1793 2565 etiamsi
1837 2511 1992 2566 Deus
2039 2511 2151 2568 im~

490 2608 830 2675 peratorem
863 2607 918 2658 te
950 2602 1361 2670 constituerit;
1398 2602 1444 2657 si
1489 2600 1664 2656 modo
1717 2618 1750 2656 a
1795 2602 1912 2657 Deo
1962 2602 2149 2674 impe-

486 2693 646 2748 rium
678 2697 868 2760 tenes,
918 2709 1030 2748 nec
1061 2691 1261 2764 potius
1290 2691 1432 2748 mali
1464 2691 1743 2763 princeps
1771 2695 1830 2747 et
1860 2691 2149 2748 scelestus

487 2781 784 2852 diabolus,
812 2782 966 2838 sicut
995 2782 1139 2838 olim
1188 2781 1294 2837 Job
1338 2780 1727 2855 afﬂigendum
1759 2782 1932 2854 petiit
1961 2787 2020 2840 et
2045 2798 2147 2838 ac-

489 2873 669 2945 cepit,
697 2873 782 2928 ita
810 2877 868 2928 et
899 2876 954 2928 te
981 2871 1264 2928 adversus
1314 2888 1422 2928 nos
1471 2872 1725 2944 petitum
1756 2872 1990 2944 accepit
2019 2889 2150 2928 sce-

481 2961 902 3030 leratissimus,
930 2966 998 3016 ut
1025 2961 1247 3016 cribret
1276 2960 1491 3016 Christi
1526 2960 1788 3016 triticum
1827 2965 1888 3016 at
1936 2978 2144 3034 super-

482 3051 739 3109 seminet
765 3051 1002 3106 zizania.
1037 3050 1148 3106 Sed
1181 3051 1244 3104 in
1273 3066 1491 3106 vanum
1521 3049 1792 3118 laborat;
1825 3067 1948 3107 non
1981 3051 2142 3108 enim

484 3139 694 3197 eadem
731 3155 864 3210 qua
913 3139 1059 3195 olim
1106 3137 1326 3211 gaudet
1371 3138 1658 3211 potentia.
1708 3141 1854 3196 Nam
1906 3156 1976 3195 ex
2024 3157 2140 3211 quo
2179 3163 2214 3211 n-

2269 1895 2390 1931 νετο
2422 1875 2474 1931 ἐν
2505 1877 2846 1953 Ἀντιοχείᾳ,
2879 1877 2971 1936 καὶ
3005 1878 3140 1952 μετᾶ
3190 1887 3292 1951 τῆς
3339 1881 3738 1958 προσηκούσης
3779 1885 3904 1959 αὐτῷ

2264 1971 2439 2038 τιμῆς
2477 1986 2537 2022 τε
2593 1967 2683 2022 καὶ
2745 1964 3093 2047 δορυφορίας,
3153 1972 3504 2046 παρειστήκει
3581 1977 3659 2045 τῷ
3716 1974 3903 2050 βασιλεῖ

2265 2054 2354 2110 ἐπὶ
2387 2055 2484 2110 τοῦ
2550 2057 2822 2131 βήματος,
2881 2057 2970 2114 ὅτε
3026 2059 3126 2128 τὴν
3179 2063 3290 2115 τῶν
3347 2060 3519 2136 ἁγίων
3585 2065 3733 2138 [367]
3784 2085 3900 2141 μαρ-

2262 2144 2442 2222 τύρων
2505 2147 2534 2202 6
2595 2149 2916 2223 παράνομος
2976 2147 3217 2205 ἐποιεῖτο
3277 2147 3535 2220 ἐξέτασιν·
3601 2151 3690 2208 καὶ
3762 2153 3900 2232 φησὶν

2265 2236 2402 2310 πρὸς
2432 2235 2616 2294 αὐτόν.
2650 2239 2716 2293 Ὢ
2761 2237 3008 2314 βασιλεῦ,
3070 2236 3158 2294 διὰ
3212 2237 3266 2294 τί
3316 2237 3489 2303 οὕτως
3553 2239 3898 2318 ἀπανθρώπως

2266 2322 2460 2402 ἃνδρας
2490 2325 2679 2402 ἁγίους
2706 2327 2794 2382 καὶ
2828 2332 2909 2400 τῷ
2949 2332 3065 2400 Θεῷ
3123 2328 3532 2404 ἀφιερωμὲνους
3581 2330 3778 2407 αῗκίζη,
3818 2331 3893 2386 καὶ

2263 2414 2576 2492 ἀναγκάζεις
2627 2415 2878 2494 ἐξάρνους
2936 2416 3178 2492 γενέσθαι
3234 2425 3334 2488 τῆς
3391 2418 3599 2475 ἑαυτῶν
3655 2422 3892 2492 πίστεωςς

2259 2506 2497 2581 γίκωσκε
2524 2505 2705 2561 τοίνυν
2740 2505 2824 2563 ὅτι
2877 2507 2967 2563 καὶ
3029 2507 3191 2570 αὐτὸς
3249 2505 3536 2585 ἄνθρωπος
3573 2511 3622 2566 εἶ
3645 2511 3887 2585 ὁμοιοπα-

2262 2596 2383 2666 θὴς,
2417 2595 2508 2650 καὶ
2553 2599 2654 2662 τῆς
2700 2597 2872 2667 αὐτῆς
2932 2597 3142 2674 φύσεως
3195 2602 3304 2652 τῶν
3359 2599 3696 2672 παθημάτων
3749 2622 3886 2674 μετε-

2261 2684 2510 2760 σχηκώς·
2567 2683 2657 2739 καί
2687 2683 2736 2741 εἶ’
2767 2685 2899 2746 Θεός
2964 2707 3020 2740 σε
3074 2685 3301 2760 βασιλέα
3352 2687 3696 2759 κατέστησεν,
3728 2689 3768 2744 εἰ
3799 2689 3888 2766 ἄρα

2257 2794 2317 2851 γε
2343 2773 2405 2830 ἐκ
2434 2776 2569 2830 Θεοῦ
2597 2775 2660 2830 τὸ
2697 2773 2978 2849 βασίλειον
3012 2770 3184 2850 ἔχεις,
3216 2777 3304 2831 καὶ
3363 2777 3442 2848 μὴ
3494 2777 3780 2854 ἆρχέκακος
3807 2778 3885 2833 καὶ

2255 2863 2502 2938 πονηρὸς
2561 2859 2823 2927 διάϐολος
2881 2865 3064 2939 ὥσπερ
3115 2865 3206 2920 τὸν
3269 2861 3396 2923 Ἰὼϐ
3473 2866 3754 2944 ἐξῃτήσατο
3802 2867 3882 2922 καὶ

2257 2947 2476 3024 ἔλαϐεν,
2536 2951 2708 3015 οὕτως
2754 2953 2846 3010 καὶ
2933 2954 2991 3010 σε
3045 2955 3164 3010 καθ’
3250 2956 3414 3029 ἡμῶν
3493 2955 3881 3030 ἐξαιτησάμενος

2255 3039 2482 3120 εἷ’ληφεν
2515 3043 2544 3097 6
2579 3041 2972 3119 παμπόνηρος,
3001 3043 3092 3098 ἳνα
3122 3045 3337 3119 σινιάση
3389 3045 3477 3101 τὸν
3522 3049 3611 3100 τοῦ
3654 3049 3871 3118 Χριστοῦ

2257 3135 2428 3201 σῖτον,
2455 3130 2543 3186 καὶ
2572 3131 2859 3207 ἐπισπείρῃ
2893 3133 3125 3202 ζιζάνιαο
3189 3131 3319 3190 ἀλλ’
3365 3133 3440 3196 εἰς
3493 3137 3654 3207 μάτην
3709 3133 3868 3189 αὐτοῦ

480 3195 967 3288 (έᾘτίειιιεινθῃίῑ
1015 3233 1074 3284 et
1106 3195 1182 3284 in
1233 3195 1430 3284 erecta
1474 3245 1647 3284 cruce
1697 3195 1988 3285 exaltatus
2029 3195 2140 3300 est,

2261 3220 2314 3276 τὸ
2347 3195 2675 3296 ἐγχείρημα·
2712 3195 3022 3299 οὐκετι-γάρ
3055 3222 3204 3295 αὐτῷ
3237 3221 3394 3298 ἰσχὺς
3428 3195 3522 3286 νὼς
3565 3195 3648 3278 καὶ
3691 3221 3875 3299 πρότε-

481 3319 698 3377 cecidit
725 3319 1069 3374 daamonum
1101 3317 1862 3390 supercilium,conculcata
1879 3324 1968 3374 est
1991 3319 2146 3390 ipso-

475 3426 611 3466 rum
644 3409 932 3482 potentia,
966 3413 1164 3482 spreta
1197 3413 1336 3464 sunt
1365 3407 1955 3466 machinamenta.Ne
1975 3407 2144 3465 falla-

475 3499 560 3555 ris
591 3515 751 3573 ergo,
786 3498 1131 3570 imperator,
1181 3513 1328 3554 neve
1379 3496 1751 3553 daemonibus
1796 3497 2139 3570 gratificans

477 3588 952 3645 Christianorum
982 3604 1192 3661 genus,
1219 3586 1377 3658 quod
1408 3587 1564 3642 Deus
1605 3585 1886 3653 custodit,
1937 3602 2137 3658 perse-

473 3675 698 3749 quaris.
733 3676 904 3733 Disce
936 3675 1119 3747 igitur
1145 3675 1426 3732 invictam
1461 3690 1592 3730 esse
1623 3678 1800 3746 atque
1833 3673 2138 3754 insupera-

2255 3331 2370 3387 ρον.
2407 3313 2525 3390 Ἀφ’
2557 3313 2618 3368 οὗ
2649 3313 2753 3390 γὰρ
2783 3312 2923 3383 ἦλθε
2969 3313 3203 3391 Χριστὸς
3261 3315 3353 3370 καὶ
3410 3313 3677 3391 κατεπάγη
3730 3334 3884 3369 σταυ-

2253 3403 2349 3477 ρὸς
2392 3403 2482 3459 καὶ
2546 3404 2741 3480 ὑψώθη
2803 3405 3038 3478 Χριστὸς
3081 3403 3136 3461 ἐν
3194 3403 3366 3478 αὐτῷ,
3422 3403 3882 3474 πὲπτωκενὴτῑέιν

2251 3489 2524 3568 δαιμόνων
2554 3492 2742 3572 ὀφρὺς,
2773 3493 2866 3550 καὶ
2917 3495 3366 3566 καταπιπάτηται
3396 3498 3434 3566 ἡ
3464 3494 3668 3551 τούτων
3714 3492 3884 3569 ἰσχὺς,

2245 3583 2336 3638 καὶ
2393 3583 2867 3662 καταπεφρόνηται
2945 3584 3013 3640 τὰ
3095 3583 3303 3640 τούτων
3385 3587 3752 3662 τεχνάσματα·
3813 3584 3878 3658 μὴ

2246 3669 2338 3728 οὗν
2371 3672 2583 3745 ἀπατῶ,
2620 3673 2866 3750 βασιλεῦ,
2903 3671 3046 3748 μηδὲ
3072 3679 3192 3738 τοῖς
3225 3671 3448 3748 δαίμοσι
3507 3674 3876 3750 χαριζόμενος,

468 3763 654 3822 bilem
676 3765 892 3821 Christi
924 3765 1202 3820 virtutem
1240 3767 1298 3819 et
1344 3762 1695 3834 potentiam.
1747 3761 1900 3818 Illud
1931 3768 2131 3819 autem

2261 3762 2304 3817 :6
2332 3766 2442 3820 τῶν
2501 3764 2840 3840 Χριστιανῶν
2896 3762 3295 3841 θεοφρούρητον
3353 3761 3520 3820 δίωκε
3577 3765 3749 3840 γένος’
3804 3764 3882 3840 γί-

468 3853 646 3928 plane
675 3854 780 3910 tibi
814 3871 1166 3928 persuasum
1209 3858 1300 3909 est
1329 3870 1400 3908 ex
1449 3852 1709 3909 oraculis
1758 3869 1890 3923 quaa
1921 3852 2128 3913 Oriba-

473 3946 620 4017 sius,
651 3945 920 4002 medicus
967 3950 1026 4002 et
1074 3949 1356 4016 quastor,
1407 3942 1478 3999 ab
1522 3942 1797 4015 Apolline
1846 3942 2126 4015 Delphico

2239 3872 2415 3907 νωσκε
2438 3851 2643 3922 τοίνυν,
2694 3853 2768 3915 ὡς
2801 3854 2836 3922 ἡ
2867 3856 2964 3908 τοῦ
3025 3854 3264 3928 Χριστοῦ
3311 3852 3572 3924 ἀνίκητος
3621 3853 3712 3909 καὶ
3762 3853 3884 3924 ἀήτ-

2237 3961 2401 4012 τητος
2435 3941 2669 4018 ὑπάρχει
2705 3941 2865 4018 ἰσχύς
2893 3963 2952 3998 τε
2977 3943 3067 3997 καὶ
3119 3939 3372 4016 δύναμις·
3425 3944 3644 4008 πάντως
3705 3941 3761 4000 δὲ
3805 3941 3883 3998 καὶ

469 4033 685 4090 attulit.
723 4033 1038 4107 Equidem,
1075 4038 1130 4088 te
1163 4033 1342 4089 etiam
1384 4032 1588 4103 invito,
1644 4048 1999 4103 responsum
2031 4049 2126 4087 re-

2261 4027 2396 4092 ιύτὸς
2426 4034 2589 4086 τοῦτο
2647 4029 3171 4108 πεπληροφόρησαι,
3232 4029 3283 4104 ἐξ
3337 4031 3412 4086 ὧν
3479 4053 3563 4086 σοι
3628 4035 3886 4108 χρησμῶν

467 4123 683 4181 citabo.
721 4123 812 4180 Sic
844 4124 1005 4180 enim
1032 4122 1247 4178 habet:

2235 4114 2549 4194 Ὀριϐάσιος
2581 4119 2608 4174 6
2640 4119 2825 4196 ἰατρὸς
2856 4120 2947 4175 καὶ
2977 4120 3281 4196 κοιαίστωρ
3322 4122 3469 4196 παρᾶ
3514 4125 3611 4176 τοῦ
3667 4121 3717 4178 ἒν
3767 4119 3887 4176 Δελ-

464 4217 590 4290 φοῖς
625 4211 987 4276 Ἀπόλλωνος
1044 4211 1356 4285 κεκόμικεν.
1418 4211 1559 4286 Ἐγὼ
1617 4206 1675 4265 δὲ
1733 4231 1816 4264 σοι
1881 4207 1971 4265 καὶ
2027 4209 2120 4264 τὸν
2173 4210 2451 4286 χρησμὸν,
2511 4207 2610 4266 κᾶν
2673 4212 2750 4285 μὴ
2814 4209 3010 4286 βούλῃ,
3066 4209 3550 4288 ἐποινπιγνώσομαι⁸
3614 4209 3739 4290 ἔχει
3792 4210 3884 4285 γάρ

463 4301 662 4366 οὕτως⁹

461 4421 636 4476 Dicite
660 4421 1020 4490 imperatori:
1049 4423 1254 4476 Diruta
1283 4425 1359 4475 est
1383 4419 1762 4490 pulcherrima
1793 4418 1944 4474 aula.

423 4539 426 4544 _
461 4439 636 4548 ΐεέἒέῖ
660 4439 778 4548 ³⁷ἒῖ

1856 4561 2121 4634 [laurum,

461 4636 529 4690 Et
556 4637 770 4704 fontem
801 4634 1147 4706 loquentem;
1185 4635 1393 4689 siccata
1443 4639 1522 4688 est
1573 4641 1623 4688 et
1664 4633 1818 4686 unda
1865 4633 2119 4704 loquens.

531 4743 619 4800 36.
657 4741 791 4798 Haec
812 4758 948 4798 cum
973 4741 1294 4796 audivisset
1310 4740 1580 4796 Julianus
1603 4757 1672 4796 ex
1693 4756 1795 4795 ore
1818 4741 2118 4812 martyris,

2238 4413 2441 4491 ξξπατε
2494 4420 2577 4489 τῷ
2603 4415 2876 4491 Δβασιλεῖ·
2935 4415 3120 4491 Χαμαὶ
3184 4417 3314 4491 πέσε
3391 4413 3693 4491 δαίδαλος-
3725 4415 3890 4491 ναύλάο

774 4494 919 4549 (rebus
977 4493 1176 4547 habere
1233 4483 1478 4557 domum,
1539 4497 1592 4546 et
1643 4489 2128 4568 .aptmn__vatibus

2261 4487 2431 4545 )ὐκ.ἑτι
2483 4483 2690 4550 Φοῖϐος
2745 4483 2863 4564 ἔχει
2921 4483 3189 4558 καλύϐαν,
3251 4489 3314 4544 οὐ
3374 4485 3606 4563 μάντιδα
3671 4486 3894 4568 δάφνην,

2237 4630 2312 4685 Οὐ
2373 4629 2545 4705 παγὰν
2607 4627 2931 4702 λαλέουσαν,
2993 4627 3259 4687 ἆπέσὸετο
3316 4632 3407 4687 καὶ
3468 4628 3642 4687 λάλον
3730 4629 3892 4706 ὕδωρ.

2304 4747 2404 4812 λς’.
2445 4752 2619 4806 Ταῦτα
2678 4749 2912 4812 ἀκούσας
2970 4751 2998 4804 6
3055 4749 3357 4813 Ἰουλιανὸς
3407 4750 3554 4826 παρά
3593 4755 3699 4806 τοῦ
3759 4750 3892 4823 μάρ-

459 4839 701 4906 stupore
732 4833 992 4889 maximo
1024 4836 1333 4903 correptus
1381 4837 1489 4894 est,
1536 4836 1592 4885 et
1622 4831 1712 4886 ira
1739 4831 2121 4888 vehementer

2262 4858 2414 4911 υρος,
2447 4833 2722 4914 ἔκθαμϐος
2757 4839 2904 4901 ὅλως
2935 4839 3170 4915 ἐγένετο,
3204 4839 3293 4894 καὶ
3326 4839 3418 4895 τὸν
3452 4840 3624 4913 θυμὸν
3685 4839 3894 4913 μᾶλλον

454 4923 739 4980 incitatus
760 4921 836 4979 ad
866 4923 1056 4978 instar
1085 4921 1342 4978 flammaa
1375 4920 1800 4994 ignis,quando
1819 4921 2114 4992 sufﬂatur,

452 5019 514 5069 et
541 5030 694 5070 nova
749 5013 804 5069 ei
859 5011 1110 5069 materia
1163 5010 1498 5084 subjicitur,
1561 5028 1779 5085 magna
1837 5018 1896 5067 et
1943 5018 2118 5070 acuta

2261 5029 2396 5083 ωθεν
2470 5017 2610 5089 ὕλης
2682 5019 2834 5081 τινὸς

2227 5109 2369 5183 μέγα
2397 5129 2458 5164 τε
2486 5108 2574 5163 καὶ
2607 5105 2930 5184 διαπρύσιον
2991 5102 3308 5178 ἀνεϐόησεν·
3369 5107 3461 5171 Τίς
3511 5107 3680 5173 πόθεν
3743 5109 3897 5169 οὗτος

450 5121 591 5161 voce
622 5103 1005 5160 exclamavit:
1037 5103 1178 5169 Quis
1219 5107 1278 5158 et
1307 5101 1467 5157 unde
1499 5107 1591 5158 est
1619 5101 1732 5156 iste
1764 5101 2110 5171 sceleratus,

452 5193 554 5265 qui
589 5198 709 5248 tam
741 5192 1121 5250 temerariam
1151 5191 1324 5248 nobis
1354 5208 1461 5264 pro
1488 5190 1773 5246 tribunali
1806 5196 1967 5248 tanto
1993 5208 2112 5248 ver-

451 5283 665 5340 borum
696 5284 897 5340 sonitu
927 5283 1177 5356 protulit
1206 5282 1562 5338 concionem
1589 5281 1616 5337 ?
1648 5282 1977 5354 Respondit
2007 5301 2109 5340 co-

453 5373 596 5430 hors
626 5373 927 5430 militum:
981 5373 1109 5429 Dux
1160 5377 1251 5427 est
1295 5370 1692 5442 Alexandriae,
1745 5371 2005 5430 domine.
2039 5375 2112 5428 Et

2229 4927 2437 5005 ἒγείρας
2468 4928 2597 4984 ὠσεί
2641 4927 2821 5006 φλόγα
2876 4930 3047 5004 πυρὸς
3103 4927 3606 5006 ἀναρῥιπιζομένης
3665 4929 3759 4986 καὶ
3803 4929 3893 4984 κά⁸

2920 5022 3065 5093 [368]
3159 5017 3610 5095 ὁποστρεφούσης
3705 5018 3893 5088 αὐτὴν,

2223 5197 2252 5252 6
2284 5196 2598 5274 ἀλιτήριος,
2622 5198 2650 5254 6
2678 5197 2948 5269 τοσαύτην
2981 5199 3120 5271 ἡμῖν
3154 5195 3246 5252 ἐπὶ
3272 5201 3370 5253 τοῦ
3424 5198 3684 5273 βήματος
3730 5217 3892 5254 κατα·

2221 5281 2511 5359 ϐομϐήσας
2543 5286 2940 5364 δημηγορίαν;
2979 5287 3046 5344 Ἡ
3085 5285 3236 5358 τάξις
3283 5282 3412 5366 ἔφη.
3461 5287 3523 5346 ΤΟ
3573 5284 3702 5362 δούξ
3753 5285 3891 5343 ἐστιν

2218 5372 2662 5454 Ἀλεξανδρείας,
2701 5373 2745 5431 ὦ
2800 5373 3055 5434 δέσποτα.
3115 5376 3213 5431 Καὶ
3268 5375 3300 5430 6
3359 5373 3642 5452 βασιλεύς
3707 5369 3892 5454 Ἀρτέ-

2057 5552 2282 5610 NOTAE.

513 5675 626 5750 (11)
651 5678 770 5736 Hoc
797 5676 1046 5736 nomine
1078 5675 1502 5751 designabatur
1519 5675 1702 5751 prmfe
1717 5680 1847 5734 ctus
1873 5677 2147 5752 Egyptii,
2170 5695 2302 5754 quas
2326 5680 2585 5756 dignitas
2610 5682 2886 5741 instituta
2915 5685 3046 5740 erat
3081 5701 3118 5742 a
3147 5686 3378 5743 Cmsare
3407 5685 3699 5758 Augusto.
3731 5684 3886 5739 Εοιτ.
