4120 6386
342 381 484 441 1285

1702 380 1761 434 Β.
1805 376 2112 434 ΔΒΤΕΜΙΙ
2152 377 2413 433 PASSIO.

3620 374 3763 438 1286

344 528 496 584 μιος,
529 506 694 574 εἶπεν,
743 505 771 559 6
820 503 1107 579 ἀλιτήριος
1165 503 1193 556 6
1250 505 1329 574 τῷ
1367 499 1485 575 ἐμῷ
1518 499 1738 579 ἀδελφῷ
1771 486 2007 556 θάνατον¹

2120 500 2467 574 imperator:
2502 504 2823 573 Artemius,
2875 502 3090 576 inquit,
3143 503 3467 561 sceleratus
3512 488 3614 562 ille
3659 505 3764 579 qui

342 597 540 673 πικρὸν
571 594 975 670 κε’ρασὲμενοςς
1026 592 1154 663 Ναὶ,
1211 591 1369 668 φησὶ.
1421 590 1673 667 κράτιστε
1708 589 1999 666 βασιλέων,

342 686 507 749 αὐτὸς
565 684 699 740 ἐστι.
759 681 865 737 Καὶ
926 677 1239 741 Ἰουλιανός·
1312 678 1480 753 Χάριν
1558 676 1834 758 ἐποφείλω
1887 683 2004 742 τοῖς

345 773 636 839 ἀθανάτοις
666 773 811 833 θεοῖς
840 771 932 824 καὶ
990 774 1071 842 τῷ
1130 766 1375 842 δαφναίῳ
1412 766 1758 841 Ἀπόλλωνι,
1789 767 1872 823 ὅτι
1909 788 2002 840 μοι

341 865 435 920 τὸν
494 862 768 935 ἀλάστορα
824 856 1136 933 αὐτόμολον
1194 857 1285 913 καὶ
1343 856 1776 933 αὖτεπάγγελτον
1818 855 2004 934 ἐφανὲ-

347 973 549 1031 ρωσαν·
611 951 702 1006 καὶ
760 966 947 1025 φησιν’
1012 950 1419 1018 Ἀποζωσθήτω
1474 952 1572 1003 τοῦ
1632 947 1916 1021 ἀξώματος
1975 946 2002 1000 6

345 1042 696 1117 παμμίαρος,
748 1039 841 1094 καὶ
894 1040 993 1108 τὴν
1055 1042 1233 1107 ζώνην
1285 1038 1655 1113 ἀφαιρεθήτω,
1714 1034 1870 1107 δίκην
1894 1040 2002 1090 τῶν

345 1133 550 1208 ἀρτίως
581 1130 727 1201 αὐτῷ
755 1125 1166 1200 τολμηθὲντων’
1231 1127 1361 1200 ὑπὲρ
1424 1124 1482 1182 δὲ
1536 1133 1636 1196 τῆς
1668 1132 1879 1202 σφαγῆς
1907 1129 2005 1179 τοῦ

346 1224 483 1295 ἐμοῦ
531 1217 776 1297 ἀδελφοῦ
830 1218 922 1273 καὶ
974 1222 1072 1273 τοῦ
1129 1217 1383 1291 αἳματος,
1440 1214 1628 1293 αὔριον
1689 1216 1835 1289 αὐτῷ
1870 1218 2003 1271 θεῶν

350 1308 710 1388 βουλομένων
761 1307 1044 1382 προσοίσω
1092 1309 1191 1376 τήν
1243 1304 1421 1377 δίκην·
1458 1305 1521 1361 οὐ
1570 1308 1675 1381 γὰρ
1716 1304 1878 1382 ἐνίγε
1908 1304 2008 1360 αὖ·

343 1402 440 1458 τὸν
489 1396 818 1470 ἆξαναλώσω
876 1399 1110 1470 θανάτῳ,
1169 1395 1316 1451 ἀλλά
1376 1396 1592 1470 μυρίοις
1636 1396 1727 1451 καὶ
1777 1396 1926 1458 ὅσοις
1956 1395 2009 1449 οἱ

354 1487 680 1567 ἀνδροφόνοι
741 1488 1014 1562 ὑπόχρεοι
1072 1488 1486 1557 καθεστήκασιν·
1548 1483 1608 1541 οὗ
1665 1486 1765 1561 γὰρ
1824 1488 2011 1539 κοινοῦ

357 1601 422 1655 γε
449 1576 669 1653 ἀνδρὸς,
731 1575 879 1632 ἀλλὰ
943 1575 1215 1652 βασιλέως
1272 1578 1411 1650 αἷμα
1464 1575 1697 1653 ἐξέχεεν,
1728 1576 1815 1630 καὶ
1843 1579 2014 1631 ταῦτα

357 1665 528 1741 μηδὲν
562 1668 696 1744 πρὸς
725 1664 890 1721 αὺτοῦ
919 1665 1203 1729 πεπονθὼς
1236 1662 1444 1724 ἄδικον.

427 1847 528 1917 λζ’.
562 1849 747 1905 Ταῦτα
767 1851 935 1902 τοῦτα
969 1839 1236 1921 βασιλέως
1260 1843 1563 1903 Ἰουλιανοῦ
1591 1842 2014 1921 δημηγορήσαν-

353 1958 472 2009 τος,
504 1937 846 2012 ἀνάρπαστος
901 1935 1004 1991 ὑπὸ
1053 1938 1157 1990 τῶν
1194 1932 1511 2012 δορυφόρων
1547 1936 1575 1990 6
1605 1935 1756 2010 ἅγιος
1786 1934 2015 2010 γίνεται,

354 2028 448 2082 καὶ
503 2032 604 2096 τῆς
668 2024 845 2095 ζώνης
938 2026 1072 2099 μετά
1153 2029 1251 2080 τοῦ
1309 2025 1618 2097 ἀξιώματος
1681 2023 2013 2101 ἀφαιρεθεὶς,

358 2119 562 2192 γυμνὸς
596 2115 683 2171 ἐπὶ
712 2119 813 2170 τοῦ
869 2116 1116 2189 βήματος
1160 2114 1351 2169 ἳστατο
1389 2114 1480 2169 γαὶ
1510 2118 1618 2168 τῶν
1652 2111 1866 2185 δημίων
1897 2118 2017 2176 ταῖς

366 2207 521 2283 χερσῖ
553 2204 899 2278 παρεδίδοτο·
945 2205 998 2260 οἱ
1049 2202 1128 2273 δὲ,
1179 2204 1430 2280 σχοίνους
1478 2208 1587 2258 τῶν
1615 2208 1819 2278 χειρῶν
1847 2204 2015 2258 αὐτοῦ

362 2296 454 2351 καὶ
506 2292 690 2350 ποδῶν
771 2293 1119 2367 ἆξαψάμενοι,
1197 2289 1550 2347 διατείνουσιν
1606 2289 1668 2346 ix
1718 2288 2014 2364 τεσσάρων,

360 2384 451 2439 καὶ
510 2386 607 2454 τήν
662 2403 722 2438 τε
776 2383 1011 2459 γαστέρα
1066 2382 1153 2436 καὶ
1213 2381 1306 2436 τὸν
1365 2381 1535 2434 νῶτον
1594 2383 1691 2433 τοῦ
1744 2377 2017 2453 μάρτυρος

355 2479 475 2535 τοῖς
513 2472 829 2549 βουνεύροις
863 2468 1090 2527 ἔτυπτον
1146 2468 1237 2526 ἐπὶ
1289 2474 1576 2542 τοσοῦτον,
1608 2467 1747 2523 ὥστε
1776 2466 2013 2539 ἀλλάξαι

352 2563 514 2620 αὐτὸν
550 2563 719 2639 ζυγάς
768 2561 1052 2635 τέσσαρας.
1104 2558 1211 2616 Καὶ
1264 2560 1331 2629 ἦν
1390 2557 1523 2613 ἰδεῖν
1584 2558 1738 2629 ξένην
1769 2558 1892 2612 τινὰ
1921 2558 2012 2611 καὶ

354 2654 459 2710 οὐκ
514 2651 861 2725 ἀνθρωπίνην
927 2652 1234 2723 ὑπομονήν·
1290 2649 1352 2703 οὐ
1408 2650 1511 2723 γὰρ
1570 2647 1892 2722 στεναγμὸς,
1948 2646 2010 2701 οὐ

361 2743 542 2822 φωνὴ,
574 2741 636 2796 οὐ
658 2740 928 2813 σκυλμὸς,
960 2741 1064 2795 οὐκ
1119 2737 1259 2795 ἄλλο
1316 2759 1368 2792 τι
1421 2741 1528 2792 τῶν
1572 2736 1671 2791 ὅσα
1700 2738 2005 2811 πάσχουσιν

360 2834 640 2909 ἄνθρωποι
698 2829 953 2907 βασάνοις
1019 2828 1411 2901 ἐξεταζόμενοι,
1470 2827 1596 2902 παρ’
1670 2825 1835 2881 αὐτοῦ
1888 2824 2008 2879 ἀνε-

357 2924 627 2997 πὲμπεσο·
682 2919 811 2977 ἀλλ’
868 2920 1132 2992 ἂτρεπτός
1198 2939 1283 2980 τις
1352 2919 1442 2972 καί
1499 2914 1872 2977 ἀναλλοίωτος
1929 2919 2009 2987 τῷ

354 3014 641 3086 προσώπῳ
696 3008 1065 3088 κατεφαίνετο.
1114 3008 1179 3066 Ἦ
1236 3010 1307 3084 γῆ
1341 3004 1399 3061 δὲ
1451 3009 1549 3060 τοῦ
1608 3004 1837 3078 αἳματος
1884 3003 2006 3058 ἐπε-

355 3101 653 3178 πλήρωτο,
705 3099 795 3156 καὶ
828 3101 857 3155 6
917 3097 1120 3174 μάρτυς
1176 3097 1251 3159 ὡς
1310 3093 1487 3152 ἄλλου
1519 3097 1663 3169 [369]
1696 3095 2008 3169 πάσχοντος

350 3191 696 3269 ἂγνωρίζετο·
750 3190 889 3245 ὥστε
945 3184 1216 3261 θαυμάσαι
1274 3185 1478 3250 πάντας
1532 3184 1659 3247 τοὺς
1710 3187 2002 3259 παρεστῶ-

2113 591 2281 647 fratri
2312 610 2445 649 meo
2477 595 2787 651 accerbam
2818 599 3073 651 mortem
3121 594 3485 666 procuravit?
3515 598 3622 664 Ita,
3668 613 3766 653 re-

2114 682 2353 752 spondit
2381 685 2615 752 cohors,
2650 686 2873 756 optime
2908 684 3254 755 imperator,
3285 684 3411 755 ipse
3444 690 3554 741 est.
3604 688 3765 743 Tunc

2122 772 2413 828 Julianus:
2443 774 2670 830 Gratias
2700 774 2887 830 debeo
2908 774 3022 830 diis
3054 774 3514 843 immortalibus,
3546 780 3609 831 et
3633 791 3763 832 ma-

2113 860 2271 915 xime
2301 862 2564 933 Apollini
2596 863 2915 934 Daphnaao,
2973 861 3133 933 quod
3184 861 3339 917 nihil
3389 862 3766 918 ostenderint

2116 949 2367 1021 impium
2401 968 2509 1007 sua
2538 957 2748 1022 sponte
2792 952 3129 1007 venientem
3178 957 3237 1006 et
3283 951 3767 1008 manifestantem

2118 1040 2399 1111 seipsum.
2434 1043 2504 1097 Et
2535 1041 2713 1097 dicit:
2761 1042 3059 1114 Spolietur
3107 1041 3391 1115 dignitate
3445 1059 3554 1098 sua
3600 1060 3770 1099 exse-

2116 1132 2459 1197 crandus,et
2489 1134 2725 1205 cingulo
2759 1138 3006 1189 exuatur
3037 1134 3099 1187 in
3132 1149 3366 1203 pinnam
3398 1150 3605 1190 eorum
3636 1151 3770 1205 quae

2116 1222 2294 1277 modo
2325 1239 2505 1279 ausus
2537 1228 2628 1279 est
2655 1223 2942 1295 proferre.
2976 1224 3057 1277 De
3085 1223 3245 1278 caede
3273 1228 3476 1279 autem
3524 1240 3595 1279 ac
3643 1239 3775 1281 san-

2116 1312 2294 1384 guine
2323 1313 2523 1369 fratris
2553 1314 2670 1369 mei
2703 1330 2853 1382 cras,
2885 1313 3000 1368 diis
3032 1312 3385 1380 volentibus,
3417 1330 3621 1385 poenas
3665 1313 3775 1370 da-

2119 1402 2225 1457 bit.
2260 1404 2491 1458 Etenim
2521 1420 2642 1459 non
2693 1420 2812 1459 una
2843 1419 2979 1457 eum
3024 1407 3214 1457 morte
3263 1419 3633 1470 consumam,
3666 1402 3773 1459 sed

2121 1489 2409 1559 millibus,
2443 1496 2737 1561 quotquot
2764 1490 3293 1562 homicidisinﬂigi
3317 1490 3557 1558 solent;
3590 1492 3772 1563 siqui~

2122 1578 2259 1635 dem
2278 1596 2401 1635 non
2430 1580 2538 1636 viri
2569 1580 2927 1648 communis,
2963 1579 3068 1635 sed
3108 1579 3491 1651 imperatoris
3536 1579 3778 1651 sangui-

2123 1686 2262 1725 nem
2294 1669 2590 1739 effuderit,
2618 1670 2849 1727 nullam
2880 1675 3082 1726 tamen
3112 1669 3185 1725 ab
3233 1686 3302 1725 eo
3333 1669 3619 1742 injuriam
3650 1686 3777 1742 pas-

2123 1776 2246 1815 8118.

2195 1851 2282 1907 3'7.
2312 1850 2414 1905 His
2451 1850 2648 1906 verbis
2699 1849 2772 1906 ab
2818 1850 3177 1922 imperatore
3220 1848 3457 1906 Iuliano
3507 1848 3781 1922 prolatis,

2122 1940 2420 2011 arripiunt
2449 1940 2737 1996 satellites
2768 1945 3061 2007 sanctum,
3104 1940 3205 2010 qui
3246 1938 3483 2011 cingulo
3510 1954 3649 1994 cum
3681 1938 3780 1994 di-

2122 2028 2344 2100 gnitate
2370 2029 2679 2100 spoliatus,
2725 2029 2922 2084 nudus
2970 2029 3202 2085 sistitur
3244 2045 3353 2099 pro
3404 2028 3687 2085 tribunali
3718 2030 3781 2084 et

2122 2117 2402 2173 lictorum
2432 2118 2707 2174 manibus
2738 2118 3011 2174 traditur.
3044 2119 3113 2173 Hi
3144 2124 3342 2174 autem
3374 2118 3547 2175 funes
3591 2118 3781 2175 mani-

2122 2206 2233 2261 bus
2264 2212 2323 2261 et
2352 2207 2606 2278 pedibus
2636 2208 2916 2279 martyris
2938 2207 3250 2277 alligantes
3282 2225 3340 2263 ia
3370 2213 3625 2279 quatuor
3642 2223 3784 2280 par-

2122 2296 2283 2351 tibus
2316 2314 2455 2351 eum
2487 2298 2834 2365 extendunt,
2868 2303 3255 2369 ventremque
3304 2302 3363 2352 et
3392 2302 3620 2370 tergum
3649 2298 3782 2369 ejus

2122 2385 2269 2441 adeo
2297 2386 2479 2442 boum
2508 2388 2709 2442 nervis
2734 2388 3067 2456 verberant,
3087 2394 3153 2442 ut
3173 2387 3233 2442 in
3256 2387 3538 2443 caedendo
3573 2392 3785 2458 quater

2121 2476 2573 2532 alternarint.Et
2600 2478 2798 2533 videre
2829 2483 2957 2534 erat
2986 2478 3296 2533 insolitum
3319 2477 3640 2548 quamdam
3667 2493 3780 2532 nec

2120 2567 2447 2622 humanam
2477 2568 2986 2639 patientiam.Non
3018 2568 3179 2623 enim
3208 2568 3485 2639 gemitus,
3504 2584 3625 2623 non
3646 2584 3775 2637 vox,

2120 2674 2240 2712 non
2272 2658 2713 2729 singultus,non
2736 2658 2901 2713 aliud
2922 2658 3251 2729 quidquam
3284 2674 3489 2713 eorum
3519 2675 3651 2719 qua:
3682 2674 3777 2713 ac-

2117 2746 2313 2801 cidere
2345 2748 2542 2802 solent
2570 2748 2914 2803 hominibus
2945 2748 3046 2802 ubi
3098 2752 3396 2803 tormenta
3439 2748 3769 2819 perferunt,

2117 2836 2190 2892 ab
2217 2836 2346 2907 ipso
2380 2835 2779 2891 emittebatur.
2808 2838 2986 2891 Terra
3035 2837 3276 2908 quidem
3321 2852 3529 2891 cruore
3560 2837 3771 2908 Opple-

2114 2924 2329 2990 batur;
2362 2924 2643 2995 martyris
2672 2941 2811 2979 vero
2844 2925 3031 2995 frons,
3064 2942 3134 2981 ac
3180 2924 3229 2980 si
3259 2925 3414 2980 alius
3443 2930 3769 2997 pateretur,

2114 3014 2471 3069 cernebatur
2502 3019 2867 3085 exporrecta,
2922 3014 3004 3069 ita
3053 3020 3119 3068 ut
3165 3013 3529 3069 mirarentur
3559 3030 3772 3070 omnes

2113 3105 2593 3171 circumstantes,
2630 3109 2688 3158 et
2717 3104 2843 3175 ipse
2885 3104 3151 3159 nefarius
3200 3103 3472 3158 Julianus
3502 3103 3772 3159 inaudito

2117 3193 2385 3267 prodigio
2418 3198 2923 3249 consternaretur.
2957 3193 3131 3248 Iubet
3174 3193 3414 3248 tandem
3441 3192 3773 3248 relaxatum

349 3302 471 3351 τας,
501 3281 589 3335 καὶ
624 3278 784 3336 αὐτὸν
840 3279 933 3334 τὸν
991 3279 1268 3350 άΛάστορα
1319 3274 1616 3333 Ἰουλιανὸν
1666 3271 2003 3349 ἐκπλαγῆναι

2120 3300 2255 3337 cum
2286 3282 2535 3353 reliquis
2566 3282 2787 3337 sanctis
2817 3283 2878 3337 in
2909 3281 3244 3338 custodiam
3271 3281 3431 3349 duci,
3461 3281 3778 3337 meditatu-

354 3369 446 3425 ἐπὶ
501 3374 581 3442 τῷ
638 3370 772 3442 ξενῳ
829 3369 1079 3441 θεάματι.
1139 3367 1240 3421 Καὶ
1293 3363 1504 3421 κελεύει
1561 3363 1720 3420 αὐτὸν
1760 3362 2012 3429 ἀνεθέντα

355 3460 446 3516 ἐπὶ
475 3461 575 3528 τήν
609 3458 857 3536 φυλακήν
886 3457 1204 3531 ἀπαχθῆναι
1259 3455 1393 3529 μετά
1430 3460 1539 3510 τῶν
1572 3453 1783 3510 λοιπῶν
1816 3452 2009 3531 ἁγίων,

354 3548 692 3623 σκεψόμενος
746 3550 863 3607 πῶς
922 3546 1012 3600 καὶ
1066 3547 1176 3599 τίνι
1226 3545 1416 3621 τρόπῳ
1465 3545 1555 3599 καὶ
1606 3545 1752 3618 ποίῳ
1797 3546 2010 3615 θανάτῳ

351 3644 454 3708 τῆς
488 3640 771 3710 παρούσης
805 3641 951 3705 ζωῆς
984 3633 1284 3711 ἐξαφανίσει
1315 3633 1443 3696 τοὺς
1479 3634 1776 3709 μάρτυρας.

428 3727 538 3797 λη’.
595 3727 662 3784 Οἱ
723 3726 816 3800 μὲν
878 3724 969 3779 οὗν
1029 3727 1126 3778 τοῦ
1184 3722 1422 3799 Χριστοῦ
1484 3721 1750 3796 μάρτυρες
1790 3720 1878 3777 ἐπὶ
1908 3723 2009 3791 τὴν

355 3815 612 3892 φυλακὴν
687 3814 1025 3893 ἀπαγόμενοι
1128 3808 1392 3886 ἔψαλλον
1500 3808 1883 3885 Ἐδοκίμασας,
1982 3813 2010 3867 ὁ

355 3908 513 3977 Θεὸς,
596 3905 883 3982 ἐπύρωσας
940 3904 1088 3977 ἡμᾶς
1172 3902 1248 3966 ὡς
1296 3905 1559 3975 πυροῦται
1612 3902 1676 3956 τὸ
1733 3899 2013 3975 ἀργύριον·

358 3998 648 4072 εἰσήγαγες
695 3999 846 4069 ἡμᾶς
905 3995 980 4056 εἲς
1038 3994 1137 4062 τήν
1195 3989 1425 4067 παγίδα,
1486 3987 1610 4055 ἔθου
1670 3989 1885 4064 θλίψεις
1921 3988 2011 4046 ἐπὶ

357 4087 451 4143 τὸν
512 4092 683 4142 νῶτον
736 4087 917 4158 ἡμῶν,
999 4076 1324 4144 ἐπεϐίϐασας
1396 4080 1714 4156 ἀνθρώπους
1775 4078 1861 4135 ἐπὶ
1913 4079 2011 4141 τὰς

355 4174 599 4253 κεφαλὰς
656 4177 839 4248 ἡμῶν
902 4171 1082 4229 λείπεν
1162 4170 1255 4226 οῦν
1309 4170 1372 4226 τὸ
1432 4167 1667 4233 διελθεῖν
1716 4170 1864 4242 ἡμᾶς
1923 4166 2013 4224 διὰ

352 4268 527 4341 πυρός
582 4285 639 4319 τε
691 4263 781 4319 καὶ
840 4260 1053 4332 ὕδατος,
1116 4262 1265 4323 ὅπως
1333 4258 1409 4322 εἷς
1467 4260 1751 4334 ἀναψυχήν
1811 4259 2009 4334 ἀγάγῃς

352 4357 524 4427 ἡμᾶς.
558 4352 661 4411 Καὶ
709 4359 807 4422 τῆς
853 4352 1028 4425 εὐχῆς
1070 4349 1484 4424 πληρωθείσης,
1539 4342 1697 4423 ἔλεγε
1725 4353 1863 4423 πρὸς
1890 4348 2011 4402 ἔαυ-

347 4444 441 4498 τὸν
506 4444 534 4497 6
597 4440 762 4515 μέγας
848 4441 1163 4514 Ἀρτέμιοςο
1244 4434 1387 4495 Ἰδοὺ
1465 4435 1567 4513 γὰρ
1624 4438 1690 4490 τὰ
1746 4436 2011 4511 στίγματα

352 4535 449 4587 τοῦ
492 4533 728 4607 Χριστοῦ
784 4527 836 4583 ἐν
894 4532 975 4601 τῷ
1024 4528 1235 4600 σώματί
1288 4547 1383 4581 σου
1436 4524 1794 4602 κεχάρακται·
1829 4524 2007 4581 λείπει

2116 3389 2218 3428 rus
2251 3372 2637 3444 quomodo,et
2665 3372 2883 3443 quibus
2915 3372 3365 3439 cruciatibus,et
3413 3388 3531 3442 quo
3563 3370 3772 3427 mortis

2116 3478 2331 3534 genere
2360 3461 2541 3518 vitam
2572 3461 2834 3518 auferret
2860 3461 3243 3533 martyribus.

2191 3734 2278 3788 38.
2312 3733 2527 3788 Christi
2561 3748 2697 3805 ergo
2728 3736 3039 3804 martyres,
3072 3729 3214 3785 dum
3246 3729 3308 3784 in
3340 3744 3641 3785 carcerem
3672 3730 3776 3786 du-

2119 3822 2427 3887 cebantur,
2486 3821 2863 3894 psallebant:
2931 3820 3187 3875 Probasti
3240 3835 3358 3887 nos,
3402 3823 3585 3875 Deus:
3646 3821 3775 3890 igne

2117 3927 2216 3967 nos
2273 3914 2629 3975 examinasti,
2698 3914 2838 3967 sicut
2896 3912 3247 3965 examinatur
3300 3915 3613 3978 argentum.
3670 3910 3771 3963 In-

2117 4003 2331 4056 duxisti
2360 4018 2458 4057 nos
2486 4004 2545 4055 in
2575 4000 3088 4070 laqueum,posuisti
3117 3998 3505 4053 tribulationes
3533 4000 3591 4052 in
3612 3999 3772 4054 dorso

2116 4098 2343 4147 nostro:
2427 4092 2738 4160 imposuisti
2794 4090 3038 4143 homines
3093 4104 3258 4159 super
3313 4086 3505 4157 capita
3560 4094 3769 4144 nostra.

2119 4182 2322 4235 Restat
2379 4180 2558 4253 igitur
2615 4184 2700 4245 ut,
2783 4182 3101 4249 postquam
3185 4178 3599 4232 transiverimus
3666 4192 3774 4246 per

2118 4274 2300 4341 ignem
2331 4278 2382 4325 et
2412 4288 2636 4341 aquam,
2672 4271 2867 4324 educas
2912 4284 3006 4324 nos
3036 4267 3097 4323 in
3146 4270 3521 4337 refrigerium.
3557 4266 3600 4320 ⁴.
3622 4288 3670 4317 α)
3704 4270 3774 4322 Et

2118 4360 2416 4432 completa
2444 4359 2734 4427 oratione,
2768 4357 3004 4414 dicebat
3034 4357 3191 4430 apud
3236 4374 3295 4412 se
3329 4373 3580 4429 magnus
3610 4360 3773 4414 Arte-

2116 4451 2306 4505 mius:
2340 4451 2486 4504 Ecce
2511 4449 2785 4519 stigmata
2806 4446 3022 4502 Christi
3048 4445 3378 4519 incorpore
3412 4452 3511 4501 tuo
3544 4446 3773 4502 inscul-

2117 4544 2217 4611 pta
2250 4545 2409 4606 sunt,
2442 4544 2627 4594 restat
2654 4538 2832 4610 igitur
2859 4542 2920 4591 ut
2955 4542 3013 4591 et
3052 4537 3245 4608 ipsam
3276 4537 3539 4593 animam
3571 4535 3771 4591 tradas

354 4622 445 4679 οῦν
472 4622 566 4679 ’ίνα
595 4621 682 4678 καὶ
733 4620 899 4690 αὐτὴν
954 4620 1053 4689 τὴν
1108 4620 1294 4694 ψυχὴν
1345 4615 1712 4694 προσαποδῷς
1747 4618 1882 4692 μετά
1909 4621 2007 4672 τοῦ

2120 4646 2250 4685 cum
2270 4628 2501 4699 reliquo
2518 4627 2907 4700 sanguine.Et
2927 4626 3335 4697 propheticum
3350 4625 3512 4680 illum
3532 4625 3769 4681 verbum

351 4713 648 4770 ἐπιλοίπου
705 4733 801 4767 σου
858 4708 1112 4784 α’ίματος*
1171 4707 1261 4764 καὶ
1315 4708 1378 4763 τὸ
1436 4708 1775 4786 προφητικὸν
1829 4706 2002 4763 ἐκεῖνο

351 4802 542 4881 λόγιον
631 4799 1035 4875 ἑνθυμοῦμενος
1120 4796 1323 4875 ἔλεγεν·
1400 4793 1540 4852 Ἰδοὺ
1628 4793 1839 4851 δέδωκα
1909 4797 2000 4853 τὸν

346 4894 521 4949 νῶτόν
582 4907 690 4966 μου
751 4890 828 4953 εἷς
913 4888 1196 4964 μάστιγας,
1273 4888 1360 4942 καὶ
1438 4887 1533 4949 τὰς
1591 4885 1840 4961 σιαγόνας
1898 4908 2004 4961 μου

345 4981 422 5043 εἷς
481 4981 813 5057 ῥαπίσματα*
894 4976 1041 5034 ἀλλά
1123 4978 1179 5032 τί
1256 4975 1639 5052 περισσότερον
1712 4981 1809 5031 τοῦ
1867 4975 2004 5050 ἐμοῦ

346 5073 621 5127 Δεσπὸτου
654 5071 959 5145 ὑπήνεγκας
1015 5069 1043 5122 6
1102 5067 1355 5139 ἀνάξιος;
1416 5067 1676 5127 Κάκεῖνος
1706 5069 2000 5139 κατεξάνθη

341 5167 462 5222 ταῖς
525 5160 759 5235 μάστιξι·
848 5158 1100 5213 κάκείνοο
1184 5158 1245 5212 τὸ
1330 5157 1627 5231 πρόσωπον
1694 5157 2006 5234 ῥαπίσματα

344 5249 664 5320 κατεδέξατο
720 5249 812 5303 καὶ
870 5245 1279 5325 κολαφίσματα,
1357 5246 1447 5302 καὶ
1525 5247 1742 5321 πυγμάς
1800 5248 2002 5320 ὑπέστη

346 5338 417 5394 δι’
448 5341 582 5395 ὃΛου
631 5343 729 5395 τοῦ
790 5336 1069 5411 σώματος,
1128 5336 1409 5402 ἀκάνθινον
1465 5335 1687 5413 ἐφόρεσε
1726 5337 2006 5416 στέφανον,

411 5520 435 5555 ⁸
467 5519 622 5575 Psal.
655 5536 777 5574 va.
820 5522 903 5573 10.

2115 4717 2578 4774 meditabundus
2601 4715 3109 4789 proferebat:Ecce
3141 4714 3276 4769 dedi
3304 4714 3546 4771 dorsum
3568 4731 3771 4771 meum

2116 4808 2177 4862 in
2200 4806 2456 4879 ﬂagella,
2491 4811 2549 4861 et
2586 4822 2767 4879 genas
2796 4820 2958 4860 meas
2990 4804 3063 4860 ad
3094 4804 3297 4876 alapas
3319 4805 3446 4875 (12).
3480 4803 3591 4859 Sed
3624 4802 3771 4875 quid

2114 4896 2373 4968 amplius
2404 4895 2741 4951 sustinuisti
2772 4911 2951 4967 quam
2983 4911 3115 4965 quas
3148 4894 3432 4949 Dominus
3463 4910 3653 4958 meus,
3685 4890 3771 4947 in-

2115 4987 2291 5059 digne
2314 4987 2341 5042 ?
2359 4987 2490 5057 Ipse
2513 5002 2751 5056 quoque
2778 4985 3137 5041 dilaceratus
3157 4983 3269 5039 fuit
3289 4981 3560 5054 flagellis;
3581 4981 3767 5054 ipsius

2116 5092 2352 5148 quoque
2383 5075 2577 5130 vultus
2610 5074 2814 5146 alapas
2868 5073 3130 5145 suscepit
3172 5078 3230 5127 et
3258 5072 3539 5143 colaphos
3567 5088 3581 5139 ;
3616 5071 3767 5126 ictus

2116 5165 2400 5220 sustinuit
2428 5165 2488 5219 in
2532 5169 2653 5219 toto
2701 5180 2969 5235 corpore,
3027 5162 3295 5234 spineam
3326 5160 3581 5232 portavit
3609 5176 3772 5215 coro-

2115 5271 2278 5322 nam,
2311 5270 2644 5326 manusque
2694 5270 2729 5309 a
2768 5258 2930 5326 tergo
2979 5252 3299 5321 revinctus,
3330 5249 3525 5305 nudus
3574 5250 3770 5305 cruci-

2118 5345 2273 5400 ﬁxus
2299 5349 2391 5399 est
2414 5348 2659 5416 propter
2687 5358 2888 5398 meum
2915 5344 3226 5414 peccatum
3273 5355 3588 5412 meamque
3619 5352 3772 5412 prm-

1948 5612 2175 5672 NOTE.

408 5735 523 5811 (12)
552 5733 781 5795 Alludit
808 5737 1051 5793 sanctus
1081 5733 1156 5793 ad
1174 5733 1314 5793 locu
1333 5750 1394 5790 m
1449 5732 1640 5805 Isaiae,
1664 5750 1717 5791 ιι,
1739 5737 1808 5795 6:
1844 5740 2056 5812 Corpus
2106 5757 2286 5798 meum
2314 5741 2448 5798 dedi
2467 5743 2925 5813 percutientibus,
2958 5747 3011 5799 et
3039 5756 3208 5814 genas
3244 5754 3392 5799 meas
3418 5737 3769 5798 vellentibus.
