  <div class='ocr_page' id='page_1' title='image "/cluster/home/n/w/nwhite01/storage/ocr_20150623/96:no.3/coo.31924054870005/659.png"; bbox 0 0 4120 6372; ppageno 0'>
   <div class='ocr_carea' id='block_1_1' title="bbox 473 444 615 502">
    <p class='ocr_par' dir='ltr' id='par_1_1' title="bbox 473 444 615 502">
     <span class='ocr_line' id='line_1_1' title="bbox 473 444 615 502; baseline 0 0"><span class='ocrx_word' id='word_1_1' title='bbox 473 444 615 502; x_wconf 80' lang='grc'><strong>1287</strong></span> 
     </span>
    </p>
   </div>
   <div class='ocr_carea' id='block_1_2' title="bbox 1979 444 2350 502">
    <p class='ocr_par' dir='ltr' id='par_1_2' title="bbox 1979 444 2350 502">
     <span class='ocr_line' id='line_1_2' title="bbox 1979 444 2350 502; baseline 0.011 -6"><span class='ocrx_word' id='word_1_2' title='bbox 1979 444 2350 502; x_wconf 73' lang='grc' dir='ltr'><strong>ΔΒΒΒΝΟΑ.</strong></span> 
     </span>
    </p>
   </div>
   <div class='ocr_carea' id='block_1_3' title="bbox 3777 455 3910 512">
    <p class='ocr_par' dir='ltr' id='par_1_3' title="bbox 3777 455 3910 512">
     <span class='ocr_line' id='line_1_3' title="bbox 3777 455 3910 512; baseline 0 0"><span class='ocrx_word' id='word_1_3' title='bbox 3777 455 3910 512; x_wconf 84' lang='grc'><strong>1288</strong></span> 
     </span>
    </p>
   </div>
   <div class='ocr_carea' id='block_1_4' title="bbox 463 565 2132 658">
    <p class='ocr_par' dir='ltr' id='par_1_4' title="bbox 463 565 2120 641">
     <span class='ocr_line' id='line_1_4' title="bbox 463 565 2120 641; baseline -0.002 -12"><span class='ocrx_word' id='word_1_4' title='bbox 463 571 888 628; x_wconf 84' lang='lat' dir='ltr'><strong>varicationem</strong></span> <span class='ocrx_word' id='word_1_5' title='bbox 918 569 1020 625; x_wconf 92' lang='lat' dir='ltr'><strong>ille</strong></span> <span class='ocrx_word' id='word_1_6' title='bbox 1053 568 1155 641; x_wconf 87' lang='lat' dir='ltr'><strong>qui</strong></span> <span class='ocrx_word' id='word_1_7' title='bbox 1185 582 1306 622; x_wconf 92' lang='lat' dir='ltr'><strong>non</strong></span> <span class='ocrx_word' id='word_1_8' title='bbox 1336 565 1612 638; x_wconf 79' lang='lat' dir='ltr'><strong>cognovit</strong></span> <span class='ocrx_word' id='word_1_9' title='bbox 1639 570 1974 639; x_wconf 86' lang='lat' dir='ltr'><strong>peccatum,</strong></span> <span class='ocrx_word' id='word_1_10' title='bbox 2009 585 2120 625; x_wconf 90' lang='lat' dir='ltr'><strong>nec</strong></span> 
     </span>
    </p>
   </div>
   <div class='ocr_carea' id='block_1_5' title="bbox 2242 565 3912 658">
    <p class='ocr_par' dir='ltr' id='par_1_5' title="bbox 2242 571 3912 658">
     <span class='ocr_line' id='line_1_5' title="bbox 2242 571 3912 658; baseline 0.007 -32"><span class='ocrx_word' id='word_1_11' title='bbox 2242 571 2325 626; x_wconf 79' lang='grc' dir='ltr'><strong>καί</strong></span> <span class='ocrx_word' id='word_1_12' title='bbox 2353 573 2450 636; x_wconf 79' lang='grc' dir='ltr'><strong>τὰς</strong></span> <span class='ocrx_word' id='word_1_13' title='bbox 2484 579 2675 650; x_wconf 79' lang='grc' dir='ltr'><strong>χεῖρας</strong></span> <span class='ocrx_word' id='word_1_14' title='bbox 2710 575 2889 632; x_wconf 80' lang='grc' dir='ltr'><strong>ὀπίσω</strong></span> <span class='ocrx_word' id='word_1_15' title='bbox 2920 574 3116 649; x_wconf 76' lang='grc' dir='ltr'><strong>δεθεὶς,</strong></span> <span class='ocrx_word' id='word_1_16' title='bbox 3137 579 3344 654; x_wconf 82' lang='grc' dir='ltr'><strong>γυμνὸς</strong></span> <span class='ocrx_word' id='word_1_17' title='bbox 3375 577 3467 635; x_wconf 65' lang='grc' dir='ltr'><strong>ἐπὶ</strong></span> <span class='ocrx_word' id='word_1_18' title='bbox 3529 579 3631 636; x_wconf 79' lang='grc' dir='ltr'><strong>τὸν</strong></span> <span class='ocrx_word' id='word_1_19' title='bbox 3684 583 3912 658; x_wconf 77' lang='grc' dir='ltr'><strong>σταυρόν</strong></span> 
     </span>
    </p>
   </div>
   <div class='ocr_carea' id='block_1_6' title="bbox 467 657 2131 730">
    <p class='ocr_par' dir='ltr' id='par_1_6' title="bbox 467 657 2131 730">
     <span class='ocr_line' id='line_1_6' title="bbox 467 657 2131 730; baseline -0.002 -11"><span class='ocrx_word' id='word_1_20' title='bbox 467 663 673 719; x_wconf 86' lang='lat' dir='ltr'><strong>dolum</strong></span> <span class='ocrx_word' id='word_1_21' title='bbox 703 663 767 718; x_wconf 91' lang='lat' dir='ltr'><strong>in</strong></span> <span class='ocrx_word' id='word_1_22' title='bbox 796 678 898 718; x_wconf 89' lang='lat' dir='ltr'><strong>ore</strong></span> <span class='ocrx_word' id='word_1_23' title='bbox 931 677 1037 716; x_wconf 91' lang='lat' dir='ltr'><strong>suo</strong></span> <span class='ocrx_word' id='word_1_24' title='bbox 1068 663 1347 730; x_wconf 79' lang='lat' dir='ltr'><strong>operatus</strong></span> <span class='ocrx_word' id='word_1_25' title='bbox 1386 661 1496 713; x_wconf 88' lang='lat' dir='ltr'><strong>est.</strong></span> <span class='ocrx_word' id='word_1_26' title='bbox 1549 657 1745 711; x_wconf 65' lang='lat' dir='ltr'><strong>Multas</strong></span> <span class='ocrx_word' id='word_1_27' title='bbox 1798 675 1934 730; x_wconf 89' lang='lat' dir='ltr'><strong>ergo</strong></span> <span class='ocrx_word' id='word_1_28' title='bbox 1986 667 2131 716; x_wconf 87' lang='lat' dir='ltr'><strong>sunt</strong></span> 
     </span>
    </p>
   </div>
   <div class='ocr_carea' id='block_1_7' title="bbox 468 745 2130 822">
    <p class='ocr_par' dir='ltr' id='par_1_7' title="bbox 468 745 2130 822">
     <span class='ocr_line' id='line_1_7' title="bbox 468 745 2130 822; baseline -0.004 -13"><span class='ocrx_word' id='word_1_29' title='bbox 468 753 706 809; x_wconf 87' lang='lat' dir='ltr'><strong>Domini</strong></span> <span class='ocrx_word' id='word_1_30' title='bbox 737 751 854 808; x_wconf 90' lang='lat' dir='ltr'><strong>mei</strong></span> <span class='ocrx_word' id='word_1_31' title='bbox 885 749 1215 822; x_wconf 85' lang='lat' dir='ltr'><strong>passiones,</strong></span> <span class='ocrx_word' id='word_1_32' title='bbox 1241 752 1300 802; x_wconf 91' lang='lat' dir='ltr'><strong>et</strong></span> <span class='ocrx_word' id='word_1_33' title='bbox 1329 747 1502 819; x_wconf 91' lang='lat' dir='ltr'><strong>longe</strong></span> <span class='ocrx_word' id='word_1_34' title='bbox 1536 745 1688 801; x_wconf 87' lang='lat' dir='ltr'><strong>disto</strong></span> <span class='ocrx_word' id='word_1_35' title='bbox 1717 747 1900 802; x_wconf 83' lang='lat' dir='ltr'><strong>miser</strong></span> <span class='ocrx_word' id='word_1_36' title='bbox 1927 747 2002 803; x_wconf 88' lang='lat' dir='ltr'><strong>ab</strong></span> <span class='ocrx_word' id='word_1_37' title='bbox 2035 750 2130 821; x_wconf 90' lang='lat' dir='ltr'><strong>ip-</strong></span> 
     </span>
    </p>
   </div>
   <div class='ocr_carea' id='block_1_8' title="bbox 468 835 2131 913">
    <p class='ocr_par' dir='ltr' id='par_1_8' title="bbox 468 835 2131 913">
     <span class='ocr_line' id='line_1_8' title="bbox 468 835 2131 913; baseline -0.002 -15"><span class='ocrx_word' id='word_1_38' title='bbox 468 842 590 898; x_wconf 88' lang='lat' dir='ltr'><strong>sius</strong></span> <span class='ocrx_word' id='word_1_39' title='bbox 625 838 1077 913; x_wconf 81' lang='lat' dir='ltr'><strong>longanimitate</strong></span> <span class='ocrx_word' id='word_1_40' title='bbox 1110 842 1170 892; x_wconf 89' lang='lat' dir='ltr'><strong>et</strong></span> <span class='ocrx_word' id='word_1_41' title='bbox 1215 835 1524 908; x_wconf 77' lang='lat' dir='ltr'><strong>patientia.</strong></span> <span class='ocrx_word' id='word_1_42' title='bbox 1577 835 1813 891; x_wconf 88' lang='lat' dir='ltr'><strong>Gaudeo</strong></span> <span class='ocrx_word' id='word_1_43' title='bbox 1862 837 2042 909; x_wconf 80' lang='lat' dir='ltr'><strong>igitur</strong></span> <span class='ocrx_word' id='word_1_44' title='bbox 2071 845 2131 894; x_wconf 91' lang='lat' dir='ltr'><strong>et</strong></span> 
     </span>
    </p>
   </div>
   <div class='ocr_carea' id='block_1_9' title="bbox 466 926 2132 1000">
    <p class='ocr_par' dir='ltr' id='par_1_9' title="bbox 466 926 2132 1000">
     <span class='ocr_line' id='line_1_9' title="bbox 466 926 2132 1000; baseline -0.002 -12"><span class='ocrx_word' id='word_1_45' title='bbox 466 932 695 988; x_wconf 83' lang='lat' dir='ltr'><strong>exsulto</strong></span> <span class='ocrx_word' id='word_1_46' title='bbox 719 929 953 986; x_wconf 89' lang='lat' dir='ltr'><strong>Domini</strong></span> <span class='ocrx_word' id='word_1_47' title='bbox 969 929 1083 984; x_wconf 89' lang='lat' dir='ltr'><strong>mei</strong></span> <span class='ocrx_word' id='word_1_48' title='bbox 1099 926 1522 1000; x_wconf 90' lang='lat' dir='ltr'><strong>passionnibus</strong></span> <span class='ocrx_word' id='word_1_49' title='bbox 1541 926 2132 985; x_wconf 84' lang='lat' dir='ltr'><strong>illustratus.Allevat</strong></span> 
     </span>
    </p>
   </div>
   <div class='ocr_carea' id='block_1_10' title="bbox 462 1017 2126 1090">
    <p class='ocr_par' dir='ltr' id='par_1_10' title="bbox 462 1017 2126 1090">
     <span class='ocr_line' id='line_1_10' title="bbox 462 1017 2126 1090; baseline -0.001 -12"><span class='ocrx_word' id='word_1_50' title='bbox 462 1039 669 1078; x_wconf 90' lang='lat' dir='ltr'><strong>meum</strong></span> <span class='ocrx_word' id='word_1_51' title='bbox 702 1019 970 1075; x_wconf 84' lang='lat' dir='ltr'><strong>dolorem</strong></span> <span class='ocrx_word' id='word_1_52' title='bbox 1003 1018 1258 1073; x_wconf 88' lang='lat' dir='ltr'><strong>imitatio</strong></span> <span class='ocrx_word' id='word_1_53' title='bbox 1292 1017 1628 1088; x_wconf 87' lang='lat' dir='ltr'><strong>passionis;</strong></span> <span class='ocrx_word' id='word_1_54' title='bbox 1663 1018 1897 1090; x_wconf 77' lang='lat' dir='ltr'><strong>mitigat</strong></span> <span class='ocrx_word' id='word_1_55' title='bbox 1924 1035 2126 1076; x_wconf 91' lang='lat' dir='ltr'><strong>meum</strong></span> 
     </span>
    </p>
   </div>
   <div class='ocr_carea' id='block_1_11' title="bbox 463 1105 2128 1179">
    <p class='ocr_par' dir='ltr' id='par_1_11' title="bbox 463 1105 2128 1179">
     <span class='ocr_line' id='line_1_11' title="bbox 463 1105 2128 1179; baseline -0.002 -14"><span class='ocrx_word' id='word_1_56' title='bbox 463 1109 799 1165; x_wconf 89' lang='lat' dir='ltr'><strong>cruciatum</strong></span> <span class='ocrx_word' id='word_1_57' title='bbox 829 1107 991 1179; x_wconf 92' lang='lat' dir='ltr'><strong>quod</strong></span> <span class='ocrx_word' id='word_1_58' title='bbox 1041 1105 1318 1163; x_wconf 90' lang='lat' dir='ltr'><strong>eumdem</strong></span> <span class='ocrx_word' id='word_1_59' title='bbox 1366 1121 1502 1159; x_wconf 90' lang='lat' dir='ltr'><strong>cum</strong></span> <span class='ocrx_word' id='word_1_60' title='bbox 1557 1105 1943 1176; x_wconf 88' lang='lat' dir='ltr'><strong>optimatibus</strong></span> <span class='ocrx_word' id='word_1_61' title='bbox 1989 1124 2128 1178; x_wconf 89' lang='lat' dir='ltr'><strong>par-</strong></span> 
     </span>
    </p>
   </div>
   <div class='ocr_carea' id='block_1_12' title="bbox 468 1195 2127 1271">
    <p class='ocr_par' dir='ltr' id='par_1_12' title="bbox 468 1195 2127 1271">
     <span class='ocr_line' id='line_1_12' title="bbox 468 1195 2127 1271; baseline -0.001 -17"><span class='ocrx_word' id='word_1_62' title='bbox 468 1199 733 1271; x_wconf 87' lang='lat' dir='ltr'><strong>ticipem.</strong></span> <span class='ocrx_word' id='word_1_63' title='bbox 768 1197 1057 1269; x_wconf 88' lang='lat' dir='ltr'><strong>Equidem</strong></span> <span class='ocrx_word' id='word_1_64' title='bbox 1089 1195 1305 1250; x_wconf 89' lang='lat' dir='ltr'><strong>Christi</strong></span> <span class='ocrx_word' id='word_1_65' title='bbox 1337 1195 1527 1267; x_wconf 90' lang='lat' dir='ltr'><strong>gratia</strong></span> <span class='ocrx_word' id='word_1_66' title='bbox 1575 1195 1736 1250; x_wconf 83' lang='lat' dir='ltr'><strong>ﬁlius</strong></span> <span class='ocrx_word' id='word_1_67' title='bbox 1785 1196 1887 1250; x_wconf 91' lang='lat' dir='ltr'><strong>Dei</strong></span> <span class='ocrx_word' id='word_1_68' title='bbox 1938 1196 2127 1253; x_wconf 86' lang='lat' dir='ltr'><strong>factus</strong></span> 
     </span>
    </p>
   </div>
   <div class='ocr_carea' id='block_1_13' title="bbox 469 1284 2130 1360">
    <p class='ocr_par' dir='ltr' id='par_1_13' title="bbox 469 1284 2130 1360">
     <span class='ocr_line' id='line_1_13' title="bbox 469 1284 2130 1360; baseline -0.001 -16"><span class='ocrx_word' id='word_1_69' title='bbox 469 1305 604 1345; x_wconf 91' lang='lat' dir='ltr'><strong>sum</strong></span> <span class='ocrx_word' id='word_1_70' title='bbox 627 1305 735 1360; x_wconf 91' lang='lat' dir='ltr'><strong>per</strong></span> <span class='ocrx_word' id='word_1_71' title='bbox 764 1288 1129 1360; x_wconf 87' lang='lat' dir='ltr'><strong>baptismum</strong></span> <span class='ocrx_word' id='word_1_72' title='bbox 1162 1292 1220 1340; x_wconf 91' lang='lat' dir='ltr'><strong>et</strong></span> <span class='ocrx_word' id='word_1_73' title='bbox 1251 1284 1474 1340; x_wconf 92' lang='lat' dir='ltr'><strong>donum</strong></span> <span class='ocrx_word' id='word_1_74' title='bbox 1523 1284 1776 1356; x_wconf 87' lang='lat' dir='ltr'><strong>Spiritus</strong></span> <span class='ocrx_word' id='word_1_75' title='bbox 1827 1287 2038 1353; x_wconf 86' lang='lat' dir='ltr'><strong>sancti,</strong></span> <span class='ocrx_word' id='word_1_76' title='bbox 2071 1293 2130 1342; x_wconf 92' lang='lat' dir='ltr'><strong>et</strong></span> 
     </span>
    </p>
   </div>
   <div class='ocr_carea' id='block_1_14' title="bbox 467 1373 2125 1449">
    <p class='ocr_par' dir='ltr' id='par_1_14' title="bbox 467 1373 2125 1449">
     <span class='ocr_line' id='line_1_14' title="bbox 467 1373 2125 1449; baseline -0.002 -16"><span class='ocrx_word' id='word_1_77' title='bbox 467 1377 663 1433; x_wconf 86' lang='lat' dir='ltr'><strong>adhuc</strong></span> <span class='ocrx_word' id='word_1_78' title='bbox 693 1377 881 1449; x_wconf 88' lang='lat' dir='ltr'><strong>magis</strong></span> <span class='ocrx_word' id='word_1_79' title='bbox 908 1377 1049 1431; x_wconf 83' lang='lat' dir='ltr'><strong>fiam</strong></span> <span class='ocrx_word' id='word_1_80' title='bbox 1085 1391 1193 1446; x_wconf 91' lang='lat' dir='ltr'><strong>per</strong></span> <span class='ocrx_word' id='word_1_81' title='bbox 1244 1373 1746 1429; x_wconf 84' lang='lat' dir='ltr'><strong>resurrectionem</strong></span> <span class='ocrx_word' id='word_1_82' title='bbox 1795 1390 1828 1428; x_wconf 92' lang='lat' dir='ltr'><strong>a</strong></span> <span class='ocrx_word' id='word_1_83' title='bbox 1857 1375 2125 1438; x_wconf 89' lang='lat' dir='ltr'><strong>mortuis,</strong></span> 
     </span>
    </p>
   </div>
   <div class='ocr_carea' id='block_1_15' title="bbox 467 1463 2128 1538">
    <p class='ocr_par' dir='ltr' id='par_1_15' title="bbox 467 1463 2128 1538">
     <span class='ocr_line' id='line_1_15' title="bbox 467 1463 2128 1538; baseline -0.001 -16"><span class='ocrx_word' id='word_1_84' title='bbox 467 1467 699 1522; x_wconf 86' lang='lat' dir='ltr'><strong>Gratias</strong></span> <span class='ocrx_word' id='word_1_85' title='bbox 730 1467 839 1521; x_wconf 83' lang='lat' dir='ltr'><strong>tibi</strong></span> <span class='ocrx_word' id='word_1_86' title='bbox 887 1481 1014 1538; x_wconf 89' lang='lat' dir='ltr'><strong>ago,</strong></span> <span class='ocrx_word' id='word_1_87' title='bbox 1069 1465 1340 1532; x_wconf 90' lang='lat' dir='ltr'><strong>Domine,</strong></span> <span class='ocrx_word' id='word_1_88' title='bbox 1393 1463 1533 1534; x_wconf 91' lang='lat' dir='ltr'><strong>quia</strong></span> <span class='ocrx_word' id='word_1_89' title='bbox 1581 1463 1700 1518; x_wconf 91' lang='lat' dir='ltr'><strong>tuis</strong></span> <span class='ocrx_word' id='word_1_90' title='bbox 1749 1463 2128 1535; x_wconf 89' lang='lat' dir='ltr'><strong>passionibus</strong></span> 
     </span>
    </p>
   </div>
   <div class='ocr_carea' id='block_1_16' title="bbox 463 1553 2125 1631">
    <p class='ocr_par' dir='ltr' id='par_1_16' title="bbox 463 1553 2125 1631">
     <span class='ocr_line' id='line_1_16' title="bbox 463 1553 2125 1631; baseline -0.001 -20"><span class='ocrx_word' id='word_1_91' title='bbox 463 1555 760 1612; x_wconf 90' lang='lat' dir='ltr'><strong>coronasti</strong></span> <span class='ocrx_word' id='word_1_92' title='bbox 778 1554 1014 1610; x_wconf 90' lang='lat' dir='ltr'><strong>me.Sed</strong></span> <span class='ocrx_word' id='word_1_93' title='bbox 1047 1559 1132 1620; x_wconf 89' lang='lat' dir='ltr'><strong>tu,</strong></span> <span class='ocrx_word' id='word_1_94' title='bbox 1166 1570 1199 1608; x_wconf 97' lang='lat' dir='ltr'><strong>o</strong></span> <span class='ocrx_word' id='word_1_95' title='bbox 1231 1553 1484 1624; x_wconf 80' lang='lat' dir='ltr'><strong>benigne</strong></span> <span class='ocrx_word' id='word_1_96' title='bbox 1507 1557 1565 1607; x_wconf 90' lang='lat' dir='ltr'><strong>et</strong></span> <span class='ocrx_word' id='word_1_97' title='bbox 1586 1553 1924 1608; x_wconf 86' lang='lat' dir='ltr'><strong>misericors</strong></span> <span class='ocrx_word' id='word_1_98' title='bbox 1948 1555 2125 1631; x_wconf 73' lang='lat' dir='ltr'><strong>Deus,</strong></span> 
     </span>
    </p>
   </div>
   <div class='ocr_carea' id='block_1_17' title="bbox 465 1641 2131 1715">
    <p class='ocr_par' dir='ltr' id='par_1_17' title="bbox 465 1641 2131 1715">
     <span class='ocr_line' id='line_1_17' title="bbox 465 1641 2131 1715; baseline -0.001 -15"><span class='ocrx_word' id='word_1_99' title='bbox 465 1659 893 1715; x_wconf 79' lang='lat' dir='ltr'><strong>servorumque</strong></span> <span class='ocrx_word' id='word_1_100' title='bbox 924 1648 1161 1698; x_wconf 88' lang='lat' dir='ltr'><strong>tuorum</strong></span> <span class='ocrx_word' id='word_1_101' title='bbox 1194 1641 1434 1713; x_wconf 87' lang='lat' dir='ltr'><strong>provide</strong></span> <span class='ocrx_word' id='word_1_102' title='bbox 1485 1645 1701 1706; x_wconf 89' lang='lat' dir='ltr'><strong>rector,</strong></span> <span class='ocrx_word' id='word_1_103' title='bbox 1751 1642 1971 1712; x_wconf 82' lang='lat' dir='ltr'><strong>perfice</strong></span> <span class='ocrx_word' id='word_1_104' title='bbox 2003 1659 2131 1698; x_wconf 88' lang='lat' dir='ltr'><strong>cur-</strong></span> 
     </span>
    </p>
   </div>
   <div class='ocr_carea' id='block_1_18' title="bbox 464 1729 2128 1796">
    <p class='ocr_par' dir='ltr' id='par_1_18' title="bbox 464 1729 2128 1796">
     <span class='ocr_line' id='line_1_18' title="bbox 464 1729 2128 1796; baseline -0.002 -6"><span class='ocrx_word' id='word_1_105' title='bbox 464 1751 599 1790; x_wconf 89' lang='lat' dir='ltr'><strong>sum</strong></span> <span class='ocrx_word' id='word_1_106' title='bbox 629 1749 829 1789; x_wconf 90' lang='lat' dir='ltr'><strong>meum</strong></span> <span class='ocrx_word' id='word_1_107' title='bbox 862 1732 923 1787; x_wconf 92' lang='lat' dir='ltr'><strong>in</strong></span> <span class='ocrx_word' id='word_1_108' title='bbox 963 1731 1049 1786; x_wconf 89' lang='lat' dir='ltr'><strong>tui</strong></span> <span class='ocrx_word' id='word_1_109' title='bbox 1095 1730 1360 1786; x_wconf 89' lang='lat' dir='ltr'><strong>nominis</strong></span> <span class='ocrx_word' id='word_1_110' title='bbox 1401 1729 1800 1796; x_wconf 86' lang='lat' dir='ltr'><strong>confessione,</strong></span> <span class='ocrx_word' id='word_1_111' title='bbox 1833 1735 1892 1784; x_wconf 90' lang='lat' dir='ltr'><strong>et</strong></span> <span class='ocrx_word' id='word_1_112' title='bbox 1920 1748 1994 1786; x_wconf 90' lang='lat' dir='ltr'><strong>ne</strong></span> <span class='ocrx_word' id='word_1_113' title='bbox 2031 1732 2128 1788; x_wconf 88' lang='lat' dir='ltr'><strong>in-</strong></span> 
     </span>
    </p>
   </div>
   <div class='ocr_carea' id='block_1_19' title="bbox 461 1819 2130 1895">
    <p class='ocr_par' dir='ltr' id='par_1_19' title="bbox 461 1819 2130 1895">
     <span class='ocr_line' id='line_1_19' title="bbox 461 1819 2130 1895; baseline 0 -17"><span class='ocrx_word' id='word_1_114' title='bbox 461 1821 710 1895; x_wconf 90' lang='lat' dir='ltr'><strong>dignum</strong></span> <span class='ocrx_word' id='word_1_115' title='bbox 745 1822 858 1877; x_wconf 84' lang='lat' dir='ltr'><strong>hoc</strong></span> <span class='ocrx_word' id='word_1_116' title='bbox 896 1826 1087 1892; x_wconf 71' lang='lat' dir='ltr'><strong>empto</strong></span> <span class='ocrx_word' id='word_1_117' title='bbox 1140 1837 1235 1875; x_wconf 90' lang='lat' dir='ltr'><strong>me</strong></span> <span class='ocrx_word' id='word_1_118' title='bbox 1272 1819 1534 1892; x_wconf 86' lang='lat' dir='ltr'><strong>judices,</strong></span> <span class='ocrx_word' id='word_1_119' title='bbox 1589 1825 1833 1891; x_wconf 88' lang='lat' dir='ltr'><strong>propter</strong></span> <span class='ocrx_word' id='word_1_120' title='bbox 1884 1828 2130 1892; x_wconf 87' lang='lat' dir='ltr'><strong>peccata</strong></span> 
     </span>
    </p>
   </div>
   <div class='ocr_carea' id='block_1_20' title="bbox 2237 662 3916 743">
    <p class='ocr_par' dir='ltr' id='par_1_20' title="bbox 2237 662 3916 743">
     <span class='ocr_line' id='line_1_20' title="bbox 2237 662 3916 743; baseline 0.007 -27"><span class='ocrx_word' id='word_1_121' title='bbox 2237 662 2554 740; x_wconf 85' lang='grc' dir='ltr'><strong>προσεπάγη</strong></span> <span class='ocrx_word' id='word_1_122' title='bbox 2613 662 2704 720; x_wconf 77' lang='grc' dir='ltr'><strong>διὰ</strong></span> <span class='ocrx_word' id='word_1_123' title='bbox 2773 667 2873 735; x_wconf 80' lang='grc' dir='ltr'><strong>τήν</strong></span> <span class='ocrx_word' id='word_1_124' title='bbox 2932 665 3072 741; x_wconf 80' lang='grc' dir='ltr'><strong>έμὴν</strong></span> <span class='ocrx_word' id='word_1_125' title='bbox 3135 668 3402 743; x_wconf 77' lang='grc' dir='ltr'><strong>ἁμαρτίαν</strong></span> <span class='ocrx_word' id='word_1_126' title='bbox 3449 690 3518 726; x_wconf 80' lang='grc' dir='ltr'><strong>τε</strong></span> <span class='ocrx_word' id='word_1_127' title='bbox 3582 669 3683 725; x_wconf 76' lang='grc' dir='ltr'><strong>καὶ</strong></span> <span class='ocrx_word' id='word_1_128' title='bbox 3745 675 3916 738; x_wconf 84' lang='grc' dir='ltr'><strong>παρά-</strong></span> 
     </span>
    </p>
   </div>
   <div class='ocr_carea' id='block_1_21' title="bbox 2237 745 3910 835">
    <p class='ocr_par' dir='ltr' id='par_1_21' title="bbox 2237 745 3910 835">
     <span class='ocr_line' id='line_1_21' title="bbox 2237 745 3910 835; baseline 0.007 -30"><span class='ocrx_word' id='word_1_129' title='bbox 2237 745 2417 822; x_wconf 76' lang='grc' dir='ltr'><strong>ϐασιν,</strong></span> <span class='ocrx_word' id='word_1_130' title='bbox 2449 754 2476 808; x_wconf 99' lang='lat'><strong>6</strong></span> <span class='ocrx_word' id='word_1_131' title='bbox 2510 755 2587 827; x_wconf 77' lang='grc' dir='ltr'><strong>μή</strong></span> <span class='ocrx_word' id='word_1_132' title='bbox 2619 753 2782 830; x_wconf 75' lang='grc' dir='ltr'><strong>γνοὺς</strong></span> <span class='ocrx_word' id='word_1_133' title='bbox 2813 757 3106 832; x_wconf 76' lang='grc' dir='ltr'><strong>ἁμαρτίαν,</strong></span> <span class='ocrx_word' id='word_1_134' title='bbox 3144 755 3282 832; x_wconf 66' lang='grc' dir='ltr'><strong>μηδὲ</strong></span> <span class='ocrx_word' id='word_1_135' title='bbox 3340 756 3510 814; x_wconf 84' lang='grc' dir='ltr'>δόλον</span> <span class='ocrx_word' id='word_1_136' title='bbox 3571 759 3629 814; x_wconf 65' lang='grc' dir='ltr'><strong>δν</strong></span> <span class='ocrx_word' id='word_1_137' title='bbox 3682 762 3910 835; x_wconf 81' lang='grc' dir='ltr'><strong>στόματι</strong></span> 
     </span>
    </p>
   </div>
   <div class='ocr_carea' id='block_1_22' title="bbox 2237 839 3913 924">
    <p class='ocr_par' dir='ltr' id='par_1_22' title="bbox 2237 839 3913 924">
     <span class='ocr_line' id='line_1_22' title="bbox 2237 839 3913 924; baseline 0.007 -28"><span class='ocrx_word' id='word_1_138' title='bbox 2237 839 2620 917; x_wconf 71' lang='grc' dir='ltr'><strong>ὶργασόίμενος.</strong></span> <span class='ocrx_word' id='word_1_139' title='bbox 2657 843 2848 902; x_wconf 86' lang='grc' dir='ltr'><strong>Πολλὰ</strong></span> <span class='ocrx_word' id='word_1_140' title='bbox 2901 851 3196 924; x_wconf 79' lang='grc' dir='ltr'><strong>τοιγαροῦν</strong></span> <span class='ocrx_word' id='word_1_141' title='bbox 3243 847 3310 904; x_wconf 66' lang='grc' dir='ltr'><strong>τά</strong></span> <span class='ocrx_word' id='word_1_142' title='bbox 3356 853 3454 904; x_wconf 88' lang='grc' dir='ltr'><strong>τοῦ</strong></span> <span class='ocrx_word' id='word_1_143' title='bbox 3508 848 3659 923; x_wconf 76' lang='grc' dir='ltr'><strong>ἐμοῦ</strong></span> <span class='ocrx_word' id='word_1_144' title='bbox 3711 855 3913 908; x_wconf 85' lang='grc' dir='ltr'><strong>Δεσπό-</strong></span> 
     </span>
    </p>
   </div>
   <div class='ocr_carea' id='block_1_23' title="bbox 2232 933 3900 1016">
    <p class='ocr_par' dir='ltr' id='par_1_23' title="bbox 2232 933 3900 1016">
     <span class='ocr_line' id='line_1_23' title="bbox 2232 933 3900 1016; baseline 0.007 -32"><span class='ocrx_word' id='word_1_145' title='bbox 2232 950 2330 984; x_wconf 90' lang='grc' dir='ltr'><strong>του</strong></span> <span class='ocrx_word' id='word_1_146' title='bbox 2360 933 2679 1006; x_wconf 74' lang='grc' dir='ltr'><strong>παθήματα’</strong></span> <span class='ocrx_word' id='word_1_147' title='bbox 2742 936 2953 1012; x_wconf 74' lang='grc' dir='ltr'><strong>μακρὰν</strong></span> <span class='ocrx_word' id='word_1_148' title='bbox 3014 935 3131 1010; x_wconf 79' lang='grc' dir='ltr'><strong>είμὶ</strong></span> <span class='ocrx_word' id='word_1_149' title='bbox 3181 943 3282 1006; x_wconf 80' lang='grc' dir='ltr'><strong>τῆς</strong></span> <span class='ocrx_word' id='word_1_150' title='bbox 3340 937 3559 994; x_wconf 79' lang='grc' dir='ltr'><strong>έκείνου</strong></span> <span class='ocrx_word' id='word_1_151' title='bbox 3627 952 3900 1016; x_wconf 79' lang='grc' dir='ltr'><strong>μακροθυο</strong></span> 
     </span>
    </p>
   </div>
   <div class='ocr_carea' id='block_1_24' title="bbox 2241 1019 3907 1103">
    <p class='ocr_par' dir='ltr' id='par_1_24' title="bbox 2241 1019 3907 1103">
     <span class='ocr_line' id='line_1_24' title="bbox 2241 1019 3907 1103; baseline 0.007 -29"><span class='ocrx_word' id='word_1_152' title='bbox 2241 1019 2368 1092; x_wconf 90' lang='grc' dir='ltr'><strong>μίας</strong></span> <span class='ocrx_word' id='word_1_153' title='bbox 2397 1020 2487 1076; x_wconf 71' lang='grc' dir='ltr'><strong>καὶ</strong></span> <span class='ocrx_word' id='word_1_154' title='bbox 2547 1023 2758 1098; x_wconf 78' lang='grc' dir='ltr'>ἀνοχῆς</span> <span class='ocrx_word' id='word_1_155' title='bbox 2816 1025 2845 1080; x_wconf 89' lang='lat'><strong>6</strong></span> <span class='ocrx_word' id='word_1_156' title='bbox 2895 1022 3270 1102; x_wconf 75' lang='grc' dir='ltr'><strong>ταλαίπωροςο</strong></span> <span class='ocrx_word' id='word_1_157' title='bbox 3329 1028 3521 1103; x_wconf 84' lang='grc' dir='ltr'><strong>χαίρω</strong></span> <span class='ocrx_word' id='word_1_158' title='bbox 3582 1028 3776 1085; x_wconf 81' lang='grc' dir='ltr'><strong>τοίνυν</strong></span> <span class='ocrx_word' id='word_1_159' title='bbox 3825 1032 3907 1086; x_wconf 73' lang='grc' dir='ltr'><strong>καί</strong></span> 
     </span>
    </p>
   </div>
   <div class='ocr_carea' id='block_1_25' title="bbox 2235 1107 3904 1196">
    <p class='ocr_par' dir='ltr' id='par_1_25' title="bbox 2235 1107 3904 1196">
     <span class='ocr_line' id='line_1_25' title="bbox 2235 1107 3904 1196; baseline 0.007 -33"><span class='ocrx_word' id='word_1_160' title='bbox 2235 1107 2488 1184; x_wconf 83' lang='grc' dir='ltr'><strong>ἀγαλλιῶ</strong></span> <span class='ocrx_word' id='word_1_161' title='bbox 2518 1117 2634 1174; x_wconf 85' lang='grc' dir='ltr'><strong>τοῖς</strong></span> <span class='ocrx_word' id='word_1_162' title='bbox 2657 1117 2759 1168; x_wconf 85' lang='grc' dir='ltr'><strong>τοῦ</strong></span> <span class='ocrx_word' id='word_1_163' title='bbox 2807 1115 3084 1170; x_wconf 87' lang='grc' dir='ltr'><strong>Δεσπότου</strong></span> <span class='ocrx_word' id='word_1_164' title='bbox 3145 1136 3249 1189; x_wconf 77' lang='grc' dir='ltr'><strong>μου</strong></span> <span class='ocrx_word' id='word_1_165' title='bbox 3297 1119 3595 1190; x_wconf 77' lang='grc' dir='ltr'><strong>παθήμασι</strong></span> <span class='ocrx_word' id='word_1_166' title='bbox 3653 1117 3904 1196; x_wconf 78' lang='grc' dir='ltr'><strong>λαμπρυο</strong></span> 
     </span>
    </p>
   </div>
   <div class='ocr_carea' id='block_1_26' title="bbox 2234 1198 3904 1283">
    <p class='ocr_par' dir='ltr' id='par_1_26' title="bbox 2234 1198 3904 1283">
     <span class='ocr_line' id='line_1_26' title="bbox 2234 1198 3904 1283; baseline 0.008 -30"><span class='ocrx_word' id='word_1_167' title='bbox 2234 1198 2490 1273; x_wconf 88' lang='grc' dir='ltr'><strong>νόμενος.</strong></span> <span class='ocrx_word' id='word_1_168' title='bbox 2555 1204 2816 1282; x_wconf 86' lang='grc' dir='ltr'><strong>Κουφίζει</strong></span> <span class='ocrx_word' id='word_1_169' title='bbox 2879 1227 2987 1278; x_wconf 93' lang='grc' dir='ltr'><strong>μου</strong></span> <span class='ocrx_word' id='word_1_170' title='bbox 3033 1208 3128 1261; x_wconf 85' lang='grc' dir='ltr'><strong>τὸν</strong></span> <span class='ocrx_word' id='word_1_171' title='bbox 3183 1209 3350 1262; x_wconf 80' lang='grc' dir='ltr'><strong>πόνον</strong></span> <span class='ocrx_word' id='word_1_172' title='bbox 3403 1212 3562 1283; x_wconf 83' lang='grc'><strong>[370]</strong></span> <span class='ocrx_word' id='word_1_173' title='bbox 3595 1211 3634 1280; x_wconf 77' lang='grc' dir='ltr'><strong>ἡ</strong></span> <span class='ocrx_word' id='word_1_174' title='bbox 3673 1210 3904 1283; x_wconf 83' lang='grc' dir='ltr'><strong>μίμησις</strong></span> 
     </span>
    </p>
   </div>
   <div class='ocr_carea' id='block_1_27' title="bbox 2234 1291 3905 1374">
    <p class='ocr_par' dir='ltr' id='par_1_27' title="bbox 2234 1291 3905 1374">
     <span class='ocr_line' id='line_1_27' title="bbox 2234 1291 3905 1374; baseline 0.008 -32"><span class='ocrx_word' id='word_1_175' title='bbox 2234 1293 2335 1343; x_wconf 82' lang='grc' dir='ltr'><strong>τοῦ</strong></span> <span class='ocrx_word' id='word_1_176' title='bbox 2393 1291 2627 1354; x_wconf 84' lang='grc' dir='ltr'><strong>πάθους⁶</strong></span> <span class='ocrx_word' id='word_1_177' title='bbox 2686 1291 2975 1370; x_wconf 72' lang='grc' dir='ltr'><strong>ἐλαφρύνει</strong></span> <span class='ocrx_word' id='word_1_178' title='bbox 3021 1316 3127 1368; x_wconf 91' lang='grc' dir='ltr'><strong>μου</strong></span> <span class='ocrx_word' id='word_1_179' title='bbox 3181 1297 3283 1366; x_wconf 77' lang='grc' dir='ltr'><strong>τὴν</strong></span> <span class='ocrx_word' id='word_1_180' title='bbox 3337 1295 3632 1374; x_wconf 81' lang='grc' dir='ltr'><strong>ἀλγηδόνα</strong></span> <span class='ocrx_word' id='word_1_181' title='bbox 3688 1302 3724 1370; x_wconf 87' lang='grc' dir='ltr'>ἡ</span> <span class='ocrx_word' id='word_1_182' title='bbox 3775 1301 3905 1374; x_wconf 65' lang='lat'><strong>61.10-</strong></span> 
     </span>
    </p>
   </div>
   <div class='ocr_carea' id='block_1_28' title="bbox 2237 1377 3902 1461">
    <p class='ocr_par' dir='ltr' id='par_1_28' title="bbox 2237 1377 3902 1461">
     <span class='ocr_line' id='line_1_28' title="bbox 2237 1377 3902 1461; baseline 0.008 -29"><span class='ocrx_word' id='word_1_183' title='bbox 2237 1377 2395 1451; x_wconf 90' lang='grc' dir='ltr'><strong>νιμία</strong></span> <span class='ocrx_word' id='word_1_184' title='bbox 2450 1383 2557 1436; x_wconf 86' lang='grc' dir='ltr'><strong>τῶν</strong></span> <span class='ocrx_word' id='word_1_185' title='bbox 2621 1382 2968 1458; x_wconf 80' lang='grc' dir='ltr'><strong>κρειττόνων.</strong></span> <span class='ocrx_word' id='word_1_186' title='bbox 3031 1386 3195 1461; x_wconf 83' lang='grc' dir='ltr'><strong>Κάγὼ</strong></span> <span class='ocrx_word' id='word_1_187' title='bbox 3251 1385 3354 1461; x_wconf 76' lang='grc' dir='ltr'><strong>γάρ</strong></span> <span class='ocrx_word' id='word_1_188' title='bbox 3414 1384 3488 1441; x_wconf 83' lang='grc' dir='ltr'><strong>δι’</strong></span> <span class='ocrx_word' id='word_1_189' title='bbox 3570 1387 3740 1444; x_wconf 77' lang='grc' dir='ltr'><strong>αὐτὸν</strong></span> <span class='ocrx_word' id='word_1_190' title='bbox 3799 1391 3902 1452; x_wconf 79' lang='grc' dir='ltr'><strong>υίὸς</strong></span> 
     </span>
    </p>
   </div>
   <div class='ocr_carea' id='block_1_29' title="bbox 2237 1468 3897 1553">
    <p class='ocr_par' dir='ltr' id='par_1_29' title="bbox 2237 1468 3897 1553">
     <span class='ocr_line' id='line_1_29' title="bbox 2237 1468 3897 1553; baseline 0.008 -32"><span class='ocrx_word' id='word_1_191' title='bbox 2237 1471 2374 1522; x_wconf 84' lang='grc' dir='ltr'><strong>Θεοῦ</strong></span> <span class='ocrx_word' id='word_1_192' title='bbox 2407 1468 2677 1544; x_wconf 69' lang='grc' dir='ltr'><strong>ὲγενόμην</strong></span> <span class='ocrx_word' id='word_1_193' title='bbox 2707 1469 2796 1527; x_wconf 81' lang='grc' dir='ltr'><strong>διὰ</strong></span> <span class='ocrx_word' id='word_1_194' title='bbox 2833 1476 2934 1528; x_wconf 90' lang='grc' dir='ltr'><strong>τοῦ</strong></span> <span class='ocrx_word' id='word_1_195' title='bbox 2981 1474 3356 1550; x_wconf 80' lang='grc' dir='ltr'><strong>βαπτίσματος</strong></span> <span class='ocrx_word' id='word_1_196' title='bbox 3402 1475 3496 1531; x_wconf 85' lang='grc' dir='ltr'><strong>καὶ</strong></span> <span class='ocrx_word' id='word_1_197' title='bbox 3543 1484 3655 1548; x_wconf 84' lang='grc' dir='ltr'><strong>τῆς</strong></span> <span class='ocrx_word' id='word_1_198' title='bbox 3707 1476 3897 1553; x_wconf 80' lang='grc' dir='ltr'><strong>δωρεᾶς</strong></span> 
     </span>
    </p>
   </div>
   <div class='ocr_carea' id='block_1_30' title="bbox 2235 1559 3898 1643">
    <p class='ocr_par' dir='ltr' id='par_1_30' title="bbox 2235 1559 3898 1643">
     <span class='ocr_line' id='line_1_30' title="bbox 2235 1559 3898 1643; baseline 0.01 -33"><span class='ocrx_word' id='word_1_199' title='bbox 2235 1560 2328 1611; x_wconf 84' lang='grc' dir='ltr'><strong>τεῦ</strong></span> <span class='ocrx_word' id='word_1_200' title='bbox 2361 1559 2516 1634; x_wconf 83' lang='grc' dir='ltr'><strong>ἁγίου</strong></span> <span class='ocrx_word' id='word_1_201' title='bbox 2548 1561 2886 1636; x_wconf 62' lang='grc' dir='ltr'><strong>Πνεύματος,</strong></span> <span class='ocrx_word' id='word_1_202' title='bbox 2917 1565 3008 1619; x_wconf 80' lang='grc' dir='ltr'><strong>καὶ</strong></span> <span class='ocrx_word' id='word_1_203' title='bbox 3055 1561 3136 1620; x_wconf 63' lang='grc' dir='ltr'><strong>’έτι</strong></span> <span class='ocrx_word' id='word_1_204' title='bbox 3183 1563 3401 1640; x_wconf 85' lang='grc' dir='ltr'><strong>μᾶλλον</strong></span> <span class='ocrx_word' id='word_1_205' title='bbox 3449 1569 3772 1643; x_wconf 72' lang='grc' dir='ltr'><strong>γενήσομαι</strong></span> <span class='ocrx_word' id='word_1_206' title='bbox 3821 1567 3898 1626; x_wconf 69' lang='grc' dir='ltr'><strong>διὰ</strong></span> 
     </span>
    </p>
   </div>
   <div class='ocr_carea' id='block_1_31' title="bbox 2235 1649 3899 1734">
    <p class='ocr_par' dir='ltr' id='par_1_31' title="bbox 2235 1649 3899 1734">
     <span class='ocr_line' id='line_1_31' title="bbox 2235 1649 3899 1734; baseline 0.008 -31"><span class='ocrx_word' id='word_1_207' title='bbox 2235 1654 2340 1718; x_wconf 83' lang='grc' dir='ltr'><strong>τῆς</strong></span> <span class='ocrx_word' id='word_1_208' title='bbox 2399 1649 2459 1705; x_wconf 76' lang='grc' dir='ltr'><strong>ἐκ</strong></span> <span class='ocrx_word' id='word_1_209' title='bbox 2538 1659 2744 1730; x_wconf 80' lang='grc' dir='ltr'><strong>νεκρῶν</strong></span> <span class='ocrx_word' id='word_1_210' title='bbox 2827 1655 3184 1720; x_wconf 83' lang='grc' dir='ltr'><strong>ἀναστάσεως⁶</strong></span> <span class='ocrx_word' id='word_1_211' title='bbox 3271 1657 3592 1734; x_wconf 78' lang='grc' dir='ltr'><strong>εὐχαριστῶ</strong></span> <span class='ocrx_word' id='word_1_212' title='bbox 3652 1681 3761 1729; x_wconf 91' lang='grc' dir='ltr'><strong>σοι,</strong></span> <span class='ocrx_word' id='word_1_213' title='bbox 3814 1663 3899 1717; x_wconf 77' lang='grc' dir='ltr'><strong>Δί-</strong></span> 
     </span>
    </p>
   </div>
   <div class='ocr_carea' id='block_1_32' title="bbox 2237 1739 3894 1826">
    <p class='ocr_par' dir='ltr' id='par_1_32' title="bbox 2237 1739 3894 1826">
     <span class='ocr_line' id='line_1_32' title="bbox 2237 1739 3894 1826; baseline 0.008 -34"><span class='ocrx_word' id='word_1_214' title='bbox 2237 1759 2434 1826; x_wconf 80' lang='grc' dir='ltr'><strong>σποτα,</strong></span> <span class='ocrx_word' id='word_1_215' title='bbox 2463 1739 2546 1797; x_wconf 78' lang='grc' dir='ltr'><strong>ὅτι</strong></span> <span class='ocrx_word' id='word_1_216' title='bbox 2578 1749 2698 1806; x_wconf 86' lang='grc' dir='ltr'><strong>τοῖς</strong></span> <span class='ocrx_word' id='word_1_217' title='bbox 2745 1750 2862 1807; x_wconf 83' lang='grc' dir='ltr'><strong>σοῖς</strong></span> <span class='ocrx_word' id='word_1_218' title='bbox 2912 1767 2979 1819; x_wconf 87' lang='grc' dir='ltr'><strong>με</strong></span> <span class='ocrx_word' id='word_1_219' title='bbox 3023 1746 3248 1812; x_wconf 83' lang='grc' dir='ltr'><strong>πάθεσιν</strong></span> <span class='ocrx_word' id='word_1_220' title='bbox 3293 1747 3696 1826; x_wconf 77' lang='grc' dir='ltr'><strong>ἐστεφάνωσαςο</strong></span> <span class='ocrx_word' id='word_1_221' title='bbox 3741 1748 3894 1818; x_wconf 78' lang='grc' dir='ltr'><strong>ἀλλὰ,</strong></span> 
     </span>
    </p>
   </div>
   <div class='ocr_carea' id='block_1_33' title="bbox 2239 1824 3896 1912">
    <p class='ocr_par' dir='ltr' id='par_1_33' title="bbox 2239 1824 3896 1912">
     <span class='ocr_line' id='line_1_33' title="bbox 2239 1824 3896 1912; baseline 0.009 -32"><span class='ocrx_word' id='word_1_222' title='bbox 2239 1824 2620 1906; x_wconf 86' lang='grc' dir='ltr'><strong>φιλάνθρωπε,</strong></span> <span class='ocrx_word' id='word_1_223' title='bbox 2647 1833 2738 1888; x_wconf 84' lang='grc' dir='ltr'><strong>καὶ</strong></span> <span class='ocrx_word' id='word_1_224' title='bbox 2771 1833 3202 1912; x_wconf 74' lang='grc' dir='ltr'><strong>φιλοικτίρμων,</strong></span> <span class='ocrx_word' id='word_1_225' title='bbox 3229 1836 3324 1892; x_wconf 80' lang='grc' dir='ltr'><strong>καὶ</strong></span> <span class='ocrx_word' id='word_1_226' title='bbox 3365 1824 3476 1892; x_wconf 86' lang='grc' dir='ltr'><strong>τῶν</strong></span> <span class='ocrx_word' id='word_1_227' title='bbox 3529 1843 3647 1893; x_wconf 87' lang='grc' dir='ltr'><strong>σῶν</strong></span> <span class='ocrx_word' id='word_1_228' title='bbox 3699 1835 3896 1895; x_wconf 86' lang='grc' dir='ltr'><strong>δούλων</strong></span> 
     </span>
    </p>
   </div>
   <div class='ocr_carea' id='block_1_34' title="bbox 460 1909 2132 2017">
    <p class='ocr_par' dir='ltr' id='par_1_34' title="bbox 460 1909 2125 1985">
     <span class='ocr_line' id='line_1_34' title="bbox 460 1909 2125 1985; baseline -0.001 -16"><span class='ocrx_word' id='word_1_229' title='bbox 460 1929 593 1985; x_wconf 66' lang='lat' dir='ltr'><strong>quas</strong></span> <span class='ocrx_word' id='word_1_230' title='bbox 625 1912 687 1968; x_wconf 91' lang='lat' dir='ltr'><strong>in</strong></span> <span class='ocrx_word' id='word_1_231' title='bbox 720 1912 830 1966; x_wconf 88' lang='lat' dir='ltr'><strong>hac</strong></span> <span class='ocrx_word' id='word_1_232' title='bbox 859 1911 980 1966; x_wconf 85' lang='lat' dir='ltr'><strong>vita</strong></span> <span class='ocrx_word' id='word_1_233' title='bbox 1017 1909 1312 1966; x_wconf 90' lang='lat' dir='ltr'><strong>commisi.</strong></span> <span class='ocrx_word' id='word_1_234' title='bbox 1365 1911 1483 1981; x_wconf 89' lang='lat' dir='ltr'><strong>Ego</strong></span> <span class='ocrx_word' id='word_1_235' title='bbox 1537 1909 1722 1979; x_wconf 88' lang='lat' dir='ltr'><strong>enim,</strong></span> <span class='ocrx_word' id='word_1_236' title='bbox 1756 1911 2028 1979; x_wconf 92' lang='lat' dir='ltr'><strong>Domine,</strong></span> <span class='ocrx_word' id='word_1_237' title='bbox 2064 1912 2125 1968; x_wconf 91' lang='lat' dir='ltr'><strong>in</strong></span> 
     </span>
    </p>
   </div>
   <div class='ocr_carea' id='block_1_35' title="bbox 2242 1909 3890 2017">
    <p class='ocr_par' dir='ltr' id='par_1_35' title="bbox 2242 1909 3890 2017">
     <span class='ocr_line' id='line_1_35' title="bbox 2242 1909 3890 2017; baseline 0.009 -47"><span class='ocrx_word' id='word_1_238' title='bbox 2242 1919 2546 2017; x_wconf 75' lang='grc' dir='ltr'><strong>προνοητᾶ,</strong></span> <span class='ocrx_word' id='word_1_239' title='bbox 2577 1909 2872 1979; x_wconf 81' lang='grc' dir='ltr'><strong>τελείωσόν</strong></span> <span class='ocrx_word' id='word_1_240' title='bbox 2908 1909 3136 1997; x_wconf 36' lang='grc' dir='ltr'><strong>μου-τὸν</strong></span> <span class='ocrx_word' id='word_1_241' title='bbox 3171 1922 3378 2001; x_wconf 86' lang='grc' dir='ltr'><strong>δρόμον</strong></span> <span class='ocrx_word' id='word_1_242' title='bbox 3409 1925 3462 1981; x_wconf 75' lang='grc' dir='ltr'><strong>ἐν</strong></span> <span class='ocrx_word' id='word_1_243' title='bbox 3491 1930 3572 2002; x_wconf 76' lang='grc' dir='ltr'><strong>τῇ</strong></span> <span class='ocrx_word' id='word_1_244' title='bbox 3635 1927 3890 2004; x_wconf 78' lang='grc' dir='ltr'><strong>ὁμολογίᾳ</strong></span> 
     </span>
    </p>
   </div>
   <div class='ocr_carea' id='block_1_36' title="bbox 460 1998 1880 2071">
    <p class='ocr_par' dir='ltr' id='par_1_36' title="bbox 460 1998 1880 2071">
     <span class='ocr_line' id='line_1_36' title="bbox 460 1998 1880 2071; baseline -0.005 -12"><span class='ocrx_word' id='word_1_245' title='bbox 460 2002 663 2059; x_wconf 85' lang='lat' dir='ltr'><strong>sinum</strong></span> <span class='ocrx_word' id='word_1_246' title='bbox 696 1998 1123 2056; x_wconf 62' lang='lat' dir='ltr'><strong>misericordias</strong></span> <span class='ocrx_word' id='word_1_247' title='bbox 1153 2003 1270 2053; x_wconf 65' lang='lat' dir='ltr'><strong>tua;</strong></span> <span class='ocrx_word' id='word_1_248' title='bbox 1300 1999 1598 2069; x_wconf 90' lang='lat' dir='ltr'><strong>meipsum</strong></span> <span class='ocrx_word' id='word_1_249' title='bbox 1631 1998 1880 2071; x_wconf 88' lang='lat' dir='ltr'><strong>projeci.</strong></span> 
     </span>
    </p>
   </div>
   <div class='ocr_carea' id='block_1_37' title="bbox 2237 2009 3882 2095">
    <p class='ocr_par' dir='ltr' id='par_1_37' title="bbox 2237 2009 3882 2095">
     <span class='ocr_line' id='line_1_37' title="bbox 2237 2009 3882 2095; baseline 0.009 -35"><span class='ocrx_word' id='word_1_250' title='bbox 2237 2026 2357 2080; x_wconf 87' lang='grc' dir='ltr'><strong>σου,</strong></span> <span class='ocrx_word' id='word_1_251' title='bbox 2388 2009 2478 2064; x_wconf 79' lang='grc' dir='ltr'><strong>καὶ</strong></span> <span class='ocrx_word' id='word_1_252' title='bbox 2514 2012 2588 2084; x_wconf 79' lang='grc' dir='ltr'><strong>μή</strong></span> <span class='ocrx_word' id='word_1_253' title='bbox 2628 2032 2696 2084; x_wconf 83' lang='grc' dir='ltr'><strong>με</strong></span> <span class='ocrx_word' id='word_1_254' title='bbox 2747 2013 2963 2087; x_wconf 78' lang='grc' dir='ltr'><strong>ἀνάξιον</strong></span> <span class='ocrx_word' id='word_1_255' title='bbox 3021 2013 3210 2090; x_wconf 78' lang='grc' dir='ltr'><strong>κρίνῃς</strong></span> <span class='ocrx_word' id='word_1_256' title='bbox 3264 2013 3427 2072; x_wconf 84' lang='grc' dir='ltr'><strong>τοῦδε</strong></span> <span class='ocrx_word' id='word_1_257' title='bbox 3479 2021 3590 2072; x_wconf 87' lang='grc' dir='ltr'><strong>τοῦ</strong></span> <span class='ocrx_word' id='word_1_258' title='bbox 3643 2016 3882 2095; x_wconf 77' lang='grc' dir='ltr'><strong>ὶγχειρήο</strong></span> 
     </span>
    </p>
   </div>
   <div class='ocr_carea' id='block_1_38' title="bbox 453 2082 3882 2184">
    <p class='ocr_par' dir='ltr' id='par_1_38' title="bbox 453 2082 3882 2184">
     <span class='ocr_line' id='line_1_38' title="bbox 453 2082 3882 2184; baseline 0.005 -38"><span class='ocrx_word' id='word_1_259' title='bbox 643 2083 936 2184; x_wconf 72' lang='grc' dir='ltr'><strong>ἀνέϐλυσεν</strong></span> <span class='ocrx_word' id='word_1_260' title='bbox 970 2084 1186 2157; x_wconf 72' lang='grc' dir='ltr'><strong>ὕδατος,</strong></span> <span class='ocrx_word' id='word_1_261' title='bbox 1215 2091 1390 2141; x_wconf 79' lang='grc' dir='ltr'><strong>πᾶσαν</strong></span> <span class='ocrx_word' id='word_1_262' title='bbox 1433 2082 1824 2142; x_wconf 82' lang='grc' dir='ltr'><strong>ἀποδιώκουσα</strong></span> <span class='ocrx_word' id='word_1_263' title='bbox 1882 2088 2064 2156; x_wconf 85' lang='grc' dir='ltr'><strong>νόσον,</strong></span> <span class='ocrx_word' id='word_1_264' title='bbox 2103 2085 2141 2158; x_wconf 72' lang='grc' dir='ltr'><em>ἤ</em></span> <span class='ocrx_word' id='word_1_265' title='bbox 2169 2095 2262 2150; x_wconf 79' lang='grc' dir='ltr'><strong>καὶ</strong></span> <span class='ocrx_word' id='word_1_266' title='bbox 2323 2097 2490 2176; x_wconf 77' lang='grc' dir='ltr'><strong>μέχρι</strong></span> <span class='ocrx_word' id='word_1_267' title='bbox 2517 2082 2642 2172; x_wconf 30' lang='grc' dir='ltr'><strong>-τῆς</strong></span> <span class='ocrx_word' id='word_1_268' title='bbox 2704 2082 2953 2180; x_wconf 72' lang='grc' dir='ltr'><strong>σήμερον</strong></span> <span class='ocrx_word' id='word_1_269' title='bbox 3016 2082 3188 2179; x_wconf 74' lang='grc' dir='ltr'><strong>μένεί,</strong></span> <span class='ocrx_word' id='word_1_270' title='bbox 3247 2109 3359 2161; x_wconf 86' lang='grc' dir='ltr'><strong>τῶν</strong></span> <span class='ocrx_word' id='word_1_271' title='bbox 3412 2105 3596 2184; x_wconf 85' lang='grc' dir='ltr'><strong>ἀγίων</strong></span> <span class='ocrx_word' id='word_1_272' title='bbox 3656 2082 3882 2180; x_wconf 55' lang='grc' dir='ltr'><strong>άώξουσα</strong></span> 
     </span>
    </p>
   </div>
   <div class='ocr_carea' id='block_1_39' title="bbox 456 2175 937 2251">
    <p class='ocr_par' dir='ltr' id='par_1_39' title="bbox 456 2175 937 2251">
     <span class='ocr_line' id='line_1_39' title="bbox 456 2175 937 2251; baseline -0.002 -16"><span class='ocrx_word' id='word_1_273' title='bbox 456 2181 560 2249; x_wconf 85' lang='grc' dir='ltr'><strong>τήν</strong></span> <span class='ocrx_word' id='word_1_274' title='bbox 595 2175 937 2251; x_wconf 70' lang='grc' dir='ltr'><strong>ἆπωνυμίαν.</strong></span> 
     </span>
    </p>
   </div>
   <div class='ocr_carea' id='block_1_40' title="bbox 531 2284 2124 2360">
    <p class='ocr_par' dir='ltr' id='par_1_40' title="bbox 531 2284 2124 2360">
     <span class='ocr_line' id='line_1_40' title="bbox 531 2284 2124 2360; baseline 0.001 -18"><span class='ocrx_word' id='word_1_275' title='bbox 531 2290 622 2344; x_wconf 83' lang='grc'><strong>39.</strong></span> <span class='ocrx_word' id='word_1_276' title='bbox 657 2288 792 2342; x_wconf 67' lang='lat' dir='ltr'><strong>Haec</strong></span> <span class='ocrx_word' id='word_1_277' title='bbox 824 2302 961 2342; x_wconf 90' lang='lat' dir='ltr'><strong>cum</strong></span> <span class='ocrx_word' id='word_1_278' title='bbox 991 2284 1148 2358; x_wconf 87' lang='lat' dir='ltr'><strong>apud</strong></span> <span class='ocrx_word' id='word_1_279' title='bbox 1182 2301 1244 2340; x_wconf 91' lang='lat' dir='ltr'><strong>se</strong></span> <span class='ocrx_word' id='word_1_280' title='bbox 1287 2287 1564 2356; x_wconf 85' lang='lat' dir='ltr'><strong>precatus</strong></span> <span class='ocrx_word' id='word_1_281' title='bbox 1611 2285 1846 2353; x_wconf 87' lang='lat' dir='ltr'><strong>fuisset,</strong></span> <span class='ocrx_word' id='word_1_282' title='bbox 1898 2303 2124 2360; x_wconf 90' lang='lat' dir='ltr'><strong>prope-</strong></span> 
     </span>
    </p>
   </div>
   <div class='ocr_carea' id='block_1_41' title="bbox 465 2374 2124 2449">
    <p class='ocr_par' dir='ltr' id='par_1_41' title="bbox 465 2374 2124 2449">
     <span class='ocr_line' id='line_1_41' title="bbox 465 2374 2124 2449; baseline -0.001 -16"><span class='ocrx_word' id='word_1_283' title='bbox 465 2377 618 2434; x_wconf 75' lang='lat' dir='ltr'><strong>ravit</strong></span> <span class='ocrx_word' id='word_1_284' title='bbox 647 2376 721 2432; x_wconf 85' lang='lat' dir='ltr'><strong>ad</strong></span> <span class='ocrx_word' id='word_1_285' title='bbox 753 2392 1052 2431; x_wconf 90' lang='lat' dir='ltr'><strong>carcerem</strong></span> <span class='ocrx_word' id='word_1_286' title='bbox 1075 2392 1212 2430; x_wconf 90' lang='lat' dir='ltr'><strong>cum</strong></span> <span class='ocrx_word' id='word_1_287' title='bbox 1231 2375 1453 2429; x_wconf 85' lang='lat' dir='ltr'><strong>sanctis</strong></span> <span class='ocrx_word' id='word_1_288' title='bbox 1473 2374 1832 2447; x_wconf 87' lang='lat' dir='ltr'><strong>martyribus</strong></span> <span class='ocrx_word' id='word_1_289' title='bbox 1864 2377 2124 2449; x_wconf 80' lang='lat' dir='ltr'><strong>Eugenio</strong></span> 
     </span>
    </p>
   </div>
   <div class='ocr_carea' id='block_1_42' title="bbox 464 2463 2126 2533">
    <p class='ocr_par' dir='ltr' id='par_1_42' title="bbox 464 2463 2126 2533">
     <span class='ocr_line' id='line_1_42' title="bbox 464 2463 2126 2533; baseline -0.001 -10"><span class='ocrx_word' id='word_1_290' title='bbox 464 2472 523 2524; x_wconf 90' lang='lat' dir='ltr'><strong>et</strong></span> <span class='ocrx_word' id='word_1_291' title='bbox 552 2466 840 2533; x_wconf 78' lang='lat' dir='ltr'><strong>Macario;</strong></span> <span class='ocrx_word' id='word_1_292' title='bbox 874 2472 1015 2520; x_wconf 90' lang='lat' dir='ltr'><strong>tunc</strong></span> <span class='ocrx_word' id='word_1_293' title='bbox 1046 2463 1248 2519; x_wconf 89' lang='lat' dir='ltr'><strong>traditi</strong></span> <span class='ocrx_word' id='word_1_294' title='bbox 1284 2468 1424 2518; x_wconf 90' lang='lat' dir='ltr'><strong>sunt</strong></span> <span class='ocrx_word' id='word_1_295' title='bbox 1461 2464 1692 2520; x_wconf 83' lang='lat' dir='ltr'><strong>custodi</strong></span> <span class='ocrx_word' id='word_1_296' title='bbox 1739 2467 2016 2522; x_wconf 87' lang='lat' dir='ltr'><strong>carceris.</strong></span> <span class='ocrx_word' id='word_1_297' title='bbox 2056 2468 2126 2521; x_wconf 90' lang='lat' dir='ltr'><strong>Et</strong></span> 
     </span>
    </p>
   </div>
   <div class='ocr_carea' id='block_1_43' title="bbox 467 2553 2127 2627">
    <p class='ocr_par' dir='ltr' id='par_1_43' title="bbox 467 2553 2127 2627">
     <span class='ocr_line' id='line_1_43' title="bbox 467 2553 2127 2627; baseline 0 -16"><span class='ocrx_word' id='word_1_298' title='bbox 467 2555 684 2612; x_wconf 86' lang='lat' dir='ltr'><strong>Christi</strong></span> <span class='ocrx_word' id='word_1_299' title='bbox 717 2559 941 2627; x_wconf 86' lang='lat' dir='ltr'><strong>martyr</strong></span> <span class='ocrx_word' id='word_1_300' title='bbox 973 2570 1107 2610; x_wconf 90' lang='lat' dir='ltr'><strong>cum</strong></span> <span class='ocrx_word' id='word_1_301' title='bbox 1137 2553 1355 2609; x_wconf 84' lang='lat' dir='ltr'><strong>sanctis</strong></span> <span class='ocrx_word' id='word_1_302' title='bbox 1387 2553 1602 2608; x_wconf 89' lang='lat' dir='ltr'><strong>atbelis</strong></span> <span class='ocrx_word' id='word_1_303' title='bbox 1633 2555 1895 2626; x_wconf 80' lang='lat' dir='ltr'><strong>Eugenio</strong></span> <span class='ocrx_word' id='word_1_304' title='bbox 1929 2561 1987 2611; x_wconf 90' lang='lat' dir='ltr'><strong>et</strong></span> <span class='ocrx_word' id='word_1_305' title='bbox 2016 2557 2127 2612; x_wconf 82' lang='lat' dir='ltr'><strong>Ma-</strong></span> 
     </span>
    </p>
   </div>
   <div class='ocr_carea' id='block_1_44' title="bbox 463 2643 2122 2716">
    <p class='ocr_par' dir='ltr' id='par_1_44' title="bbox 463 2643 2122 2716">
     <span class='ocr_line' id='line_1_44' title="bbox 463 2643 2122 2716; baseline -0.002 -14"><span class='ocrx_word' id='word_1_306' title='bbox 463 2645 624 2702; x_wconf 86' lang='lat' dir='ltr'><strong>cario</strong></span> <span class='ocrx_word' id='word_1_307' title='bbox 645 2644 885 2700; x_wconf 87' lang='lat' dir='ltr'><strong>laudem</strong></span> <span class='ocrx_word' id='word_1_308' title='bbox 909 2648 967 2700; x_wconf 91' lang='lat' dir='ltr'><strong>et</strong></span> <span class='ocrx_word' id='word_1_309' title='bbox 987 2643 1310 2716; x_wconf 86' lang='lat' dir='ltr'><strong>gratiarum</strong></span> <span class='ocrx_word' id='word_1_310' title='bbox 1337 2643 1633 2698; x_wconf 86' lang='lat' dir='ltr'><strong>actionem</strong></span> <span class='ocrx_word' id='word_1_311' title='bbox 1663 2645 1779 2699; x_wconf 90' lang='lat' dir='ltr'><strong>Deo</strong></span> <span class='ocrx_word' id='word_1_312' title='bbox 1803 2644 2122 2701; x_wconf 90' lang='lat' dir='ltr'><strong>tribuebat.</strong></span> 
     </span>
    </p>
   </div>
   <div class='ocr_carea' id='block_1_45' title="bbox 462 2731 2122 2806">
    <p class='ocr_par' dir='ltr' id='par_1_45' title="bbox 462 2731 2122 2806">
     <span class='ocr_line' id='line_1_45' title="bbox 462 2731 2122 2806; baseline -0.001 -16"><span class='ocrx_word' id='word_1_313' title='bbox 462 2737 631 2790; x_wconf 81' lang='lat' dir='ltr'><strong>Mane</strong></span> <span class='ocrx_word' id='word_1_314' title='bbox 660 2739 861 2790; x_wconf 86' lang='lat' dir='ltr'><strong>autem</strong></span> <span class='ocrx_word' id='word_1_315' title='bbox 892 2731 1242 2804; x_wconf 85' lang='lat' dir='ltr'><strong>facto,jubet</strong></span> <span class='ocrx_word' id='word_1_316' title='bbox 1272 2732 1490 2787; x_wconf 89' lang='lat' dir='ltr'><strong>iterum</strong></span> <span class='ocrx_word' id='word_1_317' title='bbox 1518 2734 1799 2804; x_wconf 84' lang='lat' dir='ltr'><strong>Apostata</strong></span> <span class='ocrx_word' id='word_1_318' title='bbox 1828 2739 2122 2806; x_wconf 85' lang='lat' dir='ltr'><strong>martyres</strong></span> 
     </span>
    </p>
   </div>
   <div class='ocr_carea' id='block_1_46' title="bbox 467 2820 2125 2896">
    <p class='ocr_par' dir='ltr' id='par_1_46' title="bbox 467 2820 2125 2896">
     <span class='ocr_line' id='line_1_46' title="bbox 467 2820 2125 2896; baseline -0.001 -16"><span class='ocrx_word' id='word_1_319' title='bbox 467 2825 596 2882; x_wconf 89' lang='lat' dir='ltr'><strong>sisti</strong></span> <span class='ocrx_word' id='word_1_320' title='bbox 635 2841 742 2896; x_wconf 90' lang='lat' dir='ltr'><strong>pro</strong></span> <span class='ocrx_word' id='word_1_321' title='bbox 789 2822 1096 2889; x_wconf 87' lang='lat' dir='ltr'><strong>tribunali,</strong></span> <span class='ocrx_word' id='word_1_322' title='bbox 1149 2827 1208 2877; x_wconf 90' lang='lat' dir='ltr'><strong>et</strong></span> <span class='ocrx_word' id='word_1_323' title='bbox 1265 2820 1433 2876; x_wconf 88' lang='lat' dir='ltr'><strong>nulla</strong></span> <span class='ocrx_word' id='word_1_324' title='bbox 1495 2838 1597 2876; x_wconf 92' lang='lat' dir='ltr'><strong>eos</strong></span> <span class='ocrx_word' id='word_1_325' title='bbox 1659 2823 2125 2895; x_wconf 86' lang='lat' dir='ltr'><strong>interrogatione</strong></span> 
     </span>
    </p>
   </div>
   <div class='ocr_carea' id='block_1_47' title="bbox 465 2911 2124 2987">
    <p class='ocr_par' dir='ltr' id='par_1_47' title="bbox 465 2911 2124 2987">
     <span class='ocr_line' id='line_1_47' title="bbox 465 2911 2124 2987; baseline -0.001 -18"><span class='ocrx_word' id='word_1_326' title='bbox 465 2913 764 2987; x_wconf 89' lang='lat' dir='ltr'><strong>dignatus,</strong></span> <span class='ocrx_word' id='word_1_327' title='bbox 797 2928 933 2968; x_wconf 89' lang='lat' dir='ltr'><strong>cum</strong></span> <span class='ocrx_word' id='word_1_328' title='bbox 965 2911 1340 2967; x_wconf 89' lang='lat' dir='ltr'><strong>mandassset</strong></span> <span class='ocrx_word' id='word_1_329' title='bbox 1387 2915 1621 2965; x_wconf 89' lang='lat' dir='ltr'><strong>tantum</strong></span> <span class='ocrx_word' id='word_1_330' title='bbox 1671 2927 1705 2966; x_wconf 86' lang='lat' dir='ltr'><strong>a</strong></span> <span class='ocrx_word' id='word_1_331' title='bbox 1753 2913 1930 2967; x_wconf 91' lang='lat' dir='ltr'><strong>sociis</strong></span> <span class='ocrx_word' id='word_1_332' title='bbox 1981 2912 2124 2982; x_wconf 91' lang='lat' dir='ltr'><strong>suis,</strong></span> 
     </span>
    </p>
   </div>
   <div class='ocr_carea' id='block_1_48' title="bbox 465 3000 2125 3074">
    <p class='ocr_par' dir='ltr' id='par_1_48' title="bbox 465 3000 2125 3074">
     <span class='ocr_line' id='line_1_48' title="bbox 465 3000 2125 3074; baseline -0.003 -15"><span class='ocrx_word' id='word_1_333' title='bbox 465 3003 734 3074; x_wconf 88' lang='lat' dir='ltr'><strong>Eupenio</strong></span> <span class='ocrx_word' id='word_1_334' title='bbox 766 3006 824 3056; x_wconf 91' lang='lat' dir='ltr'><strong>et</strong></span> <span class='ocrx_word' id='word_1_335' title='bbox 849 3000 1123 3066; x_wconf 79' lang='lat' dir='ltr'><strong>Macario,</strong></span> <span class='ocrx_word' id='word_1_336' title='bbox 1156 3016 1440 3072; x_wconf 87' lang='lat' dir='ltr'><strong>magnum</strong></span> <span class='ocrx_word' id='word_1_337' title='bbox 1474 3000 1805 3056; x_wconf 80' lang='lat' dir='ltr'><strong>Artemium</strong></span> <span class='ocrx_word' id='word_1_338' title='bbox 1837 3001 2125 3072; x_wconf 88' lang='lat' dir='ltr'><strong>separari,</strong></span> 
     </span>
    </p>
   </div>
   <div class='ocr_carea' id='block_1_49' title="bbox 465 3089 2125 3165">
    <p class='ocr_par' dir='ltr' id='par_1_49' title="bbox 465 3089 2125 3165">
     <span class='ocr_line' id='line_1_49' title="bbox 465 3089 2125 3165; baseline 0 -19"><span class='ocrx_word' id='word_1_339' title='bbox 465 3092 699 3165; x_wconf 89' lang='lat' dir='ltr'><strong>priores</strong></span> <span class='ocrx_word' id='word_1_340' title='bbox 731 3090 940 3146; x_wconf 87' lang='lat' dir='ltr'><strong>exsilio</strong></span> <span class='ocrx_word' id='word_1_341' title='bbox 972 3089 1255 3144; x_wconf 87' lang='lat' dir='ltr'><strong>multatos</strong></span> <span class='ocrx_word' id='word_1_342' title='bbox 1281 3089 1467 3144; x_wconf 87' lang='lat' dir='ltr'><strong>mittit</strong></span> <span class='ocrx_word' id='word_1_343' title='bbox 1511 3089 1574 3144; x_wconf 93' lang='lat' dir='ltr'><strong>in</strong></span> <span class='ocrx_word' id='word_1_344' title='bbox 1623 3090 1823 3145; x_wconf 89' lang='lat' dir='ltr'><strong>Oasim</strong></span> <span class='ocrx_word' id='word_1_345' title='bbox 1872 3089 2125 3147; x_wconf 68' lang='lat' dir='ltr'><strong>Arabia).</strong></span> 
     </span>
    </p>
   </div>
   <div class='ocr_carea' id='block_1_50' title="bbox 467 3177 2129 3252">
    <p class='ocr_par' dir='ltr' id='par_1_50' title="bbox 467 3177 2129 3252">
     <span class='ocr_line' id='line_1_50' title="bbox 467 3177 2129 3252; baseline -0.002 -15"><span class='ocrx_word' id='word_1_346' title='bbox 467 3183 650 3238; x_wconf 91' lang='lat' dir='ltr'><strong>Porro</strong></span> <span class='ocrx_word' id='word_1_347' title='bbox 686 3179 905 3252; x_wconf 87' lang='lat' dir='ltr'><strong>duplex</strong></span> <span class='ocrx_word' id='word_1_348' title='bbox 937 3177 1112 3233; x_wconf 88' lang='lat' dir='ltr'><strong>datur</strong></span> <span class='ocrx_word' id='word_1_349' title='bbox 1146 3177 1328 3249; x_wconf 83' lang='lat' dir='ltr'><strong>hujus</strong></span> <span class='ocrx_word' id='word_1_350' title='bbox 1375 3177 1642 3233; x_wconf 91' lang='lat' dir='ltr'><strong>nominis</strong></span> <span class='ocrx_word' id='word_1_351' title='bbox 1673 3178 1879 3234; x_wconf 91' lang='lat' dir='ltr'><strong>locus:</strong></span> <span class='ocrx_word' id='word_1_352' title='bbox 1913 3195 2129 3250; x_wconf 91' lang='lat' dir='ltr'><strong>nempe</strong></span> 
     </span>
    </p>
   </div>
   <div class='ocr_carea' id='block_1_51' title="bbox 465 3266 2133 3341">
    <p class='ocr_par' dir='ltr' id='par_1_51' title="bbox 465 3266 2133 3341">
     <span class='ocr_line' id='line_1_51' title="bbox 465 3266 2133 3341; baseline -0.002 -15"><span class='ocrx_word' id='word_1_353' title='bbox 465 3270 634 3326; x_wconf 91' lang='lat' dir='ltr'><strong>Oasis</strong></span> <span class='ocrx_word' id='word_1_354' title='bbox 665 3285 845 3341; x_wconf 89' lang='lat' dir='ltr'><strong>parva</strong></span> <span class='ocrx_word' id='word_1_355' title='bbox 871 3272 930 3323; x_wconf 89' lang='lat' dir='ltr'><strong>et</strong></span> <span class='ocrx_word' id='word_1_356' title='bbox 976 3283 1212 3339; x_wconf 86' lang='lat' dir='ltr'><strong>magna.</strong></span> <span class='ocrx_word' id='word_1_357' title='bbox 1246 3266 1536 3322; x_wconf 84' lang='lat' dir='ltr'><strong>Pestifera</strong></span> <span class='ocrx_word' id='word_1_358' title='bbox 1581 3272 1722 3322; x_wconf 88' lang='lat' dir='ltr'><strong>sunt</strong></span> <span class='ocrx_word' id='word_1_359' title='bbox 1756 3267 1881 3323; x_wconf 75' lang='lat' dir='ltr'><strong>haac</strong></span> <span class='ocrx_word' id='word_1_360' title='bbox 1912 3267 2046 3322; x_wconf 92' lang='lat' dir='ltr'><strong>loca</strong></span> <span class='ocrx_word' id='word_1_361' title='bbox 2074 3273 2133 3322; x_wconf 88' lang='lat' dir='ltr'><strong>et</strong></span> 
     </span>
    </p>
   </div>
   <div class='ocr_carea' id='block_1_52' title="bbox 2308 2275 3874 2366">
    <p class='ocr_par' dir='ltr' id='par_1_52' title="bbox 2308 2275 3874 2366">
     <span class='ocr_line' id='line_1_52' title="bbox 2308 2275 3874 2366; baseline 0.004 -32"><span class='ocrx_word' id='word_1_362' title='bbox 2308 2275 2409 2342; x_wconf 88' lang='grc' dir='ltr'><strong>λθ’.</strong></span> <span class='ocrx_word' id='word_1_363' title='bbox 2451 2280 2560 2335; x_wconf 82' lang='grc' dir='ltr'><strong>Καὶ</strong></span> <span class='ocrx_word' id='word_1_364' title='bbox 2615 2284 2783 2336; x_wconf 91' lang='grc' dir='ltr'><strong>ταῦτα</strong></span> <span class='ocrx_word' id='word_1_365' title='bbox 2849 2283 2986 2358; x_wconf 86' lang='grc' dir='ltr'><strong>πρὸς</strong></span> <span class='ocrx_word' id='word_1_366' title='bbox 3043 2284 3232 2340; x_wconf 62' lang='grc' dir='ltr'><strong>ἑαυτὸν</strong></span> <span class='ocrx_word' id='word_1_367' title='bbox 3291 2283 3613 2359; x_wconf 76' lang='grc' dir='ltr'><strong>εὐξάμενος,</strong></span> <span class='ocrx_word' id='word_1_368' title='bbox 3669 2281 3874 2366; x_wconf 75' lang='grc' dir='ltr'><strong>ἔφθασεν</strong></span> 
     </span>
    </p>
   </div>
   <div class='ocr_carea' id='block_1_53' title="bbox 2237 2365 3872 2453">
    <p class='ocr_par' dir='ltr' id='par_1_53' title="bbox 2237 2365 3872 2453">
     <span class='ocr_line' id='line_1_53' title="bbox 2237 2365 3872 2453; baseline 0.005 -31"><span class='ocrx_word' id='word_1_369' title='bbox 2237 2365 2290 2422; x_wconf 77' lang='grc' dir='ltr'><strong>έν</strong></span> <span class='ocrx_word' id='word_1_370' title='bbox 2319 2372 2389 2443; x_wconf 80' lang='grc' dir='ltr'><strong>τῇ</strong></span> <span class='ocrx_word' id='word_1_371' title='bbox 2421 2366 2642 2446; x_wconf 82' lang='grc' dir='ltr'><strong>φυλακῇ</strong></span> <span class='ocrx_word' id='word_1_372' title='bbox 2700 2370 2834 2444; x_wconf 84' lang='grc' dir='ltr'><strong>μετὰ</strong></span> <span class='ocrx_word' id='word_1_373' title='bbox 2889 2377 2997 2428; x_wconf 89' lang='grc' dir='ltr'><strong>τῶν</strong></span> <span class='ocrx_word' id='word_1_374' title='bbox 3057 2373 3222 2448; x_wconf 80' lang='grc' dir='ltr'><strong>ἆγίων</strong></span> <span class='ocrx_word' id='word_1_375' title='bbox 3287 2379 3580 2452; x_wconf 89' lang='grc' dir='ltr'><strong>μαρτύρων</strong></span> <span class='ocrx_word' id='word_1_376' title='bbox 3635 2365 3872 2453; x_wconf 79' lang='grc' dir='ltr'><strong>Εὖγενίου</strong></span> 
     </span>
    </p>
   </div>
   <div class='ocr_carea' id='block_1_54' title="bbox 2233 2455 3871 2544">
    <p class='ocr_par' dir='ltr' id='par_1_54' title="bbox 2233 2455 3871 2544">
     <span class='ocr_line' id='line_1_54' title="bbox 2233 2455 3871 2544; baseline 0.007 -34"><span class='ocrx_word' id='word_1_377' title='bbox 2233 2455 2324 2510; x_wconf 81' lang='grc' dir='ltr'><strong>καὶ</strong></span> <span class='ocrx_word' id='word_1_378' title='bbox 2382 2459 2686 2535; x_wconf 85' lang='grc' dir='ltr'><strong>Μακαρίου,</strong></span> <span class='ocrx_word' id='word_1_379' title='bbox 2753 2461 2846 2515; x_wconf 77' lang='grc' dir='ltr'><strong>καὶ</strong></span> <span class='ocrx_word' id='word_1_380' title='bbox 2907 2459 3284 2535; x_wconf 79' lang='grc' dir='ltr'><strong>παρεδόθησαν</strong></span> <span class='ocrx_word' id='word_1_381' title='bbox 3351 2467 3432 2536; x_wconf 82' lang='grc' dir='ltr'><strong>τῷ</strong></span> <span class='ocrx_word' id='word_1_382' title='bbox 3491 2461 3871 2544; x_wconf 82' lang='grc' dir='ltr'><strong>δεσμοφύλακι’</strong></span> 
     </span>
    </p>
   </div>
   <div class='ocr_carea' id='block_1_55' title="bbox 2233 2545 3873 2630">
    <p class='ocr_par' dir='ltr' id='par_1_55' title="bbox 2233 2545 3873 2630">
     <span class='ocr_line' id='line_1_55' title="bbox 2233 2545 3873 2630; baseline 0.006 -30"><span class='ocrx_word' id='word_1_383' title='bbox 2233 2545 2323 2600; x_wconf 79' lang='grc' dir='ltr'><strong>καὶ</strong></span> <span class='ocrx_word' id='word_1_384' title='bbox 2354 2547 2420 2616; x_wconf 81' lang='grc' dir='ltr'><strong>ἧν</strong></span> <span class='ocrx_word' id='word_1_385' title='bbox 2455 2547 2483 2602; x_wconf 88' lang='lat'><strong>6</strong></span> <span class='ocrx_word' id='word_1_386' title='bbox 2511 2553 2611 2602; x_wconf 87' lang='grc' dir='ltr'><strong>τυῦ</strong></span> <span class='ocrx_word' id='word_1_387' title='bbox 2642 2554 2877 2626; x_wconf 80' lang='grc' dir='ltr'><strong>Χριστοῦ</strong></span> <span class='ocrx_word' id='word_1_388' title='bbox 2912 2550 3116 2627; x_wconf 77' lang='grc' dir='ltr'><strong>μάρτυς</strong></span> <span class='ocrx_word' id='word_1_389' title='bbox 3174 2553 3310 2625; x_wconf 84' lang='grc' dir='ltr'><strong>μετᾶ</strong></span> <span class='ocrx_word' id='word_1_390' title='bbox 3351 2558 3460 2608; x_wconf 89' lang='grc' dir='ltr'><strong>τῶν</strong></span> <span class='ocrx_word' id='word_1_391' title='bbox 3507 2556 3678 2630; x_wconf 90' lang='grc' dir='ltr'><strong>ἁγίῶν</strong></span> <span class='ocrx_word' id='word_1_392' title='bbox 3723 2553 3873 2610; x_wconf 80' lang='grc' dir='ltr'><strong>ἆθλο-</strong></span> 
     </span>
    </p>
   </div>
   <div class='ocr_carea' id='block_1_56' title="bbox 2235 2637 3870 2720">
    <p class='ocr_par' dir='ltr' id='par_1_56' title="bbox 2235 2637 3870 2720">
     <span class='ocr_line' id='line_1_56' title="bbox 2235 2637 3870 2720; baseline 0.005 -28"><span class='ocrx_word' id='word_1_393' title='bbox 2235 2638 2420 2716; x_wconf 88' lang='grc' dir='ltr'><strong>φόρων</strong></span> <span class='ocrx_word' id='word_1_394' title='bbox 2472 2637 2728 2716; x_wconf 81' lang='grc' dir='ltr'><strong>Εὐγενίου</strong></span> <span class='ocrx_word' id='word_1_395' title='bbox 2785 2641 2876 2696; x_wconf 79' lang='grc' dir='ltr'><strong>καὶ</strong></span> <span class='ocrx_word' id='word_1_396' title='bbox 2928 2642 3232 2716; x_wconf 83' lang='grc' dir='ltr'><strong>Μακαρίου,</strong></span> <span class='ocrx_word' id='word_1_397' title='bbox 3293 2640 3604 2720; x_wconf 76' lang='grc' dir='ltr'><strong>δοξολογῶν</strong></span> <span class='ocrx_word' id='word_1_398' title='bbox 3659 2646 3744 2700; x_wconf 80' lang='grc' dir='ltr'><strong>καὶ</strong></span> <span class='ocrx_word' id='word_1_399' title='bbox 3791 2644 3870 2700; x_wconf 83' lang='grc' dir='ltr'><strong>εύ-</strong></span> 
     </span>
    </p>
   </div>
   <div class='ocr_carea' id='block_1_57' title="bbox 2235 2729 3862 2808">
    <p class='ocr_par' dir='ltr' id='par_1_57' title="bbox 2235 2729 3862 2808">
     <span class='ocr_line' id='line_1_57' title="bbox 2235 2729 3862 2808; baseline 0.004 -26"><span class='ocrx_word' id='word_1_400' title='bbox 2235 2733 2513 2803; x_wconf 86' lang='grc' dir='ltr'><strong>χαριστῶν</strong></span> <span class='ocrx_word' id='word_1_401' title='bbox 2568 2734 2647 2802; x_wconf 80' lang='grc' dir='ltr'><strong>τῷ</strong></span> <span class='ocrx_word' id='word_1_402' title='bbox 2695 2735 2835 2804; x_wconf 81' lang='grc' dir='ltr'><strong>Θεῷ,</strong></span> <span class='ocrx_word' id='word_1_403' title='bbox 2898 2730 3114 2806; x_wconf 74' lang='grc' dir='ltr'><strong>Πρωΐσς</strong></span> <span class='ocrx_word' id='word_1_404' title='bbox 3174 2729 3232 2787; x_wconf 68' lang='grc' dir='ltr'><strong>δὲ</strong></span> <span class='ocrx_word' id='word_1_405' title='bbox 3289 2736 3614 2808; x_wconf 72' lang='grc' dir='ltr'><strong>γενομένης,</strong></span> <span class='ocrx_word' id='word_1_406' title='bbox 3667 2733 3862 2790; x_wconf 78' lang='grc' dir='ltr'><strong>κελεύει</strong></span> 
     </span>
    </p>
   </div>
   <div class='ocr_carea' id='block_1_58' title="bbox 2234 2815 3867 2898">
    <p class='ocr_par' dir='ltr' id='par_1_58' title="bbox 2234 2815 3867 2898">
     <span class='ocr_line' id='line_1_58' title="bbox 2234 2815 3867 2898; baseline 0.003 -26"><span class='ocrx_word' id='word_1_407' title='bbox 2234 2815 2402 2872; x_wconf 85' lang='grc' dir='ltr'><strong>πάλιν</strong></span> <span class='ocrx_word' id='word_1_408' title='bbox 2445 2819 2473 2874; x_wconf 92' lang='lat'><strong>6</strong></span> <span class='ocrx_word' id='word_1_409' title='bbox 2532 2815 2862 2893; x_wconf 77' lang='grc' dir='ltr'><strong>Παραϐάτης</strong></span> <span class='ocrx_word' id='word_1_410' title='bbox 2915 2820 3044 2884; x_wconf 81' lang='grc' dir='ltr'><strong>τοὺς</strong></span> <span class='ocrx_word' id='word_1_411' title='bbox 3107 2820 3385 2898; x_wconf 84' lang='grc' dir='ltr'><strong>μάρτυρας</strong></span> <span class='ocrx_word' id='word_1_412' title='bbox 3440 2829 3620 2891; x_wconf 83' lang='grc' dir='ltr'><strong>στῆναι</strong></span> <span class='ocrx_word' id='word_1_413' title='bbox 3676 2823 3758 2879; x_wconf 69' lang='grc' dir='ltr'><strong>ἐπὶ</strong></span> <span class='ocrx_word' id='word_1_414' title='bbox 3810 2823 3867 2877; x_wconf 83' lang='grc' dir='ltr'><strong>τὸ</strong></span> 
     </span>
    </p>
   </div>
   <div class='ocr_carea' id='block_1_59' title="bbox 2238 2904 3862 2984">
    <p class='ocr_par' dir='ltr' id='par_1_59' title="bbox 2238 2904 3862 2984">
     <span class='ocr_line' id='line_1_59' title="bbox 2238 2904 3862 2984; baseline 0.001 -21"><span class='ocrx_word' id='word_1_415' title='bbox 2238 2904 2615 2980; x_wconf 79' lang='grc' dir='ltr'><strong>δικαστήριον,</strong></span> <span class='ocrx_word' id='word_1_416' title='bbox 2703 2909 2793 2965; x_wconf 78' lang='grc' dir='ltr'><strong>καὶ</strong></span> <span class='ocrx_word' id='word_1_417' title='bbox 2885 2907 3163 2984; x_wconf 75' lang='grc' dir='ltr'><strong>μηδεμιᾶς</strong></span> <span class='ocrx_word' id='word_1_418' title='bbox 3277 2913 3606 2984; x_wconf 79' lang='grc' dir='ltr'><strong>καταξιώσας</strong></span> <span class='ocrx_word' id='word_1_419' title='bbox 3681 2911 3862 2973; x_wconf 79' lang='grc' dir='ltr'><strong>αὐτοὺς</strong></span> 
     </span>
    </p>
   </div>
   <div class='ocr_carea' id='block_1_60' title="bbox 2238 2995 3852 3077">
    <p class='ocr_par' dir='ltr' id='par_1_60' title="bbox 2238 2995 3852 3077">
     <span class='ocr_line' id='line_1_60' title="bbox 2238 2995 3852 3077; baseline 0.001 -25"><span class='ocrx_word' id='word_1_420' title='bbox 2238 2997 2585 3072; x_wconf 72' lang='grc' dir='ltr'><strong>έρωτήσεως,</strong></span> <span class='ocrx_word' id='word_1_421' title='bbox 2617 2997 2653 3069; x_wconf 78' lang='grc' dir='ltr'><strong>ἢ</strong></span> <span class='ocrx_word' id='word_1_422' title='bbox 2686 2995 2852 3072; x_wconf 88' lang='grc' dir='ltr'><strong>μόνον</strong></span> <span class='ocrx_word' id='word_1_423' title='bbox 2904 2999 2995 3055; x_wconf 91' lang='grc' dir='ltr'><strong>τὸν</strong></span> <span class='ocrx_word' id='word_1_424' title='bbox 3056 2999 3220 3077; x_wconf 86' lang='grc' dir='ltr'><strong>μέγαν</strong></span> <span class='ocrx_word' id='word_1_425' title='bbox 3282 3002 3560 3076; x_wconf 74' lang='grc' dir='ltr'><strong>Ἀρτέμιον</strong></span> <span class='ocrx_word' id='word_1_426' title='bbox 3605 2998 3852 3074; x_wconf 84' lang='grc' dir='ltr'><strong>διαχωρι-</strong></span> 
     </span>
    </p>
   </div>
   <div class='ocr_carea' id='block_1_61' title="bbox 2237 3087 3845 3166">
    <p class='ocr_par' dir='ltr' id='par_1_61' title="bbox 2237 3087 3845 3166">
     <span class='ocr_line' id='line_1_61' title="bbox 2237 3087 3845 3166; baseline -0.001 -24"><span class='ocrx_word' id='word_1_427' title='bbox 2237 3094 2430 3158; x_wconf 82' lang='grc' dir='ltr'><strong>σθῆναι</strong></span> <span class='ocrx_word' id='word_1_428' title='bbox 2513 3095 2616 3157; x_wconf 78' lang='grc' dir='ltr'><strong>τῆς</strong></span> <span class='ocrx_word' id='word_1_429' title='bbox 2697 3087 2872 3143; x_wconf 78' lang='grc' dir='ltr'><strong>αὐτῶν</strong></span> <span class='ocrx_word' id='word_1_430' title='bbox 2961 3088 3220 3165; x_wconf 82' lang='grc' dir='ltr'><strong>συζυγίας</strong></span> <span class='ocrx_word' id='word_1_431' title='bbox 3318 3088 3845 3166; x_wconf 87' lang='grc' dir='ltr'><strong>παρακελευσάμενος,</strong></span> 
     </span>
    </p>
   </div>
   <div class='ocr_carea' id='block_1_62' title="bbox 2238 3173 3854 3257">
    <p class='ocr_par' dir='ltr' id='par_1_62' title="bbox 2238 3173 3854 3257">
     <span class='ocr_line' id='line_1_62' title="bbox 2238 3173 3854 3257; baseline -0.001 -25"><span class='ocrx_word' id='word_1_432' title='bbox 2238 3173 2452 3253; x_wconf 80' lang='grc' dir='ltr'><strong>ἐξορίαν</strong></span> <span class='ocrx_word' id='word_1_433' title='bbox 2501 3178 2618 3232; x_wconf 90' lang='grc' dir='ltr'><strong>κατ’</strong></span> <span class='ocrx_word' id='word_1_434' title='bbox 2676 3177 2853 3232; x_wconf 83' lang='grc' dir='ltr'><strong>αὐτῶν</strong></span> <span class='ocrx_word' id='word_1_435' title='bbox 2909 3179 3228 3257; x_wconf 75' lang='grc' dir='ltr'><strong>ψηφίζεται,</strong></span> <span class='ocrx_word' id='word_1_436' title='bbox 3286 3179 3374 3234; x_wconf 79' lang='grc' dir='ltr'><strong>καὶ</strong></span> <span class='ocrx_word' id='word_1_437' title='bbox 3424 3177 3614 3252; x_wconf 84' lang='grc' dir='ltr'><strong>πέμπει</strong></span> <span class='ocrx_word' id='word_1_438' title='bbox 3669 3175 3854 3238; x_wconf 65' lang='grc' dir='ltr'><strong>αὐτοὺς</strong></span> 
     </span>
    </p>
   </div>
   <div class='ocr_carea' id='block_1_63' title="bbox 2240 3262 3861 3345">
    <p class='ocr_par' dir='ltr' id='par_1_63' title="bbox 2240 3262 3861 3345">
     <span class='ocr_line' id='line_1_63' title="bbox 2240 3262 3861 3345; baseline -0.001 -24"><span class='ocrx_word' id='word_1_439' title='bbox 2240 3265 2292 3321; x_wconf 73' lang='grc' dir='ltr'><strong>ἰν</strong></span> <span class='ocrx_word' id='word_1_440' title='bbox 2324 3267 2504 3324; x_wconf 88' lang='grc' dir='ltr'><strong>Ὀάσει</strong></span> <span class='ocrx_word' id='word_1_441' title='bbox 2535 3273 2637 3336; x_wconf 82' lang='grc' dir='ltr'><strong>τῆς</strong></span> <span class='ocrx_word' id='word_1_442' title='bbox 2666 3262 2948 3342; x_wconf 75' lang='grc' dir='ltr'><strong>Ἀραϐίας,</strong></span> <span class='ocrx_word' id='word_1_443' title='bbox 2982 3267 3086 3323; x_wconf 91' lang='grc' dir='ltr'><strong>Δύο</strong></span> <span class='ocrx_word' id='word_1_444' title='bbox 3119 3267 3178 3324; x_wconf 72' lang='grc' dir='ltr'><strong>δὲ</strong></span> <span class='ocrx_word' id='word_1_445' title='bbox 3223 3269 3326 3324; x_wconf 74' lang='grc' dir='ltr'><strong>εἰσὶ</strong></span> <span class='ocrx_word' id='word_1_446' title='bbox 3374 3268 3556 3345; x_wconf 86' lang='grc' dir='ltr'><strong>χωρία</strong></span> <span class='ocrx_word' id='word_1_447' title='bbox 3596 3267 3732 3322; x_wconf 62' lang='grc' dir='ltr'><strong>οὕτω</strong></span> <span class='ocrx_word' id='word_1_448' title='bbox 3768 3285 3861 3320; x_wconf 87' lang='grc' dir='ltr'><strong>κα-</strong></span> 
     </span>
    </p>
   </div>
   <div class='ocr_carea' id='block_1_64' title="bbox 466 3348 2132 3433">
    <p class='ocr_par' dir='ltr' id='par_1_64' title="bbox 466 3356 2128 3433">
     <span class='ocr_line' id='line_1_64' title="bbox 466 3356 2128 3433; baseline -0.002 -18"><span class='ocrx_word' id='word_1_449' title='bbox 466 3358 767 3433; x_wconf 89' lang='lat' dir='ltr'><strong>pestiferis</strong></span> <span class='ocrx_word' id='word_1_450' title='bbox 796 3357 986 3413; x_wconf 90' lang='lat' dir='ltr'><strong>ventis</strong></span> <span class='ocrx_word' id='word_1_451' title='bbox 1031 3356 1403 3428; x_wconf 81' lang='lat' dir='ltr'><strong>perflantur;</strong></span> <span class='ocrx_word' id='word_1_452' title='bbox 1455 3373 1635 3411; x_wconf 88' lang='lat' dir='ltr'><strong>nemo</strong></span> <span class='ocrx_word' id='word_1_453' title='bbox 1684 3373 1952 3428; x_wconf 86' lang='lat' dir='ltr'><strong>unquam</strong></span> <span class='ocrx_word' id='word_1_454' title='bbox 1983 3356 2128 3412; x_wconf 89' lang='lat' dir='ltr'><strong>illuc</strong></span> 
     </span>
    </p>
   </div>
   <div class='ocr_carea' id='block_1_65' title="bbox 2242 3348 3869 3433">
    <p class='ocr_par' dir='ltr' id='par_1_65' title="bbox 2242 3348 3869 3432">
     <span class='ocr_line' id='line_1_65' title="bbox 2242 3348 3869 3432; baseline -0.003 -21"><span class='ocrx_word' id='word_1_455' title='bbox 2242 3353 2500 3428; x_wconf 84' lang='grc' dir='ltr'><strong>λούμενα,</strong></span> <span class='ocrx_word' id='word_1_456' title='bbox 2560 3357 2750 3418; x_wconf 83' lang='grc' dir='ltr'><strong>Ὀασις</strong></span> <span class='ocrx_word' id='word_1_457' title='bbox 2800 3357 2997 3431; x_wconf 81' lang='grc' dir='ltr'><strong>μικράν</strong></span> <span class='ocrx_word' id='word_1_458' title='bbox 3047 3359 3137 3412; x_wconf 82' lang='grc' dir='ltr'><strong>καὶ</strong></span> <span class='ocrx_word' id='word_1_459' title='bbox 3191 3357 3431 3432; x_wconf 80' lang='grc' dir='ltr'><strong>μεγάλη⁶</strong></span> <span class='ocrx_word' id='word_1_460' title='bbox 3484 3354 3774 3432; x_wconf 76' lang='grc' dir='ltr'><strong>φθοροποιὰ</strong></span> <span class='ocrx_word' id='word_1_461' title='bbox 3815 3348 3869 3406; x_wconf 77' lang='grc' dir='ltr'><strong>δὶ</strong></span> 
     </span>
    </p>
   </div>
   <div class='ocr_carea' id='block_1_66' title="bbox 463 3445 2130 3517">
    <p class='ocr_par' dir='ltr' id='par_1_66' title="bbox 463 3445 2130 3517">
     <span class='ocr_line' id='line_1_66' title="bbox 463 3445 2130 3517; baseline -0.001 -14"><span class='ocrx_word' id='word_1_462' title='bbox 463 3448 787 3505; x_wconf 89' lang='lat' dir='ltr'><strong>adveniens</strong></span> <span class='ocrx_word' id='word_1_463' title='bbox 807 3446 897 3501; x_wconf 85' lang='lat' dir='ltr'><strong>vel</strong></span> <span class='ocrx_word' id='word_1_464' title='bbox 922 3463 1110 3501; x_wconf 89' lang='lat' dir='ltr'><strong>unum</strong></span> <span class='ocrx_word' id='word_1_465' title='bbox 1133 3461 1359 3501; x_wconf 89' lang='lat' dir='ltr'><strong>annum</strong></span> <span class='ocrx_word' id='word_1_466' title='bbox 1385 3445 1600 3500; x_wconf 91' lang='lat' dir='ltr'><strong>durare</strong></span> <span class='ocrx_word' id='word_1_467' title='bbox 1632 3446 1845 3517; x_wconf 90' lang='lat' dir='ltr'><strong>potuit;</strong></span> <span class='ocrx_word' id='word_1_468' title='bbox 1875 3445 1980 3500; x_wconf 89' lang='lat' dir='ltr'><strong>sed</strong></span> <span class='ocrx_word' id='word_1_469' title='bbox 2007 3463 2130 3501; x_wconf 85' lang='lat' dir='ltr'><strong>om-</strong></span> 
     </span>
    </p>
   </div>
   <div class='ocr_carea' id='block_1_67' title="bbox 465 3533 2128 3609">
    <p class='ocr_par' dir='ltr' id='par_1_67' title="bbox 465 3533 2128 3609">
     <span class='ocr_line' id='line_1_67' title="bbox 465 3533 2128 3609; baseline -0.004 -14"><span class='ocrx_word' id='word_1_470' title='bbox 465 3555 575 3595; x_wconf 90' lang='lat' dir='ltr'><strong>nes</strong></span> <span class='ocrx_word' id='word_1_471' title='bbox 605 3536 827 3592; x_wconf 90' lang='lat' dir='ltr'><strong>ibidem</strong></span> <span class='ocrx_word' id='word_1_472' title='bbox 859 3535 1134 3609; x_wconf 79' lang='lat' dir='ltr'><strong>gravibus</strong></span> <span class='ocrx_word' id='word_1_473' title='bbox 1184 3533 1408 3590; x_wconf 90' lang='lat' dir='ltr'><strong>morbis</strong></span> <span class='ocrx_word' id='word_1_474' title='bbox 1458 3535 1715 3606; x_wconf 90' lang='lat' dir='ltr'><strong>correpti</strong></span> <span class='ocrx_word' id='word_1_475' title='bbox 1766 3535 2128 3598; x_wconf 76' lang='lat' dir='ltr'><strong>moriuntur,</strong></span> 
     </span>
    </p>
   </div>
   <div class='ocr_carea' id='block_1_68' title="bbox 467 3625 2131 3702">
    <p class='ocr_par' dir='ltr' id='par_1_68' title="bbox 467 3625 2131 3702">
     <span class='ocr_line' id='line_1_68' title="bbox 467 3625 2131 3702; baseline -0.004 -15"><span class='ocrx_word' id='word_1_476' title='bbox 467 3631 616 3686; x_wconf 91' lang='lat' dir='ltr'><strong>Illuc</strong></span> <span class='ocrx_word' id='word_1_477' title='bbox 642 3629 822 3702; x_wconf 89' lang='lat' dir='ltr'><strong>igitur</strong></span> <span class='ocrx_word' id='word_1_478' title='bbox 850 3627 1144 3698; x_wconf 84' lang='lat' dir='ltr'><strong>relegatos</strong></span> <span class='ocrx_word' id='word_1_479' title='bbox 1199 3631 1438 3680; x_wconf 92' lang='lat' dir='ltr'><strong>sanctos</strong></span> <span class='ocrx_word' id='word_1_480' title='bbox 1487 3625 1815 3698; x_wconf 89' lang='lat' dir='ltr'><strong>Eugenium</strong></span> <span class='ocrx_word' id='word_1_481' title='bbox 1849 3632 1909 3681; x_wconf 93' lang='lat' dir='ltr'><strong>et</strong></span> <span class='ocrx_word' id='word_1_482' title='bbox 1939 3628 2131 3682; x_wconf 88' lang='lat' dir='ltr'><strong>Maca-</strong></span> 
     </span>
    </p>
   </div>
   <div class='ocr_carea' id='block_1_69' title="bbox 465 3717 2127 3793">
    <p class='ocr_par' dir='ltr' id='par_1_69' title="bbox 465 3717 2127 3793">
     <span class='ocr_line' id='line_1_69' title="bbox 465 3717 2127 3793; baseline -0.004 -14"><span class='ocrx_word' id='word_1_483' title='bbox 465 3723 621 3779; x_wconf 91' lang='lat' dir='ltr'><strong>rium</strong></span> <span class='ocrx_word' id='word_1_484' title='bbox 661 3720 854 3793; x_wconf 87' lang='lat' dir='ltr'><strong>capite</strong></span> <span class='ocrx_word' id='word_1_485' title='bbox 911 3717 1092 3791; x_wconf 90' lang='lat' dir='ltr'><strong>plecti</strong></span> <span class='ocrx_word' id='word_1_486' title='bbox 1134 3717 1337 3790; x_wconf 86' lang='lat' dir='ltr'><strong>jussit.</strong></span> <span class='ocrx_word' id='word_1_487' title='bbox 1386 3717 1493 3783; x_wconf 89' lang='lat' dir='ltr'><strong>Qui</strong></span> <span class='ocrx_word' id='word_1_488' title='bbox 1545 3717 1924 3789; x_wconf 85' lang='lat' dir='ltr'><strong>perfecerunt</strong></span> <span class='ocrx_word' id='word_1_489' title='bbox 1972 3735 2127 3773; x_wconf 88' lang='lat' dir='ltr'><strong>mar-</strong></span> 
     </span>
    </p>
   </div>
   <div class='ocr_carea' id='block_1_70' title="bbox 467 3807 2130 3886">
    <p class='ocr_par' dir='ltr' id='par_1_70' title="bbox 467 3807 2130 3886">
     <span class='ocr_line' id='line_1_70' title="bbox 467 3807 2130 3886; baseline -0.003 -19"><span class='ocrx_word' id='word_1_490' title='bbox 467 3811 692 3886; x_wconf 84' lang='lat' dir='ltr'><strong>tyrium</strong></span> <span class='ocrx_word' id='word_1_491' title='bbox 725 3825 901 3866; x_wconf 89' lang='lat' dir='ltr'><strong>suum</strong></span> <span class='ocrx_word' id='word_1_492' title='bbox 931 3814 1068 3881; x_wconf 90' lang='lat' dir='ltr'><strong>post</strong></span> <span class='ocrx_word' id='word_1_493' title='bbox 1097 3807 1222 3864; x_wconf 91' lang='lat' dir='ltr'><strong>dies</strong></span> <span class='ocrx_word' id='word_1_494' title='bbox 1250 3807 1662 3880; x_wconf 87' lang='lat' dir='ltr'><strong>quadraginta,</strong></span> <span class='ocrx_word' id='word_1_495' title='bbox 1693 3808 1977 3864; x_wconf 90' lang='lat' dir='ltr'><strong>vicesima</strong></span> <span class='ocrx_word' id='word_1_496' title='bbox 2017 3809 2130 3862; x_wconf 89' lang='lat' dir='ltr'><strong>De-</strong></span> 
     </span>
    </p>
   </div>
   <div class='ocr_carea' id='block_1_71' title="bbox 468 3897 2128 3958">
    <p class='ocr_par' dir='ltr' id='par_1_71' title="bbox 468 3897 2128 3958">
     <span class='ocr_line' id='line_1_71' title="bbox 468 3897 2128 3958; baseline -0.004 0"><span class='ocrx_word' id='word_1_497' title='bbox 468 3901 749 3958; x_wconf 90' lang='lat' dir='ltr'><strong>cembris.</strong></span> <span class='ocrx_word' id='word_1_498' title='bbox 793 3901 860 3956; x_wconf 92' lang='lat' dir='ltr'><strong>In</strong></span> <span class='ocrx_word' id='word_1_499' title='bbox 910 3898 1040 3954; x_wconf 92' lang='lat' dir='ltr'><strong>loco</strong></span> <span class='ocrx_word' id='word_1_500' title='bbox 1088 3902 1286 3952; x_wconf 90' lang='lat' dir='ltr'><strong>autem</strong></span> <span class='ocrx_word' id='word_1_501' title='bbox 1342 3913 1547 3952; x_wconf 91' lang='lat' dir='ltr'><strong>eorum</strong></span> <span class='ocrx_word' id='word_1_502' title='bbox 1593 3897 2128 3952; x_wconf 89' lang='lat' dir='ltr'><strong>consummationis</strong></span> 
     </span>
    </p>
   </div>
   <div class='ocr_carea' id='block_1_72' title="bbox 465 3986 2127 4064">
    <p class='ocr_par' dir='ltr' id='par_1_72' title="bbox 465 3986 2127 4064">
     <span class='ocr_line' id='line_1_72' title="bbox 465 3986 2127 4064; baseline -0.004 -18"><span class='ocrx_word' id='word_1_503' title='bbox 465 3989 802 4064; x_wconf 89' lang='lat' dir='ltr'><strong>prodigium</strong></span> <span class='ocrx_word' id='word_1_504' title='bbox 837 3987 1054 4044; x_wconf 89' lang='lat' dir='ltr'><strong>accidit</strong></span> <span class='ocrx_word' id='word_1_505' title='bbox 1081 4002 1386 4059; x_wconf 88' lang='lat' dir='ltr'><strong>magnum.</strong></span> <span class='ocrx_word' id='word_1_506' title='bbox 1433 3987 1577 4041; x_wconf 92' lang='lat' dir='ltr'><strong>Cum</strong></span> <span class='ocrx_word' id='word_1_507' title='bbox 1637 3987 1798 4042; x_wconf 90' lang='lat' dir='ltr'><strong>enim</strong></span> <span class='ocrx_word' id='word_1_508' title='bbox 1828 3987 1993 4042; x_wconf 90' lang='lat' dir='ltr'><strong>locus</strong></span> <span class='ocrx_word' id='word_1_509' title='bbox 2025 3986 2127 4041; x_wconf 90' lang='lat' dir='ltr'><strong>ille</strong></span> 
     </span>
    </p>
   </div>
   <div class='ocr_carea' id='block_1_73' title="bbox 469 4075 2127 4152">
    <p class='ocr_par' dir='ltr' id='par_1_73' title="bbox 469 4075 2127 4152">
     <span class='ocr_line' id='line_1_73' title="bbox 469 4075 2127 4152; baseline -0.004 -16"><span class='ocrx_word' id='word_1_510' title='bbox 469 4080 698 4136; x_wconf 89' lang='lat' dir='ltr'><strong>nullam</strong></span> <span class='ocrx_word' id='word_1_511' title='bbox 729 4095 973 4152; x_wconf 90' lang='lat' dir='ltr'><strong>prorsus</strong></span> <span class='ocrx_word' id='word_1_512' title='bbox 1003 4093 1220 4149; x_wconf 87' lang='lat' dir='ltr'><strong>aquam</strong></span> <span class='ocrx_word' id='word_1_513' title='bbox 1250 4075 1520 4144; x_wconf 85' lang='lat' dir='ltr'><strong>haberet,</strong></span> <span class='ocrx_word' id='word_1_514' title='bbox 1545 4076 1676 4131; x_wconf 85' lang='lat' dir='ltr'><strong>fons</strong></span> <span class='ocrx_word' id='word_1_515' title='bbox 1713 4077 1983 4132; x_wconf 89' lang='lat' dir='ltr'><strong>scaturiit</strong></span> <span class='ocrx_word' id='word_1_516' title='bbox 2026 4076 2127 4147; x_wconf 90' lang='lat' dir='ltr'><strong>qui</strong></span> 
     </span>
    </p>
   </div>
   <div class='ocr_carea' id='block_1_74' title="bbox 472 4164 2126 4238">
    <p class='ocr_par' dir='ltr' id='par_1_74' title="bbox 472 4164 2126 4238">
     <span class='ocr_line' id='line_1_74' title="bbox 472 4164 2126 4238; baseline -0.004 -12"><span class='ocrx_word' id='word_1_517' title='bbox 472 4185 712 4226; x_wconf 90' lang='lat' dir='ltr'><strong>omnem</strong></span> <span class='ocrx_word' id='word_1_518' title='bbox 741 4166 1018 4223; x_wconf 89' lang='lat' dir='ltr'><strong>morbum</strong></span> <span class='ocrx_word' id='word_1_519' title='bbox 1051 4165 1315 4238; x_wconf 81' lang='lat' dir='ltr'><strong>expellit,</strong></span> <span class='ocrx_word' id='word_1_520' title='bbox 1348 4169 1408 4220; x_wconf 89' lang='lat' dir='ltr'><strong>et</strong></span> <span class='ocrx_word' id='word_1_521' title='bbox 1437 4181 1628 4237; x_wconf 90' lang='lat' dir='ltr'><strong>usque</strong></span> <span class='ocrx_word' id='word_1_522' title='bbox 1660 4165 1721 4220; x_wconf 91' lang='lat' dir='ltr'><strong>in</strong></span> <span class='ocrx_word' id='word_1_523' title='bbox 1767 4164 2126 4220; x_wconf 89' lang='lat' dir='ltr'><strong>hodiernum</strong></span> 
     </span>
    </p>
   </div>
   <div class='ocr_carea' id='block_1_75' title="bbox 471 4255 1806 4328">
    <p class='ocr_par' dir='ltr' id='par_1_75' title="bbox 471 4255 1806 4328">
     <span class='ocr_line' id='line_1_75' title="bbox 471 4255 1806 4328; baseline -0.004 -13"><span class='ocrx_word' id='word_1_524' title='bbox 471 4259 631 4316; x_wconf 91' lang='lat' dir='ltr'><strong>diem</strong></span> <span class='ocrx_word' id='word_1_525' title='bbox 663 4262 882 4328; x_wconf 89' lang='lat' dir='ltr'><strong>manet,</strong></span> <span class='ocrx_word' id='word_1_526' title='bbox 917 4260 1259 4312; x_wconf 90' lang='lat' dir='ltr'><strong>sanctorum</strong></span> <span class='ocrx_word' id='word_1_527' title='bbox 1290 4270 1509 4310; x_wconf 89' lang='lat' dir='ltr'><strong>nomen</strong></span> <span class='ocrx_word' id='word_1_528' title='bbox 1540 4255 1806 4310; x_wconf 88' lang='lat' dir='ltr'><strong>sortitus.</strong></span> 
     </span>
    </p>
   </div>
   <div class='ocr_carea' id='block_1_76' title="bbox 2237 3440 3870 3522">
    <p class='ocr_par' dir='ltr' id='par_1_76' title="bbox 2237 3440 3870 3522">
     <span class='ocr_line' id='line_1_76' title="bbox 2237 3440 3870 3522; baseline -0.001 -25"><span class='ocrx_word' id='word_1_529' title='bbox 2237 3444 2305 3498; x_wconf 77' lang='grc' dir='ltr'><strong><em>τᾶ</em></strong></span> <span class='ocrx_word' id='word_1_530' title='bbox 2363 3444 2570 3520; x_wconf 84' lang='grc' dir='ltr'><strong>χωρία,</strong></span> <span class='ocrx_word' id='word_1_531' title='bbox 2629 3444 2718 3499; x_wconf 81' lang='grc' dir='ltr'><strong>καὶ</strong></span> <span class='ocrx_word' id='word_1_532' title='bbox 2781 3445 2886 3500; x_wconf 83' lang='grc' dir='ltr'><strong>ὑπὸ</strong></span> <span class='ocrx_word' id='word_1_533' title='bbox 2944 3450 3292 3522; x_wconf 85' lang='grc' dir='ltr'><strong>φθοροποιῶν</strong></span> <span class='ocrx_word' id='word_1_534' title='bbox 3349 3445 3524 3521; x_wconf 77' lang='grc' dir='ltr'><strong>ἀέρων</strong></span> <span class='ocrx_word' id='word_1_535' title='bbox 3592 3440 3870 3500; x_wconf 85' lang='grc' dir='ltr'><strong>καταπνεό-</strong></span> 
     </span>
    </p>
   </div>
   <div class='ocr_carea' id='block_1_77' title="bbox 2243 3530 3870 3611">
    <p class='ocr_par' dir='ltr' id='par_1_77' title="bbox 2243 3530 3870 3611">
     <span class='ocr_line' id='line_1_77' title="bbox 2243 3530 3870 3611; baseline -0.002 -24"><span class='ocrx_word' id='word_1_536' title='bbox 2243 3553 2400 3607; x_wconf 87' lang='grc' dir='ltr'><strong>μενα,</strong></span> <span class='ocrx_word' id='word_1_537' title='bbox 2431 3533 2521 3589; x_wconf 84' lang='grc' dir='ltr'><strong>καὶ</strong></span> <span class='ocrx_word' id='word_1_538' title='bbox 2561 3531 2740 3596; x_wconf 75' lang='grc' dir='ltr'><strong>οὐδεὶς</strong></span> <span class='ocrx_word' id='word_1_539' title='bbox 2794 3539 2902 3589; x_wconf 88' lang='grc' dir='ltr'><strong>τῶν</strong></span> <span class='ocrx_word' id='word_1_540' title='bbox 2963 3534 3136 3591; x_wconf 73' lang='grc' dir='ltr'><strong>ἐκεῖσε</strong></span> <span class='ocrx_word' id='word_1_541' title='bbox 3182 3535 3604 3611; x_wconf 74' lang='grc' dir='ltr'><strong>ἀπερχομένων,</strong></span> <span class='ocrx_word' id='word_1_542' title='bbox 3648 3530 3870 3589; x_wconf 77' lang='grc' dir='ltr'><strong>ἐνιαυτὸν</strong></span> 
     </span>
    </p>
   </div>
   <div class='ocr_carea' id='block_1_78' title="bbox 2236 3620 3870 3700">
    <p class='ocr_par' dir='ltr' id='par_1_78' title="bbox 2236 3620 3870 3700">
     <span class='ocr_line' id='line_1_78' title="bbox 2236 3620 3870 3700; baseline -0.003 -21"><span class='ocrx_word' id='word_1_543' title='bbox 2236 3620 2329 3679; x_wconf 68' lang='grc' dir='ltr'><strong>ἕνα</strong></span> <span class='ocrx_word' id='word_1_544' title='bbox 2357 3621 2448 3678; x_wconf 82' lang='grc' dir='ltr'><strong>καὶ</strong></span> <span class='ocrx_word' id='word_1_545' title='bbox 2481 3623 2647 3698; x_wconf 91' lang='grc' dir='ltr'><strong>μόνον</strong></span> <span class='ocrx_word' id='word_1_546' title='bbox 2675 3621 2980 3699; x_wconf 81' lang='grc' dir='ltr'><strong>διήρκεσεν,</strong></span> <span class='ocrx_word' id='word_1_547' title='bbox 3041 3624 3166 3681; x_wconf 85' lang='grc' dir='ltr'><strong>ἀλλ’</strong></span> <span class='ocrx_word' id='word_1_548' title='bbox 3228 3625 3414 3680; x_wconf 78' lang='grc' dir='ltr'><strong>αὐτόθι</strong></span> <span class='ocrx_word' id='word_1_549' title='bbox 3478 3625 3582 3681; x_wconf 86' lang='grc' dir='ltr'><strong>ὑπὸ</strong></span> <span class='ocrx_word' id='word_1_550' title='bbox 3627 3621 3870 3700; x_wconf 80' lang='grc' dir='ltr'><strong>χαλεπῶν</strong></span> 
     </span>
    </p>
   </div>
   <div class='ocr_carea' id='block_1_79' title="bbox 2238 3708 3872 3788">
    <p class='ocr_par' dir='ltr' id='par_1_79' title="bbox 2238 3708 3872 3788">
     <span class='ocr_line' id='line_1_79' title="bbox 2238 3708 3872 3788; baseline -0.002 -20"><span class='ocrx_word' id='word_1_551' title='bbox 2238 3711 2593 3786; x_wconf 80' lang='grc' dir='ltr'><strong>ἁλισκόμενοι</strong></span> <span class='ocrx_word' id='word_1_552' title='bbox 2641 3715 2969 3788; x_wconf 78' lang='grc' dir='ltr'><strong>νοσημάτων</strong></span> <span class='ocrx_word' id='word_1_553' title='bbox 3017 3715 3533 3786; x_wconf 75' lang='grc' dir='ltr'><strong>ἐναποθνήσκουσιν.</strong></span> <span class='ocrx_word' id='word_1_554' title='bbox 3586 3716 3728 3771; x_wconf 78' lang='grc' dir='ltr'><strong>Ἐκεῖ</strong></span> <span class='ocrx_word' id='word_1_555' title='bbox 3768 3708 3872 3766; x_wconf 83' lang='grc' dir='ltr'><strong>τοί·-</strong></span> 
     </span>
    </p>
   </div>
   <div class='ocr_carea' id='block_1_80' title="bbox 2237 3802 3868 3881">
    <p class='ocr_par' dir='ltr' id='par_1_80' title="bbox 2237 3802 3868 3881">
     <span class='ocr_line' id='line_1_80' title="bbox 2237 3802 3868 3881; baseline -0.003 -23"><span class='ocrx_word' id='word_1_556' title='bbox 2237 3826 2327 3858; x_wconf 92' lang='grc' dir='ltr'><strong>νυν</strong></span> <span class='ocrx_word' id='word_1_557' title='bbox 2354 3803 2481 3866; x_wconf 79' lang='grc' dir='ltr'><strong>τοὺς</strong></span> <span class='ocrx_word' id='word_1_558' title='bbox 2502 3802 2690 3880; x_wconf 84' lang='grc' dir='ltr'><strong>ἁγίους</strong></span> <span class='ocrx_word' id='word_1_559' title='bbox 2735 3803 3054 3879; x_wconf 84' lang='grc' dir='ltr'><strong>περιορίσας</strong></span> <span class='ocrx_word' id='word_1_560' title='bbox 3111 3805 3376 3881; x_wconf 84' lang='grc' dir='ltr'><strong>Βύγένιον</strong></span> <span class='ocrx_word' id='word_1_561' title='bbox 3433 3806 3526 3860; x_wconf 84' lang='grc' dir='ltr'><strong>καὶ</strong></span> <span class='ocrx_word' id='word_1_562' title='bbox 3583 3803 3868 3876; x_wconf 80' lang='grc' dir='ltr'><strong>Μακάριον,</strong></span> 
     </span>
    </p>
   </div>
   <div class='ocr_carea' id='block_1_81' title="bbox 2237 3886 3876 3972">
    <p class='ocr_par' dir='ltr' id='par_1_81' title="bbox 2237 3886 3876 3972">
     <span class='ocr_line' id='line_1_81' title="bbox 2237 3886 3876 3972; baseline -0.004 -22"><span class='ocrx_word' id='word_1_563' title='bbox 2237 3891 2290 3950; x_wconf 75' lang='grc' dir='ltr'><strong>έν</strong></span> <span class='ocrx_word' id='word_1_564' title='bbox 2323 3893 2459 3967; x_wconf 81' lang='grc' dir='ltr'><strong>αὐτῇ</strong></span> <span class='ocrx_word' id='word_1_565' title='bbox 2490 3893 2585 3956; x_wconf 76' lang='grc' dir='ltr'><strong>τὰς</strong></span> <span class='ocrx_word' id='word_1_566' title='bbox 2640 3893 2881 3972; x_wconf 72' lang='grc' dir='ltr'><strong>κεφαλάς</strong></span> <span class='ocrx_word' id='word_1_567' title='bbox 2939 3899 3047 3950; x_wconf 85' lang='grc' dir='ltr'><strong>τῶν</strong></span> <span class='ocrx_word' id='word_1_568' title='bbox 3104 3894 3272 3970; x_wconf 83' lang='grc' dir='ltr'><strong>ἁγίων</strong></span> <span class='ocrx_word' id='word_1_569' title='bbox 3335 3895 3724 3969; x_wconf 72' lang='grc' dir='ltr'><strong>ἀποτμηθῆναι</strong></span> <span class='ocrx_word' id='word_1_570' title='bbox 3777 3886 3876 3962; x_wconf 77' lang='grc' dir='ltr'><strong>ἐκέ·</strong></span> 
     </span>
    </p>
   </div>
   <div class='ocr_carea' id='block_1_82' title="bbox 2239 3980 3877 4057">
    <p class='ocr_par' dir='ltr' id='par_1_82' title="bbox 2239 3980 3877 4057">
     <span class='ocr_line' id='line_1_82' title="bbox 2239 3980 3877 4057; baseline -0.003 -22"><span class='ocrx_word' id='word_1_571' title='bbox 2239 3981 2446 4038; x_wconf 87' lang='grc' dir='ltr'><strong>λευσεν·</strong></span> <span class='ocrx_word' id='word_1_572' title='bbox 2500 3980 2553 4038; x_wconf 80' lang='grc' dir='ltr'><strong>ο’ί</strong></span> <span class='ocrx_word' id='word_1_573' title='bbox 2616 3983 2704 4038; x_wconf 82' lang='grc' dir='ltr'><strong>καὶ</strong></span> <span class='ocrx_word' id='word_1_574' title='bbox 2794 3981 3190 4054; x_wconf 73' lang='grc' dir='ltr'><strong>ἐτελειώθησαν</strong></span> <span class='ocrx_word' id='word_1_575' title='bbox 3280 3983 3416 4057; x_wconf 85' lang='grc' dir='ltr'><strong>μετὰ</strong></span> <span class='ocrx_word' id='word_1_576' title='bbox 3497 3983 3877 4056; x_wconf 77' lang='grc' dir='ltr'><strong>τεσσαράκοντα</strong></span> 
     </span>
    </p>
   </div>
   <div class='ocr_carea' id='block_1_83' title="bbox 2235 4068 3876 4148">
    <p class='ocr_par' dir='ltr' id='par_1_83' title="bbox 2235 4068 3876 4148">
     <span class='ocr_line' id='line_1_83' title="bbox 2235 4068 3876 4148; baseline -0.001 -22"><span class='ocrx_word' id='word_1_577' title='bbox 2235 4073 2469 4145; x_wconf 78' lang='grc' dir='ltr'><strong>ἡμέρας,</strong></span> <span class='ocrx_word' id='word_1_578' title='bbox 2503 4075 2571 4146; x_wconf 75' lang='grc' dir='ltr'><strong>τῇ</strong></span> <span class='ocrx_word' id='word_1_579' title='bbox 2599 4069 2774 4127; x_wconf 73' lang='grc' dir='ltr'><strong>εἰκάδι</strong></span> <span class='ocrx_word' id='word_1_580' title='bbox 2821 4077 2920 4128; x_wconf 90' lang='grc' dir='ltr'><strong>τοῦ</strong></span> <span class='ocrx_word' id='word_1_581' title='bbox 2970 4068 3306 4148; x_wconf 76' lang='grc' dir='ltr'><strong>Δεκεμϐρίου</strong></span> <span class='ocrx_word' id='word_1_582' title='bbox 3361 4072 3556 4146; x_wconf 80' lang='grc' dir='ltr'><strong>μηνός.</strong></span> <span class='ocrx_word' id='word_1_583' title='bbox 3606 4074 3763 4145; x_wconf 84' lang='grc'><strong>[371]</strong></span> <span class='ocrx_word' id='word_1_584' title='bbox 3801 4072 3876 4125; x_wconf 84' lang='grc' dir='ltr'><strong>Ἐν</strong></span> 
     </span>
    </p>
   </div>
   <div class='ocr_carea' id='block_1_84' title="bbox 2238 4157 3874 4240">
    <p class='ocr_par' dir='ltr' id='par_1_84' title="bbox 2238 4157 3874 4240">
     <span class='ocr_line' id='line_1_84' title="bbox 2238 4157 3874 4240; baseline -0.001 -22"><span class='ocrx_word' id='word_1_585' title='bbox 2238 4159 2295 4218; x_wconf 73' lang='grc' dir='ltr'><strong>δὲ</strong></span> <span class='ocrx_word' id='word_1_586' title='bbox 2323 4159 2403 4235; x_wconf 78' lang='grc' dir='ltr'><strong>τῷ</strong></span> <span class='ocrx_word' id='word_1_587' title='bbox 2441 4157 2596 4235; x_wconf 84' lang='grc' dir='ltr'><strong>τόπῳ</strong></span> <span class='ocrx_word' id='word_1_588' title='bbox 2650 4169 2753 4232; x_wconf 78' lang='grc' dir='ltr'><strong>τῆς</strong></span> <span class='ocrx_word' id='word_1_589' title='bbox 2809 4162 2986 4219; x_wconf 81' lang='grc' dir='ltr'><strong>αὐτῶν</strong></span> <span class='ocrx_word' id='word_1_590' title='bbox 3046 4161 3403 4232; x_wconf 85' lang='grc' dir='ltr'><strong>τελειώσεως,</strong></span> <span class='ocrx_word' id='word_1_591' title='bbox 3463 4168 3647 4236; x_wconf 84' lang='grc' dir='ltr'><strong>θαῦμα</strong></span> <span class='ocrx_word' id='word_1_592' title='bbox 3702 4164 3874 4240; x_wconf 81' lang='grc' dir='ltr'><strong>γέγονε</strong></span> 
     </span>
    </p>
   </div>
   <div class='ocr_carea' id='block_1_85' title="bbox 2238 4249 3876 4329">
    <p class='ocr_par' dir='ltr' id='par_1_85' title="bbox 2238 4249 3876 4329">
     <span class='ocr_line' id='line_1_85' title="bbox 2238 4249 3876 4329; baseline -0.002 -22"><span class='ocrx_word' id='word_1_593' title='bbox 2238 4251 2394 4326; x_wconf 80' lang='grc' dir='ltr'><strong>μέγα·</strong></span> <span class='ocrx_word' id='word_1_594' title='bbox 2433 4253 2509 4325; x_wconf 79' lang='grc' dir='ltr'>μή</span> <span class='ocrx_word' id='word_1_595' title='bbox 2544 4249 2771 4327; x_wconf 81' lang='grc' dir='ltr'><strong>ἔχοντος</strong></span> <span class='ocrx_word' id='word_1_596' title='bbox 2803 4252 2903 4329; x_wconf 78' lang='grc' dir='ltr'><strong>γὰρ</strong></span> <span class='ocrx_word' id='word_1_597' title='bbox 2933 4250 3032 4308; x_wconf 74' lang='grc' dir='ltr'><strong>τοῦ</strong></span> <span class='ocrx_word' id='word_1_598' title='bbox 3087 4253 3264 4309; x_wconf 87' lang='grc' dir='ltr'><strong>τόπου</strong></span> <span class='ocrx_word' id='word_1_599' title='bbox 3320 4250 3470 4329; x_wconf 74' lang='grc' dir='ltr'><strong>ὕδωρ</strong></span> <span class='ocrx_word' id='word_1_600' title='bbox 3526 4253 3590 4308; x_wconf 83' lang='grc' dir='ltr'><strong>τὸ</strong></span> <span class='ocrx_word' id='word_1_601' title='bbox 3639 4250 3876 4319; x_wconf 76' lang='grc' dir='ltr'><strong>σύνολον,</strong></span> 
     </span>
    </p>
   </div>
   <div class='ocr_carea' id='block_1_86' title="bbox 471 4339 3876 4422">
    <p class='ocr_par' dir='ltr' id='par_1_86' title="bbox 471 4339 3876 4422">
     <span class='ocr_line' id='line_1_86' title="bbox 471 4339 3876 4422; baseline -0.002 -19"><span class='ocrx_word' id='word_1_602' title='bbox 471 4368 665 4422; x_wconf 83' lang='grc' dir='ltr'><strong>ματος,</strong></span> <span class='ocrx_word' id='word_1_603' title='bbox 696 4342 787 4401; x_wconf 77' lang='grc' dir='ltr'><strong>διὰ</strong></span> <span class='ocrx_word' id='word_1_604' title='bbox 813 4345 912 4406; x_wconf 84' lang='grc' dir='ltr'><strong>τὰς</strong></span> <span class='ocrx_word' id='word_1_605' title='bbox 955 4343 1010 4400; x_wconf 81' lang='grc' dir='ltr'><strong>έν</strong></span> <span class='ocrx_word' id='word_1_606' title='bbox 1037 4339 1181 4416; x_wconf 80' lang='grc' dir='ltr'><strong>τῷδε</strong></span> <span class='ocrx_word' id='word_1_607' title='bbox 1207 4345 1289 4414; x_wconf 79' lang='grc' dir='ltr'><strong>τῷ</strong></span> <span class='ocrx_word' id='word_1_608' title='bbox 1322 4342 1427 4418; x_wconf 87' lang='grc' dir='ltr'><strong>βίῳ</strong></span> <span class='ocrx_word' id='word_1_609' title='bbox 1475 4341 1914 4419; x_wconf 80' lang='grc' dir='ltr'><strong>προσγενομὲνας</strong></span> <span class='ocrx_word' id='word_1_610' title='bbox 1973 4361 2068 4415; x_wconf 91' lang='grc' dir='ltr'><strong>μοι</strong></span> <span class='ocrx_word' id='word_1_611' title='bbox 2128 4339 2418 4417; x_wconf 84' lang='grc' dir='ltr'><strong>ἁμαρτίας·</strong></span> <span class='ocrx_word' id='word_1_612' title='bbox 2481 4340 2591 4417; x_wconf 75' lang='grc' dir='ltr'><strong>ἐγὼ</strong></span> <span class='ocrx_word' id='word_1_613' title='bbox 2647 4341 2773 4417; x_wconf 76' lang='grc' dir='ltr'><strong>γάρ,</strong></span> <span class='ocrx_word' id='word_1_614' title='bbox 2833 4343 3096 4416; x_wconf 82' lang='grc' dir='ltr'><strong>Δέσποτα,</strong></span> <span class='ocrx_word' id='word_1_615' title='bbox 3157 4343 3235 4407; x_wconf 80' lang='grc' dir='ltr'><strong>εἰς</strong></span> <span class='ocrx_word' id='word_1_616' title='bbox 3289 4341 3418 4406; x_wconf 78' lang='grc' dir='ltr'><strong>τοὺς</strong></span> <span class='ocrx_word' id='word_1_617' title='bbox 3474 4342 3602 4406; x_wconf 73' lang='grc' dir='ltr'><strong>σοὺς</strong></span> <span class='ocrx_word' id='word_1_618' title='bbox 3666 4339 3876 4418; x_wconf 79' lang='grc' dir='ltr'><strong>ἐμαυτὸν</strong></span> 
     </span>
    </p>
   </div>
   <div class='ocr_carea' id='block_1_87' title="bbox 466 4433 1124 4512">
    <p class='ocr_par' dir='ltr' id='par_1_87' title="bbox 466 4433 1124 4512">
     <span class='ocr_line' id='line_1_87' title="bbox 466 4433 1124 4512; baseline -0.002 -21"><span class='ocrx_word' id='word_1_619' title='bbox 466 4435 742 4512; x_wconf 76' lang='grc' dir='ltr'><strong>ἀπέρῥιψα</strong></span> <span class='ocrx_word' id='word_1_620' title='bbox 772 4433 1124 4507; x_wconf 80' lang='grc' dir='ltr'><strong>οίκτιρμούς.</strong></span> 
     </span>
    </p>
   </div>
   <div class='ocr_carea' id='block_1_88' title="bbox 541 4539 2211 4608">
    <p class='ocr_par' dir='ltr' id='par_1_88' title="bbox 541 4539 2211 4608">
     <span class='ocr_line' id='line_1_88' title="bbox 541 4539 2211 4608; baseline -0.002 -8"><span class='ocrx_word' id='word_1_621' title='bbox 541 4547 628 4600; x_wconf 64' lang='grc'><strong>40.</strong></span> <span class='ocrx_word' id='word_1_622' title='bbox 651 4544 919 4600; x_wconf 84' lang='lat' dir='ltr'><strong>Julianus</strong></span> <span class='ocrx_word' id='word_1_623' title='bbox 941 4548 1140 4599; x_wconf 91' lang='lat' dir='ltr'><strong>autem</strong></span> <span class='ocrx_word' id='word_1_624' title='bbox 1165 4547 1443 4598; x_wconf 90' lang='lat' dir='ltr'><strong>sanctum</strong></span> <span class='ocrx_word' id='word_1_625' title='bbox 1469 4540 1802 4597; x_wconf 85' lang='lat' dir='ltr'><strong>Artemium</strong></span> <span class='ocrx_word' id='word_1_626' title='bbox 1834 4539 1907 4596; x_wconf 89' lang='lat' dir='ltr'><strong>ad</strong></span> <span class='ocrx_word' id='word_1_627' title='bbox 1938 4557 2001 4596; x_wconf 94' lang='lat' dir='ltr'><strong>se</strong></span> <span class='ocrx_word' id='word_1_628' title='bbox 2032 4557 2135 4596; x_wconf 91' lang='lat' dir='ltr'><strong>vo-</strong></span> <span class='ocrx_word' id='word_1_629' title='bbox 2166 4542 2211 4608; x_wconf 86' lang='lat' dir='ltr'><strong>D</strong></span> 
     </span>
    </p>
   </div>
   <div class='ocr_carea' id='block_1_89' title="bbox 472 4628 2135 4691">
    <p class='ocr_par' dir='ltr' id='par_1_89' title="bbox 472 4628 2135 4691">
     <span class='ocr_line' id='line_1_89' title="bbox 472 4628 2135 4691; baseline -0.003 0"><span class='ocrx_word' id='word_1_630' title='bbox 472 4640 670 4691; x_wconf 89' lang='lat' dir='ltr'><strong>catum</strong></span> <span class='ocrx_word' id='word_1_631' title='bbox 693 4633 788 4688; x_wconf 91' lang='lat' dir='ltr'><strong>his</strong></span> <span class='ocrx_word' id='word_1_632' title='bbox 810 4631 1006 4688; x_wconf 88' lang='lat' dir='ltr'><strong>verbis</strong></span> <span class='ocrx_word' id='word_1_633' title='bbox 1035 4632 1330 4688; x_wconf 91' lang='lat' dir='ltr'><strong>allocutus</strong></span> <span class='ocrx_word' id='word_1_634' title='bbox 1362 4637 1454 4688; x_wconf 90' lang='lat' dir='ltr'><strong>est</strong></span> <span class='ocrx_word' id='word_1_635' title='bbox 1479 4647 1492 4685; x_wconf 92' lang='lat'>:</span> <span class='ocrx_word' id='word_1_636' title='bbox 1520 4628 1874 4686; x_wconf 87' lang='lat' dir='ltr'><strong>Temeritate</strong></span> <span class='ocrx_word' id='word_1_637' title='bbox 1907 4635 2010 4686; x_wconf 92' lang='lat' dir='ltr'><strong>tua</strong></span> <span class='ocrx_word' id='word_1_638' title='bbox 2040 4646 2135 4686; x_wconf 88' lang='lat' dir='ltr'><strong>me</strong></span> 
     </span>
    </p>
   </div>
   <div class='ocr_carea' id='block_1_90' title="bbox 471 4720 2138 4798">
    <p class='ocr_par' dir='ltr' id='par_1_90' title="bbox 471 4720 2138 4798">
     <span class='ocr_line' id='line_1_90' title="bbox 471 4720 2138 4798; baseline -0.004 -18"><span class='ocrx_word' id='word_1_639' title='bbox 471 4723 716 4798; x_wconf 91' lang='lat' dir='ltr'><strong>coegisti</strong></span> <span class='ocrx_word' id='word_1_640' title='bbox 745 4720 963 4794; x_wconf 88' lang='lat' dir='ltr'><strong>probro</strong></span> <span class='ocrx_word' id='word_1_641' title='bbox 998 4721 1237 4776; x_wconf 83' lang='lat' dir='ltr'><strong>afﬁcere</strong></span> <span class='ocrx_word' id='word_1_642' title='bbox 1277 4737 1464 4792; x_wconf 85' lang='lat' dir='ltr'><strong>genus</strong></span> <span class='ocrx_word' id='word_1_643' title='bbox 1497 4725 1764 4786; x_wconf 89' lang='lat' dir='ltr'><strong>tuum,ac</strong></span> <span class='ocrx_word' id='word_1_644' title='bbox 1796 4723 1911 4774; x_wconf 72' lang='lat' dir='ltr'><strong>tum</strong></span> <span class='ocrx_word' id='word_1_645' title='bbox 1941 4720 2138 4791; x_wconf 86' lang='lat' dir='ltr'><strong>digni-</strong></span> 
     </span>
    </p>
   </div>
   <div class='ocr_carea' id='block_1_91' title="bbox 473 4809 2138 4885">
    <p class='ocr_par' dir='ltr' id='par_1_91' title="bbox 473 4809 2138 4885">
     <span class='ocr_line' id='line_1_91' title="bbox 473 4809 2138 4885; baseline -0.003 -15"><span class='ocrx_word' id='word_1_646' title='bbox 473 4815 579 4871; x_wconf 88' lang='lat' dir='ltr'><strong>tati</strong></span> <span class='ocrx_word' id='word_1_647' title='bbox 638 4811 863 4869; x_wconf 89' lang='lat' dir='ltr'><strong>inferre</strong></span> <span class='ocrx_word' id='word_1_648' title='bbox 908 4810 1321 4885; x_wconf 86' lang='lat' dir='ltr'><strong>ignominiam,</strong></span> <span class='ocrx_word' id='word_1_649' title='bbox 1367 4815 1424 4864; x_wconf 92' lang='lat' dir='ltr'><strong>et</strong></span> <span class='ocrx_word' id='word_1_650' title='bbox 1451 4809 1544 4864; x_wconf 89' lang='lat' dir='ltr'><strong>vel</strong></span> <span class='ocrx_word' id='word_1_651' title='bbox 1573 4809 1733 4880; x_wconf 90' lang='lat' dir='ltr'><strong>ipsas</strong></span> <span class='ocrx_word' id='word_1_652' title='bbox 1763 4826 1974 4865; x_wconf 86' lang='lat' dir='ltr'><strong>carnes</strong></span> <span class='ocrx_word' id='word_1_653' title='bbox 2007 4815 2138 4865; x_wconf 89' lang='lat' dir='ltr'><strong>tuas</strong></span> 
     </span>
    </p>
   </div>
   <div class='ocr_carea' id='block_1_92' title="bbox 473 4898 2141 4978">
    <p class='ocr_par' dir='ltr' id='par_1_92' title="bbox 473 4898 2141 4978">
     <span class='ocr_line' id='line_1_92' title="bbox 473 4898 2141 4978; baseline -0.004 -18"><span class='ocrx_word' id='word_1_654' title='bbox 473 4905 786 4978; x_wconf 89' lang='lat' dir='ltr'><strong>attingere.</strong></span> <span class='ocrx_word' id='word_1_655' title='bbox 826 4901 1011 4957; x_wconf 90' lang='lat' dir='ltr'><strong>Crede</strong></span> <span class='ocrx_word' id='word_1_656' title='bbox 1060 4900 1239 4973; x_wconf 90' lang='lat' dir='ltr'><strong>igitur</strong></span> <span class='ocrx_word' id='word_1_657' title='bbox 1282 4899 1454 4965; x_wconf 90' lang='lat' dir='ltr'><strong>mihi,</strong></span> <span class='ocrx_word' id='word_1_658' title='bbox 1504 4898 1772 4966; x_wconf 84' lang='lat' dir='ltr'><strong>Artemi;</strong></span> <span class='ocrx_word' id='word_1_659' title='bbox 1821 4899 2036 4955; x_wconf 89' lang='lat' dir='ltr'><strong>accede</strong></span> <span class='ocrx_word' id='word_1_660' title='bbox 2083 4905 2141 4954; x_wconf 87' lang='lat' dir='ltr'><strong>et</strong></span> 
     </span>
    </p>
   </div>
   <div class='ocr_carea' id='block_1_93' title="bbox 473 4987 2138 5062">
    <p class='ocr_par' dir='ltr' id='par_1_93' title="bbox 473 4987 2138 5062">
     <span class='ocr_line' id='line_1_93' title="bbox 473 4987 2138 5062; baseline -0.004 -12"><span class='ocrx_word' id='word_1_661' title='bbox 473 4995 743 5050; x_wconf 81' lang='lat' dir='ltr'><strong>sacrifica</strong></span> <span class='ocrx_word' id='word_1_662' title='bbox 775 4991 910 5057; x_wconf 90' lang='lat' dir='ltr'><strong>diis,</strong></span> <span class='ocrx_word' id='word_1_663' title='bbox 957 4989 1292 5062; x_wconf 68' lang='lat' dir='ltr'><strong>prazsertim</strong></span> <span class='ocrx_word' id='word_1_664' title='bbox 1349 4987 1609 5059; x_wconf 85' lang='lat' dir='ltr'><strong>Apollini</strong></span> <span class='ocrx_word' id='word_1_665' title='bbox 1657 4988 1979 5058; x_wconf 72' lang='lat' dir='ltr'><strong>Daphnaao,</strong></span> <span class='ocrx_word' id='word_1_666' title='bbox 2028 4987 2138 5044; x_wconf 90' lang='lat' dir='ltr'><strong>dco</strong></span> 
     </span>
    </p>
   </div>
   <div class='ocr_carea' id='block_1_94' title="bbox 468 5077 2143 5150">
    <p class='ocr_par' dir='ltr' id='par_1_94' title="bbox 468 5077 2143 5150">
     <span class='ocr_line' id='line_1_94' title="bbox 468 5077 2143 5150; baseline -0.005 -10"><span class='ocrx_word' id='word_1_667' title='bbox 468 5100 602 5140; x_wconf 89' lang='lat' dir='ltr'><strong>meo</strong></span> <span class='ocrx_word' id='word_1_668' title='bbox 623 5080 978 5139; x_wconf 88' lang='lat' dir='ltr'><strong>cbarissimo</strong></span> <span class='ocrx_word' id='word_1_669' title='bbox 1003 5085 1063 5135; x_wconf 93' lang='lat' dir='ltr'><strong>et</strong></span> <span class='ocrx_word' id='word_1_670' title='bbox 1083 5077 1486 5145; x_wconf 89' lang='lat' dir='ltr'><strong>sanctissimo,</strong></span> <span class='ocrx_word' id='word_1_671' title='bbox 1521 5081 1580 5133; x_wconf 91' lang='lat' dir='ltr'><strong>et</strong></span> <span class='ocrx_word' id='word_1_672' title='bbox 1604 5093 1639 5132; x_wconf 91' lang='lat' dir='ltr'><strong>a</strong></span> <span class='ocrx_word' id='word_1_673' title='bbox 1690 5093 1869 5132; x_wconf 89' lang='lat' dir='ltr'><strong>causa</strong></span> <span class='ocrx_word' id='word_1_674' title='bbox 1900 5078 2143 5150; x_wconf 87' lang='lat' dir='ltr'><strong>sangui-</strong></span> 
     </span>
    </p>
   </div>
   <div class='ocr_carea' id='block_1_95' title="bbox 472 5163 2138 5237">
    <p class='ocr_par' dir='ltr' id='par_1_95' title="bbox 472 5163 2138 5237">
     <span class='ocr_line' id='line_1_95' title="bbox 472 5163 2138 5237; baseline -0.004 -10"><span class='ocrx_word' id='word_1_675' title='bbox 472 5172 567 5227; x_wconf 91' lang='lat' dir='ltr'><strong>nis</strong></span> <span class='ocrx_word' id='word_1_676' title='bbox 589 5171 792 5226; x_wconf 84' lang='lat' dir='ltr'><strong>fratris</strong></span> <span class='ocrx_word' id='word_1_677' title='bbox 818 5169 935 5225; x_wconf 88' lang='lat' dir='ltr'><strong>mei</strong></span> <span class='ocrx_word' id='word_1_678' title='bbox 989 5166 1289 5222; x_wconf 90' lang='lat' dir='ltr'><strong>absolvam</strong></span> <span class='ocrx_word' id='word_1_679' title='bbox 1325 5171 1404 5232; x_wconf 90' lang='lat' dir='ltr'><strong>te,</strong></span> <span class='ocrx_word' id='word_1_680' title='bbox 1445 5163 1916 5236; x_wconf 88' lang='lat' dir='ltr'><strong>dignitatemque</strong></span> <span class='ocrx_word' id='word_1_681' title='bbox 1946 5165 2138 5237; x_wconf 83' lang='lat' dir='ltr'><strong>majo-</strong></span> 
     </span>
    </p>
   </div>
   <div class='ocr_carea' id='block_1_96' title="bbox 476 5252 2138 5332">
    <p class='ocr_par' dir='ltr' id='par_1_96' title="bbox 476 5252 2138 5332">
     <span class='ocr_line' id='line_1_96' title="bbox 476 5252 2138 5332; baseline -0.004 -15"><span class='ocrx_word' id='word_1_682' title='bbox 476 5277 604 5316; x_wconf 91' lang='lat' dir='ltr'><strong>rem</strong></span> <span class='ocrx_word' id='word_1_683' title='bbox 638 5265 698 5315; x_wconf 92' lang='lat' dir='ltr'><strong>et</strong></span> <span class='ocrx_word' id='word_1_684' title='bbox 727 5257 1144 5332; x_wconf 87' lang='lat' dir='ltr'><strong>gloriosiorem</strong></span> <span class='ocrx_word' id='word_1_685' title='bbox 1184 5255 1499 5310; x_wconf 88' lang='lat' dir='ltr'><strong>restituam</strong></span> <span class='ocrx_word' id='word_1_686' title='bbox 1526 5252 1655 5310; x_wconf 89' lang='lat' dir='ltr'><strong>tibi.</strong></span> <span class='ocrx_word' id='word_1_687' title='bbox 1687 5253 1763 5308; x_wconf 91' lang='lat' dir='ltr'><strong>Te</strong></span> <span class='ocrx_word' id='word_1_688' title='bbox 1794 5253 1955 5309; x_wconf 89' lang='lat' dir='ltr'><strong>enim</strong></span> <span class='ocrx_word' id='word_1_689' title='bbox 1988 5272 2138 5327; x_wconf 69' lang='lat' dir='ltr'><strong>prm-</strong></span> 
     </span>
    </p>
   </div>
   <div class='ocr_carea' id='block_1_97' title="bbox 474 5345 2140 5421">
    <p class='ocr_par' dir='ltr' id='par_1_97' title="bbox 474 5345 2140 5421">
     <span class='ocr_line' id='line_1_97' title="bbox 474 5345 2140 5421; baseline -0.004 -15"><span class='ocrx_word' id='word_1_690' title='bbox 474 5350 701 5406; x_wconf 88' lang='lat' dir='ltr'><strong>fectum</strong></span> <span class='ocrx_word' id='word_1_691' title='bbox 733 5346 997 5421; x_wconf 62' lang='lat' dir='ltr'><strong>praetorii</strong></span> <span class='ocrx_word' id='word_1_692' title='bbox 1029 5345 1419 5402; x_wconf 88' lang='lat' dir='ltr'><strong>constitutum</strong></span> <span class='ocrx_word' id='word_1_693' title='bbox 1451 5359 1872 5414; x_wconf 89' lang='lat' dir='ltr'><strong>summumque</strong></span> <span class='ocrx_word' id='word_1_694' title='bbox 1896 5360 2140 5417; x_wconf 85' lang='lat' dir='ltr'><strong>magno-</strong></span> 
     </span>
    </p>
   </div>
   <div class='ocr_carea' id='block_1_98' title="bbox 476 5433 2138 5506">
    <p class='ocr_par' dir='ltr' id='par_1_98' title="bbox 476 5433 2138 5506">
     <span class='ocr_line' id='line_1_98' title="bbox 476 5433 2138 5506; baseline -0.004 -12"><span class='ocrx_word' id='word_1_695' title='bbox 476 5455 613 5494; x_wconf 89' lang='lat' dir='ltr'><strong>rum</strong></span> <span class='ocrx_word' id='word_1_696' title='bbox 634 5437 884 5493; x_wconf 90' lang='lat' dir='ltr'><strong>deorum</strong></span> <span class='ocrx_word' id='word_1_697' title='bbox 909 5435 1278 5504; x_wconf 76' lang='lat' dir='ltr'><strong>pontificem,</strong></span> <span class='ocrx_word' id='word_1_698' title='bbox 1303 5437 1534 5506; x_wconf 89' lang='lat' dir='ltr'><strong>patrem</strong></span> <span class='ocrx_word' id='word_1_699' title='bbox 1552 5448 1752 5487; x_wconf 90' lang='lat' dir='ltr'><strong>meum</strong></span> <span class='ocrx_word' id='word_1_700' title='bbox 1784 5433 2098 5504; x_wconf 88' lang='lat' dir='ltr'><strong>appellabo</strong></span> <span class='ocrx_word' id='word_1_701' title='bbox 2124 5450 2138 5488; x_wconf 91' lang='lat'><strong>:</strong></span> 
     </span>
    </p>
   </div>
   <div class='ocr_carea' id='block_1_99' title="bbox 476 5521 2138 5595">
    <p class='ocr_par' dir='ltr' id='par_1_99' title="bbox 476 5521 2138 5595">
     <span class='ocr_line' id='line_1_99' title="bbox 476 5521 2138 5595; baseline -0.002 -13"><span class='ocrx_word' id='word_1_702' title='bbox 476 5525 808 5582; x_wconf 90' lang='lat' dir='ltr'><strong>secundum</strong></span> <span class='ocrx_word' id='word_1_703' title='bbox 832 5526 894 5580; x_wconf 91' lang='lat' dir='ltr'><strong>in</strong></span> <span class='ocrx_word' id='word_1_704' title='bbox 922 5523 1175 5595; x_wconf 91' lang='lat' dir='ltr'><strong>imperio</strong></span> <span class='ocrx_word' id='word_1_705' title='bbox 1219 5523 1416 5578; x_wconf 88' lang='lat' dir='ltr'><strong>locum</strong></span> <span class='ocrx_word' id='word_1_706' title='bbox 1449 5521 1701 5592; x_wconf 90' lang='lat' dir='ltr'><strong>tenebis,</strong></span> <span class='ocrx_word' id='word_1_707' title='bbox 1735 5526 1794 5576; x_wconf 92' lang='lat' dir='ltr'><strong>et</strong></span> <span class='ocrx_word' id='word_1_708' title='bbox 1824 5521 2138 5578; x_wconf 88' lang='lat' dir='ltr'><strong>nobiscum</strong></span> 
     </span>
    </p>
   </div>
   <div class='ocr_carea' id='block_1_100' title="bbox 470 5611 2136 5672">
    <p class='ocr_par' dir='ltr' id='par_1_100' title="bbox 470 5611 2136 5672">
     <span class='ocr_line' id='line_1_100' title="bbox 470 5611 2136 5672; baseline -0.003 -1"><span class='ocrx_word' id='word_1_709' title='bbox 470 5616 588 5671; x_wconf 90' lang='lat' dir='ltr'><strong>eris</strong></span> <span class='ocrx_word' id='word_1_710' title='bbox 611 5615 890 5672; x_wconf 91' lang='lat' dir='ltr'><strong>omnibus</strong></span> <span class='ocrx_word' id='word_1_711' title='bbox 915 5613 1126 5669; x_wconf 91' lang='lat' dir='ltr'><strong>diebus</strong></span> <span class='ocrx_word' id='word_1_712' title='bbox 1155 5612 1286 5667; x_wconf 73' lang='lat' dir='ltr'><strong>vitm</strong></span> <span class='ocrx_word' id='word_1_713' title='bbox 1308 5618 1367 5668; x_wconf 89' lang='lat' dir='ltr'><strong>et</strong></span> <span class='ocrx_word' id='word_1_714' title='bbox 1397 5611 1864 5668; x_wconf 89' lang='lat' dir='ltr'><strong>conservationis</strong></span> <span class='ocrx_word' id='word_1_715' title='bbox 1895 5617 2136 5667; x_wconf 75' lang='lat' dir='ltr'><strong>nostras.</strong></span> 
     </span>
    </p>
   </div>
   <div class='ocr_carea' id='block_1_101' title="bbox 412 5701 2141 5775">
    <p class='ocr_par' dir='ltr' id='par_1_101' title="bbox 412 5701 2141 5775">
     <span class='ocr_line' id='line_1_101' title="bbox 412 5701 2141 5775; baseline -0.002 -14"><span class='ocrx_word' id='word_1_716' title='bbox 412 5751 422 5760; x_wconf 92' lang='lat'><strong>.</strong></span> <span class='ocrx_word' id='word_1_717' title='bbox 473 5707 619 5761; x_wconf 84' lang='lat' dir='ltr'><strong>Nam</strong></span> <span class='ocrx_word' id='word_1_718' title='bbox 650 5711 715 5760; x_wconf 89' lang='lat' dir='ltr'><strong>tu</strong></span> <span class='ocrx_word' id='word_1_719' title='bbox 741 5719 980 5775; x_wconf 88' lang='lat' dir='ltr'><strong>quoque</strong></span> <span class='ocrx_word' id='word_1_720' title='bbox 1010 5701 1193 5771; x_wconf 90' lang='lat' dir='ltr'><strong>nosti,</strong></span> <span class='ocrx_word' id='word_1_721' title='bbox 1225 5701 1479 5767; x_wconf 80' lang='lat' dir='ltr'><strong>Artemi,</strong></span> <span class='ocrx_word' id='word_1_722' title='bbox 1507 5701 1753 5756; x_wconf 89' lang='lat' dir='ltr'><strong>fratrem</strong></span> <span class='ocrx_word' id='word_1_723' title='bbox 1784 5717 1984 5756; x_wconf 88' lang='lat' dir='ltr'><strong>meum</strong></span> <span class='ocrx_word' id='word_1_724' title='bbox 2019 5718 2141 5758; x_wconf 91' lang='lat' dir='ltr'><strong>non</strong></span> 
     </span>
    </p>
   </div>
   <div class='ocr_carea' id='block_1_102' title="bbox 469 5789 2138 5866">
    <p class='ocr_par' dir='ltr' id='par_1_102' title="bbox 469 5789 2138 5866">
     <span class='ocr_line' id='line_1_102' title="bbox 469 5789 2138 5866; baseline -0.001 -17"><span class='ocrx_word' id='word_1_725' title='bbox 469 5793 633 5866; x_wconf 80' lang='lat' dir='ltr'><strong>justo</strong></span> <span class='ocrx_word' id='word_1_726' title='bbox 675 5807 711 5847; x_wconf 75' lang='grc' dir='ltr'><strong>α</strong></span> <span class='ocrx_word' id='word_1_727' title='bbox 749 5790 1095 5845; x_wconf 88' lang='lat' dir='ltr'><strong>Constantio</strong></span> <span class='ocrx_word' id='word_1_728' title='bbox 1155 5789 1419 5846; x_wconf 87' lang='lat' dir='ltr'><strong>occisum</strong></span> <span class='ocrx_word' id='word_1_729' title='bbox 1459 5789 1665 5858; x_wconf 86' lang='lat' dir='ltr'><strong>fuisse,</strong></span> <span class='ocrx_word' id='word_1_730' title='bbox 1701 5789 1806 5846; x_wconf 89' lang='lat' dir='ltr'><strong>sed</strong></span> <span class='ocrx_word' id='word_1_731' title='bbox 1831 5806 1968 5846; x_wconf 89' lang='lat' dir='ltr'><strong>eum</strong></span> <span class='ocrx_word' id='word_1_732' title='bbox 1995 5808 2138 5849; x_wconf 91' lang='lat' dir='ltr'><strong>con-</strong></span> 
     </span>
    </p>
   </div>
   <div class='ocr_carea' id='block_1_103' title="bbox 2317 4531 3883 4616">
    <p class='ocr_par' dir='ltr' id='par_1_103' title="bbox 2317 4531 3883 4616">
     <span class='ocr_line' id='line_1_103' title="bbox 2317 4531 3883 4616; baseline -0.003 -20"><span class='ocrx_word' id='word_1_733' title='bbox 2317 4539 2391 4612; x_wconf 85' lang='grc' dir='ltr'><strong>μ’.</strong></span> <span class='ocrx_word' id='word_1_734' title='bbox 2423 4540 2532 4596; x_wconf 86' lang='grc' dir='ltr'><strong>Τὸν</strong></span> <span class='ocrx_word' id='word_1_735' title='bbox 2580 4536 2638 4594; x_wconf 69' lang='grc' dir='ltr'><strong>δὶ</strong></span> <span class='ocrx_word' id='word_1_736' title='bbox 2687 4536 2843 4615; x_wconf 72' lang='grc' dir='ltr'><strong>ἅγιον</strong></span> <span class='ocrx_word' id='word_1_737' title='bbox 2895 4540 3191 4615; x_wconf 79' lang='grc' dir='ltr'><strong>Ἀρτέμιον</strong></span> <span class='ocrx_word' id='word_1_738' title='bbox 3234 4538 3754 4616; x_wconf 86' lang='grc' dir='ltr'><strong>προσκαλεσάμενος</strong></span> <span class='ocrx_word' id='word_1_739' title='bbox 3796 4531 3883 4614; x_wconf 81' lang='grc' dir='ltr'><strong>ἔφη</strong></span> 
     </span>
    </p>
   </div>
   <div class='ocr_carea' id='block_1_104' title="bbox 2247 4627 3888 4708">
    <p class='ocr_par' dir='ltr' id='par_1_104' title="bbox 2247 4627 3888 4708">
     <span class='ocr_line' id='line_1_104' title="bbox 2247 4627 3888 4708; baseline 0.003 -25"><span class='ocrx_word' id='word_1_740' title='bbox 2247 4629 2385 4704; x_wconf 86' lang='grc' dir='ltr'><strong>πρὸς</strong></span> <span class='ocrx_word' id='word_1_741' title='bbox 2416 4627 2599 4686; x_wconf 80' lang='grc' dir='ltr'><strong>αὐτόν.</strong></span> <span class='ocrx_word' id='word_1_742' title='bbox 2647 4629 2746 4684; x_wconf 82' lang='grc' dir='ltr'><strong>Διά</strong></span> <span class='ocrx_word' id='word_1_743' title='bbox 2801 4631 2901 4698; x_wconf 74' lang='grc' dir='ltr'><strong>τήν</strong></span> <span class='ocrx_word' id='word_1_744' title='bbox 2955 4630 3287 4706; x_wconf 83' lang='grc' dir='ltr'><strong>προπέτειάν</strong></span> <span class='ocrx_word' id='word_1_745' title='bbox 3339 4647 3439 4686; x_wconf 82' lang='grc' dir='ltr'><strong>σου</strong></span> <span class='ocrx_word' id='word_1_746' title='bbox 3495 4627 3888 4708; x_wconf 76' lang='grc' dir='ltr'><strong>κατηνάγκασάς</strong></span> 
     </span>
    </p>
   </div>
   <div class='ocr_carea' id='block_1_105' title="bbox 2252 4714 3885 4797">
    <p class='ocr_par' dir='ltr' id='par_1_105' title="bbox 2252 4714 3885 4797">
     <span class='ocr_line' id='line_1_105' title="bbox 2252 4714 3885 4797; baseline 0 -26"><span class='ocrx_word' id='word_1_747' title='bbox 2252 4737 2318 4789; x_wconf 90' lang='grc' dir='ltr'><strong>με</strong></span> <span class='ocrx_word' id='word_1_748' title='bbox 2347 4715 2607 4790; x_wconf 82' lang='grc' dir='ltr'><strong>ἀτιμάσαι</strong></span> <span class='ocrx_word' id='word_1_749' title='bbox 2637 4718 2702 4773; x_wconf 86' lang='grc' dir='ltr'><strong>τὸ</strong></span> <span class='ocrx_word' id='word_1_750' title='bbox 2759 4714 2912 4794; x_wconf 81' lang='grc' dir='ltr'><strong>γένος</strong></span> <span class='ocrx_word' id='word_1_751' title='bbox 2963 4739 3082 4786; x_wconf 91' lang='grc' dir='ltr'><strong>σου,</strong></span> <span class='ocrx_word' id='word_1_752' title='bbox 3143 4719 3232 4774; x_wconf 86' lang='grc' dir='ltr'><strong>καὶ</strong></span> <span class='ocrx_word' id='word_1_753' title='bbox 3288 4721 3389 4788; x_wconf 80' lang='grc' dir='ltr'><strong>τήν</strong></span> <span class='ocrx_word' id='word_1_754' title='bbox 3449 4722 3757 4797; x_wconf 82' lang='grc' dir='ltr'><strong>προσοῦσάν</strong></span> <span class='ocrx_word' id='word_1_755' title='bbox 3813 4733 3885 4770; x_wconf 83' lang='grc' dir='ltr'><strong>σοι</strong></span> 
     </span>
    </p>
   </div>
   <div class='ocr_carea' id='block_1_106' title="bbox 2246 4802 3884 4885">
    <p class='ocr_par' dir='ltr' id='par_1_106' title="bbox 2246 4802 3884 4885">
     <span class='ocr_line' id='line_1_106' title="bbox 2246 4802 3884 4885; baseline -0.002 -25"><span class='ocrx_word' id='word_1_756' title='bbox 2246 4807 2596 4882; x_wconf 73' lang='grc' dir='ltr'><strong>περιφάνειαν</strong></span> <span class='ocrx_word' id='word_1_757' title='bbox 2657 4802 2955 4878; x_wconf 76' lang='grc' dir='ltr'><strong>ἐνυϐρίσαι,</strong></span> <span class='ocrx_word' id='word_1_758' title='bbox 3012 4807 3102 4862; x_wconf 82' lang='grc' dir='ltr'><strong>καὶ</strong></span> <span class='ocrx_word' id='word_1_759' title='bbox 3175 4808 3354 4863; x_wconf 79' lang='grc' dir='ltr'><strong>αὐτῶν</strong></span> <span class='ocrx_word' id='word_1_760' title='bbox 3438 4805 3745 4885; x_wconf 75' lang='grc' dir='ltr'><strong>ἐφάψασθαι</strong></span> <span class='ocrx_word' id='word_1_761' title='bbox 3790 4807 3884 4859; x_wconf 83' lang='grc' dir='ltr'><strong>τῶν</strong></span> 
     </span>
    </p>
   </div>
   <div class='ocr_carea' id='block_1_107' title="bbox 2248 4896 3886 4974">
    <p class='ocr_par' dir='ltr' id='par_1_107' title="bbox 2248 4896 3886 4974">
     <span class='ocr_line' id='line_1_107' title="bbox 2248 4896 3886 4974; baseline 0.001 -24"><span class='ocrx_word' id='word_1_762' title='bbox 2248 4900 2464 4970; x_wconf 83' lang='grc' dir='ltr'><strong>σαρκῶν</strong></span> <span class='ocrx_word' id='word_1_763' title='bbox 2499 4917 2616 4951; x_wconf 87' lang='grc' dir='ltr'><strong>σου.</strong></span> <span class='ocrx_word' id='word_1_764' title='bbox 2658 4899 2916 4968; x_wconf 87' lang='grc' dir='ltr'><strong>Πείσθητι</strong></span> <span class='ocrx_word' id='word_1_765' title='bbox 2949 4896 3040 4953; x_wconf 80' lang='grc' dir='ltr'><strong>οὗν</strong></span> <span class='ocrx_word' id='word_1_766' title='bbox 3101 4919 3217 4972; x_wconf 83' lang='grc' dir='ltr'><strong>μοι,</strong></span> <span class='ocrx_word' id='word_1_767' title='bbox 3271 4899 3545 4974; x_wconf 83' lang='grc' dir='ltr'><strong>Ἀρτέμιε,</strong></span> <span class='ocrx_word' id='word_1_768' title='bbox 3589 4900 3681 4954; x_wconf 85' lang='grc' dir='ltr'><strong>καὶ</strong></span> <span class='ocrx_word' id='word_1_769' title='bbox 3730 4913 3886 4972; x_wconf 87' lang='grc' dir='ltr'><strong>προσ·</strong></span> 
     </span>
    </p>
   </div>
   <div class='ocr_carea' id='block_1_108' title="bbox 2249 4981 3890 5064">
    <p class='ocr_par' dir='ltr' id='par_1_108' title="bbox 2249 4981 3890 5064">
     <span class='ocr_line' id='line_1_108' title="bbox 2249 4981 3890 5064; baseline -0.001 -25"><span class='ocrx_word' id='word_1_770' title='bbox 2249 4985 2421 5049; x_wconf 85' lang='grc' dir='ltr'><strong>ελθὼν</strong></span> <span class='ocrx_word' id='word_1_771' title='bbox 2459 4990 2620 5050; x_wconf 83' lang='grc' dir='ltr'><strong>θῦσον</strong></span> <span class='ocrx_word' id='word_1_772' title='bbox 2650 4991 2768 5051; x_wconf 80' lang='grc' dir='ltr'><strong>τοῖς</strong></span> <span class='ocrx_word' id='word_1_773' title='bbox 2795 4993 2960 5054; x_wconf 80' lang='grc' dir='ltr'><strong>θεοῖς,</strong></span> <span class='ocrx_word' id='word_1_774' title='bbox 2995 4986 3234 5062; x_wconf 77' lang='grc' dir='ltr'><strong>μάλιστα</strong></span> <span class='ocrx_word' id='word_1_775' title='bbox 3261 4993 3340 5061; x_wconf 83' lang='grc' dir='ltr'><strong>τῷ</strong></span> <span class='ocrx_word' id='word_1_776' title='bbox 3398 4986 3654 5064; x_wconf 83' lang='grc' dir='ltr'><strong>Δαφναίῳ</strong></span> <span class='ocrx_word' id='word_1_777' title='bbox 3706 4981 3890 5042; x_wconf 74' lang='grc' dir='ltr'><strong>Ἀπόλ-</strong></span> 
     </span>
    </p>
   </div>
   <div class='ocr_carea' id='block_1_109' title="bbox 2249 5076 3892 5156">
    <p class='ocr_par' dir='ltr' id='par_1_109' title="bbox 2249 5076 3892 5156">
     <span class='ocr_line' id='line_1_109' title="bbox 2249 5076 3892 5156; baseline -0.001 -24"><span class='ocrx_word' id='word_1_778' title='bbox 2249 5076 2493 5150; x_wconf 86' lang='grc' dir='ltr'><strong>λωνιτῷ</strong></span> <span class='ocrx_word' id='word_1_779' title='bbox 2533 5076 2659 5151; x_wconf 80' lang='grc' dir='ltr'><strong>ἐμοὶ</strong></span> <span class='ocrx_word' id='word_1_780' title='bbox 2715 5080 3034 5153; x_wconf 76' lang='grc' dir='ltr'><strong>τριποθήτῳ</strong></span> <span class='ocrx_word' id='word_1_781' title='bbox 3088 5080 3178 5134; x_wconf 73' lang='grc' dir='ltr'><strong>καὶ</strong></span> <span class='ocrx_word' id='word_1_782' title='bbox 3239 5081 3566 5156; x_wconf 82' lang='grc' dir='ltr'><strong>παναγάστῳ</strong></span> <span class='ocrx_word' id='word_1_783' title='bbox 3625 5084 3755 5152; x_wconf 81' lang='grc' dir='ltr'><strong>θεῷ,</strong></span> <span class='ocrx_word' id='word_1_784' title='bbox 3807 5093 3892 5130; x_wconf 82' lang='grc' dir='ltr'><strong>κα-</strong></span> 
     </span>
    </p>
   </div>
   <div class='ocr_carea' id='block_1_110' title="bbox 2246 5165 3888 5246">
    <p class='ocr_par' dir='ltr' id='par_1_110' title="bbox 2246 5165 3888 5246">
     <span class='ocr_line' id='line_1_110' title="bbox 2246 5165 3888 5246; baseline -0.002 -25"><span class='ocrx_word' id='word_1_785' title='bbox 2246 5172 2345 5236; x_wconf 85' lang='grc' dir='ltr'><strong>τῆς</strong></span> <span class='ocrx_word' id='word_1_786' title='bbox 2376 5165 2554 5229; x_wconf 84' lang='grc' dir='ltr'><strong>αἰτίας</strong></span> <span class='ocrx_word' id='word_1_787' title='bbox 2584 5171 2687 5222; x_wconf 88' lang='grc' dir='ltr'><strong>τοῦ</strong></span> <span class='ocrx_word' id='word_1_788' title='bbox 2718 5173 2951 5241; x_wconf 83' lang='grc' dir='ltr'><strong>αἳματος</strong></span> <span class='ocrx_word' id='word_1_789' title='bbox 2978 5173 3076 5223; x_wconf 87' lang='grc' dir='ltr'><strong>τοῦ</strong></span> <span class='ocrx_word' id='word_1_790' title='bbox 3109 5167 3245 5243; x_wconf 83' lang='grc' dir='ltr'><strong>ἐμοῦ</strong></span> <span class='ocrx_word' id='word_1_791' title='bbox 3275 5167 3517 5246; x_wconf 86' lang='grc' dir='ltr'><strong>ἀδελφοῦ</strong></span> <span class='ocrx_word' id='word_1_792' title='bbox 3567 5168 3795 5224; x_wconf 80' lang='grc' dir='ltr'><strong>ἀπολύω</strong></span> <span class='ocrx_word' id='word_1_793' title='bbox 3824 5182 3888 5230; x_wconf 87' lang='grc' dir='ltr'><strong>σε,</strong></span> 
     </span>
    </p>
   </div>
   <div class='ocr_carea' id='block_1_111' title="bbox 2246 5255 3888 5332">
    <p class='ocr_par' dir='ltr' id='par_1_111' title="bbox 2246 5255 3888 5332">
     <span class='ocr_line' id='line_1_111' title="bbox 2246 5255 3888 5332; baseline 0.002 -22"><span class='ocrx_word' id='word_1_794' title='bbox 2246 5257 2347 5326; x_wconf 79' lang='grc' dir='ltr'><strong>τήν</strong></span> <span class='ocrx_word' id='word_1_795' title='bbox 2395 5277 2453 5312; x_wconf 92' lang='grc' dir='ltr'><strong>τε</strong></span> <span class='ocrx_word' id='word_1_796' title='bbox 2507 5256 2660 5327; x_wconf 80' lang='grc' dir='ltr'><strong>ἀξίαν</strong></span> <span class='ocrx_word' id='word_1_797' title='bbox 2721 5256 2944 5330; x_wconf 85' lang='grc' dir='ltr'><strong>μείζονα</strong></span> <span class='ocrx_word' id='word_1_798' title='bbox 3000 5257 3092 5312; x_wconf 85' lang='grc' dir='ltr'><strong>καὶ</strong></span> <span class='ocrx_word' id='word_1_799' title='bbox 3172 5255 3517 5332; x_wconf 71' lang='grc' dir='ltr'><strong>ἐνδοξοτέραν</strong></span> <span class='ocrx_word' id='word_1_800' title='bbox 3585 5257 3888 5327; x_wconf 80' lang='grc' dir='ltr'><strong>έπαναθήσω</strong></span> 
     </span>
    </p>
   </div>
   <div class='ocr_carea' id='block_1_112' title="bbox 2249 5339 3890 5425">
    <p class='ocr_par' dir='ltr' id='par_1_112' title="bbox 2249 5339 3890 5425">
     <span class='ocr_line' id='line_1_112' title="bbox 2249 5339 3890 5425; baseline 0 -25"><span class='ocrx_word' id='word_1_801' title='bbox 2249 5364 2355 5400; x_wconf 79' lang='grc' dir='ltr'><strong>σοι’</strong></span> <span class='ocrx_word' id='word_1_802' title='bbox 2408 5343 2649 5422; x_wconf 83' lang='grc' dir='ltr'><strong>ἔπαρχον</strong></span> <span class='ocrx_word' id='word_1_803' title='bbox 2705 5347 2808 5422; x_wconf 77' lang='grc' dir='ltr'><strong>γὰρ</strong></span> <span class='ocrx_word' id='word_1_804' title='bbox 2870 5347 3221 5425; x_wconf 88' lang='grc' dir='ltr'><strong>πραιτωρίων</strong></span> <span class='ocrx_word' id='word_1_805' title='bbox 3277 5369 3334 5404; x_wconf 88' lang='grc' dir='ltr'><strong>σε</strong></span> <span class='ocrx_word' id='word_1_806' title='bbox 3417 5349 3762 5420; x_wconf 81' lang='grc' dir='ltr'><strong>καταστήσας</strong></span> <span class='ocrx_word' id='word_1_807' title='bbox 3814 5339 3890 5400; x_wconf 76' lang='grc' dir='ltr'><strong>καὶ</strong></span> 
     </span>
    </p>
   </div>
   <div class='ocr_carea' id='block_1_113' title="bbox 2248 5433 3889 5514">
    <p class='ocr_par' dir='ltr' id='par_1_113' title="bbox 2248 5433 3889 5514">
     <span class='ocr_line' id='line_1_113' title="bbox 2248 5433 3889 5514; baseline -0.002 -24"><span class='ocrx_word' id='word_1_808' title='bbox 2248 5435 2509 5512; x_wconf 73' lang='grc' dir='ltr'><strong>ἀρχιερέα</strong></span> <span class='ocrx_word' id='word_1_809' title='bbox 2536 5439 2644 5491; x_wconf 88' lang='grc' dir='ltr'><strong>τῶν</strong></span> <span class='ocrx_word' id='word_1_810' title='bbox 2681 5433 2938 5512; x_wconf 88' lang='grc' dir='ltr'><strong>μεγάλων</strong></span> <span class='ocrx_word' id='word_1_811' title='bbox 2980 5438 3140 5509; x_wconf 90' lang='grc' dir='ltr'><strong>θεῶν,</strong></span> <span class='ocrx_word' id='word_1_812' title='bbox 3190 5439 3398 5514; x_wconf 89' lang='grc' dir='ltr'><strong>πατέρα</strong></span> <span class='ocrx_word' id='word_1_813' title='bbox 3442 5437 3576 5512; x_wconf 79' lang='grc' dir='ltr'><strong>ἐμὸν</strong></span> <span class='ocrx_word' id='word_1_814' title='bbox 3627 5435 3889 5512; x_wconf 81' lang='grc' dir='ltr'><strong>ὀνομάσω,</strong></span> 
     </span>
    </p>
   </div>
   <div class='ocr_carea' id='block_1_114' title="bbox 2246 5520 3882 5604">
    <p class='ocr_par' dir='ltr' id='par_1_114' title="bbox 2246 5520 3882 5604">
     <span class='ocr_line' id='line_1_114' title="bbox 2246 5520 3882 5604; baseline 0.001 -26"><span class='ocrx_word' id='word_1_815' title='bbox 2246 5525 2336 5578; x_wconf 72' lang='grc' dir='ltr'><strong>καί</strong></span> <span class='ocrx_word' id='word_1_816' title='bbox 2366 5530 2467 5594; x_wconf 81' lang='grc' dir='ltr'><strong>τῆς</strong></span> <span class='ocrx_word' id='word_1_817' title='bbox 2497 5522 2636 5598; x_wconf 72' lang='grc' dir='ltr'><strong>ἐμῆς</strong></span> <span class='ocrx_word' id='word_1_818' title='bbox 2661 5523 2938 5601; x_wconf 87' lang='grc' dir='ltr'><strong>βασιλείας</strong></span> <span class='ocrx_word' id='word_1_819' title='bbox 2985 5527 3051 5581; x_wconf 80' lang='grc' dir='ltr'><strong>τᾶ</strong></span> <span class='ocrx_word' id='word_1_820' title='bbox 3101 5522 3324 5597; x_wconf 83' lang='grc' dir='ltr'><strong>δεύτερα</strong></span> <span class='ocrx_word' id='word_1_821' title='bbox 3372 5527 3628 5604; x_wconf 84' lang='grc' dir='ltr'><strong>φέροντα,</strong></span> <span class='ocrx_word' id='word_1_822' title='bbox 3673 5527 3763 5584; x_wconf 81' lang='grc' dir='ltr'><strong>καί</strong></span> <span class='ocrx_word' id='word_1_823' title='bbox 3801 5520 3882 5595; x_wconf 78' lang='grc' dir='ltr'><strong>ἔσῃ</strong></span> 
     </span>
    </p>
   </div>
   <div class='ocr_carea' id='block_1_115' title="bbox 2251 5611 3886 5694">
    <p class='ocr_par' dir='ltr' id='par_1_115' title="bbox 2251 5611 3886 5694">
     <span class='ocr_line' id='line_1_115' title="bbox 2251 5611 3886 5694; baseline 0.002 -26"><span class='ocrx_word' id='word_1_824' title='bbox 2251 5614 2370 5686; x_wconf 84' lang='grc' dir='ltr'><strong>μεθ’</strong></span> <span class='ocrx_word' id='word_1_825' title='bbox 2413 5616 2574 5687; x_wconf 74' lang='grc' dir='ltr'><strong>ἡμῶν</strong></span> <span class='ocrx_word' id='word_1_826' title='bbox 2633 5615 2808 5671; x_wconf 86' lang='grc' dir='ltr'><strong>πάντα</strong></span> <span class='ocrx_word' id='word_1_827' title='bbox 2865 5615 2957 5670; x_wconf 83' lang='grc' dir='ltr'><strong>τὸν</strong></span> <span class='ocrx_word' id='word_1_828' title='bbox 3020 5611 3224 5692; x_wconf 89' lang='grc' dir='ltr'><strong>χρόνον</strong></span> <span class='ocrx_word' id='word_1_829' title='bbox 3271 5619 3374 5683; x_wconf 76' lang='grc' dir='ltr'><strong>τῆς</strong></span> <span class='ocrx_word' id='word_1_830' title='bbox 3435 5616 3710 5694; x_wconf 80' lang='grc' dir='ltr'><strong>ἡμετέρας</strong></span> <span class='ocrx_word' id='word_1_831' title='bbox 3763 5617 3886 5685; x_wconf 74' lang='grc' dir='ltr'><strong>ζωῆς</strong></span> 
     </span>
    </p>
   </div>
   <div class='ocr_carea' id='block_1_116' title="bbox 2246 5701 3882 5784">
    <p class='ocr_par' dir='ltr' id='par_1_116' title="bbox 2246 5701 3882 5784">
     <span class='ocr_line' id='line_1_116' title="bbox 2246 5701 3882 5784; baseline 0.005 -25"><span class='ocrx_word' id='word_1_832' title='bbox 2246 5723 2304 5759; x_wconf 89' lang='grc' dir='ltr'><strong>τε</strong></span> <span class='ocrx_word' id='word_1_833' title='bbox 2331 5704 2424 5758; x_wconf 78' lang='grc' dir='ltr'><strong>καί</strong></span> <span class='ocrx_word' id='word_1_834' title='bbox 2455 5703 2758 5780; x_wconf 82' lang='grc' dir='ltr'><strong>διαγωγῆς.</strong></span> <span class='ocrx_word' id='word_1_835' title='bbox 2819 5701 2987 5768; x_wconf 77' lang='grc' dir='ltr'><strong>Οἶδας</strong></span> <span class='ocrx_word' id='word_1_836' title='bbox 3043 5704 3150 5782; x_wconf 77' lang='grc' dir='ltr'><strong>γὰρ</strong></span> <span class='ocrx_word' id='word_1_837' title='bbox 3191 5704 3282 5762; x_wconf 77' lang='grc' dir='ltr'><strong>καὶ</strong></span> <span class='ocrx_word' id='word_1_838' title='bbox 3334 5705 3517 5776; x_wconf 82' lang='grc' dir='ltr'><strong>αὐτὸς,</strong></span> <span class='ocrx_word' id='word_1_839' title='bbox 3549 5708 3596 5762; x_wconf 82' lang='grc' dir='ltr'>ὦ</span> <span class='ocrx_word' id='word_1_840' title='bbox 3628 5705 3882 5784; x_wconf 71' lang='grc' dir='ltr'><strong>’Δρτὲμιεο</strong></span> 
     </span>
    </p>
   </div>
   <div class='ocr_carea' id='block_1_117' title="bbox 2248 5789 3879 5872">
    <p class='ocr_par' dir='ltr' id='par_1_117' title="bbox 2248 5789 3879 5872">
     <span class='ocr_line' id='line_1_117' title="bbox 2248 5789 3879 5872; baseline 0.002 -25"><span class='ocrx_word' id='word_1_841' title='bbox 2248 5792 2323 5856; x_wconf 84' lang='grc' dir='ltr'><strong>ὡς</strong></span> <span class='ocrx_word' id='word_1_842' title='bbox 2355 5793 2383 5847; x_wconf 93' lang='lat'><strong>6</strong></span> <span class='ocrx_word' id='word_1_843' title='bbox 2413 5793 2545 5867; x_wconf 69' lang='grc' dir='ltr'><strong>ὶμὸς</strong></span> <span class='ocrx_word' id='word_1_844' title='bbox 2598 5791 2835 5871; x_wconf 81' lang='grc' dir='ltr'><strong>ἀδελφὸς</strong></span> <span class='ocrx_word' id='word_1_845' title='bbox 2877 5795 3050 5869; x_wconf 87' lang='grc' dir='ltr'><strong>μάτην</strong></span> <span class='ocrx_word' id='word_1_846' title='bbox 3100 5795 3248 5872; x_wconf 85' lang='grc' dir='ltr'><strong>παρὰ</strong></span> <span class='ocrx_word' id='word_1_847' title='bbox 3293 5794 3676 5854; x_wconf 86' lang='grc' dir='ltr'><strong>Κωνσταντίου</strong></span> <span class='ocrx_word' id='word_1_848' title='bbox 3730 5789 3879 5872; x_wconf 78' lang='grc' dir='ltr'><strong>πεφό-</strong></span> 
     </span>
    </p>
   </div>
  </div>
