4120 6356
292 348 434 423 1289

1670 345 1730 397 S.
1776 342 2080 397 ARTEMII
2119 342 2391 399 PASSIO.

3574 353 3716 409 i290

282 493 485 541 νευται,
546 468 637 525 καὶ
696 468 770 529 ὡς
828 462 1023 545 φθόνος
1078 466 1236 522 αὐτὸν
1285 468 1697 541 κατειργάσατο,
1756 464 1847 520 καὶ
1906 466 1933 521 6

2056 464 2261 521 fecisse
2294 465 2579 523 invidiam
2615 472 2671 523 et
2698 469 2977 525 omnium
3016 470 3328 529 hominum
3362 476 3717 535 scelestissi-

279 566 495 619 πάντων
528 557 837 633 ἀνθρώπων
870 556 1235 617 ἀνοσιώτατος
1276 558 1303 610 6
1336 557 1601 630 εὐνοῦχος
1654 549 1939 624 Εὐσέϐιος,

280 656 307 710 6
359 654 460 721 τὴν
518 654 618 705 τοῦ
672 646 1037 722 πραιποσίτου
1099 645 1244 718 ἀξίαν
1304 648 1486 708 κακῶς
1561 640 1941 715 ἐνδυσάμενος,

278 740 376 799 κᾶν
408 741 507 796 οὐκ
538 741 805 813 ἀρκοῦσαν
840 733 1042 791 δέδωκε
1076 735 1174 803 τήν
1236 731 1394 804 δίκην
1447 737 1545 787 τοῦ
1576 732 1946 807 ἀνοσιουργή-

282 852 451 906 ματος
482 831 511 885 6
540 827 843 901 παμπόνηρ
858 846 939 887 ος.

357 920 464 991 μα’.
502 917 606 973 Καὶ
640 915 724 969 ὅτι
753 916 852 981 τῆς
890 913 1160 986 ἡμετέρας
1211 916 1396 985 γενεᾶς
1457 910 1565 965 ἐστι
1630 907 1843 982 μᾶλλον
1902 909 1937 977 ἡ

284 1006 539 1084 βασιλεία
568 1001 857 1081 ἁρμόδιος
894 1003 921 1056 6
974 1002 1078 1075 γὰρ
1138 999 1270 1073 ἐμὸς
1328 1001 1510 1075 πατὴρ
1570 1006 1937 1059 Κωνσταντιος

280 1098 340 1152 ἐκ
396 1104 495 1165 τῆς
553 1095 895 1165 Μαξιμιανοῦ
966 1090 1231 1165 θυγατρὸς
1317 1087 1603 1162 Θεοδώρας
1658 1086 1937 1162 γεγένηται

280 1192 358 1257 τῷ
416 1185 533 1257 ἐμῷ
591 1184 801 1253 πάππῳ
852 1182 1185 1237 Κώνσταντι.
1274 1181 1333 1236 Ὀ
1417 1175 1474 1233 δὲ
1530 1181 1937 1238 Κωνσταντῖνος

278 1274 329 1347 ἐξ
363 1274 588 1343 Ἑλένης
617 1272 764 1344 αὐτῷ
823 1267 1013 1345 γέγονε
1070 1268 1287 1346 φαύλης
1344 1268 1491 1322 τινὸς
1548 1267 1803 1342 γυναικὸς
1846 1265 1935 1319 καὶ

273 1368 382 1419 τῶν
466 1359 836 1437 χαμαιτόπων
926 1355 1078 1412 οὐδέν
1169 1354 1552 1433 διαφερούσης·
1610 1355 1698 1408 καὶ
1768 1357 1937 1408 ταῦτα

277 1454 451 1526 μήπω
479 1448 731 1528 γεγονότι
765 1447 1010 1521 Καίσαρι,
1038 1446 1166 1500 ἀλλ’
1221 1445 1274 1500 ἐν
1334 1442 1561 1499 ἰδιώτου
1608 1442 1935 1517 τυγχάνοντι

277 1542 549 1617 σχήματι.
608 1540 669 1597 Ὀ
728 1538 909 1592 τοίνυν
967 1540 1371 1595 Κωνσταντῖνος
1432 1533 1729 1607 θρασύτητι
1788 1531 1937 1605 γνώ-

282 1652 391 1705 μης
440 1631 588 1703 [372]
640 1629 739 1697 τήν
796 1625 1070 1701 βασιλείαν
1136 1625 1443 1702 ἀφήρπασε,
1500 1622 1589 1677 καὶ
1648 1623 1738 1675 τὸν
1801 1619 1930 1692 ἐμὸν

280 1720 485 1795 πατέρα
522 1718 612 1773 καὶ
670 1717 798 1779 τοὺς
844 1715 1043 1771 τούτου
1103 1712 1371 1781 ἀδελφοὺς
1421 1710 1765 1787 ἀμφοτέρους
1816 1708 1932 1764 ἀδί-

280 1830 391 1871 κως
421 1807 717 1863 ἀπέκτεινεο
752 1804 904 1859 καὶὸ
952 1804 1150 1859 τούτου
1209 1804 1325 1863 υἱὸς
1384 1802 1781 1868 Κωνστάντιος,
1839 1800 1930 1854 τὸν

283 1898 448 1953 αὐτοῦ
475 1897 679 1969 πατέρα
711 1894 1117 1968 μιμησάμενος,
1140 1892 1231 1947 τὸν
1292 1890 1423 1963 ἐμθν
1482 1888 1715 1965 ἀδελφὼ
1766 1888 1932 1967 πεφό-

281 2008 458 2054 νευκε,
490 1986 779 2042 καὶταῦτα
809 1982 997 2058 ὅρκοις
1054 1983 1189 2054 πρὸς
1250 1982 1412 2035 αὐτὸν
1474 1975 1931 2057 φρικωδεστάτοις

282 2076 857 2154 χρησάμενον.Ἡμᾶς
914 2093 974 2128 τε
1028 2070 1222 2133 αὐτοὺς
1273 2069 1318 2125 εἰ
1378 2070 1454 2141 μὴ
1516 2073 1647 2133 θεῶν
1701 2067 1936 2141 προνοίᾳ

280 2169 721 2242 περιεσώθημεν,
770 2164 833 2219 τὸ
916 2162 1047 2217 αὐτὸ
1102 2155 1375 2230 ἠϐούλετο
1436 2157 1647 2233 δρᾶσαι·
1705 2156 1831 2212 ἀλλ’
1881 2156 1932 2209 οἱ

279 2256 395 2320 θεοὶ
430 2253 789 2321 διεκώλυσαν,
822 2248 1047 2324 αὐτοψεί
1108 2270 1201 2323 μοι
1260 2249 1358 2317 τήν
1421 2246 1692 2320 σωτηρίαν
1757 2244 1932 2316 μηνό-

275 2364 485 2412 σαντες,
518 2342 595 2405 είς
638 2340 729 2401 οὕς
786 2340 896 2413 ἐγὼ
948 2338 1299 2411 τεθαρῥηκὼν
1360 2337 1451 2390 τὸν
1511 2333 1935 2407 Χριστιανισμὸν

274 2433 647 2506 ἐξωμοσάμην
675 2429 765 2485 καὶ
794 2431 928 2503 πρὸς
948 2429 1041 2482 τὸν
1073 2426 1327 2497 Ἕλληνα
1383 2424 1501 2500 βίον
1554 2422 1841 2478 ἀπέκλινα·
1878 2420 1933 2475 εὗ

273 2521 464 2592 εἰδὼς,
498 2522 572 2582 ὡς
606 2521 633 2575 6
663 2523 770 2574 τῶν
802 2516 1090 2587 Ἑλλήνων
1123 2514 1212 2569 καὶ
1234 2513 1523 2585 Ῥωμαίων
1566 2511 1933 2585 ἀρχαιότατος

277 2612 399 2689 βίος
429 2609 623 2671 καλοῖς
647 2603 787 2673 ἔθεσι
829 2606 919 2661 καὶ
948 2606 1144 2679 νόμοις
1175 2604 1548 2679 χρησάμενος,
1581 2600 1735 2689 θεοὺς
1764 2619 1938 2674 προσ-

274 2686 535 2777 αγορεύει
564 2699 696 2761 τοὺς
719 2700 780 2753 τὸ
811 2698 1001 2752 πιστὸν
1035 2695 1095 2750 ἐκ
1122 2698 1230 2749 τῶν
1258 2692 1591 2767 πραγμάτων
1612 2686 1861 2765 ἔχοντας.

362 2793 473 2866 μβ¹.
503 2790 600 2852 Τίς
632 2790 731 2864 γὰρ
756 2790 856 2858 τὴν
889 2787 1119 2861 γνώμην
1154 2778 1491 2861 ἀμφίϐολος,
1517 2780 1680 2849 ἣλιον
1715 2780 1933 2855 βλέπων

280 2865 371 2937 ἐν
411 2865 640 2954 οὖρανῷ
719 2875 1049 2932 διππεύοντα
1108 2872 1199 2928 καὶ
1257 2871 1494 2941 σελήνην
1556 2869 1637 2947 ἐφ’
1695 2865 1939 2941 ἅρματος

281 2978 670 3047 χρυσαντὺγου
698 2964 1145 3041 ταυροπολοῦσαν
1183 2982 1197 3031 ;
1231 2962 1257 3014 6
1295 2962 1389 3041 μὶν
1419 2958 1519 3033 γὰρ
1580 2959 1679 3026 τὴν
1726 2954 1937 3047 ἡμέραν

277 3040 509 3138 ξρναεινήν
560 3040 938 3133 ἀπεργάζεται,
998 3052 1088 3107 καὶ
1146 3050 1278 3112 τοὺς
1337 3048 1657 3124 ἀνθρώπους
1710 3046 1794 3101 ἐπ’
1851 3040 1942 3119 ἔρ-

274 3134 381 3225 γον
416 3146 690 3222 ἐγείρει·ἡ
725 3142 782 3199 δὲ
808 3146 909 3213 τὴν
965 3142 1129 3197 νόκτα
1186 3136 1601 3212 λαμπαδουχεῖ,
1665 3137 1755 3190 καὶ
1811 3134 1941 3197 τοὺς

2056 571 2216 608 mum
2256 555 2573 611 Eusebium
2608 559 2973 628 eunuchum,
3008 560 3108 630 qui
3136 564 3437 633 praepositi
3466 565 3713 637 dignita-

2056 648 2175 697 tem
2211 660 2521 714 perperam
2556 646 2770 714 induit,
2805 664 2914 702 nec
2947 653 3146 703 tamen
3178 667 3284 720 pro
3335 652 3558 707 scelere
3590 656 3713 710 suf-

2055 732 2360 787 ﬁcientem
2392 750 2626 805 pcenam
2661 736 2825 791 dedit
2853 737 2940 791 vir
2970 739 3397 808 nequissimus.

2121 912 2207 963 41.
2243 913 2423 982 Aune
2457 913 2831 983 exploratum
2864 914 3048 969 habes
3096 916 3169 971 ad
3219 924 3489 973 nostrum
3520 936 3711 992 genus

2050 1000 2237 1071 magis
2270 1002 2568 1071 pertinere
2600 1003 2941 1073 imperium.
2978 1007 3150 1059 Pater
3181 1007 3339 1061 enim
3364 1025 3534 1063 meus
3561 1010 3711 1063 Con-

2050 1090 2303 1145 stantius
2335 1108 2404 1145 ex
2436 1092 2763 1160 Theodora,
2816 1095 3156 1149 Maximiani
3206 1096 3350 1163 ﬁlia,
3385 1105 3562 1153 natus
3617 1103 3710 1153 est

2048 1193 2152 1232 avo
2185 1196 2317 1233 meo
2349 1181 3121 1246 Constanti,Constantinus
3145 1190 3343 1239 autem
3362 1203 3431 1240 ex
3458 1187 3709 1257 Helena,

2046 1267 2145 1320 vili
2178 1268 2433 1338 quadam
2468 1270 2708 1325 muliere
2769 1287 2836 1325 ac
2895 1273 3311 1327 meretricibus
3372 1275 3706 1338 simillima.

2046 1355 2223 1426 idque
2255 1358 2355 1412 ubi
2388 1359 2657 1413 nondum
2690 1361 2885 1414 Cmsar
2914 1367 3148 1415 creatus
3176 1362 3237 1415 in
3285 1364 3493 1433 privati
3518 1365 3711 1419 homi-

2047 1445 2140 1499 nis
2194 1447 2534 1503 conditione
2595 1448 2961 1503 versabatur.
3022 1450 3451 1506 Constantinus
3522 1454 3709 1525 igitur

2046 1535 2436 1591 consiliorum
2470 1554 2715 1592 suorum
2747 1538 2999 1593 audacia
3029 1538 3347 1609 imperium
3371 1543 3707 1612 usurpavit,

2049 1628 2105 1677 et
2135 1630 2363 1694 patrem
2397 1643 2597 1681 meum
2638 1627 2965 1698 ambosque
3013 1627 3146 1698 ejus
3203 1629 3417 1683 fratres
3478 1630 3703 1701 injuste

2046 1712 2281 1766 occidit.
2312 1715 2523 1768 Postea
2562 1716 3441 1783 Constantius,Constantinum
3475 1725 3707 1790 patrem

2050 1818 2224 1856 suum
2257 1803 2544 1870 imitatus,
2576 1804 2819 1859 fratrem
2852 1822 3052 1860 meum
3114 1807 3431 1876 interfecit,
3468 1809 3561 1863 cui
3614 1815 3702 1863 ta—

2048 1907 2185 1945 men
2245 1893 2610 1948 horrendum
2660 1894 3088 1966 jusjurandum
3143 1896 3410 1957 dederat.
3466 1898 3531 1951 In
3592 1914 3704 1952 nos

2039 1997 2299 2051 quoque,
2337 1982 2449 2036 nisi
2486 1983 2736 2038 deorum
2782 1984 3150 2054 providentia
3209 1986 3421 2041 servati
3480 1986 3705 2041 fuisse-

2039 2085 2192 2136 mus,
2218 2069 2376 2124 idem
2408 2070 2840 2138 meditabatur;
2873 2072 2977 2126 sed
3009 2074 3091 2127 dii
3119 2074 3576 2144 prohibuerunt,
3613 2092 3701 2130 sa-

2038 2157 2224 2212 lutem
2256 2175 2290 2213 a
2320 2175 2381 2213 se
2414 2160 2739 2229 profectam
2768 2160 2913 2214 mihi
2939 2161 3251 2216 manifesto
3286 2163 3692 2219 ostendentes.

2040 2247 2263 2311 Quibus
2294 2264 2398 2319 ego
2430 2246 2616 2303 fretus
2642 2250 3165 2304 Christianismum
3194 2251 3532 2322 abjuraviet
3559 2269 3696 2324 gen-

2040 2336 2235 2389 tilium
2268 2337 2443 2390 vitam
2472 2338 2781 2407 amplexus
2814 2356 2977 2393 sum:
3002 2356 3141 2394 nam
3174 2342 3696 2410 persuasissimum

2042 2425 2187 2478 mihi
2222 2430 2312 2479 est
2344 2428 2677 2481 Graecorum
2713 2432 2770 2479 et
2792 2429 3192 2482 Romanorum
3217 2429 3697 2499 antiquissimam

2040 2514 2269 2567 vivendi
2304 2531 2579 2581 norman,
2614 2515 2786 2570 bonis
2819 2516 3087 2571 moribus
3119 2522 3177 2570 et
3206 2516 3436 2588 legibus
3481 2518 3699 2573 funda-

2042 2609 2185 2671 tam,
2219 2604 2360 2659 deos
2391 2604 2693 2675 appellare
2738 2605 2875 2659 illos
2934 2606 3035 2677 qui
3086 2623 3158 2661 ex
3204 2623 3406 2662 rerum
3456 2608 3701 2663 veritate

2045 2694 2224 2748 ﬁdem
2250 2693 2360 2746 sibi
2388 2693 2632 2748 faciant.

2113 2785 2202 2836 42.
2236 2782 2377 2847 Quis
2408 2783 2568 2836 enim
2601 2788 2799 2837 mente
2839 2783 3056 2839 dubius
3116 2784 3316 2851 fuerit,
3371 2786 3470 2854 qui
3532 2801 3702 2856 aspe-

2041 2874 2195 2927 xerit
2227 2873 2415 2927 solem
2438 2873 2499 2927 in
2532 2874 2678 2928 cmlo
2713 2875 3103 2943 equitantem,
3130 2880 3188 2929 et
3211 2875 3417 2929 lunam
3442 2875 3502 2930 in
3527 2892 3705 2930 curru

2045 2967 2250 3016 aurato
2285 2961 2472 3015 tauris
2530 2968 2870 3032 provectam
2904 2963 2931 3017 ?
2989 2964 3224 3018 Etenim
3276 2964 3378 3017 ille
3440 2963 3705 3018 lucidum

2047 3050 2232 3105 efficit
2256 3050 2435 3116 diem,
2462 3051 2856 3121 hominesque
2889 3051 2963 3105 ad
2995 3050 3264 3106 laborem
3288 3053 3507 3107 excitat
3536 3070 3549 3119 ;
3582 3053 3709 3107 haac

2052 3144 2251 3194 autem
2280 3141 2439 3194 nocti
2472 3140 2714 3211 praafert
2738 3140 2917 3207 faces,
2953 3140 3339 3211 splendorem
3383 3141 3483 3196 dat
3512 3142 3713 3207 astris,

276 3204 1006 3313 ἀπέράςικαταῳαιδρύνει,
1057 3231 1147 3286 καὶ
1205 3234 1323 3291 ταῖς
1401 3227 1697 3303 ἀγρύπνοις
1757 3245 1937 3301 φωτο-

2057 3234 2114 3283 et
2142 3229 2524 3301 vigilantibus
2557 3229 2740 3284 radiis
2774 3246 3049 3283 somnum
3111 3230 3463 3285 hominibus
3512 3230 3713 3286 conci-

274 3323 524 3392 ϐολίαις,
613 3326 814 3380 ὗπνοῦν
893 3322 1020 3384 τοὺς
1079 3318 1400 3395 ἀνθρώπους
1490 3313 1939 3389 παρακελεύεται.

271 3417 463 3477 Ταῦτα
506 3412 861 3487 θεολογοῦσιν
918 3410 1190 3479 Ἕλληνες
1250 3409 1343 3462 καὶ
1403 3408 1696 3478 Ῥωμαῖοι,
1758 3400 1941 3476 Ἀρτέ-

278 3526 401 3582 μιι,
450 3504 541 3559 καὶ
597 3502 697 3557 οὐκ
755 3499 982 3570 ἀδίκως,
1046 3498 1189 3552 ἀλλά
1260 3490 1576 3569 πρεπόντως
1656 3491 1747 3582 καί
1811 3490 1948 3563 μετά

282 3580 503 3651 δικαίου
532 3595 630 3647 τοῦ
660 3590 947 3665 κρίματος.
980 3585 1045 3643 Τί
1084 3585 1187 3660 γὰρ
1232 3582 1401 3653 ἡλίου
1460 3580 1895 3655 τηλαυγέστερον
1928 3597 1943 3647 ;

288 3682 327 3755 ἤ
362 3682 413 3737 τί
440 3679 677 3752 σελήνης
711 3673 1200 3753 αὖγοειδέστιρονς
1260 3671 1295 3741 ἢ
1343 3672 1395 3725 τί
1444 3675 1541 3726 τοῦ
1601 3672 1780 3743 χοροῦ
1836 3670 1945 3722 τῶν

296 3773 537 3848 ἀστέρων
615 3767 876 3843 ἠδύτερόν
961 3786 1021 3820 τε
1102 3763 1193 3818 καὶ
1240 3759 1663 3835 εὐπρεπέστερον
1710 3778 1724 3826 ;
1773 3761 1949 3811 Tu31u

292 3845 476 3921 τοίνυν
510 3859 781 3928 Ἓλληνες
865 3858 953 3913 καὶ
1037 3856 1304 3927 Ῥωμαῖοι
1394 3848 1696 3919 θειαζουσίν
1746 3867 1805 3902 τι
1858 3845 1949 3901 xui

300 3950 577 4023 σέϐουσιν,
607 3951 697 4007 καὶ
728 3949 867 4024 πρὸς
897 3946 1036 4003 αὐτά
1079 3946 1176 4007 τὰς
1210 3944 1412 3999 έαυτῶν
1470 3937 1700 4002 ἐλπίδας
1756 3936 1944 3992 ἐναπε-

300 4046 598 4122 κρέμασαν·
632 4042 722 4096 xui
781 4040 872 4094 τὸν
935 4038 1027 4111 μέν
1085 4034 1247 4105 ἥλιον
1307 4030 1637 4089 Ἀπόλλωνα
1674 4047 1956 4102 προσαγο-

300 4114 568 4210 ρέύουσιν,
599 4133 701 4201 τὴν
730 4128 787 4185 δὶ
844 4126 1081 4197 σελήνην
1138 4126 1447 4210 Ἄρτεμιν,
1477 4118 1568 4175 καὶ
1624 4116 1755 4210 τους
1799 4114 1952 4210 μεγί-

300 4204 460 4283 στους
490 4226 596 4277 τῶν
648 4218 885 4293 ἀστέρων
956 4214 1048 4277 οὕς
1106 4209 1611 4288 προσαγορεύουσιν
1667 4204 1954 4280 πλανῄτας

296 4311 425 4375 τοὺς
453 4311 548 4372 τὰς
592 4309 727 4364 ἑπτὰ
787 4307 959 4377 ζώνας
1014 4304 1109 4365 τὰς
1171 4299 1457 4375 οὒρανίους
1515 4297 1835 4371 ἐπέχοντας,
1896 4294 1954 4348 δν

306 4402 401 4473 μὶν
434 4399 665 4475 Κρόνον,
696 4396 753 4451 ὅν
788 4394 844 4450 Si
874 4395 989 4464 Δία,
1023 4391 1080 4447 ὅν
1129 4390 1186 4445 δὶ
1244 4393 1474 4464 Ἑρμῆν,
1532 4386 1590 4441 ὅν
1649 4383 1720 4475 δέ
1761 4386 1955 4475 Ἀρεα,

304 4471 360 4543 δν
397 4485 453 4543 δὶ
486 4471 841 4563 νἈφροδίτην
895 4479 1361 4551 κατονομάζουσιν
1416 4478 1587 4549 [373].
1645 4471 1954 4563 Oirtor-yup

2052 3317 2176 3373 liat.
2215 3318 2369 3385 Huic,
2406 3318 2651 3383 Artemi,
2675 3317 2747 3371 de
2778 3317 2994 3372 divinis
3017 3324 3501 3374 commentantur
3532 3318 3716 3374 Graeci

2054 3412 2113 3460 et
2144 3407 2417 3473 Romani,
2446 3423 2556 3461 nec
2587 3407 2787 3474 stulte,
2826 3406 2931 3462 sed
2980 3408 3402 3462 convenienter
3453 3414 3512 3462 et
3553 3414 3718 3463 recto

2047 3496 2300 3568 judicio.
2334 3496 2483 3560 Quid
2539 3496 2699 3551 enim
2760 3496 2884 3551 sole
2938 3496 3312 3567 splendidius
3347 3496 3521 3550 ‘IAut
3573 3497 3717 3566 quid

2056 3585 2200 3640 luna
2218 3584 2537 3639 nitentius?
2554 3588 2668 3638 Aut
2698 3585 2840 3654 quid
2863 3590 3160 3639 astrorum
3189 3585 3367 3638 choro
3387 3584 3718 3655 jucundius

2058 3680 2117 3729 et
2136 3674 2444 3744 pulchrius
2476 3673 2503 3727 ‘I
2534 3674 2667 3727 HIBC
2699 3673 2878 3745 igitur
2909 3674 3094 3729 Graeci
3152 3679 3211 3728 et
3256 3673 3517 3729 Romani
3568 3674 3727 3727 inter

2058 3763 2202 3817 deos
2236 3762 2504 3817 referunt
2531 3768 2588 3816 et
2619 3762 2843 3829 colunt,
2878 3769 2935 3817 et
2966 3764 3028 3817 in
3060 3779 3129 3817 ea
3174 3778 3308 3834 spes
3358 3779 3497 3817 suas
3556 3779 3726 3833 repo-

2059 3857 2330 3906 suerunt.
2378 3854 2449 3905 Et
2522 3851 2713 3905 solem
2775 3850 3015 3921 quidem
3088 3851 3429 3922 Apollinem
3487 3858 3721 3918 vocant,

2060 3940 2265 3995 lunam
2300 3946 2498 3994 autem
2528 3940 2774 3993 Dianam
2802 3954 3065 4007 ;necnon
3080 3946 3377 3995 astrorum
3410 3939 3721 4009 maximas,

2063 4046 2195 4100 quae
2238 4029 2521 4083 dicuntur
2552 4028 2805 4099 planetas
2838 4033 3188 4099 septemque
3221 4028 3332 4099 (13)
3384 4028 3515 4083 caeli
3547 4044 3722 4083 zonas

2062 4119 2393 4183 continent,
2455 4116 2762 4188 appellant
2818 4116 3160 4184 Saturnum,
3214 4118 3437 4184 Jovem,
3499 4118 3727 4171 Mercu-

2062 4208 2240 4273 rium,
2277 4208 2540 4271 Martem,
2583 4207 2893 4259 Venerem.
2946 4206 3078 4259 Haec
3137 4206 3295 4259 enim
3346 4210 3507 4260 astra
3546 4221 3723 4259 mun~

2066 4293 2207 4349 dum
2240 4294 2581 4349 universum
2616 4292 2972 4365 gubernant,
3024 4309 3352 4364 eorumque
3408 4292 3727 4347 virtutibus

2066 4382 2290 4455 regitur
2320 4387 2441 4436 tota
2464 4399 2593 4451 quae
2620 4381 2728 4435 sub
2754 4381 2901 4437 caelo
2935 4386 3025 4435 est
3054 4383 3463 4437 terra.Horum
3478 4378 3731 4453 proinde

2067 4478 2292 4528 statuas
2325 4478 2645 4527 erexerunt
2672 4472 2969 4537 homines,
3004 4488 3225 4543 easque
3250 4472 3455 4527 colunt
3486 4476 3546 4526 et.
3566 4486 3738 4525 vene-

301 4579 393 4634 16v
450 4598 508 4632 τε
562 4560 767 4647 κόσμον
828 4574 1035 4626 ἅπαντα
1094 4566 1385 4637 διοικοῦσι,
1445 4565 1534 4619 καὶ
1592 4568 1710 4623 ταῖς
1781 4561 1939 4615 αὐτῶε

2068 4568 2298 4628 rantur,
2332 4561 2511 4615 simul
2540 4566 2738 4615 tamen
2769 4560 3047 4615 nonnihil
3107 4561 3449 4617 fabularum
3513 4560 3589 4615 ad
3635 4575 3737 4615 vo-

306 4666 563 4740 δυνάμεσι
624 4668 769 4719 πᾶσα
824 4665 859 4732 ἡ
921 4661 1009 4715 ὑπ’
1068 4656 1294 4734 οὐρανὸν
1347 4652 1670 4729 διεξάγεται’
1750 4650 1958 4705 τούτων

302 4758 484 4814 τοίνυν
534 4755 746 4815 εἰκόνας
827 4752 1144 4821 στήσαντες,
1199 4740 1446 4802 σέϐουσιν
1510 4742 1796 4817 ἂνθρωποι
1874 4739 1963 4794 καὶ

1082 4837 1283 4911 μύθους
1361 4834 1512 4894 τινὰς
1568 4832 1708 4907 πρὸς
1759 4827 1965 4898 ἡδονὴν

308 4918 870 4994 ἀναπλάσαντεςόὖλί
902 4929 978 4991 ὡς
1038 4926 1194 4991 θεοὺς
1228 4922 1285 4978 δὲ
1334 4926 1540 4995 τιμῶσι
1602 4920 1700 4980 τὰς
1755 4918 1968 4980 εἶ’κόνας

873 5022 1051 5076 Τοῦτο
1128 5016 1232 5090 γὰρ
1299 5013 1360 5067 τὸ
1445 5008 1817 5081 ἁπλούστερον
1876 5006 1969 5061 καὶ

923 5108 982 5161 ἀν
992 5105 1225 5180 θρώπων
1305 5095 1740 5167 διαλαμϐάνεται
1798 5095 1966 5170 γένος·

304 4852 560 4920 τιμῶσιν·
622 4846 736 4916 ἅμα
793 4840 850 4896 δὲ
904 4840 994 4895 καὶ

310 5025 507 5094 αὐτῶν,
595 5024 785 5096 ἄπαγε.

310 5112 623 5189 ἀγροικικὸν
700 5114 808 5164 τῶν

2072 4651 2359 4722 luptatem
2414 4650 2727 4721 fingentes.
2772 4649 2884 4704 Sed
2940 4666 3061 4704 non
3120 4654 3186 4704 ut
3243 4650 3386 4705 deos
3445 4649 3735 4721 imagines

2074 4745 2451 4806 venerantur,
2478 4738 2673 4793 absit!
2713 4740 2855 4792 Nam
2918 4744 3009 4793 est
3056 4738 3185 4795 haac
3218 4738 3456 4794 insania
3504 4736 3739 4807 simpli—

2078 4831 2255 4885 cioris
2286 4835 2345 4883 et
2373 4828 2621 4900 agrestis
2645 4828 2962 4882 hominum
3005 4829 3283 4900 generis;
3318 4827 3421 4882 sed
3476 4827 3576 4897 qui
3612 4824 3740 4896 phi-

2079 4918 2367 4989 losophias
2399 4916 2661 4983 student,
2699 4917 2840 4971 etde
2865 4917 3081 4971 divinis
3106 4922 3377 4972 accurate
3402 4916 3738 4985 inquirunt,

2081 5012 2375 5063 noverunt
2402 5007 2494 5061 cui
2526 5008 2817 5061 honorem
2848 5012 3223 5077 prwstent,et
3251 5005 3324 5060 ad
3353 5021 3530 5075 quem
3550 5008 3741 5058 trans-

2084 5102 2179 5153 eat
2207 5096 2543 5151 divinarum
2576 5095 2901 5167 imaginum
2935 5095 3221 5150 adoratio.
3246 5116 3273 5143 ››

314 5182 429 5262 ἐπεὶ
463 5206 515 5260 οἱ
544 5204 645 5272 τὴν
675 5199 1003 5278 φιλοσοφίαν
1039 5195 1434 5267 ἀσπαζόμενοι,
1458 5191 1547 5246 καὶ
1577 5190 1644 5245 τὶ
1671 5193 1780 5245 τῶν
1811 5190 1947 5243 θεῶν
1980 5182 2223 5262 ἀκριϐῶς
2253 5186 2610 5257 ἐξετάζοντες,
2643 5182 2822 5239 οἷ’δασι
2854 5185 2963 5239 τίνι
3014 5186 3116 5253 τήν
3176 5186 3347 5257 τιμὴν
3379 5182 3741 5256 ἀπονέμουσι,

313 5294 405 5350 καὶ
437 5293 572 5370 πρὸς
600 5291 718 5347 τίνα
749 5283 1013 5344 διαϐαίνει
1045 5289 1080 5356 ἡ
1110 5289 1217 5341 τῶν
1250 5283 1409 5339 θείων
1445 5278 1775 5355 ἀγαλμάτων
1809 5278 2205 5352 προσκύνησις.

1911 5458 2134 5515 NOTAE.

386 5626 495 5697 (13)
529 5621 754 5687 Surius,
782 5621 857 5674 De
879 5616 1133 5689 probatis
1161 5617 1477 5669 sanctorum
1509 5608 1661 5675 vitis,
1693 5609 1761 5660 2O
1792 5603 2085 5671 Octobris,
2118 5602 2297 5659 habet
2325 5603 2596 5673 quinque.
2628 5601 2699 5655 Et
2717 5616 2921 5657 revera
2942 5600 3184 5656 nonnisi
3217 5601 3483 5672 quinque
3502 5601 3750 5657 nomina

315 5694 669 5754 aderuntur.
702 5694 853 5748 Emr.

720 5814 994 5874 Pyram“
1041 5809 1154 5871 Gn.
1199 5800 1411 5865 XCVI.

3389 5792 3464 5853 41
