4120 6360
466 390 595 445 1291

531 515 620 570 43.
653 511 953 567 Adhortor
976 509 1158 582 igitur
1186 512 1347 562 tuam
1386 504 1760 559 nobilitatem
1792 501 2106 557 nobiscum

469 609 651 671 stare,
677 620 809 674 qua:
841 601 1013 656 nobis
1032 597 1754 672 placentperﬁcere,recte
1782 594 2119 649 Graacorum

462 694 813 766 religionem
846 689 1126 761 amplecti
1159 694 1217 742 et
1248 687 1513 758 antiquis
1544 683 1811 740 moribus
1841 699 1909 738 ac
1939 679 2118 735 rebus

466 784 782 838 inhaerere.
815 779 1239 835 Constantinus
1273 776 1454 837 enim,
1485 781 1551 830 ut
1596 776 1722 845 ipse
1751 772 1890 838 scis,
1931 767 2121 824 homi-

461 889 606 928 num
693 871 942 940 deceptu
1013 866 1358 933 facillimus,
1417 864 1696 920 indoctus
1745 877 1980 932 quoque
2061 863 2117 912 et

462 976 696 1025 amens,
730 959 791 1012 in
823 957 989 1011 cultu
1022 957 1311 1010 novitates
1343 960 1571 1010 sectare
1604 951 1801 1023 coepit,
1836 954 1895 1004 et
1950 947 2118 1002 abro-

459 1049 608 1123 gatis
667 1049 1074 1102 Romanorum
1124 1045 1376 1118 legibus,
1457 1043 1531 1098 ad
1593 1039 2113 1097 Christianismum

457 1138 796 1200 declinavit.
827 1135 987 1206 quod
1019 1151 1237 1207 nempe
1298 1131 1550 1206 puderet
1580 1147 1716 1186 eum
1736 1127 2113 1200 impietatum

457 1226 931 1296 suarum,diique
963 1241 1102 1280 eum
1127 1240 1298 1296 grege
1322 1222 1783 1294 expulissent,ut
1811 1216 2112 1272 scelestis-

458 1318 699 1383 simum,
756 1332 864 1370 sua
931 1314 1220 1387 religione
1265 1313 1576 1384 indignum
1637 1316 1696 1364 et
1725 1312 2110 1378 cognatorum

457 1407 748 1479 sanguine
810 1404 1214 1475 inquinatum.
1277 1404 1419 1457 Nam
1477 1401 1690 1456 fratres
1741 1414 1880 1453 suos
1933 1394 2109 1450 morti

458 1486 722 1550 tradidit,
781 1502 916 1540 cum
970 1485 1118 1538 nihil
1179 1483 1319 1538 mali
1378 1482 1680 1547 fecissent,
1750 1484 1808 1533 et
1863 1490 2110 1532 uxorem

457 1578 761 1641 Faustam,
796 1575 1106 1644 filiumque
1143 1589 1314 1628 suum
1348 1572 1616 1626 Priscum
1668 1570 1799 1636 (14),
1852 1566 1953 1638 qui
1985 1569 2113 1619 erat

457 1666 546 1720 vir
575 1664 726 1736 frugi
751 1669 810 1719 et
855 1664 1068 1719 bonus.
1131 1661 1480 1734 Hujusmodi
1540 1676 1675 1731 ergo
1734 1656 1961 1713 scelera
2026 1653 2107 1708 dii

459 1753 768 1820 exsecrati,
801 1752 1153 1823 repulerunt
1174 1767 1331 1816 eum,
1393 1756 1451 1804 et
1509 1765 1544 1804 a
1597 1765 1764 1804 sacro
1808 1743 2109 1800 sanctissi-

455 1859 673 1913 moque
707 1859 812 1898 suo
846 1841 1010 1896 cultu
1050 1841 1397 1910 longissime
1455 1839 1732 1894 aberrare
1790 1836 2105 1899 fecerunt;

2021 373 2393 428 ADDKNDA.

3750 364 3901 424 {292

2296 495 2405 570 μγ“.
2470 498 2732 568 Παραινῶ
2787 495 2972 550 τοίνυν
3046 493 3148 562 τὴν
3202 493 3300 563 σὴν
3353 491 3718 568 γενναιότητα
3777 492 3900 564 μεθ’

2226 585 2391 656 ἡμῶν
2421 604 2480 638 τε
2508 585 2645 640 εῖναι
2676 584 2768 640 καὶ
2797 583 2866 639 τὰ
2911 585 3049 656 ἡμῖν
3102 580 3398 656 ἀρέσκοντα
3447 578 3899 656 διαπράττεσθαι,

2225 673 2328 742 τήν
2356 693 2417 727 τε
2445 673 2736 745 θρησκείαν
2771 671 3080 742 ἑλληνίζειν
3123 671 3322 745 ὀρθῶς,
3353 668 3444 725 καὶ
3487 674 3597 725 τῶν
3649 669 3899 745 ἀρχαίων

2227 760 2364 825 ἐθῶν
2407 783 2467 817 τε
2518 763 2610 818 καὶ
2653 764 3000 839 πραγμάτων
3063 761 3404 835 ἀντέχεσθαι.
3467 760 3532 817 Ὀ
3584 761 3687 835 γὰρ
3743 765 3902 814 Κων-

2226 857 2526 919 σταντῖνος,
2585 852 2662 914 ὡς
2720 851 2812 906 xui
2883 849 3044 912 αὐτὸς
3130 849 3433 917 ἐπίστασαι,
3493 846 3899 921 εὖεξαπάτητος

2224 937 2431 1014 ἀνδρῶν
2468 942 2688 1014 ἀμαθής
2735 960 2794 996 τε
2846 940 2938 995 καὶ
2993 939 3234 1010 ἀνόητος
3289 937 3550 1012 εὐρεθεὶς,
3606 938 3732 1014 περῖ
3787 939 3891 1008 τήν

2223 1030 2513 1102 θρησκείαν
2570 1030 2934 1103 ἐνεωτέρισεν,
2991 1029 3083 1084 καὶ
3138 1028 3269 1090 τοὺς
3349 1029 3639 1100 Ῥωμαίων
3684 1027 3893 1100 νόμους

2224 1118 2571 1190 ἑξαθετήσας,
2628 1120 2714 1176 ἐπὶ
2790 1119 2882 1175 τὸν
2964 1118 3400 1194 Χριστιανισμὸν
3477 1115 3738 1188 ἐξέκλινε,
3794 1117 3893 1180 τὰς

2222 1208 2473 1271 ἀνοσίους
2505 1209 2676 1264 αὐτοῦ
2704 1210 2928 1286 πράξεις
2960 1205 3364 1281 δεδιττόμενος,
3396 1207 3484 1263 καὶ
3540 1202 3624 1263 ὅτι
3671 1207 3725 1262 οἱ
3779 1207 3892 1271 θεοὶ

2222 1297 2384 1352 αὑτὸν
2409 1294 2863 1369 ἀπεϐουκόλησαν
2915 1298 2991 1360 ὡς
3047 1297 3352 1372 ἐξάγιστον,
3405 1297 3497 1351 καὶ
3549 1303 3652 1366 τῆς
3708 1295 3886 1351 αὐτῶν

2223 1386 2515 1456 θρησκείας
2593 1385 2807 1460 ἀνάξιον
2837 1431 2851 1457 ,
2938 1384 3172 1459 α’ίματος
3259 1385 3520 1460 ὁμογνίου
3594 1384 3884 1461 γενόμενον

2219 1474 2483 1550 ἔμπλεον·
2541 1479 2669 1541 τούς
2724 1499 2785 1534 τε
2839 1479 2941 1554 γὰρ
3001 1474 3275 1552 ἀδελοοὺς
3359 1477 3642 1533 ἀπέκτεινε
3709 1473 3880 1549 μηδὲν

2219 1570 2523 1645 πράξαντας
2582 1567 2810 1636 ἄτοπον,
2859 1570 2950 1624 καὶ
2999 1569 3099 1637 τήν
3158 1574 3387 1644 γυναῖκα
3454 1569 3734 1635 Φαῦσταν,
3793 1578 3882 1633 καὶ

2217 1659 2310 1712 τὸν
2343 1659 2511 1714 αὐτοῦ
2565 1661 2682 1715 υἱὸν
2740 1659 2977 1734 Πρίσκον
3024 1659 3314 1734 [Κρίσπον]
3373 1659 3465 1714 τὸν
3527 1658 3780 1732 χρηστόν
3827 1677 3882 1712 τε

2219 1747 2308 1802 καὶ
2389 1749 2589 1824 ἀγαθὸν
2677 1746 2846 1823 ἄνδρα
2924 1750 3288 1824 τυγχάνοντα·
3348 1751 3517 1803 ταῦτα
3591 1748 3778 1802 τοίνυν
3820 1747 3885 1801 τὰ

2221 1835 2556 1913 ἀνοσιουργή
2567 1857 2711 1910 ματα
2748 1836 3116 1911 μυσαχθὲντες
3149 1837 3200 1891 oi
3232 1837 3368 1903 θεοὶ,
3424 1839 3620 1891 τοῦτον
3649 1831 3880 1891 άπεόου·

456 1939 747 2005 przeterea
793 1947 999 1986 semen
1058 1931 1188 2002 ejus
1248 1929 1606 1984 sceleratum
1652 1932 1710 1982 et
1749 1922 2112 1981 exsecrabile

2226 1924 2485 1994 κόλησαν,
2534 1927 2626 1980 xui
2683 1933 2784 1995 τῆς
2840 1927 2990 2000 ἱερᾶς
3042 1925 3221 1981 αὐτῶν
3298 1926 3389 1980 xui
3471 1924 3881 2000 παναγεστάτης

457 2038 595 2078 cum
627 2022 856 2093 integro
885 2035 1102 2092 genere
1159 2018 1231 2073 de
1261 2018 1458 2073 medio
1520 2017 1808 2071 tulerunt.
1847 2015 2117 2084 Quapro-

457 2117 612 2184 pter,
644 2111 732 2165 vir
761 2109 1132 2174 admirande,
1163 2108 1264 2162 ubi
1295 2107 1465 2162 video
1524 2112 1692 2161 tuum
1743 2105 1805 2158 in
1837 2101 2116 2158 omnibus

457 2203 700 2258 firmum
732 2218 800 2256 ac
831 2205 1112 2255 constans
1143 2199 1474 2271 ingenium,
1497 2196 1626 2251 volo
1660 2202 1716 2250 te
1746 2199 1966 2249 nostra;
1988 2209 2118 2264 par-

461 2293 536 2347 tis
569 2297 628 2346 et
658 2291 960 2346 societatis
992 2289 1122 2343 ﬁeri
1153 2288 1436 2354 amicum,
1479 2292 1541 2341 et
1570 2291 1906 2340 consortem
1939 2287 2118 2352 atque

461 2381 521 2435 in
555 2379 833 2435 omnibus
873 2377 1109 2448 imperii
1169 2376 1421 2448 negotiis
1471 2375 1772 2428 intimum.
1829 2369 2116 2444 Agedum,

459 2469 709 2534 Artemi,
743 2473 833 2522 sta
861 2467 1196 2530 nobiscum,
1233 2463 1330 2535 qui
1363 2463 1472 2516 viri
1506 2478 1733 2518 sumus.
1766 2459 2119 2528 Christoque

459 2557 752 2628 abjurato.
789 2555 865 2609 ad
899 2561 1235 2626 paternam,
1265 2551 1748 2622 antiquissimam
1773 2555 1832 2604 et
1862 2548 2118 2602 maxime

462 2647 805 2700 diuturnam
841 2647 1242 2700 Romanorum
1269 2644 1728 2710 Graecorumque
1767 2637 2118 2710 religionem

462 2733 895 2805 transgredere,
929 2738 988 2786 et
1015 2732 1190 2786 bonis
1221 2731 1504 2785 divinitus
1564 2727 1868 2783 concessis
1921 2727 2119 2781 fruere

459 2824 796 2890 nobiscum,
830 2824 1127 2878 honorum
1187 2820 1586 2876 maximorum
1635 2834 1702 2873 ac
1760 2816 2119 2889 dignitatum

458 2912 776 2985 particeps.

531 3185 618 3238 44.
654 3183 742 3238 Ad
773 3183 901 3238 haec
931 3183 1149 3239 Christi
1206 3186 1450 3254 martyr,
1512 3197 1648 3235 cum
1697 3195 1759 3234 se
1809 3175 2122 3249 paululum

2226 2015 2518 2088 θρησκείας
2543 2014 2734 2091 πόρρω
2766 2036 2873 2070 που
2920 2014 3010 2069 καὶ
3077 2017 3285 2090 μακρὰν
3345 2014 3764 2085 ἀπεπλάνησαν,
3790 2013 3878 2067 καὶ

2227 2105 2442 2178 σπέρμα
2498 2106 2561 2160 τὸ
2623 2103 2807 2180 ἐναγὲς
2866 2105 3036 2160 αὐτοῦ
3091 2104 3181 2160 καὶ
3234 2103 3556 2180 παμμίαρον
3610 2103 3703 2158 καὶ
3731 2104 3881 2179 γένος

2227 2192 2358 2249 ὅλον
2387 2193 2438 2265 ἐξ
2490 2193 2786 2267 ἀνθρώπων
2847 2195 3140 2273 ἠφάνισαν.
3200 2193 3298 2249 Διά
3350 2197 3538 2265 τοῦτο,
3599 2193 3878 2266 θαυμάσιε,

2229 2284 2370 2358 ὁρῶν
2405 2304 2501 2338 σου
2529 2283 2592 2338 τὸ
2638 2284 2776 2338 κατὰ
2831 2287 3003 2339 πάντα
3061 2283 3312 2347 εὐσταθὲς
3369 2304 3427 2339 τε
3483 2283 3574 2338 καὶ
3640 2277 3874 2358 βέϐαιον,

2230 2371 2511 2448 βούλομαί
2545 2393 2600 2428 σε
2628 2380 2730 2443 τῆς
2761 2374 3032 2449 ἡμετερας
3066 2376 3216 2448 [374]
3252 2371 3469 2450 μερίδος
3497 2375 3589 2428 καὶ
3647 2372 3882 2448 ἑταιρίας

2228 2461 2472 2536 γενέσθαι
2505 2461 2688 2540 φίλον,
2747 2461 2836 2517 καὶ
2895 2460 3234 2538 σύγκληρον,
3288 2463 3376 2518 καὶ
3437 2462 3700 2517 κοινωνὸν
3757 2461 3886 2518 κατὰ

2228 2551 2401 2606 πάντα
2429 2557 2536 2607 τῶν
2568 2559 2670 2620 τῆς
2704 2551 2988 2628 βασιλείας
3045 2552 3402 2629 πραγμάτων.
3465 2555 3633 2629 Δεῦρο
3682 2551 3883 2618 τοίνυν,

2227 2641 2513 2714 Ἀρτέμιε,
2545 2647 2702 2710 στῆθι
2737 2641 2852 2715 μετ’
2906 2643 3067 2714 ἡμῶν
3094 2645 3202 2696 τῶν
3265 2642 3590 2716 ἂνθρώπων,
3651 2641 3742 2696 καὶ
3795 2645 3884 2696 τοῦ

2229 2732 2467 2806 Χριστοῦ
2547 2729 2766 2806 ἔξαρνος
2820 2731 3137 2806 γενόμενος,
3215 2727 3304 2785 ἐπὶ
3355 2731 3455 2799 τὴν
3518 2731 3750 2807 πάτριον
3803 2730 3883 2785 xui

2229 2818 2603 2900 ἀρχαιοτάτην
2634 2818 2725 2875 xui
2754 2819 3132 2894 πολυχρόνιον
3192 2819 3480 2894 Ῥωμαίων
3538 2842 3597 2876 τε
3644 2822 3734 2876 xui
3765 2818 3887 2875 Ἐλ-

2229 2909 2416 2980 λήνων
2449 2909 2735 2984 θρησκείαν
2773 2906 3062 2983 μετάϐηθι,
3093 2909 3185 2965 καὶ
3242 2914 3351 2965 τῶν
3411 2910 3555 2986 παρὰ
3614 2913 3760 2974 θεοῖς
3800 2907 3888 2965 δε-

2231 2995 2566 3073 δωρημὲνων
2609 3001 2746 3073 ἡμῖν
2806 2999 3020 3074 ἀγαθῶν
3084 2997 3446 3066 συναπόλαυε,
3496 3004 3670 3072 τιμῶν
3721 2998 3878 3072 μεγί-

2231 3110 2370 3143 στων
2397 3109 2456 3144 τε
2477 3088 2567 3144 καὶ
2597 3088 2924 3163 ἀξιωμάτων
2951 3087 3001 3143 ἐν
3042 3092 3257 3164 μετοχῇ
3288 3088 3535 3165 γεγονώς.

2307 3177 2413 3253 μδ“.
2466 3179 2609 3254 Πρὸς
2664 3184 2833 3235 ταῦτα
2889 3181 2917 3235 6
2974 3183 3073 3236 τοῦ
3121 3182 3358 3258 Χριστοῦ
3415 3179 3614 3256 μάρτυς
3675 3177 3871 3250 μικρὸν

461 3274 844 3330 sustinuisset
875 3279 933 3328 et
961 3274 1166 3327 animo
1201 3269 1726 3341 circumspexisset
1775 3267 1996 3334 audita,
2032 3270 2112 3319 to-

2234 3268 2478 3343 ἐπισχὼν
2528 3270 2616 3324 καὶ
2679 3267 3163 3344 ἐπιλογισάμενος,
3221 3269 3312 3326 καὶ
3378 3267 3506 3325 ὅλον
3565 3265 3884 3337 ἒπισυνάξας

460 3368 701 3434 tamque
726 3362 1136 3434 recollegisset
1164 3366 1428 3415 mentem
1463 3364 1522 3413 et
1550 3358 2121 3426 rationem,respon-

461 3451 550 3506 dit
576 3468 587 3505 :
618 3450 932 3523 Equidem,
971 3451 1314 3521 imperator,
1337 3449 1409 3503 de
1441 3463 1573 3502 mea
1602 3445 1891 3517 religione
1925 3449 1983 3499 et
2004 3441 2122 3497 fide

461 3541 690 3595 nullam
725 3540 784 3594 in
810 3557 1074 3611 praesens
1107 3539 1213 3593 tibi
1244 3539 1486 3593 afferam
1521 3536 1954 3600 defensionem,
1981 3533 2124 3586 licet

461 3631 589 3702 ejus
622 3629 1169 3685 demonstrationes
1203 3628 1263 3682 in
1296 3632 1572 3698 promptu
1604 3625 1877 3680 habeam.
1912 3622 2024 3677 Sed
2047 3621 2121 3675 de

458 3718 661 3773 fratris
691 3719 773 3773 tui
809 3720 1147 3785 morte,hoc
1179 3719 1256 3771 sit
1285 3733 1636 3788 responsum
1663 3731 1675 3768 :
1708 3715 1833 3768 Non
1866 3727 2115 3784 appare-

459 3808 548 3862 bit
581 3825 676 3863 me
705 3809 833 3879 ejus
856 3808 1072 3863 animae
1129 3807 1411 3878 injuriam
1442 3805 1741 3870 intulisse,
1777 3803 1896 3858 sive
1915 3817 2116 3874 Opere,

461 3897 581 3952 sive
609 3898 815 3967 verbo,
851 3898 970 3953 sive
1002 3897 1424 3968 qualicumque
1465 3894 1684 3950 mentis
1736 3892 2113 3966 cogitatione,

460 3987 696 4042 etiamsi
730 3988 894 4043 mille
925 3987 1117 4042 modis
1140 3987 1200 4040 in
1234 3987 1345 4040 hoc
1380 3983 1699 4040 scrutando
1735 3981 2112 4053 defatigeris;

459 4093 599 4131 nam
655 4077 871 4132 veritas
934 4075 1342 4132 immutabilis.
1403 4077 1688 4129 Noveram
1749 4071 1908 4126 enim
1978 4086 2113 4126 eum

454 4164 884 4234 Christianum,
965 4167 1153 4236 pium,
1197 4166 1453 4236 justum,
1513 4169 1572 4217 et
1637 4161 1854 4216 Christi
1913 4161 2113 4233 legum

449 4260 752 4309 amantem
786 4271 853 4310 ac
881 4254 1231 4309 studiosum.
1270 4253 1425 4308 Sciat
1456 4269 1592 4323 ergo
1625 4250 1836 4306 cmlum
1866 4254 1925 4305 et
1955 4255 2114 4304 terra

447 4349 624 4414 atque
659 4345 972 4399 universus
1003 4343 1354 4416 angelorum
1395 4342 1635 4408 chorus,
1693 4346 1752 4394 et
1817 4339 2109 4407 Christus,

444 4429 549 4481 Dei
583 4430 790 4498 Filius,
815 4448 993 4500 quem
1050 4430 1230 4485 adoro
1283 4429 1344 4483 in
1397 4430 1630 4500 spiritu,
1689 4445 1786 4483 me
1818 4426 2108 4482 mundum

450 4532 581 4571 esse
613 4519 685 4572 ab
720 4520 849 4590 ejus
880 4537 1028 4574 nece
1064 4526 1121 4574 et
1151 4525 1362 4583 morte,
1396 4533 1508 4573 nec
1538 4517 1613 4572 ad
1642 4518 1929 4588 injustam
1979 4517 2108 4587 ejus

2229 3359 2322 3414 τὸν
2344 3359 2535 3413 ἑαυτοῦ
2564 3362 2692 3414 νοῦν
2738 3379 2797 3414 τε
2851 3359 2942 3414 καὶ
3000 3357 3290 3435 λογισμὸν,
3346 3356 3690 3434 ἀπεκρίνατο·
3744 3355 3887 3432 Ἐγὼ

2235 3448 2355 3520 μὲν,
2387 3449 2431 3502 ὧ
2493 3445 2742 3523 βασιλεῦ,
2801 3449 2923 3524 περὶ
2973 3455 3074 3518 τῆς
3124 3447 3264 3522 ἐμῆς
3317 3447 3606 3524 θρησκείας
3653 3446 3744 3501 καὶ
3789 3446 3885 3500 πίο

2232 3558 2398 3599 στεως
2455 3535 2720 3611 οὐδεμίαν
2768 3539 2891 3593 τινά
2942 3559 3026 3593 σοι
3092 3536 3396 3614 ἀπολογίαν
3457 3539 3766 3610 ποιήσομαι
3820 3535 3882 3590 τὸ

2229 3629 2423 3700 παρὸν,
2456 3624 2600 3701 ἔχων
2634 3625 2685 3681 ἐν
2719 3626 2926 3700 δτοίμῳ
2986 3628 3137 3701 [cod.
3186 3630 3348 3702 τιμῇ]
3393 3629 3491 3689 τὰς
3541 3626 3672 3698 ὑπὲρ
3716 3624 3881 3694 αὐτῆς

2227 3713 2551 3788 ἀποδείξεις.
2612 3717 2752 3790 Πρὸς
2815 3713 2873 3770 δὲ
2928 3716 3018 3772 τὸν
3067 3720 3164 3771 τοῦ
3213 3721 3311 3772 σοῦ
3343 3714 3584 3790 ἀδελφοῦ
3631 3717 3875 3782 θάνατον,

2227 3803 2401 3859 ἐκεῖνό
2424 3825 2509 3860 σοι
2543 3805 2996 3879 ἀπολογήσομαι,
3027 3805 3103 3867 ὡς
3144 3804 3206 3859 οὐ
3268 3806 3344 3878 μή
3407 3805 3726 3879 φανήσομαι
3779 3802 3873 3870 τήν

2229 3893 2436 3948 ἐκείνου
2469 3895 2654 3969 ψυχὴν
2681 3890 2967 3964 ἠδικηκὼς
3004 3895 3250 3962 πώποτε,
3314 3894 3417 3948 οὐκ
3467 3886 3637 3968 ἔργῳ,
3671 3890 3734 3946 οὐ
3784 3888 3872 3945 λό-

2224 4005 2328 4058 γῳ,
2367 3983 2492 4038 οὕτε
2550 3981 2657 4037 τινὶ
2723 3980 2962 4045 διανοίας
3021 3982 3376 4056 ἐπινοήματι,
3435 3980 3555 4037 οὐδ’
3610 3980 3657 4036 εἷ
3715 3978 3875 4053 μυρία

2222 4074 2424 4143 κάμοις
2456 4072 2578 4148 περὶ
2609 4071 2808 4127 τούτου
2866 4071 3187 4144 ἀνερευνῶνο
3222 4073 3256 4142 ὴ
3317 4072 3551 4142 ἀλήθεια
3603 4069 3706 4146 γὰρ
3747 4069 3873 4143 ἀμε-

2221 4155 2520 4230 τάϐλητος.
2583 4161 2928 4234 Ἠπιστάμην
3012 4161 3114 4236 γὰρ
3195 4159 3358 4216 αὐτὸν
3415 4159 3739 4233 Χριστιανόν
3815 4179 3872 4214 τε

2221 4245 2369 4318 ὄντα,
2430 4247 2663 4318 θεοφιλῆ
2740 4271 2799 4305 τε
2856 4251 2947 4305 καὶ
2993 4248 3225 4322 δίκαιον,
3267 4250 3358 4305 καὶ
3415 4251 3538 4327 περὶ
3596 4250 3728 4312 τοὺς
3777 4252 3871 4304 τοῦ

2217 4341 2455 4416 Χριστοῦ
2486 4340 2687 4414 νόμους
2747 4341 3030 4416 πρόθυμον
3085 4363 3142 4398 τε
3200 4343 3284 4396 καὶ
3345 4337 3641 4396 σπουδαῖον
3700 4340 3868 4414 ὑπάρ-

2219 4448 2410 4504 χοντα·
2442 4430 2576 4485 ’ἰστω
2601 4430 2780 4485 τοίνυν
2814 4430 3046 4500 οὐρανός
3072 4453 3131 4486 τε
3191 4432 3282 4486 xui
3339 4438 3412 4501 γῆ
3442 4431 3533 4487 καὶ
3577 4435 3682 4494 πᾶς
3712 4432 3741 4485 6
3767 4433 3868 4484 τῶν

2218 4519 2382 4594 ἁγίων
2415 4517 2662 4594 ἀγγέλων
2694 4519 2888 4594 χορὸς,
2915 4521 3002 4574 καὶ
3036 4521 3273 4596 Χριστὸς
3305 4521 3332 4575 6
3388 4525 3486 4576 τοῦ
3542 4524 3678 4575 Θεοῦ
3726 4520 3870 4586 Υἱὸς,

448 4606 810 4661 occisionem
836 4609 976 4662 viris
1008 4609 1229 4679 impiis,
1271 4608 1374 4677 qui
1424 4607 1590 4662 illam
1652 4605 2102 4673 commiserunt,

2226 4609 2399 4682 ᾧὲγὼ
2451 4608 2699 4682 Λατρεύω
2757 4608 2810 4663 ἐν
2869 4613 2950 4681 τῷ
3010 4609 3128 4682 ἐμῷ
3182 4609 3477 4683 πνεύματι,
3509 4609 3583 4671 ὡς
3641 4605 3870 4683 καθαρὸς

444 4697 770 4768 quidquam
814 4699 1020 4754 auxilii
1078 4698 1428 4753 contulisse.
1488 4699 1688 4768 Neque
1745 4697 1902 4751 enim
1963 4702 2104 4750 tunc

439 4787 796 4843 Constantio
830 4788 1073 4843 aderam
1107 4805 1120 4854 ;
1156 4787 1259 4842 sed
1291 4787 1354 4841 in
1385 4789 1627 4859 Aigypto
1660 4785 2102 4858 degebam,ibi-

435 4876 702 4950 demque
729 4879 923 4935 mansi
955 4895 1145 4949 usque
1179 4877 1251 4933 ad
1310 4882 1668 4949 praesentem
1727 4894 1972 4932 annum.
2033 4877 2104 4931 Et

429 4967 584 5023 hanc
624 4968 870 5040 quidem
925 4967 1340 5024 defensionem
1400 4967 1582 5024 affero
1639 4967 1797 5022 circa
1851 4966 2097 5022 fratrem

425 5060 620 5112 tuum.

495 5325 585 5379 45.
619 5325 784 5390 Quod
814 5344 950 5384 vero
982 5328 1200 5383 attinet
1246 5333 1314 5383 ut
1367 5327 1672 5383 Christum
1702 5327 1975 5399 abjurem
2035 5332 2096 5383 et

420 5412 779 5482 gentilitiam
808 5417 989 5473 vitam
1020 5415 1368 5488 amplectar,
1401 5417 1516 5471 hoc
1547 5416 1655 5472 tibi
1690 5415 2088 5488 respondebo,

2212 4695 2320 4774 ἐγὼ
2354 4705 2454 4768 τῆς
2485 4696 2697 4753 ἐκείνου
2721 4705 2930 4774 σφαγῆς
2985 4721 3044 4754 τε
3100 4698 3194 4754 καὶ
3238 4695 3522 4769 τελευτῆς,
3553 4698 3644 4754 xui
3704 4695 3873 4772 μηδὶν

2212 4787 2625 4864 συνεισενεγκὼν
2659 4788 2735 4850 είς
2771 4789 2862 4843 τὸν
2896 4786 3101 4844 ἐκείνου
3150 4788 3307 4866 φόνεν
3355 4790 3446 4844 τὸν
3508 4785 3696 4842 ἃδικον
3751 4792 3865 4848 τοῖς

2207 4881 2398 4933 τοῦτον
2484 4877 2974 4954 κατεργασαμένοις
3032 4879 3276 4941 ἀνοσίοις
3361 4875 3637 4955 ἀνδράσιν,
3728 4873 3868 4935 Οὐδὶ

2210 4968 2316 5043 γὰρ
2348 4966 2535 5043 παρὼν
2573 4969 2730 5041 ἢμην
2789 4969 2913 5024 τότε
2954 4968 3048 5024 σὺν
3106 4968 3485 5042 Κωνσταντίῳ,
3571 4964 3719 5023 ἀλλὰ
3774 4968 3872 5038 τήν

2210 5057 2495 5132 Αἴγυπτον
2557 5057 2718 5132 εἶχον
2781 5055 2994 5128 οἷ’κησίν
3042 5079 3102 5113 τε
3147 5058 3238 5114 καὶ
3289 5055 3496 5113 δίαιταν
3560 5055 3730 5133 μέχρι
3782 5055 3874 5112 τοῦ

2205 5145 2474 5222 παρόντος
2500 5143 2770 5201 ἐνιαυτοῦ·
2817 5145 2907 5201 καὶ
2937 5146 3142 5220 ταύτην
3180 5148 3274 5221 μὲν
3325 5145 3628 5221 ἀπολογίαν
3677 5149 3872 5202 ποιοῦ-

2208 5257 2302 5309 μαι
2334 5235 2458 5308 περὶ
2487 5239 2584 5290 τοῦ
2620 5239 2717 5289 σοῦ
2751 5231 3012 5310 ἀδελφοῦ.

2276 5326 2426 5398 [3⁸75]
2461 5325 2561 5398 με’.
2596 5322 2727 5400 Περὶ
2774 5321 2832 5380 δὲ
2891 5330 2988 5380 τοῦ
3046 5324 3140 5382 τὸν
3198 5326 3430 5402 Χριστὸν
3491 5324 3864 5400 δξομώσασθαι

2199 5413 2290 5470 καὶ
2319 5415 2412 5468 τὸν
2443 5411 2776 5483 Ἑλληνικὸν
2801 5411 3142 5471 ἀσπάσασθαι
3202 5415 3343 5492 βίον,
3371 5413 3533 5470 τοῦτό
3591 5435 3677 5470 σοι
3728 5415 3863 5470 ἀπο-

2022 5570 2248 5626 ΝΟΤᾸΞ.

497 5706 616 5777 (tt)
651 5710 905 5779 Crispum
932 5709 1062 5766 loco
1094 5709 1341 5766 Priscum
1370 5709 1691 5782 legendum
1716 5714 1827 5765 est.
1861 5709 2152 5767 Similiter
2174 5726 2341 5769 num.
2373 5712 2464 5767 45.
2495 5710 2599 5767 Est
2623 5724 2792 5767 error
2821 5709 3074 5771 librarii.
3107 5713 3262 5771 Εοιτ.
