4120 6364
353 454 494 510 1293

1717 453 1779 505 8.
1820 452 2121 507 ARTEMII
2160 453 2429 511 PASSIO.

3642 461 3784 521 1294

352 583 710 655 κριθήσομαι,
740 584 847 634 τῶν
879 582 1047 654 τριῶν
1082 573 1291 631 παίδων
1350 578 1456 629 τῶν
1504 574 1591 629 ἐπὶ
1643 568 2007 629 Ναϐουχοδο-

2137 580 2299 636 verba
2331 581 2507 637 trium
2540 600 2862 655 puerorum
2896 584 2968 640 ad
3017 586 3559 644 Nabuchodonosor
3606 607 3782 646 usur-

364 673 524 746 νόσορ
580 672 680 738 τήν
741 670 926 747 φωνὴν
983 665 1388 739 δανεισάμενος,
1444 665 1517 726 ὡς
1576 666 1823 719 Γνωστὸν
1882 662 2019 719 ἔστω

365 783 471 829 σοι,
510 758 757 835 βασιλεῦ,
791 760 875 812 ὅτι
906 763 1023 818 τοῖς
1054 762 1199 821 θεοῖς
1244 776 1340 809 σου
1385 754 1449 809 οὐ
1499 752 1772 829 λατρεύω,
1818 753 1908 807 καὶ
1952 757 2019 825 τῇ

365 851 532 905 εἰκόνι
564 853 632 913 τῆ
664 847 848 923 χρυσῇ
907 852 1004 901 τοῦ
1062 851 1159 900 σοῦ
1218 845 1484 922 φιλτᾶτου
1542 842 1896 905 Ἀπόλλωνος
1955 841 2021 897 οὔ

361 961 495 995 ποτε
526 940 910 1013 προσκυνήσω.
964 942 1087 993 ’Ότι
1151 933 1208 990 δὲ
1261 935 1353 989 τὸν
1417 934 1679 1007 μακάριον
1741 937 2022 989 Κωναταν-

356 1033 505 1086 τῖνον
539 1030 629 1084 τὸν
663 1030 877 1083 πάντων
917 1025 1186 1101 βασιλέων
1222 1025 1537 1098 ὑπέρτερον,
1575 1025 1664 1077 καὶ
1714 1024 1777 1077 τὸ
1824 1022 2019 1077 τούτου

363 1120 517 1195 γὲνος
574 1119 1018 1192 ἐξεμυκτήρισας,
1080 1115 1279 1190 ἐχθρὸν
1339 1119 1456 1176 τοῖς
1514 1119 1631 1176 σοῖς
1680 1111 2018 1173 ἀποκαλέσας

364 1214 533 1278 θεοῖς,
565 1208 654 1263 καὶ
694 1205 969 1280 μανιώδη,
1012 1204 1102 1260 καὶ
1152 1204 1319 1283 φόνου
1375 1204 1589 1276 μεστὸν,
1637 1206 1733 1256 τοῦ
1782 1223 1838 1256 τε
1881 1203 2019 1273 ὁμο-

360 1302 519 1373 γνίου
575 1298 857 1353 ἀνάπλεων
917 1297 1172 1369 αἳματος,
1229 1294 1396 1348 ταῦτά
1450 1314 1535 1347 σοι
1606 1292 1738 1365 ὑπὲρ
1816 1291 2019 1346 ἐκείνου

354 1387 809 1463 ἂπολογησομαι·
870 1386 953 1440 ὅτι
1017 1384 1232 1457 μᾶλλον
1273 1385 1300 1438 ὁ
1353 1385 1443 1445 σὸς
1501 1383 1683 1457 πατὴρ
1740 1384 2020 1436 Κωνστάν-

351 1500 471 1543 τιος
499 1479 587 1532 καὶ
620 1479 672 1531 οἱ
718 1475 918 1531 τούτου
977 1472 1208 1548 ἀδελφοὶ
1254 1473 1632 1547 Διιροκςλιτιῆρξαν
1680 1476 1777 1527 τοῦ
1827 1470 2022 1541 ἀδική-

357 1589 550 1642 ματος,
583 1568 870 1644 φάρμακον
905 1564 1050 1635 αὐτῷ
1096 1562 1441 1633 δηλητήριον
1493 1562 1877 1637 κερασάμενοι,
1930 1560 2020 1615 καὶ

356 1659 583 1721 θάνατον
620 1655 874 1729 ὀλέθριον
928 1655 1380 1729 προξενήσαναες,
1449 1650 1618 1724 μηδὲν
1668 1651 1804 1725 πρὸς
1854 1650 2021 1704 αὐτοῦ

359 1746 685 1807 πεπονθότες
747 1742 960 1800 ἄδικον·
1024 1746 1268 1805 Ἐκεῖνος
1330 1740 1387 1797 δέ
1436 1744 1536 1811 τὴν
1592 1747 1819 1816 γυναῖκα
1873 1741 2025 1795 Φαύ-

364 1857 515 1903 σταν,
573 1836 663 1890 καὶ
724 1838 863 1888 πάνυ
924 1832 1150 1895 δικαίως
1202 1833 1509 1887 ἀπέκτεινεν
1568 1832 1643 1893 ὡς
1703 1828 2019 1903 μιμησαμέ-

2133 686 2319 740 pans:
2362 672 2576 726 Notum
2626 673 2732 727 tibi
2784 675 2878 742 sit,
2930 692 3053 739 rex,
3106 677 3261 747 quod
3306 676 3449 732 deos
3498 684 3629 733 tuos
3660 696 3781 734 non

2132 758 2282 825 colo,
2317 764 2375 813 et
2397 766 2649 815 statuam
2691 780 2933 817 auream
2974 764 3346 820 dilectissimi
3372 767 3454 821 tui
3487 768 3781 838 Apollinis

2132 866 2441 920 nunquam
2475 852 2733 906 adorabo
2758 855 2796 907 ⁸.
2826 854 2989 918 Quod
3013 862 3211 910 autem
3237 856 3477 911 beatum
3500 859 3779 913 Conslan-

2130 938 2345 1001 tinum,
2382 941 2646 994 omnium
2680 942 3103 1012 imperatorum
3138 946 3464 1000 maximum
3529 948 3780 1019 ejusque

2127 1027 2415 1082 familiam
2430 1029 2950 1099 despexisti.illum
2967 1034 3273 1089 inimicum
3288 1036 3528 1090 deorum
3544 1043 3781 1091 tuorum

2127 1123 2432 1183 vocans,et
2453 1118 2908 1179 insentatum.et
2931 1122 3108 1176 caadis
3132 1123 3396 1194 plenum,
3432 1130 3491 1179 et
3511 1130 3782 1194 cognato-

2127 1222 2260 1259 rum
2295 1207 2581 1279 sanguine
2613 1208 3015 1277 inquinatum,
3048 1211 3173 1264 haec
3205 1211 3276 1265 de
3311 1228 3376 1265 eo
3406 1213 3510 1265 tibi
3538 1228 3782 1283 respon-

2129 1293 2300 1348 debo:
2327 1296 2504 1367 Magis
2528 1296 2757 1350 scilicet
2778 1304 2946 1367 pater
2968 1304 3101 1352 tuus
3127 1300 3507 1355 Constantius
3530 1302 3779 1372 ejusque

2127 1381 2339 1437 fratres
2370 1385 2600 1454 priores
2632 1385 2836 1455 injusti
2868 1386 3130 1454 fuerunt,
3173 1389 3273 1458 qui
3305 1397 3507 1460 potum
3534 1406 3784 1445 venena-

2129 1476 2255 1526 tum
2294 1473 2612 1528 miscentes
2644 1476 3033 1530 Constantino
3065 1477 3338 1531 acerbam
3373 1485 3624 1532 mortem
3656 1495 3787 1548 pro-

2129 1561 2434 1632 pinarunt,
2468 1564 2634 1618 nulla
2662 1569 2861 1619 tamen
2893 1565 2965 1620 ab
2998 1582 3066 1621 eo
3100 1567 3323 1637 injuria
3358 1567 3782 1638 lacessitilpse

2131 1656 2327 1705 autem
2361 1669 2605 1707 uxorem
2640 1670 2805 1708 suam
2838 1656 3111 1710 Faustam
3136 1656 3297 1726 juste
3329 1656 3651 1711 admodum
3678 1673 3780 1711 oc-

2131 1740 2292 1806 cidit,
2326 1742 2464 1812 quia
2491 1748 2749 1797 veterem
2783 1744 3092 1800 Phaedram
3126 1746 3374 1810 imitata,
3417 1746 3783 1801 calumniata

2132 1835 2222 1883 est
2277 1831 2653 1901 imperatoris
2713 1833 2901 1887 ﬁlium
2957 1835 3247 1901 Priscum,
3309 1844 3369 1889 ul
3427 1836 3525 1905 qui
3577 1851 3782 1890 amore

360 1946 453 1993 νην
486 1924 585 1991 τήν
622 1922 791 1978 πάλαι
827 1920 1092 1998 Φαίδραν,
1126 1922 1215 1976 καὶ
1277 1915 1643 1975 διαϐαλοῦσαν
1688 1921 1781 1973 τὸν
1825 1918 2020 1972 τούτου

2137 1920 2261 1990 ejus
2316 1926 2521 1990 captus
2568 1922 2683 1974 vim
2734 1923 2785 1975 ei
2834 1922 3054 1978 inferre
3104 1929 3351 1979 conatus
3402 1929 3579 1992 esset,
3630 1924 3785 1979 sicut

364 2012 482 2067 υἱὸν
515 2012 759 2087 Πρίσκον
818 2010 1100 2084 [Κρίσπον]
1162 2011 1237 2073 ὡς
1291 2010 1565 2085 ἐρωτικῶς
1624 2008 1758 2083 αὐτῇ
1818 2005 2016 2062 διακεί-

361 2124 522 2176 μενον
556 2108 732 2157 καίτι
783 2102 918 2177 πρὸς
977 2102 1094 2177 βίαν
1146 2100 1554 2175 ἐπιχειροῦντα,
1611 2100 1853 2174 καθάπερ
1911 2099 2017 2152 κά-

356 2192 506 2260 κείνη
540 2193 634 2246 τὸ]
667 2196 764 2247 τοῦ
796 2189 1015 2261 Θησέως
1073 2189 1423 2247 Ἰππόλυτονο
1456 2190 1545 2243 καὶ
1596 2186 1663 2258 δὴ
1708 2189 1845 2243 κατὰ
1891 2184 2015 2247 τοὺς

354 2286 457 2348 τῆς
520 2280 733 2357 φύσεως
794 2281 1000 2351 νόμους
1051 2281 1125 2340 ὡς
1182 2280 1365 2353 πατὴρ
1423 2280 1512 2333 τὸν
1564 2278 1678 2332 υἱὸν
1743 2275 2013 2349 ἠμύνατο.

361 2371 617 2444 Ὕστερον
665 2371 759 2442 μὲν
819 2390 904 2423 τοι
962 2368 1148 2441 μαθὼν
1204 2370 1302 2437 τὴν
1357 2366 1638 2439 ἀλήθειαν,
1698 2366 1787 2420 καὶ
1847 2365 2014 2432 αὐτὴν

357 2458 804 2534 προσαπέκτεινε,
871 2455 1026 2529 δίκην
1088 2457 1168 2512 ἐπ’
1229 2458 1366 2531 αὐτῇ
1427 2454 1648 2518 δικάσας
1705 2459 1891 2509 πασῶν
1932 2452 2014 2507 δι-

361 2547 678 2616 καιοτάτην.
726 2546 1017 2603 Ἀπέκλινε
1076 2543 1132 2600 δὲ
1189 2546 1325 2619 πρὸς
1375 2546 1467 2599 τὸν
1532 2544 1789 2617 Χριστὸν,
1848 2542 2018 2615 οὐρα-

357 2635 508 2690 νόθεν
544 2634 751 2688 ἐκείνου
811 2634 1168 2699 καλέσαντος,
1229 2633 1317 2687 ὅτε
1374 2634 1474 2698 τήν
1532 2632 1669 2706 πρὸς
1721 2630 2015 2699 Μαξὲντιον

359 2721 612 2797 δριμεῖαν
645 2743 702 2775 τε
733 2722 820 2775 καὶ
866 2723 1177 2795 βαρυτάτην
1233 2719 1598 2794 διηγωνίσατο
1652 2718 1861 2793 μάχην,
1911 2715 2017 2771 δεί-

364 2812 455 2882 ξας
486 2810 634 2882 αύτῷ
662 2810 725 2864 τὸ
755 2812 851 2863 τοῦ
902 2813 1135 2883 σταυροῦ
1185 2813 1415 2881 σημεῖον
1469 2806 1740 2880 μεσούσης
1787 2804 2017 2879 ἡμέρας,

372 2901 507 2974 ὑπὲρ
538 2900 629 2953 τὸν
659 2896 823 2967 ἥλιον
851 2903 971 2959 ταῖς
1028 2897 1223 2971 αὐγαῖς
1280 2896 1659 2969 ἐξαστράπτον,
1703 2896 1793 2949 καὶ
1840 2896 2021 2970 γράμ-

364 3010 523 3062 μασιν
558 2987 917 3060 ἆστροτύπως
974 2986 1280 3062 ῥωμαικοῖς
1315 2983 1659 3057 διασημήνας
1708 2983 1872 3038 αὐτοῦ
1918 2984 2018 3052 τὴν

364 3082 461 3132 τοῦ
492 3076 744 3148 πολέμου
773 3075 951 3144 νίκην·
986 3077 1151 3147 ἡμεῖς
1195 3095 1253 3129 τε
1306 3076 1408 3149 γὰρ
1461 3074 1614 3128 αὐτοὶ
1671 3073 1733 3128 τὸ
1791 3077 2019 3145 σημεῖον

364 3165 697 3237 ἐθεασάμεθα
726 3168 804 3236 τῷ
853 3163 1088 3236 πολέμῳ
1136 3163 1421 3238 παρόντες,
1462 3163 1551 3217 καὶ
1600 3163 1666 3216 τὰ
1722 3164 2023 3238 γράμματα

2135 2009 2310 2063 etiam
2345 2009 2448 2063 illa
2477 2011 2685 2065 Thesei
2718 2011 3783 2083 tilium,llippolytum.Constantinus

2133 2098 2372 2168 quidem
2398 2098 2569 2168 juxta
2591 2104 2815 2153 natura)
2850 2101 3029 2171 leges,
3064 2107 3129 2155 ut
3160 2106 3345 2171 pater,
3380 2102 3571 2156 ﬁlium
3605 2101 3786 2173 puni-

2126 2187 2243 2252 vit;
2276 2193 2483 2257 postea
2511 2203 2671 2249 vero,
2705 2195 3008 2259 comperta
3040 2190 3305 2257 veritate,
3338 2207 3584 2245 uxorem
3630 2206 3779 2260 quo-

2128 2292 2242 2345 que
2275 2277 2571 2330 sententia
2611 2276 2877 2330 omnium
2923 2278 3261 2347 justissima
3310 2279 3487 2332 morti
3533 2277 3779 2333 addixit.

2128 2364 2426 2419 Christum
2466 2370 2664 2419 autem
2713 2370 2779 2418 ut
2810 2366 2991 2420 Deum
3025 2367 3260 2438 agnovit
3290 2366 3511 2421 ccelesti
3544 2365 3780 2437 appari-

2129 2454 2287 2508 tione
2316 2454 2386 2508 ab
2443 2471 2509 2509 eo
2560 2462 2819 2521 vocatus,
2872 2455 3108 2526 quando
3141 2456 3383 2511 difﬁcile
3416 2462 3475 2510 et
3504 2454 3781 2527 gravissi-

2128 2559 2291 2596 mum
2324 2544 2593 2613 praelium
2627 2544 2905 2599 adversus
2938 2546 3294 2599 Maxentium
3317 2547 3634 2600 commisit.
3670 2547 3782 2615 Ap-

2126 2632 2324 2702 paruit
2353 2632 2511 2684 enim
2545 2633 2736 2685 crucis
2769 2633 3024 2703 signum,
3047 2634 3205 2703 quod
3237 2633 3432 2688 media
3464 2634 3559 2687 die
3582 2633 3776 2687 lucem

2130 2720 2273 2773 solis
2300 2719 2616 2789 splendore
2649 2736 2754 2773 suo
2787 2721 3128 2791 superabat,
3180 2727 3239 2776 et
3285 2721 3500 2775 litteris
3534 2721 3779 2786 Latinis,

2130 2808 2363 2863 siderea
2395 2814 2536 2861 nota
2565 2807 2775 2873 ductis,
2827 2809 3014 2879 ipsius
3064 2810 3126 2863 in
3174 2809 3331 2864 bello
3362 2810 3666 2864 victoriam
3701 2808 3784 2863 si-

2130 2896 2466 2968 gniﬁcabat.
2503 2899 2643 2951 Nam
2674 2914 2781 2950 nos
2830 2897 2942 2967 ipsi
2988 2898 3222 2969 signum
3269 2898 3525 2953 vidimus
3574 2898 3782 2969 praalio

2130 2992 2475 3057 przesentes,
2510 2991 2567 3039 et
2594 2985 2772 3040 verba
2802 2985 3074 3057 legimus.
3126 2989 3250 3041 Imo
3301 2992 3459 3041 totus
3490 2988 3784 3042 exercitus

2131 3075 2259 3129 hmo
2320 3074 2479 3141 vidit,
2538 3074 2878 3145 multosque
2936 3076 3115 3145 hujus
3172 3076 3424 3147 prodigii
3483 3081 3664 3132 testes
3721 3076 3785 3132 in

2134 3165 2394 3219 exercitu
2424 3164 2708 3235 reperias,
2743 3164 2918 3219 modo
2946 3164 3092 3219 velis
3125 3166 3512 3238 interrogare.

370 3257 771 3331 ὑπανέγνωμεψ
808 3252 953 3309 ἀλλὰ
984 3253 1074 3308 καὶ
1105 3254 1167 3308 τὸ
1195 3250 1559 3329 στρατόπεδον
1588 3253 1724 3307 ἅπαν
1779 3253 2017 3321 τὲθέατο,
2050 3252 2139 3307 καῖ
2171 3251 2381 3307 πολλοὶ
2413 3254 2560 3327 [376]
2592 3252 2782 3307 τούτον
2821 3254 3089 3329 μάρτυρες
3117 3251 3168 3307 ὲν
3195 3258 3276 3326 τῷ
3308 3258 3386 3327 σῷ
3436 3251 3785 3329 στρατοπέδῳ

363 3346 756 3421 τυγχάνουσιν,
790 3343 842 3398 εἷ’
867 3364 929 3418 γε
960 3341 1063 3419 ἄρα
1094 3341 1368 3420 ἐρωτῆσαι
1403 3341 1710 3413 θελήσειας.

438 3437 542 3508 μς’.
579 3433 677 3488 Καὶ
706 3434 757 3488 τί
794 3430 861 3501 δὴ
892 3436 1062 3487 ταῦτα
1098 3431 1246 3506 λέγω
1277 3452 1291 3501 ;
1322 3433 1414 3487 τὸν
1450 3433 1678 3504 Χριστὸν
1710 3429 1910 3488 ἄνωθεν
1967 3433 2019 3487 οἱ
2050 3436 2093 3502 α

360 3531 643 3600 προφῆται
701 3520 1201 3595 προκατήγγειλαν,
1262 3521 1336 3583 ὡς
1396 3522 1487 3575 καὶ
1546 3522 1708 3583 αὐτὸς
1779 3527 2024 3596 κρεῖττον

362 3611 667 3667 ἐπίστασαι·
702 3610 793 3663 καὶ
824 3606 1033 3663 πολλαὶ
1066 3611 1165 3677 τῆς
1222 3608 1386 3662 αὐτοῦ
1436 3608 1732 3684 παρουσίας
1781 3612 1835 3664 al
1889 3630 2025 3684 μαρ-

359 3701 545 3774 τυρίαι
578 3699 683 3753 κὰκ
707 3702 816 3753 τῶν
846 3698 973 3771 παρ’
1006 3697 1134 3769 ὑμῖν
1182 3692 1493 3768 σεϐομένων
1550 3700 1709 3765 θεῶν,
1773 3700 1862 3752 καὶ
1917 3703 2023 3753 τῶν

364 3792 644 3865 χρησμῶν
678 3788 732 3841 αἱ
780 3786 1205 3863 προαγορεύσεις
1276 3786 1345 3840 τὰ
1386 3807 1443 3839 τε
1498 3780 1799 3841 Σιϐύλλεια
1847 3786 2025 3861 γράμ-

368 3898 531 3952 ματα,
561 3876 652 3931 καὶ
684 3877 718 3945 ὴ
751 3880 848 3929 τοῦ
880 3874 1173 3949 Βιργιλίου
1204 3878 1299 3928 τοῦ
1329 3873 1610 3945 Ῥωμαίου
1668 3874 1913 3941 ποίησις,
1964 3874 2025 3942 ἢν

368 3967 526 4039 ὑμεῖς
557 3964 904 4033 Βουκολικήν
935 3964 1257 4037 ὀνομάζετε,
1316 3962 1408 4017 καὶ
1460 3962 1623 4023 αὐτὸς
1656 3963 1682 4016 ὁ
1715 3966 1845 4037 παρ’
1901 3964 2030 4035 ὑμῖν

367 4054 789 4127 (θαυμαζόμενος
823 4051 1119 4110 Ἀπόλλων
1154 4054 1181 4107 ὁ
1215 4053 1474 4125 μαντικὸς
1504 4050 1719 4106 τοιόνδε
1746 4052 1867 4106 τινα
1905 4050 2030 4124 περὶ

367 4148 605 4221 Χριστοῦ
666 4142 970 4220 ἐξεφώνησε
1059 4141 1250 4215 λόγον.
1338 4140 1670 4211 Ἐρωτηθεὶς
1730 4142 1834 4217 γαρ
1887 4140 2031 4214 παρά

374 4237 481 4287 τῶν
511 4233 705 4287 ἑαυτοῦ
732 4230 1055 4308 προπόλων,
1084 4230 1439 4306 ἀποκρίνεται
1471 4226 1596 4284 ὡδεο

370 4352 463 4419 Μὴ
498 4346 690 4428 ὄφελες
722 4350 975 4422 πύματόν
1013 4369 1079 4423 με
1107 4349 1200 4403 καὶ
1232 4347 1456 4404 ὕστατον
1491 4346 1807 4423 ἐξερέεσθαι,

366 4493 607 4566 Δύσμορ’
641 4491 790 4564 ἐμῶν
823 4492 1148 4566 πρόπόλων,
1180 4491 1307 4566 περὶ
1340 4491 1650 4566 θεσπεσίοιο
1682 4493 1850 4566 θεοῖο,

363 4560 697 4639 Κανῖπνόιῆς
724 4572 825 4634 τῆς
857 4560 1032 4639 πάντα
1063 4566 1218 4639 πέριξ
1254 4560 1859 4639 βοτρυηδὸν-ᾅχούσης,

363 4638 574 4711 Τείρεα,
609 4642 748 4713 (θῶς,
782 4638 1068 4713 ποταμοὺς
1092 4637 1185 4713 καὶ
1216 4636 1519 4713 Τάρταρον,
1551 4636 1687 4713 ἠέρα
1713 4637 1956 4713 καὶπῦρ,

364 4711 428 4767 Ἣ
463 4690 531 4780 με
560 4690 652 4763 ἐωξὶ
682 4690 780 4762 ούκ
811 4690 1069 4780 ὲθᾷλδοντλα
1096 4690 1420 4780 δόμωνιᾶπδ
1449 4690 1629 4780 τῶνδε¹
1649 4705 1857 4764 διώκει.

364 4784 433 4870 '11
458 4775 516 4836 δὲ
532 4780 673 4873 ἐμοὶ
704 4778 980 4874 τριπόδων
1014 4776 1091 4834 ἔτι
1126 4775 1344 4874 λείπΙετο
1372 4775 1673 4874 ἡριχένειμῖ

362 4852 462 4926 Ai,
496 4852 555 4906 αἴ
580 4850 675 4926 με,
706 4850 988 4926 τρίποδες,
1022 4855 1419 4926 στοναχήσατε,
1454 4850 1625 4926 οἴχετ’
1662 4852 1980 4919 Ἀπολλὼν,

369 4924 958 5015 υἷ’χειτζνέπεὶνβροτός
990 4945 1055 4994 με
1090 4924 1331 5015 βιάζεται
1363 4924 1782 5015 ούράνιοςνφῶς·

366 4992 525 5052 Καί-ὁ
556 4992 908 5060 παθὼν’Θεός
939 4992 1209 5063 ἐστιίκαῖ
1241 4997 1305 5051 οὔ
1342 4992 1537 5066 θεότης
1569 4992 1733 5057 πάθεν
1768 4992 1925 5064 αὐτή.

440 5116 460 5150 ⁵
490 5115 635 5169 Dan.
672 5128 753 5181 III,
790 5114 877 5165 18.

2203 3437 2291 3488 45.
2326 3433 2413 3489 Ad
2443 3434 2585 3505 quid
2617 3435 2953 3489 autemhaac
2986 3433 3147 3489 dico?
3171 3435 3469 3490 Christum
3500 3452 3535 3490 a
3567 3435 3785 3490 saaculo

2136 3523 2437 3594 propheta)
2470 3524 2968 3593 praanuntiarunt,
3002 3528 3069 3577 ut
3100 3527 3163 3577 tu
3194 3524 3320 3594 ipse
3350 3524 3572 3593 optime
3603 3525 3784 3579 nosti.

2136 3616 2207 3667 Et
2235 3614 2422 3667 multa
2454 3618 2592 3666 sunt
2635 3612 2707 3666 de
2758 3614 2885 3683 ejus
2933 3612 3190 3667 adventu
3238 3614 3579 3667 testimonia
3608 3614 3786 3667 etiam

2139 3718 2365 3765 eorum,
2401 3702 2501 3771 qui
2526 3718 2559 3755 a
2589 3701 2752 3755 vobis
2786 3702 3085 3769 coluntur,
3110 3702 3355 3756 deorum
3382 3719 3395 3768 ;
3424 3702 3625 3756 multaa
3648 3719 3790 3771 quo-

2139 3808 2252 3862 que
2266 3790 2634 3846 oraculorum
2649 3790 3302 3861 praedictiones,quibus
3315 3790 3640 3846 concinunt
3652 3789 3790 3845 libri

2140 3880 2437 3952 Sibyllini,
2472 3896 2582 3933 nec
2612 3897 2733 3934 non
2766 3879 2990 3947 Virgilii
3035 3881 3283 3934 Romani
3336 3880 3624 3943 carmina,
3658 3896 3790 3949 qum

2138 3987 2239 4025 vos
2271 3968 2525 4023 Bucolica
2555 3969 2890 4039 appellatis.
2925 3971 3047 4023 Imo
3096 3974 3156 4023 et
3193 3968 3317 4039 ipse
3366 3968 3524 4039 apud
3555 3984 3656 4023 vos
3686 3968 3793 4023 ad-

2139 4059 2450 4114 mirandus
2479 4058 2711 4129 Apollo,
2745 4075 3061 4129 supremus
3092 4057 3390 4125 fatidicus,
3442 4057 3787 4130 hujusmodi

2142 4149 2214 4204 de
2244 4148 2472 4202 Christo
2505 4147 2752 4218 protulit
2781 4163 3158 4211 sermonem;
3201 4148 3596 4220 interrogatus
3627 4148 3787 4203 enim

2142 4256 2177 4295 a
2205 4237 2497 4293 ministris
2526 4237 2649 4291 suis
2681 4236 2765 4291 sic
2797 4236 3142 4307 respondit:

2141 4356 2258 4409 Non
2291 4353 2577 4423 oportebat
2605 4368 2688 4407 me
2716 4354 2775 4406 in
2814 4354 3074 4409 extremis
3120 4360 3421 4409 versantem
3466 4354 3669 4423 (15-16)
3700 4355 3788 4408 in-

2141 4496 2443 4551 Miserandi
2472 4496 2730 4560 ministri,
2763 4496 2829 4549 de
2859 4497 2966 4549 Deo
2996 4498 3094 4565 qui
3122 4496 3188 4551 de
3218 4427 3679 4561 cwlo[iiegccgicziii:

2141 4571 2211 4625 Et
2239 4567 2445 4638 Spiritu
2476 4566 2576 4636 qui
2604 4569 2791 4620 omnia
2832 4569 3034 4621 circum
3064 4575 3125 4621 ut
3156 4569 3338 4622 botrus
3387 4569 3793 4638 complectitur,

2141 4644 2331 4700 Astra,
2366 4638 2561 4703 lucem,
2594 4640 2790 4706 ﬂuvios
2820 4644 2869 4692 et
2898 4640 3211 4704 Tartarum,
3253 4656 3404 4706 aera,
3439 4647 3488 4693 et
3520 4642 3721 4710 ignem,

2144 4714 2253 4777 Qui
2280 4728 2365 4764 me
2393 4712 2555 4764 etiam
2586 4712 2818 4763 invitum
2852 4710 2919 4763 ab
2951 4710 3155 4765 (edibus
3185 4712 3304 4765 istis
3323 4710 3612 4781 propellit.

2066 4810 2111 4874 Π
2145 4783 2291 4874 Milli,
2314 4788 2495 4874 qute'm
2527 4782 2947 4874 spl‘atripodutjn
2960 4798 3118 4874 ληίης
3139 4785 3401 4874 remansit
3427 4798 3632 4874 aurpr‘a
3662 4784 3795 4874 (Atil),-

2146 4855 2291 4908 Hei!
2323 4853 2452 4907 hei!
2480 4868 2564 4906 me
2595 4853 2853 4922 tripodes,
2887 4854 3117 4920 deﬂete;
3148 4856 3445 4908 exstinctus
3463 4861 3540 4907 est
3568 4853 3792 4923 Apollo.

2146 4926 2745 4994 Emstinctus,quoniam
2770 4924 2857 4977 vir
2884 4941 2968 4977 me
2986 4926 3172 4994 perdit
3193 4926 3418 4979 celestis
3450 4924 3655 4979 lumine
3673 4940 3792 4979 suo.

2149 4999 2223 5051 Et
2255 4998 2354 5067 qui
2370 5011 2567 5067 passus
2596 5001 2673 5051 est
2702 4997 2838 5050 Deus
2867 5002 2963 5063 est,
2990 5013 3088 5052 nec
3131 4997 3308 5052 deitas
3329 5011 3497 5066 passa
3542 5002 3619 5051 est
3648 4998 3792 5065 ipsa.

1977 5202 2200 5257 ΝΟΤᾹΞ.

436 5302 647 5372 (15-16)
688 5302 751 5354 In
805 5300 1004 5354 Graaco
1063 5298 1333 5371 legitur:
1397 5297 1662 5370 Ιιύματόν
1724 5297 1814 5352 καὶ
1875 5296 2033 5353 ὕστα-

365 5390 481 5437 τον,
518 5390 649 5443 quaa
680 5372 855 5426 ambo
884 5377 1191 5425 extremum
1222 5372 1588 5443 significant.
1619 5373 1782 5443 Eon".

436 5436 553 5514 (ιη
578 5445 791 5498 Textus
822 5444 907 5515 sic
939 5443 1156 5497 habet:
1187 5436 1464 5515 τριπόδων
1504 5436 1583 5496 ἔτι
1618 5440 1841 5496 λείπετο
1899 5442 2033 5513 ἠρι-

364 5512 567 5587 γενεια.
600 5512 1001 5587 -Ἠριγὲιεια
1053 5512 1411 5587 (ἧριςηιαηθ
1459 5521 1516 5569 et
1561 5532 1727 5587 uerno
1774 5512 2034 5587 tempOre,

364 5585 645 5659 γίγνομαι)
672 5585 918 5713 proprie
949 5592 1038 5640 est
1070 5585 1387 5668 epitheton
1410 5586 1581 5667 quod
1616 5586 1897 5667 tribuitur
1928 5603 2034 5641 au-

365 5675 539 5713 rora).
576 5664 665 5713 Un
714 5676 743 5713 e
786 5665 987 5713 etiam.
1025 5664 1091 5711 ut
1128 5658 1246 5713 th.
1284 5658 1603 5713 adhibetur
1630 5658 1703 5713 ad
1728 5658 2034 5713 desmnan-

365 5658 539 5715 rora).
576 5658 743 5715 Unde
786 5658 987 5724 etiam,
1025 5664 1091 5711 ut
1128 5658 1246 5723 hic,
1284 5658 1603 5713 adhibetur
1630 5658 1703 5713 ad
1728 5658 2039 5724 designan-

370 5730 508 5786 dam
540 5731 731 5803 ipsam
762 5745 1063 5803 auroram.
1101 5729 1212 5803 Sed
1249 5730 1435 5803 quaari
1502 5734 1696 5801 potest
1741 5729 1884 5803 quid
1934 5746 2042 5801 per

370 5801 656 5877 tripodum
683 5818 946 5860 auroram
977 5801 1449 5875 intelligendum
1478 5803 1572 5858 sit.
1606 5803 1754 5858 Puto
1788 5801 1879 5857 his
1911 5818 2041 5857 ver-

2145 5300 2675 5382 bis‘antiquitate‘m
2700 5300 2997 5382 tripodum
3024 5301 3369 5382 exprimizac
3394 5299 3443 5382 si
3460 5300 3795 5382 diceretur:

2146 5372 2391 5443 Antiqui
2424 5372 2976 5444 tripodes;tripodes
3001 5372 3216 5443 quibus
3247 5374 3319 5428 ab
3350 5372 3618 5444 antiquis
3647 5376 3801 5444 tem-

2145 5444 2413 5515 poribus;
2447 5443 2514 5499 et
2555 5445 2725 5515 quasi
2766 5443 2839 5500 ab
2891 5461 3107 5501 aurora
3154 5443 3385 5512 mundi,
3436 5444 3499 5499 in
3553 5443 3801 5499 edendis

2147 5515 2404 5570 oraculis
2435 5533 2579 5572 usus
2612 5532 2763 5570 sum.
2800 5548 2865 5557 —
2897 5519 3104 5571 Posset
3152 5533 3386 5587 quoque
3436 5516 3563 5570 hzec
3618 5516 3801 5587 inter:

2147 5588 2401 5658 pretatio
2436 5588 2685 5659 proponi
2713 5605 2724 5641 :
2763 5585 3202 5643 Remanserunt
3230 5585 3375 5643 mihi
3407 5585 3805 5659 tripodes,sed

2149 5659 2311 5730 omni
2343 5675 2449 5713 sua
2478 5659 2666 5730 gloria
2689 5676 2756 5713 ac
2788 5660 3000 5714 virtute
3024 5659 3313 5725 destituti,
3351 5665 3408 5713 et
3436 5664 3616 5730 prout
3638 5662 3808 5730 erant

2150 5729 2223 5785 ad
2255 5729 2545 5801 originem
2590 5732 2932 5801 (auroram),
2987 5731 3088 5787 ubi
3122 5731 3389 5787 nondum
3422 5729 3529 5800 per
3575 5729 3806 5784 fabulas

2151 5806 2211 5858 et
2236 5802 2564 5875 praestigias
2595 5801 2707 5857 sibi
2738 5801 3145 5859 celebritatem
3183 5807 3690 5873 cornparaverant.
3721 5801 3803 5854 In.
