4120 6388
449 411 474 468 4
483 411 591 467 295

1979 397 2350 454 ΔΒΒΒΝΟΔ.

3758 407 3896 467 1206

516 539 604 592 47.
640 533 970 607 Respondit
999 535 1318 604 Apostata:
1351 533 1498 585 Puto
1531 533 1608 592 te,
1643 545 1677 583 ο
1708 524 1958 586 Artemi.
1983 541 2104 580 non

2294 523 2399 594 μζ.
2431 518 2752 581 ’ΥποΑαϐὼν
2812 522 2869 582 δὲ
2897 527 2924 582 6
2956 522 3286 602 Παραόάτης
3341 527 3468 610 ἔφη’
3515 536 3688 588 Δοκῶ
3736 553 3816 601 σε,
3846 534 3890 589 ὧ

449 627 663 682 ducem
714 626 775 680 in
824 627 1068 696 Egypto
1109 623 1314 689 fuisse,
1367 619 1470 675 sed
1517 625 1709 673 vatem
1759 615 2102 688 quemdam,

451 732 557 772 seu
586 716 782 787 potius
816 714 1168 769 sannionem
1200 717 1302 766 aut
1331 708 1870 765 circumforaneum
1915 703 2106 760 nebu-

449 805 672 871 lonem,
738 819 959 859 anuum
1008 800 1470 856 temulentarum
1520 794 1999 852 narratiunculas
2050 797 2109 847 et

449 893 683 949 fabulas
714 898 939 947 veteres
970 896 1146 960 atque
1181 889 1522 959 antiquatas
1562 884 2103 941 circumferentem.

452 984 523 1037 Et
549 987 815 1054 martyr:
850 982 975 1036 Non
1012 986 1194 1047 recte,
1239 978 1455 1049 inquit,
1503 975 1815 1049 judicasti,
1848 974 2110 1046 impera-

457 1077 566 1138 tor,
605 1087 800 1141 neque
841 1077 906 1124 ut
930 1075 1094 1124 tuam
1143 1069 1315 1124 decet
1353 1066 1710 1138 sapientiam
1743 1070 1802 1120 et
1830 1064 2106 1118 virtutem

452 1163 532 1216 Ex
559 1160 674 1215 diis
704 1159 821 1214 tuis
854 1165 932 1227 et,
966 1175 1097 1230 qua:
1128 1163 1294 1231 grata
1337 1156 1544 1224 habes,
1599 1153 1974 1210 documentis
2006 1151 2108 1207 de-

451 1249 915 1306 monstrationes
944 1263 1110 1310 eruo.
1143 1252 1209 1301 ut
1239 1263 1309 1301 ex
1352 1245 1603 1318 cognitis
1651 1243 1844 1298 discas
1891 1241 2107 1296 verita-

454 1340 528 1394 tis
565 1338 1144 1410 mysterium.Neque
1177 1336 1482 1391 existimes
1513 1351 1606 1388 me
1638 1331 1950 1405 gentilium
1980 1347 2110 1385 ver-

451 1429 543 1484 bis
575 1428 858 1484 delectari
885 1444 899 1492 ;
945 1443 1085 1482 nam
1112 1426 1286 1481 oleum
1311 1427 1620 1495 peccatoris
1646 1439 1758 1477 non
1797 1423 2112 1492 impinguet

449 1526 618 1590 caput
647 1535 825 1574 meum
854 1518 915 1583 5;
950 1517 1052 1572 sed
1083 1516 1155 1570 de
1206 1514 1423 1570 animae
1474 1520 1588 1568 tuae
1640 1512 1830 1568 salute
1881 1509 2105 1566 sollici-

453 1614 570 1676 tus,
604 1625 844 1662 omnem
886 1623 1094 1661 moveo
1144 1604 1425 1676 lapidem,
1477 1608 1543 1657 ut
1588 1602 1696 1656 tibi
1744 1601 1959 1656 veritas
2007 1599 2111 1654 fiat

453 1713 739 1770 persuasa
790 1697 910 1750 Meo
944 1694 1184 1766 quidem
1207 1693 1456 1764 judicio.
1482 1689 1988 1763 quemadmodum
2014 1689 2111 1744 Sa-

453 1793 623 1842 tanas
655 1791 911 1840 veterem
945 1784 1152 1850 Adam,
1191 1783 1449 1855 primum
1484 1787 1813 1853 parentem,
1849 1795 2106 1835 occaaca-

2214 610 2490 698 ’ᾼρτέμιε,
2533 613 2596 669 οὐ
2654 618 2956 693 στρατηγὸν
3015 616 3067 673 ἒν
3134 619 3399 695 Αἰγύπτῳ
3459 620 3896 698 παραγενέσθαι,

2215 697 2360 754 ἀλλὰ
2391 701 2790 780 χρησμολόγον
2821 704 2960 775 τινὰ,
2994 704 3206 779 μᾶλλον
3241 704 3300 764 δὲ
3334 697 3690 787 βωμολόχον
3715 708 3753 780 ἤ
3779 713 3887 785 μήν

2215 788 2475 864 ἀγύρτην,
2534 792 2622 847 καὶ
2675 799 2858 869 γραῶν
2918 799 3389 871 κῶθωνιζομένων
3451 797 3743 877 λογύδρια
3802 801 3890 857 καὶ

2217 877 2422 950 μύθους
2479 880 2750 945 παλαιοὺς
2825 883 2916 939 καὶ
2999 888 3370 962 γεγηρακόνας
3459 887 3888 966 ἐπισυνάγοντα.

2215 969 2320 1024 Καὶ
2353 970 2381 1024 6
2417 971 2640 1044 μάρτυςο
2675 971 2751 1030 Οὐ
2781 973 2966 1036 καλῶς
2999 973 3331 1055 ὑπείληφας,
3366 975 3410 1032 ὦ
3447 977 3714 1055 βασιλεῦ,
3768 979 3889 1036 οῦδὶ

2213 1061 2313 1123 τῆς
2343 1065 2442 1129 σῆς
2472 1080 2666 1137 σοφιας
2723 1063 2811 1118 καὶ
2873 1065 3066 1138 ἀρετῆς
3124 1064 3424 1122 ίσοστάσια’
3484 1066 3546 1123 ἐκ
3607 1073 3727 1124 τῶν
3784 1075 3888 1125 σῶν

2217 1143 2276 1201 δὲ
2306 1151 2440 1212 θεῶν
2468 1148 2558 1204 καὶ
2587 1154 2697 1205 τῶν
2730 1172 2816 1206 σοι
2846 1152 3170 1231 προσφιλῶν
3234 1155 3582 1229 μαθημάτων
3614 1155 3887 1233 ποιοῦμαι

2214 1236 2312 1300 τὰς
2369 1236 2696 1310 ἀποδείξεις,
2752 1241 2826 1294 ’ἐν’
2874 1241 2934 1296 ἐκ
2985 1246 3094 1298 τῶν
3157 1263 3245 1298 σοι
3298 1245 3600 1321 γνωρίμων
3664 1246 3733 1302 τὸ
3790 1253 3886 1318 τῆς

2216 1324 2476 1396 ἀληθείας
2510 1329 2703 1401 μάθοις
2752 1332 3075 1406 μυστήριον,
3134 1332 3226 1387 καὶ
3282 1335 3359 1406 μή
3420 1355 3489 1408 με
3549 1333 3720 1410 δόξῃς
3775 1342 3888 1399 τοῖς

2217 1416 2369 1489 [377]
2421 1422 2527 1471 τῶν
2587 1416 2873 1489 Ἐλλήνων
2935 1420 3444 1496 ἐγκαλλωπίζεσθαι
3505 1424 3752 1500 ῥήμασιο
3811 1428 3880 1500 μή

2218 1502 2276 1559 δὲ
2305 1505 2410 1582 γάρ
2465 1504 2648 1563 ἔλαιον
2703 1508 3038 1585 ἀμαρτωλοῦ
3092 1511 3193 1580 τὴν
3245 1510 3384 1585 ἐμὴν
3445 1511 3739 1570 λιπανάτω
3792 1534 3874 1570 κε-

2218 1595 2423 1672 φαλὴν,
2457 1595 2601 1652 ἀλλά
2627 1605 2727 1668 τῆς
2757 1607 2857 1669 σῆς
2914 1597 3225 1675 κηδόμενος
3275 1605 3520 1677 ψυχικῆς
3575 1604 3875 1680 σωτηρίας,

2217 1691 2354 1740 κινῶ
2383 1686 2556 1742 πάντα
2587 1687 2740 1762 λίθον
2775 1689 2916 1744 ὥστε
2943 1691 3230 1760 πεισθῆναί
3265 1712 3341 1747 σε.
3377 1688 3795 1766 Ὑπολαμϐάνω
3826 1690 3879 1748 δὲ

2219 1774 2304 1829 δτι
2336 1774 2518 1852 ὥσπερ
2552 1777 2579 1832 6
2614 1782 2856 1840 Σατανᾶς
2892 1780 2984 1835 τὸν
3043 1779 3277 1835 παλαιὸν
3339 1779 3523 1855 Ἀδὰμ
3581 1782 3676 1837 καὶ
3735 1804 3874 1860 πρω-

452 1877 535 1932 vit
565 1893 670 1948 per
701 1873 1168 1929 inobedientiam
1220 1878 1278 1926 et
1323 1872 1549 1926 fructus
1596 1870 1758 1926 vetiti
1790 1869 2104 1925 comestio-

2217 1863 2525 1920 τόπλαστον
2554 1865 2916 1946 ἀπετύφλωσε
2945 1865 3034 1923 διὰ
3057 1870 3153 1938 τῆς
3205 1877 3492 1946 παρακοῆς
3524 1871 3621 1926 καὶ
3653 1878 3754 1941 τῆς
3781 1876 3870 1927 τοῦ

453 1979 616 2027 nem,
647 1963 732 2017 ita
761 1968 816 2016 te
847 1978 1106 2033 quoque,
1156 1961 1502 2031 imperator,
1552 1964 1668 2013 tum
1712 1957 1921 2012 salutis
1952 1957 2105 2011 invi-

454 2052 586 2120 dus,
619 2051 834 2108 Christi
875 2050 993 2105 flde
1043 2049 1338 2121 spoliavit.
1390 2047 1556 2113 Quod
1605 2062 1740 2102 vero
1774 2045 1984 2108 solem,
2018 2045 2112 2100 lu-

449 2159 589 2198 nam
613 2147 672 2196 et
701 2146 860 2196 astra
886 2139 1028 2195 deos
1057 2138 1346 2210 appellas,
1397 2137 1582 2209 pudet
1631 2151 1726 2191 me
1758 2134 2109 2206 ignorantia;

450 2239 589 2298 tuas,
623 2247 727 2286 seu
760 2229 949 2302 magis
1001 2227 1420 2300 improbitatis.
1472 2227 1678 2281 Nonne
1729 2226 2108 2296 Anaxagoras

451 2320 880 2387 Clazomenius,
964 2324 1100 2373 tuus
1189 2316 1468 2372 videlicet
1551 2315 1762 2388 magis,
1849 2331 2108 2370 massam

451 2413 686 2485 igneam
721 2409 924 2464 docuit
963 2425 1091 2463 esse
1144 2407 1354 2474 solem,
1405 2412 1565 2461 astra
1615 2411 1813 2461 autem
1861 2422 2110 2476 corpora

453 2502 764 2574 pumicosa
795 2505 851 2554 et
880 2497 1083 2554 anima
1113 2497 1506 2566 sensibusque
1531 2513 1775 2567 prorsus
1797 2495 2109 2551 destituta?

454 2589 760 2656 Quomodo
793 2605 928 2659 ergo
962 2588 1109 2658 ipse,
1142 2587 1467 2657 imperator
1513 2585 1734 2656 optime
1781 2591 1840 2640 et
1869 2584 2108 2656 sapien-

454 2679 844 2748 tissime,quaa
875 2693 910 2730 a
939 2674 1300 2746 magistratis
1325 2673 1440 2727 tuis
1464 2671 1855 2743 repudiantur
1885 2677 1943 2726 et
1972 2687 2106 2726 con-

453 2773 802 2822 temnantur
828 2765 970 2820 deos
1003 2763 1337 2834 proclamas
1359 2762 1386 2816 ‘I
1415 2762 1544 2816 Scio
1592 2761 1750 2816 enim
1803 2767 1858 2815 te
1908 2760 2104 2816 Plato-

450 2857 601 2913 nicae
632 2872 762 2910 esse
793 2859 1008 2916 seetse;
1042 2857 1101 2906 et
1128 2850 1292 2905 Plato
1327 2849 1568 2919 quidem
1601 2848 1902 2902 Socratem
1935 2847 2104 2902 audi-

448 2946 825 3011 vit,Socrates
843 2948 1043 2997 autem
1076 2939 1456 3004 Archelaum;
1490 2954 1665 3009 porro
1688 2937 2015 2992 Archelaus
2048 2941 2106 2993 et

450 3035 708 3090 Pericles
740 3036 1100 3102 Anaxagorae
1154 3028 1456 3083 auditores
1503 3027 1763 3082 fuerunt.
1797 3026 2101 3091 Quomodo

449 3124 650 3196 igitur,
679 3122 956 3193 princeps
983 3117 1353 3183 admirande,
1395 3116 1510 3170 ista
1539 3113 1681 3170 deos
1711 3114 1880 3182 dicis,
1915 3120 1974 3170 et
2004 3132 2099 3170 su-

451 3228 558 3284 per
588 3211 790 3266 omnia
819 3208 1007 3263 solem
1038 3205 1360 3270 veneraris,
1396 3221 1652 3274 eumque
1673 3204 2100 3275 jusjurandum

453 3301 904 3375 imperatorium
936 3297 1248 3353 constituis
1267 3297 1294 3352 ?
1324 3297 1439 3350 Cur
1469 3294 1736 3366 qualibet
1765 3296 2100 3364 occasione,

453 3395 571 3449 sive
603 3394 664 3448 in
707 3390 995 3464 epistolis,
1049 3389 1168 3444 sive
1217 3388 1278 3442 in
1309 3385 1647 3456 colloquiis,
1705 3384 1823 3440 sive
1867 3386 1924 3440 in
1961 3403 2106 3440 con-

442 3483 738 3548 cionibus,
781 3480 1000 3551 saapius
1055 3494 1308 3549 usurpas
1365 3475 1684 3531 formulam
1738 3477 1844 3530 Per
1890 3474 2105 3530 solem?

439 3572 552 3627 Sed
584 3571 728 3642 quid
761 3574 995 3641 oportet
1041 3567 1126 3622 sic
1179 3567 1506 3638 producere
1553 3580 1891 3619 sermonem
1915 3564 1943 3618 ‘?
1972 3567 2098 3621 Non

435 3662 647 3733 abjuro
707 3660 1008 3715 Christum
1072 3672 1295 3724 meum,
1354 3653 1549 3711 absitl
1595 3670 1715 3708 non
1767 3653 2098 3726 amplector

433 3750 847 3806 detestabilem
879 3747 1195 3820 gentilium
1244 3745 1633 3816 impietatem.
1689 3744 1892 3798 Maneo
1925 3744 1986 3798 in
2017 3743 2094 3799 iis

427 3858 559 3911 qum
593 3840 837 3895 edoctus
871 3853 1024 3903 sum,
1060 3842 1118 3889 et
1143 3850 1483 3907 persevero,
1517 3833 1578 3888 in
1612 3833 1876 3904 paternis
1907 3833 2087 3888 tradi-

2218 1961 2390 2033 φυτοῦ
2423 1957 2701 2031 βρώσεως,
2735 1959 2879 2014 οὕτω
2908 1961 2998 2015 καί
3019 1962 3098 2029 σὲ,
3133 1959 3383 2037 βασιλεῦ,
3415 1963 3634 2040 φθονῶν
3654 1970 3753 2033 τῆς
3773 1969 3864 2032 σῆς

2219 2046 2512 2116 σωτηρίας,
2542 2054 2643 2118 τῆς
2671 2052 2768 2104 τοῦ
2799 2051 3037 2124 Χριστοῦ
3063 2049 3426 2124 ἀπεγύμνωσε
3477 2050 3734 2116 πίστεως·
3782 2051 3857 2108 ὅτι

2219 2132 2276 2190 δὶ
2303 2137 2394 2191 τὸν
2427 2134 2591 2206 ἥλιον
2618 2137 2709 2193 καὶ
2741 2136 2978 2210 σελήνην
3005 2140 3096 2194 καὶ
3125 2138 3255 2203 τοὺς
3285 2139 3510 2216 ἀστὲρας
3543 2143 3700 2204 θεοὺς
3729 2141 3855 2198 ἀπο-

2219 2221 2426 2295 καλεῖς,
2460 2224 2794 2302 αίσχύνομαι
2820 2228 2883 2283 τὸ
2911 2233 3012 2297 τῆς
3043 2226 3303 2302 ἀμαθίας,
3338 2227 3555 2303 μᾶλλον
3614 2229 3672 2287 δὶ
3710 2251 3855 2287 κακο-

2218 2309 2447 2377 ϐουλίας
2480 2314 2819 2392 ἐπάγγελμα·
2847 2315 2977 2392 οὐχὶ
3006 2317 3366 2394 Ἀναξαγόρας
3386 2319 3414 2374 6
3445 2319 3850 2395 Κλαζόμξνιοςὸ

2219 2399 2439 2473 διέλαϐἠ
2473 2405 2568 2468 σὸς
2587 2402 3155 2483 διδάσκαλος,μῦδρον
3182 2405 3283 2486 ἔφη
3315 2408 3406 2463 τὸν
3440 2407 3719 2479 ἥλιον,καί
3741 2408 3852 2472 τοὺς

2215 2490 2445 2566 ἀστέρας
2475 2492 2832 2570 κισσηροειδῆ
2892 2496 3143 2569 σώματα,
3201 2495 3292 2551 καὶ
3347 2499 3630 2560 παντελῶς
3684 2501 3852 2572 ἀψυχα

2213 2583 2304 2635 καὶ
2331 2581 2665 2654 ἀναίσθητα;
2698 2588 2816 2646 πῶς
2846 2581 2940 2639 οῦν
2992 2584 3175 2652 αὐτὸς,
3232 2585 3502 2655 βασιλέων
3552 2586 3728 2664 ἄριστε
3769 2585 3850 2641 καὶ

2215 2668 2660 2750 φιλοσοφώτατε,
2690 2673 2759 2728 τὰ
2789 2674 2892 2728 ὑπὸ
2920 2678 3030 2729 τῶν
3090 2678 3197 2729 σῶν
3255 2671 3598 2731 διδασκάλων
3645 2674 3847 2731 ἀθετού-

2219 2780 2347 2832 μενα
2378 2761 2466 2815 καὶ
2522 2756 2958 2834 διαϐαλλόμενα,
3016 2761 3169 2825 θεοὺς
3225 2765 3690 2844 προσαφοριύεις;
3735 2760 3848 2818 οἶδα

2211 2850 2312 2924 γάρ
2370 2849 2453 2904 ’ὁτι
2514 2857 2614 2921 τῆς
2677 2849 3043 2922 Πλατωνικῆς
3104 2853 3370 2929 ὑπάρχεις
3429 2855 3697 2930 αἱρέσεως,
3765 2851 3846 2907 καὶ

2213 2939 2446 3033 μλάτιων
2499 2939 2596 3013 μὲν
2685 2943 3015 3017 Σωκράτους
3097 2939 3378 3014 διήκουσε,
3457 2945 3739 3018 Σωκράτης
3791 2939 3843 2996 δὶ

2229 3027 2547 3104 Αρχὲλαου,
2579 3030 2888 3106 ’Λρχελαος
2919 3028 2977 3086 δὲ
3034 3030 3125 3086 καὶ
3177 3031 3443 3108 Περικλῆς
3501 3029 3834 3104 Ἀναξαγόρου

2213 3114 2531 3187 διήκουσαν·
2593 3124 2712 3181 πῶς
2770 3120 2861 3174 οῦν
2918 3121 2963 3174 ὦ
3021 3120 3309 3194 θαυμάσιε,
3357 3125 3518 3174 ταῦτα
3573 3137 3824 3194 προσαγο-

2215 3205 2388 3283 ρεύεις
2418 3209 2596 3277 θεοὺς,
2654 3209 2787 3283 ὑπὲρ
2843 3206 2901 3264 δὲ
2956 3209 3160 3273 πάντας
3217 3210 3467 3280 ἀσπάζεις
3521 3209 3609 3264 τὸν
3660 3205 3832 3278 ⁴ἥλιον,

2215 3295 2306 3351 καὶ
2337 3297 2499 3371 ὃρκον
2531 3296 2692 3353 αὐτὸν
2727 3297 3009 3372 βασίλειον
3039 3300 3285 3370 τίθεσαι;
3320 3304 3430 3355 ἂνω
3484 3319 3541 3354 τε
3587 3297 3670 3354 καὶ
3702 3298 3839 3352 κάτῶ

2213 3386 2309 3441 κάν
2340 3391 2459 3448 ταῖς
2491 3385 2830 3459 ἐπιστολαῖς,
2862 3388 2959 3443 κάν
2987 3393 3103 3452 τοῖς
3135 3388 3352 3464 λόγοις,
3377 3389 3477 3444 κάν
3530 3393 3645 3450 ταῖς
3685 3405 3840 3462 προσ-

2210 3474 2548 3552 αγυρεύσεσι,
2578 3474 2724 3532 πολὺ
2763 3477 2826 3533 τὸ
2882 3479 2984 3536 Μὰ
3025 3479 3118 3534 τὸν
3176 3476 3379 3549 ἠλιον;
3441 3475 3619 3535 Ἀλλά
3665 3475 3714 3531 τί
3767 3471 3844 3530 δεῖ

2206 3570 2376 3622 ταῦτα
2434 3572 2841 3642 μακρηγορεῖν;
2898 3567 2998 3623 οὐκ
3068 3567 3396 3642 ἐξαρνοῦμαι
3467 3568 3562 3623 τὸν
3634 3563 3845 3641 Χριστόν

2208 3676 2337 3728 μου,
2373 3657 2448 3728 μή
2480 3655 2693 3731 γένοιτο
2727 3657 2738 3712 l
2773 3655 2870 3712 οὐκ
2900 3655 3212 3730 ἀσπάζομαι
3240 3657 3342 3726 τήν
3376 3657 3618 3732 μυσαράν
3650 3652 3844 3724 Ἑλλή-

2201 3766 2310 3798 νων
2342 3740 2607 3800 ἀσὲϐειαν·
2642 3743 2787 3800 ἀλλὰ
2819 3750 2963 3818 μενῶ
2993 3745 3044 3801 ἐν
3075 3748 3159 3809 οἷς
3204 3742 3530 3820 ἐδιδάχθην,
3580 3744 3668 3800 καὶ
3720 3761 3838 3816 καρ-

2198 3839 2340 3908 τερῶ
2397 3833 2485 3888 ἐπὶ
2541 3840 2660 3896 ταῖς
2749 3841 3002 3910 πατριαῖς
3090 3833 3476 3910 παραδόσεσιν,
3535 3835 3596 3897 ἅς
3674 3829 3838 3894 οὐδεὶς

423 3930 710 3996 tionibus,
768 3944 917 3998 quas
967 3926 1203 3980 nullum
1259 3930 1494 3995 tempus
1542 3922 1802 3994 dejiciet,
1853 3922 2086 3978 etiamsi

2216 3918 2499 3978 ιαταϐαλεῖ
2528 3923 2745 3998 χρόνος,
2777 3922 2874 3979 κάν
2909 3924 2956 3978 εἱ
3000 3921 3072 3979 δι’
3121 3921 3299 4000 ἄκρων
3349 3922 3414 3979 τδ
3465 3923 3629 4000 σοφὸν
3688 3919 3833 3999 €636-

421 4019 678 4075 sublime
721 4017 865 4087 quid
914 4030 1150 4071 summa
1205 4011 1537 4084 detegerint
1583 4011 1865 4081 ingenia,,
1899 4016 1965 4067 ut
1994 4010 2086 4065 di-

2216 4033 2355 4083 ›ηται
2389 4017 2624 4088 φρενῶν,
2654 4011 2728 4066 ’ίν’
2759 4011 2896 4068 εἷ’πω
2943 4035 2996 4069 τι
3035 4015 3152 4069 κατ’
3201 4009 3507 4090 Εὐριπίδην
3553 4013 3645 4067 τὸν
3710 4010 3832 4084 ὑμέ-

421 4125 551 4164 cam
583 4107 812 4177 aliquid
845 4122 980 4160 cum
1011 4108 1204 4157 vestro
1235 4108 1409 4172 poeta
1439 4099 1740 4171 Euripide.

491 4199 578 4252 48.
617 4196 702 4250 Ad
732 4197 858 4249 haec
889 4193 1069 4249 verba
1097 4191 1364 4246 Julianus
1399 4189 1764 4261 stupefactus
1794 4194 1853 4243 et
1884 4189 2081 4244 incer-

2189 4123 2344 4174 τερον
2371 4105 2633 4174 ποιητήν.

2266 4193 2377 4265 μη’.
2415 4194 2559 4266 Πρὸς
2610 4194 2832 4249 ταῦταὸ
2865 4194 3162 4256 Ἰουλιανὸς
3230 4191 3564 4269 εἷ’λιγγιάσας
3613 4192 3706 4246 καὶ
3762 4187 3833 4262 ἐξ·

419 4303 521 4340 rus
554 4285 697 4356 quid
737 4288 956 4355 ageret,
1010 4281 1186 4352 plane
1219 4277 1534 4345 obmutuit,
1584 4277 1862 4348 martyris
1888 4277 2081 4332 admi-

2216 4283 2482 4355 μπορηθεὶς
2531 4284 2702 4357 [378],
2757 4282 2858 4338 οὐκ
2914 4285 3063 4358 εἶχεν
3118 4283 3148 4339 ’ὸ
3202 4303 3249 4337 ει
3304 4281 3392 4337 καὶ
3449 4280 3690 4358 γένηται,
3747 4281 3835 4334 τοῦ

420 4382 583 4430 ratus
615 4389 890 4446 magnam
923 4370 1322 4427 eruditionem
1355 4374 1412 4423 et
1438 4368 1864 4439 eloquentiam,
1897 4373 2074 4438 atque

2216 4370 2466 4445 ιάρτυρος
2507 4372 2786 4445 θαυμάσας
2841 4373 2902 4426 τὸ
2958 4370 3277 4445 πολυμαθὲς
3310 4391 3371 4427 τε
3426 4370 3516 4426 καὶ
3571 4367 3830 4444 εὔστομον

420 4466 482 4519 in
513 4463 930 4536 respondendo
982 4467 1041 4516 et
1089 4459 1466 4516 defendendo
1518 4459 1886 4514 facilitatem.
1922 4459 2078 4513 Dixit

2216 4461 2272 4514 ai
2307 4460 2441 4534 πρὸς
2489 4468 2591 4516 πᾶν
2654 4460 2746 4516 οῦν
2803 4459 3027 4534 ἕτοιμον
3079 4460 3170 4517 καὶ
3229 4457 3667 4535 εὐαπολόγητον.
3733 4457 3828 4515 Καὶ

419 4570 554 4626 ergo
586 4554 639 4608 ei
669 4553 884 4607 Christi
920 4556 1182 4622 martyr:
1220 4549 1483 4616 Dimitte,
1531 4549 1875 4620 imperator,
1908 4565 2074 4602 mor-

2216 4550 2350 4620 »ησὶν
2393 4554 2527 4626 πρὸς
2586 4552 2749 4606 αὐτὸν
2779 4552 2808 4606 6
2837 4555 2934 4606 τοῦ
2993 4552 3230 4627 Χριστοῦ
3291 4551 3518 4626 μάρτυςο
3570 4554 3764 4624 Ἄφες,
3793 4543 3833 4600 ὦ

415 4613 578 4698 tuam
640 4648 698 4697 et
753 4613 1122 4712 antiquatam
1196 4613 1510 4712 gentilium
1585 4613 2074 4708 superstitionem

2216 4613 2563 4710 ασιλεῦίτήν
2600 4641 2790 4716 νεκρὰν
2849 4639 2940 4695 καὶ
2998 4613 3331 4712 ἐξιωδηκυῖάν
3372 4613 3494 4694 ’τῶν
3548 4613 3832 4709 Ἑλλήνων

413 4735 573 4806 (nam
605 4733 706 4788 diu
749 4731 875 4803 jam
922 4729 1193 4801 putruit),
1250 4733 1309 4783 et
1351 4725 1567 4782 accede
1612 4725 1685 4781 ad
1731 4725 2068 4783 Christum:

2221 4732 2494 4803 ρησκείαν’
2528 4727 2638 4800 ἢδη
2682 4731 2784 4805 γάρ
2841 4729 2932 4784 καὶ
2989 4729 3097 4806 πρὸ
3155 4726 3374 4784 πολλοῦ
3435 4729 3694 4798 σέσηπεν,
3753 4723 3833 4782 καὶ

411 4822 772 4897 longanimis
804 4821 963 4878 enim
999 4825 1088 4875 est
1137 4823 1195 4874 et
1247 4817 1610 4883 misericors,
1664 4833 1732 4871 ac
1779 4819 2074 4888 poeniten-

2216 4816 2453 4892 πρόσελθε
2505 4822 2585 4890 τῷ
2638 4821 2876 4892 Χριστῷο
2935 4818 3290 4894 μακρόθυμος
3347 4818 3452 4894 γάρ
3522 4815 3666 4871 ἔστιν
3750 4813 3833 4870 καὶ

411 4914 551 4970 tiam
587 4920 750 4968 tuam
784 4908 1210 4982 suscipiet.Sed
1242 4907 1374 4962 fieri
1404 4923 1526 4960 non
1558 4910 1794 4977 poterat
1823 4912 1888 4962 ut
1916 4924 2076 4963 mar-

2216 4906 2574 4983 ιιλάνθρωπος
2618 4909 2709 4962 καὶ
2768 4905 2987 4984 δέχεταί
3043 4929 3139 4963 σου
3194 4906 3258 4962 τὸ
3318 4903 3622 4980 μεταμελές
3683 4905 3832 4980 [cod.

407 5007 502 5075 tyr
532 5003 751 5059 mentis
782 5016 1073 5073 perversa:
1101 4996 1354 5068 impetui
1384 4994 1728 5063 resisteret;
1762 5001 1866 5051 aut
1906 5013 2076 5052 revo-

2216 4995 2569 5071 τλημμελές].
2603 4996 2757 5054 Ἀλλ’
2787 4997 2888 5052 οὐκ
2926 4996 2990 5065 ἦν
3051 4997 3154 5072 ἂρα
3193 4997 3426 5073 γνώμης
3476 4993 3837 5060 ἑθελοκακού-

409 5099 571 5148 caret
600 5093 865 5146 animam
897 5106 1004 5145 sua
1036 5093 1247 5159 sponte
1276 5085 1349 5140 ad
1382 5084 1779 5156 perditionem
1831 5092 2070 5143 euntem

2217 5108 2282 5157 ης
2345 5089 2620 5162 ἀντισχεῖν
2681 5087 2905 5160 ὁρμαῖς,
2959 5084 3085 5142 οὐδὲ
3169 5083 3597 5149 ἀνακαλέσασθαι
3657 5084 3836 5159 ψυχὴν

411 5199 478 5237 ac
507 5181 1068 5236 festinantem.Nam
1098 5177 1391 5243 Julianus,
1407 5173 1631 5229 dudum
1662 5175 2071 5247 gentilismum

2217 5175 2484 5250 ύτομόλῳ
2523 5174 2739 5248 διανοίᾳ
2769 5176 2906 5249 πρὸς
2933 5172 3212 5231 ἀπώλειαν
3241 5173 3551 5250 ἐρχομένην
3582 5173 3676 5228 καὶ
3723 5172 3829 5228 ἐπι·

408 5275 609 5329 animo
637 5274 862 5336 fovens,
893 5272 1175 5326 haustum
1219 5285 1289 5323 ex
1322 5267 1444 5322 suis
1495 5265 1557 5321 in
1586 5267 1753 5322 Ionia
1782 5283 1916 5322 cum
1948 5270 2068 5324 Ma-

2216 5265 2543 5322 πεύδουσαν.
2573 5267 2634 5324 Ὁ
2665 5267 2765 5340 γάρ
2796 5264 3098 5327 Ἰουλιανὸς
3129 5261 3301 5319 πάλαι
3331 5265 3424 5319 τὸν
3462 5261 3835 5337 Ἑλληνισμὸν

405 5364 564 5418 ximo
598 5361 954 5434 philosOpho
985 5355 1596 5429 colloquiis,quandiu
1621 5357 1863 5426 quidem
1888 5356 2071 5412 frater

2216 5358 2313 5411 ατὰ
2365 5357 2554 5429 ψυχὴν
2614 5352 2852 5426 ὠδίνων,
2909 5353 2969 5409 ἐκ
3019 5359 3123 5410 τῶν
3185 5354 3238 5409 ἐν
3299 5352 3477 5408 Ἰωνία
3529 5358 3831 5429 γενομένων

405 5468 545 5506 suus
580 5451 892 5524 superfuit,
927 5454 987 5504 et
1031 5453 1168 5519 post
1201 5448 1398 5518 ipsum
1449 5445 1861 5512 Constantius,
1913 5446 2067 5501 nihil

2216 5445 2324 5518 ὗτῷ
2351 5447 2490 5521 πρὸς
2539 5444 2630 5498 τὸν
2693 5443 2833 5521 ἀμφὶ
2889 5443 2980 5498 τὸν
3031 5443 3286 5516 Μάξιμον
3346 5440 3654 5520 φιλόσοφον
3715 5461 3832 5496 συθ·

400 5554 521 5608 prae
549 5540 755 5595 timere
783 5554 991 5595 eorum
1028 5551 1208 5591 ausus
1231 5540 1321 5590 est
1351 5535 1643 5606 detegere.
1683 5532 1907 5598 Quibus
1931 5549 2066 5590 vero

2216 5537 2399 5603 υσιῶν,
2433 5533 2517 5608 ἐφ’
2548 5532 2674 5588 ὅσον
2707 5533 2802 5606 μὲν
2849 5532 2939 5587 ’ὀτε
2980 5529 3218 5610 ἀδελφὸς
3272 5530 3421 5604 αὐτῷ
3469 5536 3691 5606 περιῆν,
3749 5528 3831 5584 καὶ

479 5767 502 5800 ⁸
531 5769 691 5822 Psal.
723 5786 855 5838 xcv,
881 5771 938 5823 ὅ.
