4120 6394
409 398 547 457 i297

1756 405 1815 459 8.
1855 404 2166 461 ΔΒΤΒΜῙῙ
2204 407 2480 463 PASSIO.

3696 406 3837 461 1298

410 528 527 595 μετ’
564 523 726 578 αὐτὸν
791 521 1191 591 Κωνσ-τάντιος,
1252 524 1280 577 ὁ
1367 520 1423 577 δὲ
1474 521 1631 579 οὐδὶν
1680 528 2047 600 παραγυμνοῦε

2185 527 2255 582 de
2280 530 2474 585 medio
2501 531 2773 594 sublatis,
2810 531 2935 603 ipse
2958 530 3085 601 jam
3117 500 3316 584 rerum
3350 530 3594 601 potitus,
3628 547 3836 602 perso-

404 610 639 687 ἐθάρῥει,
692 610 781 667 διὰ
826 613 888 667 τὸ
946 612 1000 683 έξ
1060 611 1282 668 ἐκείνων
1348 609 1489 675 δέοςο
1553 612 1670 667 ἐπεὶ
1721 611 1777 668 δὶ
1809 614 1958 669 οὗτοι
2017 613 2067 685 ἐξ

401 700 701 775 ἀνθρώπων
734 704 893 771 ἦσαν,
926 702 1096 763 αὐτὸς
1157 699 1215 756 δὲ
1270 705 1381 756 τῶν
1415 704 1759 777 πραγμάτων
1807 700 1915 772 ἤδη
1971 703 2065 757 κύ-

2181 633 2321 673 nam
2353 620 2630 691 deposuit
2661 628 2719 677 et
2749 622 2911 677 omni
2944 620 3139 676 studio
3177 621 3237 674 in
3276 621 3617 674 universum
3648 622 3833 692 genti~

2178 706 2420 763 lismum
2455 712 2670 782 erupit.

405 806 521 862 ριος
573 791 663 859 ἦν,
721 790 845 845 τότε
892 787 958 859 δὴ
1017 790 1095 851 εἲς
1149 791 1212 845 τὸ
1273 789 1501 868 φανερὸν
1567 790 2077 866 άπαμφιασάμενος,
2132 794 2331 858 πάσαις
2362 795 2555 869 ἀθρόον
2618 797 2693 859 εἷς
2736 797 2826 851 τὸν
2858 794 3235 868 Ἐλληνισμὸν
3263 794 3523 871 ἐξερράγη
3545 800 3663 857 ταῖς
3694 817 3831 871 προ-

402 886 648 960 θυμίαις.

474 984 579 1051 μθ¹.
642 978 999 1055 ’.ἁπεκρίνατο
1079 982 1372 1054 τοιγαροῦν
1427 979 1565 1053 πρὸς
1640 979 1731 1033 τὸν
1794 979 2059 1052 μάρτυρα·

394 1070 551 1130 Ἐπεὶ
576 1070 703 1131 τοὺς
747 1068 914 1142 ἐμοὺς
971 1067 1324 1146 έξεφαύλισας
1388 1067 1607 1143 λόγους,
1673 1069 1719 1122 ὦ
1775 1069 1917 1135 κακή
1974 1090 2064 1124 κε-

398 1160 572 1241 φαλὴ,
605 1157 915 1232 ἐτόλμησας
951 1156 1010 1212 δὶ
1040 1157 1129 1212 καθ
1189 1158 1330 1233 πρὸς
1389 1158 1486 1227 τὴν
1544 1162 1652 1211 τῶν
1720 1160 2058 1231 Χριστιανῶν

402 1272 469 1324 με
498 1248 677 1303 πίστιν
744 1253 1091 1322 μεταγαγεῖν,
1152 1247 1319 1301 ταῦτά
1373 1268 1456 1301 σοι
1510 1246 1628 1301 ἀντὶ
1680 1251 1788 1301 τῶν
1840 1244 2056 1322 δωρεῶν

397 1339 471 1393 ῶν
507 1331 833 1411 ὑπεσχόμην
862 1335 1190 1412 χαρίζομαι.
1252 1333 1474 1391 Κελεύει
1545 1333 1634 1389 οὗν
1702 1336 2058 1410 ἀπογυμνοῦ-

396 1438 518 1491 σθαι
567 1427 659 1480 τὸν
722 1425 991 1500 μάρτυρα,
1043 1424 1132 1479 καὶ
1192 1418 1453 1485 σούὅλαις
1508 1421 1763 1498 σιδηραῖς
1815 1443 2058 1498 πεπυρα-

392 1516 700 1589 κτωμέναις
754 1515 852 1576 τὰς
934 1514 1177 1588 πλευρὰς
1236 1514 1405 1568 αὐτοῦ
1463 1510 1905 1589 διαπερονᾶσθαι,
1966 1514 2055 1567 καὶ

392 1606 487 1661 τὸν
517 1608 689 1659 νῶτον
722 1603 890 1658 αὐτοῦ
922 1597 1207 1676 τριϐόλοις
1267 1603 1412 1674 ὀξέσι
1469 1606 1887 1665 κατακεντᾶσθαι
1963 1602 2054 1656 καὶ

397 1692 820 1771 διαῤῥήγνυσθαι
911 1692 1208 1766 συρόμενον
1269 1693 1482 1748 ὕπτιον.
1554 1691 1773 1746 Τούτων
1805 1689 1861 1745 δὲ
1922 1692 2057 1763 μετὰ

394 1780 613 1839 πολλοῦ
642 1787 740 1838 τοῦ
770 1783 978 1857 τάχους
1025 1783 1501 1858 προσενεχθέντων
1562 1785 1641 1853 τῷ
1703 1783 1959 1856 μάρτυρι,
2016 1784 2051 1850 ἠ

2244 986 2332 1040 49.
2364 986 2695 1057 Respondit
2725 987 2924 1058 itaque
2974 986 3221 1057 martyri
3257 1002 3269 1039 :
3326 986 3617 1050 Quoniam
3651 987 3830 1043 verba

2172 1089 2306 1129 mea
2335 1077 2770 1147 contempsisti,
2796 1094 2828 1131 ο
2861 1078 3213 1132 sceleratum
3248 1082 3441 1146 caput,
3480 1076 3597 1130 imo
3649 1092 3829 1131 ausus

2170 1179 2233 1218 es
2255 1164 2329 1218 ad
2361 1166 2835 1221 Christianorum
2870 1166 3048 1221 ﬁdem
3084 1183 3177 1220 me
3212 1165 3686 1231 traducere,th
3718 1166 3823 1219 tibi

2168 1270 2275 1323 pro
2299 1254 2492 1322 donis,
2525 1272 2656 1326 qua:
2689 1256 3103 1327 promiseram,
3135 1256 3421 1327 gratiﬁco.
3456 1255 3626 1309 Jubet
3686 1271 3820 1327 ergo

2169 1339 2457 1397 denudari
2488 1350 2833 1415 martyrem,
2860 1348 2918 1397 et
2935 1342 3163 1397 subulis
3186 1342 3393 1395 ferreis
3425 1341 3819 1396 candentibus

2169 1430 2295 1500 ejus
2319 1430 2507 1486 latera
2534 1433 2823 1505 transfigi,
2884 1433 3011 1504 ejus
3061 1432 3305 1485 dorsum
3364 1430 3598 1486 tribulis
3630 1432 3819 1485 acutis

2166 1520 2369 1591 pungi,
2403 1526 2462 1574 et
2490 1520 2780 1592 disrumpi
2833 1521 3115 1591 supinum
3176 1524 3528 1590 protactum.
3593 1518 3818 1582 Quibus

2168 1608 2476 1678 suppliciis
2509 1610 2951 1681 quamprimum
2984 1608 3231 1679 martyri
3255 1606 3671 1672 illatis,eadem
3693 1612 3821 1661 erat

2166 1695 2217 1748 ei
2245 1697 2600 1763 constantia,
2634 1715 2765 1768 quae
2797 1697 2962 1768 prius
2998 1715 3011 1763 ;
3060 1703 3118 1751 et
3148 1696 3317 1767 quasi
3379 1694 3558 1748 alieni
3591 1693 3816 1748 doloris

2165 1791 2463 1855 spectator
2492 1787 2721 1853 fuisset,
2756 1788 2904 1842 nihil
2929 1804 3099 1859 grave
3130 1786 3251 1858 pati
3283 1785 3814 1839 videbatur.Multis

392 1872 527 1941 αὐτή
552 1872 809 1945 καρτερία
839 1874 905 1940 ἧν
941 1870 1089 1943 αὐτῷ
1118 1871 1409 1944 καθώσπερ
1460 1869 1553 1925 καὶ
1613 1868 1901 1945 πρότερον,
1956 1870 2046 1924 καὶ

2164 1880 2358 1930 autem
2391 1876 2553 1931 horis
2584 1883 2787 1932 sancto
2846 1878 3130 1943 cruciato,
3165 1892 3359 1946 neque
3400 1874 3583 1930 ullam
3608 1890 3810 1929 vocem

392 1962 574 2037 ὥσπερ
608 1960 907 2037 ἀλλοτρίου
933 1962 1247 2035 πάσχοντος
1276 1960 1555 2033 σώματος,
1620 1960 1786 2023 αὐτὸς
1827 1960 2043 2027 θεατής,

390 2048 518 2104 ἀλλ’
550 2049 610 2104 οὐ
664 2048 896 2124 πάσχειν
951 2070 1004 2104 τι
1060 2054 1168 2104 τῶν
1230 2045 1418 2103 δεινῶν
1470 2051 1621 2122 [379]
1670 2048 2043 2121 κατεφαίνετο·

388 2138 478 2195 καὶ
512 2138 579 2210 δὴ
613 2138 700 2195 ἐπὶ
732 2139 980 2202 πολλαῖς
1015 2145 1134 2202 ταῖς
1168 2140 1334 2212 ὥραις
1384 2144 1485 2194 τοῦ
1544 2140 1700 2213 ἆγίου
1761 2141 2043 2214 βασανιζο-

393 2230 580 2304 μένου,
613 2232 702 2286 καὶ
748 2228 1024 2304 μηδεμίαν
1083 2232 1271 2309 φωνην
1333 2231 1368 2300 ἢ
1428 2232 1721 2306 στεναγμὸν
1772 2230 2044 2305 ἀφιέντος,

391 2319 553 2383 αὐτὸς
582 2321 660 2375 τὼ
691 2326 847 2395 χεῖρε
893 2322 1189 2396 κροτήσας,
1243 2320 1424 2397 ὥσπερ
1480 2321 1791 2393 ἡττημένος
1850 2319 2043 2390 ἀνέστη

386 2416 484 2467 τοῦ
550 2412 821 2487 βήματος,
878 2413 966 2467 καὶ
1028 2410 1237 2468 κελεύει
1295 2412 1387 2467 τὸν
1444 2414 1689 2490 μάρτυρα
1741 2410 1906 2467 πᾶλιν
1958 2410 2042 2466 ἐπὶ

383 2501 485 2569 τήν
520 2498 739 2573 εἷ’ρκτήν
774 2500 1111 2574 ἀπαχθῆναι,
1145 2501 1237 2555 καὶ
1302 2504 1440 2574 μήτε
1494 2501 1654 2575 ἄρτον
1720 2504 1858 2575 μήτε
1899 2498 2046 2574 ὕδωρ

2155 1970 2256 2018 aut
2286 1966 2573 2035 gemitum
2606 1967 3211 2032 emittente,Julianus
3242 1981 3421 2020 manu
3454 1964 3689 2036 signum
3704 1963 3809 2018 de-

2155 2053 2261 2120 dit,
2296 2060 2355 2109 et
2384 2056 2552 2125 quasi
2587 2057 2772 2111 victus
2797 2057 3052 2111 surrexit
3081 2072 3115 2110 a
3168 2054 3471 2121 tribunali,
3497 2054 3802 2125 jussitque

2156 2149 2477 2216 martyrem
2510 2145 2583 2199 ad
2614 2162 2912 2200 carcerem
2962 2144 3186 2210 reduci,
3237 2149 3295 2198 et
3341 2159 3535 2213 neque
3582 2157 3799 2213 panem

2155 2247 2351 2301 neque
2373 2248 2588 2303 aquam
2614 2234 2664 2287 ei
2696 2233 2969 2305 praeberi,
3001 2249 3110 2287 nec
3141 2247 3511 2303 quaecunque
3534 2230 3607 2284 ad
3627 2230 3806 2284 vitam

2157 2324 2610 2378 sustentandam
2640 2324 2913 2379 homines
2946 2328 3207 2378 sumunt.
3239 2323 3367 2392 Ipse
3389 2326 3586 2376 autem
3609 2320 3671 2373 in
3696 2320 3809 2374 Da-

2154 2411 2380 2483 phnem
2414 2430 2476 2467 se
2507 2413 2781 2481 contulit,
2815 2428 2946 2483 quae
2975 2418 3064 2467 est
3093 2410 3420 2466 Antiochiae
3436 2408 3809 2482 jucundissi-

2157 2518 2255 2555 ma
2286 2502 2477 2556 sedes.

384 2589 532 2661 αὐτῷ
560 2596 997 2665 παρασχεθῆναι,
1034 2591 1111 2663 μή
1145 2588 1191 2644 δ’
1226 2591 1323 2644 ὅσα
1348 2591 1484 2663 πρὸς
1533 2591 1596 2645 τὸ
1629 2594 1723 2663 ζῇν
1755 2584 2267 2662 μεταλαμϐάνουσιν
2302 2590 2597 2663 ἅιθρωποι·
2634 2588 2792 2651 αὐτὸς
2825 2587 2882 2644 δὲ
2913 2589 3000 2645 έπὶ
3030 2590 3132 2658 τὴν
3186 2590 3403 2663 Δάφνην
3439 2585 3693 2661 ὥρμησε,
3741 2584 3806 2639 τὸ

379 2692 481 2755 τῆς
513 2685 859 2761 Ἀντιοχείας
887 2684 1183 2741 κάλλιπον
1218 2684 1564 2760 ἔνδιαίτημα.

452 2775 512 2831 ν’.
538 2773 668 2848 Περὶ
702 2773 760 2829 δὶ
814 2776 878 2829 τὸ
939 2775 1292 2848 μεσονύκτιον
1347 2775 1634 2852 εὐχομὲνῳ
1690 2780 1771 2848 τῷ
1806 2778 2041 2849 μάρτυρι

380 2861 470 2919 ἐπὶ
499 2870 598 2933 τῆς
629 2862 903 2941 φυλακῆς,
937 2866 1181 2942 φαίνεται
1215 2866 1366 2937 αὐτῷ
1397 2866 1425 2919 ὁ
1459 2865 1721 2938 Χριστὸς,
1773 2864 1865 2919 καὶ
1906 2865 2036 2942 φησὶ

383 2953 520 3029 πρὸς
552 2952 734 3009 αὐτόν·
766 2953 1045 3027 ’Λρτέμιε,
1106 2951 1394 3027 ἀνδρίζου,
1438 2954 1529 3009 καὶ
1582 2952 1769 3028 Ἕσχυε,
1831 2954 1919 3008 καὶ
1964 2955 2039 3026 μὴ

383 3039 579 3122 φοϐοῦ,
642 3042 785 3116 μηδὲ
838 3041 1017 3099 δειλία
1073 3046 1167 3100 τὸν
1219 3046 1501 3119 τύραννον·
1561 3045 1672 3121 ἰγὼ
1757 3047 1858 3121 γὰρ
1928 3045 2041 3117 εἰμὶ

387 3134 521 3207 μετᾶ
552 3131 671 3201 σοῦ,
732 3132 1120 3208 ἐξαιρούμενός
1177 3156 1235 3190 σε
1284 3134 1391 3190 ἀπὸ
1475 3137 1674 3198 παντὸς
1735 3138 2044 3210 πειρασμοῦ

379 3222 470 3278 καὶ
499 3221 679 3292 πάσης
702 3227 812 3278 τῶν
832 3222 1224 3300 κολαστηρίων
1259 3222 1481 3295 ὀδύνης,
1512 3224 1604 3280 καὶ
1659 3224 1710 3280 ὲν
1759 3228 1830 3298 τῇ
1893 3225 2047 3299 βασι-

380 3309 503 3383 λείᾳ
530 3315 637 3366 τῶν
671 3312 911 3383 οὐρανῶν
962 3315 1285 3390 στεφανώσω
1343 3335 1423 3380 σε,
1480 3315 1567 3370 καὶ
1630 3312 1810 3389 ὥσπερ
1869 3315 2031 3376 αὐτὸς

2223 2777 2310 2829 50.
2343 2777 2558 2831 Verum
2589 2777 2746 2832 circa
2767 2776 3026 2832 mediam
3060 2780 3295 2831 noctem
3327 2778 3520 2831 oranti
3563 2776 3810 2847 martyri

2152 2863 2212 2919 in
2246 2867 2513 2922 custodia
2544 2867 2811 2922 Christus
2859 2872 3106 2939 apparet
3135 2872 3194 2921 et
3224 2867 3403 2921 dicit:
3456 2867 3701 2933 Artemi,
3736 2866 3813 2920 vi-

2150 2954 2344 3009 riliter
2373 2972 2477 3029 age
2511 2961 2568 3011 et
2598 2958 2930 3012 confortare
2958 2979 2971 3023 ;
3007 2974 3080 3012 ne
3114 2957 3325 3011 timeas
3356 2972 3501 3011 neve
3522 2956 3808 3011 formides

2155 3048 2476 3115 tyrannum
2500 3045 2631 3117 (18).
2657 3047 2772 3117 Ego
2806 3046 2963 3101 enim
2996 3063 3126 3100 sum
3160 3052 3377 3113 tecum,
3430 3047 3529 3116 qui
3565 3062 3708 3099 eruo
3752 3050 3808 3099 te

2158 3149 2228 3187 ex
2259 3134 2423 3188 omni
2457 3135 2783 3190 tentatione
2817 3137 3099 3206 omnique
3116 3141 3549 3190 tormentorum
3572 3134 3807 3202 dolore;

2081 3211 2126 3274 C
2164 3222 2228 3277 in
2259 3240 2440 3295 regno
2473 3224 2757 3280 caelorum
2789 3224 3086 3279 coronabo
3121 3229 3196 3291 te,
3227 3230 3287 3279 et
3318 3224 3471 3278 sicut
3498 3224 3624 3295 ipse
3680 3240 3814 3278 con-

2140 3314 2315 3382 fessus
2346 3329 2398 3367 es
2429 3331 2512 3367 me
2542 3331 2727 3369 coram
2761 3314 3095 3380 hominibus,
3138 3314 3437 3381 conﬁtebor
3491 3320 3545 3367 et
3600 3329 3697 3381 ego
3748 3320 3801 3368 te

384 3399 759 3475 ὡμολόγησάς
819 3422 887 3474 με
944 3400 1175 3458 ἐνώπιον
1230 3408 1339 3458 τῶν
1401 3404 1702 3479 ἀνθρώπων
1761 3402 1849 3459 ἐπὶ
1935 3404 2034 3473 τῆς

2164 3402 2332 3456 ieram
2361 3404 2529 3458 Patre
2550 3420 2689 3463 meo,
2723 3404 2826 3473 qui
2882 3406 2939 3457 in
3002 3403 3151 3458 caelis
3186 3410 3260 3457 est
3308 3403 3347 3457 ⁷.
3406 3402 3649 3456 Conﬁde
3708 3402 3817 3474 igi-

384 3495 516 3563 γῆς,
587 3490 934 3563 ὁμολογήσω
1001 3491 1152 3565 κάγώ
1214 3513 1271 3546 σε
1331 3492 1562 3547 ἐνώπιον
1646 3497 1743 3547 τοῦ
1819 3488 2034 3567 Ηατρός

390 3597 496 3649 μου
525 3581 622 3631 τοῦ
659 3577 711 3630 ἐν
742 3582 857 3639 τοῖς
918 3577 1189 3653 οὐρανοῖς,
1242 3582 1434 3655 Θάρσει
1478 3581 1568 3635 οὗν
1628 3583 1716 3636 καὶ
1776 3580 2035 3655 ἂγαλλία³

393 3667 509 3740 μετ’
586 3665 723 3740 ἐμοῦ
781 3666 885 3740 γὰρ
944 3664 1037 3742 ἔσῃ
1093 3667 1147 3723 έν
1230 3673 1312 3741 τῷ
1386 3667 1720 3745 παραδείσῳ.
1777 3675 1957 3726 Ταῦτα
2011 3668 2039 3724 ὀ

393 3756 599 3831 μάρτυς
630 3754 863 3818 ἀκούσας
893 3759 1041 3830 παρὰ
1079 3762 1177 3813 τοῦ
1228 3759 1451 3833 Κυρίου,
1502 3759 1765 3833 εὐθαρσὴς
1810 3758 2040 3834 ἐγένετο,

385 3845 476 3901 καὶ
507 3843 578 3899 δι’
608 3844 750 3915 ὅλης
782 3853 881 3915 τῆς
911 3845 1104 3908 νυκτὸς
1136 3849 1202 3917 ἦν
1238 3845 1546 3923 δοξολογῶν
1579 3848 1669 3903 καὶ
1701 3848 2039 3924 εὐχαριστῶν

384 3940 468 4007 τῷ
499 3939 637 4007 Θεῷ’
673 3936 835 4005 ἀνέθη
885 3936 989 4011 γὰρ
1022 3937 1080 3991 ἐκ
1137 3941 1245 3991 τῶν
1278 3936 1508 4012 πληγῶν
1568 3937 1659 3993 καὶ
1715 3943 1822 3993 τῶν
1869 3959 2042 4013 τραυ-

392 4023 575 4097 μάτων
608 4023 800 4095 αὐτοῦ,
835 4024 973 4080 ὥστε
1012 4028 1155 4099 μήτε
1214 4025 1470 4099 μώλωπα
1526 4027 1803 4105 φαίνεσθαι
1857 4027 1909 4082 έν
1968 4032 2046 4100 τῷ

392 4112 531 4189 ἁγίῳ
552 4112 719 4168 αὐτοῦ
751 4114 989 4186 σώματι·
1024 4114 1251 4185 ἐποίησε
1284 4113 1341 4171 δὶ
1393 4114 1554 4172 πέντε
1608 4116 1699 4171 καὶ
1750 4114 1877 4172 δέκα
1900 4116 2039 4190 ἠμέ-

393 4221 518 4277 ρας,
552 4199 791 4274 μηδενὸς
815 4203 880 4257 τὸ
934 4203 1164 4259 σύνολον
1223 4206 1574 4280 γευσάμενος·
1639 4205 1892 4284 ἐτρέφετο
1944 4207 2047 4282 γὰρ

389 4289 578 4365 τῇτοῦ
607 4290 765 4365 ἁγίου
796 4292 1112 4364 Πνεύματος
1142 4293 1353 4367 χάριτι.

464 4385 561 4437 va‘.
594 4379 657 4436 Ὀ
687 4377 745 4434 δὲ
773 4381 1077 4443 Ἰουλιανὸς
1127 4382 1213 4437 επὶ
1270 4383 1368 4452 τὴν
1432 4383 1649 4461 Δάφνην
1707 4384 1937 4461 ὥρμησε
1990 4386 2052 4440 τὸ

391 4468 739 4541 προάστειον,
774 4469 848 4529 ὡς
879 4471 1220 4547 προέφημεν,
1253 4470 1440 4533 θυσίας
1487 4469 1918 4545 ὶτοιμαζόμενος
1972 4478 2052 4546 τῷ

2156 3495 2253 3545 tur
2283 3496 2341 3545 et
2369 3508 2491 3562 prae
2522 3492 2736 3564 gaudio
2760 3492 2993 3561 exsulta
3025 3509 3037 3557 ;
3070 3507 3282 3545 mecum
3312 3490 3457 3544 enim
3488 3493 3593 3545 eris
3637 3493 3694 3544 in
3712 3508 3817 3560 pa-

2140 3580 2355 3634 radiso.
2400 3582 2540 3635 Cum
2576 3582 2702 3636 haac
2734 3597 2766 3635 a
2798 3580 3055 3635 Domino
3100 3579 3426 3634 audivisset
3473 3585 3718 3649 martyr,
3747 3581 3818 3634 ﬂ-

2154 3666 2331 3723 ducia
2360 3671 2623 3741 repletus
2650 3676 2759 3735 est,
2808 3674 2867 3724 et
2924 3686 3031 3741 per
3076 3669 3368 3740 integram
3412 3674 3646 3722 noctem
3696 3669 3813 3723 Deo

2153 3756 2393 3813 laudem
2425 3764 2483 3812 et
2510 3759 2835 3829 gratiarum
2869 3759 3167 3813 actionem
3223 3756 3450 3811 tribuit.
3498 3757 3813 3813 Convaluit

2155 3863 2189 3901 a
2212 3847 2401 3919 plagis
2434 3853 2492 3902 et
2520 3848 2866 3902 vulneribus
2899 3847 3043 3907 suis,
3079 3846 3161 3901 ita
3190 3852 3257 3901 ut
3287 3863 3362 3901 ne
3402 3846 3646 3901 cicatrix
3676 3846 3810 3917 qui-

2153 3936 2288 3992 dem
2320 3938 2381 3991 in
2408 3943 2615 3992 sancto
2651 3938 2781 4008 ejus
2814 3952 3059 4007 corpore
3092 3942 3425 4007 appareret.
3474 3936 3813 3991 Permansit

2154 4031 2354 4080 autem
2388 4025 2729 4097 quindecim
2761 4025 2911 4091 dies,
2940 4025 3187 4080 omnino
3219 4025 3370 4079 nihil
3400 4029 3810 4096 gustans;nu-

2157 4113 2448 4170 triebatur
2470 4115 2629 4170 enim
2663 4114 2916 4186 Spiritus
2944 4114 3134 4169 sancti
3160 4114 3371 4187 gratia.

2230 4382 2614 4437 5l.Julianus
2654 4398 2791 4436 vero
2843 4381 2916 4436 ad
2969 4380 3321 4436 suburbium
3377 4382 3685 4453 Daphnem
3716 4397 3813 4435 ve-

2165 4476 2355 4534 nerat,
2414 4476 2480 4525 ut
2537 4488 2716 4544 snpra
2792 4470 3069 4538 diximus,
3129 4470 3423 4525 sacrificia
3468 4487 3813 4542 prmparans

394 4555 739 4625 ’Δπόλλωνι,
761 4558 848 4613 καὶ
885 4559 1178 4633 χρησμοὺς
1207 4562 1336 4635 παρ’
1375 4561 1545 4617 αὐτοῦ
1577 4560 1819 4632 δέξασθαι
1878 4584 2047 4637 προσ-

2164 4560 2441 4632 Apollini,
2474 4577 2509 4615 a
2539 4578 2655 4631 quo
2687 4576 2974 4631 responsa
3005 4576 3067 4613 se
3097 4565 3481 4630 accepturum
3515 4559 3809 4630 sperabat.

393 4644 590 4703 δοκῶν·
650 4648 685 4717 ἠ
743 4645 801 4702 δὲ
859 4648 1041 4725 Δάφνη
1120 4650 1445 4723 προάστειόν
1509 4650 1619 4705 ἐστι
1677 4658 1778 4721 τῆς
1834 4654 2050 4708 Ἀντιο-

394 4737 576 4813 χείας,
608 4735 829 4793 ἐπὶτῶν
861 4738 1217 4815 ὑψηλοτέρων
1279 4740 1447 4810 αὐτῆς
1498 4742 1717 4817 χωρίων
1776 4742 2047 4814 κείμενον,

396 4823 583 4882 ἄλσεσι
701 4828 984 4891 παντοίοις
1098 4831 1412 4907 συνηρεφές.
1518 4830 2047 4903 Πολυπρεμνότατον

397 4918 548 4989 [380]
568 4915 671 4991 γὰρ
701 4916 791 4971 καὶ
823 4914 1314 4993 πολυκαρπότατόν
1348 4918 1460 4974 ἐστι
1508 4920 1571 4974 τὸ
1628 4920 1862 4994 χωρίον,
1925 4918 2048 4984 ἔνθα

395 5007 505 5057 τῶν
534 5023 595 5057 τε
624 5002 811 5059 ἄλλων
843 5006 1116 5060 παντοίων
1165 5004 1399 5083 δένδρων
1458 5009 1546 5062 καὶ
1609 5006 1676 5076 δὴ
1726 5012 1817 5063 καὶ
1875 5030 2050 5063 κυπα-

398 5090 594 5162 ρίττων
628 5091 858 5162 ἐξαίσιον
891 5095 1218 5169 πεφύτευται
1276 5100 1495 5172 χρῆμα,
1546 5098 1683 5171 πρός
1728 5118 1786 5151 τε
1837 5095 2046 5159 κάλλος

395 5177 486 5233 καὶ
520 5177 723 5253 ὕψωμα
777 5182 868 5236 καὶ
929 5184 1155 5259 μέγεθος
1208 5185 1274 5240 οὐ
1335 5180 1679 5258 συμϐλητόν·
1731 5187 1945 5257 νάματά
1990 5207 2050 5241 τε

395 5275 652 5344 πανταχῆ
718 5267 916 5327 διαθέει
959 5272 1209 5347 ποτίμων
1270 5272 1499 5344 ὑδάτων,
1546 5274 1812 5349 μεγίστων
1860 5275 2047 5330 αὐτόθι

399 5362 594 5435 πηγῶν
621 5357 1056 5434 ἀναδιδομένων,
1089 5363 1180 5441 ἀφ’
1202 5361 1276 5418 ὦν
1305 5364 1396 5418 καὶ
1454 5366 1489 5434 ἠ
1523 5359 1690 5427 πόλις
1747 5362 1802 5419 ἐν
1833 5363 2047 5438 ὀλίγαις

470 5519 491 5556 ⁷
517 5520 722 5579 Matth.
752 5537 812 5579 κ.
842 5521 934 5577 32.

2161 4651 2343 4704 Porro
2371 4650 2615 4721 Daphne
2647 4648 2997 4705 suburbium
3032 4654 3122 4703 est
3152 4647 3502 4717 Antiochia,
3537 4649 3598 4703 in
3653 4648 3811 4703 edito

2160 4739 2339 4811 hujus
2388 4739 2638 4794 civitatis
2696 4738 2825 4792 loco
2883 4736 3085 4802 situm,
3133 4736 3415 4806 omnique
3472 4737 3811 4807 plantarum

2159 4829 2442 4884 varietate
2471 4826 2913 4894 obumbratum,
2946 4832 3150 4897 utpote
3192 4826 3351 4896 quod
3395 4825 3705 4880 frondibus
3744 4841 3811 4880 ac

2158 4917 2448 4972 fructibus
2478 4917 2780 4972 exuberet.
2811 4918 2934 4980 Quo
2994 4915 3056 4969 in
3116 4915 3244 4969 loco
3296 4915 3589 4968 variarum
3640 4913 3815 4968 arbo-

2158 5024 2313 5071 rum,
2369 5007 2703 5077 praesertim
2794 5022 2926 5060 vero
2985 5020 3427 5075 cupressorum,
3501 5003 3818 5058 innumera

2158 5098 2427 5169 plantata
2460 5102 2547 5149 est
2580 5095 2926 5160 multitudo,
2977 5092 3451 5164 pulchritudine,
3503 5091 3818 5146 altitudine

2159 5194 2218 5243 et
2240 5184 2650 5257 magnitudine
2708 5182 3225 5254 incomparabilis.
3278 5180 3527 5236 Fluenta
3584 5197 3821 5251 quoque

2158 5276 2627 5349 poculentarum
2658 5289 2955 5344 aquarum
2987 5272 3049 5325 in
3096 5287 3335 5325 omnem
3384 5276 3612 5341 partem
3672 5270 3824 5325 dila-

2165 5366 2417 5433 buntur,
2451 5362 2919 5419 scaturientibus
2950 5359 3174 5415 ibidem
3206 5358 3482 5415 maximis
3536 5358 3822 5427 fontibus,

2008 5623 2234 5683 ΝΟΤΛΕ.

474 5720 583 5796 (18)
613 5719 843 5780 Alludit
866 5720 941 5780 ad
969 5720 1173 5783 locum
1204 5723 1403 5794 Iosue,
1435 5740 1551 5793 vni,
1584 5726 1636 5780 ί.
