4120 6396
336 355 479 413 1299

1907 354 2275 412 ADDBNDA.

3631 363 3782 420 i300

335 482 497 538 unde
557 484 880 541 Antiochia
929 484 1086 541 inter
1133 493 1378 544 cmteras
1426 487 1691 543 civitates
1739 482 1996 540 maxime

2129 476 2170 533 ῑὶ
2198 479 2414 536 πόλεων
2450 480 2776 557 ἐνυδροτὶτη
2807 483 3102 560 τυγχάνειν
3137 482 3310 552 δοκεῖ,
3341 484 3436 541 καὶ
3497 487 3608 558 μὴν
3677 488 3777 543 καὶ

339 575 515 644 aquis
543 575 851 631 abundare
883 578 1132 633 videtur.
1194 579 1502 634 Praeclaris
1552 579 1733 633 etiam
1766 582 1999 630 exstru-

341 664 650 720 ctionibus
682 666 1177 734 habitaculorum,
1212 669 1580 723 lavacrorum
1627 667 2003 733 aliorumque

344 752 765 818 mdificiorum,
789 755 864 809 ad
899 772 1067 810 usum
1098 762 1154 810 et
1185 757 1565 827 splendorem
1610 757 1778 810 locus
1835 753 2002 808 miri-

348 841 458 896 fice
493 851 810 898 exornatus
841 846 1092 898 est.lstic
1125 846 1548 900 interaliorum
1582 846 1828 900 deorum
1855 849 2003 896 tem-

345 927 448 998 pla
478 937 539 984 et
567 931 874 1003 imagines,
909 933 983 987 ab
1009 936 1259 1005 antiquo
1291 937 1593 1007 prazcipua
1623 934 1878 1005 quadam
1899 931 2005 986 ob-

347 1021 644 1074 servantia
667 1021 969 1076 colebatur
1001 1025 1298 1094 Apollinis
1334 1025 1673 1079 delubrum.
1695 1024 1821 1078 lllic
1845 1022 2004 1077 enim

343 1107 588 1178 virginis
618 1110 862 1180 Daphne
894 1129 1098 1168 casum
1154 1115 1463 1181 accidisse,
1516 1114 1757 1188 gentilis
1805 1112 2006 1167 fabula

345 1196 522 1250 finxit
552 1215 567 1264 ;
601 1214 635 1252 a
666 1215 783 1269 qua
812 1207 971 1256 certe
1018 1204 1276 1259 maxime
1336 1204 1502 1259 locus
1555 1219 1778 1258 nomen
1828 1219 2004 1257 suum

342 1285 539 1342 adhuc
566 1290 826 1344 mutuari
855 1291 1106 1351 videtur.

418 1397 505 1448 52.
541 1395 760 1452 Statua:
791 1405 990 1455 autem
1023 1402 1321 1473 Apollinis
1347 1402 1473 1457 haec
1503 1408 1631 1457 erat
1672 1401 1898 1456 forma:
1935 1417 2008 1456 ex

349 1483 513 1556 ligno
543 1485 678 1541 vitis
710 1491 1107 1560 compositum
1141 1498 1269 1546 erat
1296 1509 1533 1564 corpus,
1566 1497 1692 1547 arte
1741 1499 1861 1547 tam
1893 1491 2008 1545 mi-

352 1573 639 1640 rabili,ut
667 1578 844 1632 unius
866 1581 1244 1636 cohaerentia:
1279 1584 1535 1653 speciem
1560 1599 1681 1654 prae
1697 1599 1758 1637 se
1775 1582 1960 1636 ferret
1990 1597 2005 1647 ;

354 1678 503 1717 auro
534 1664 722 1720 illitus
764 1674 943 1736 totus,
973 1687 1090 1740 quo
1140 1671 1518 1739 induebatur,
1577 1673 1849 1737 amictus,
1885 1686 2005 1725 nu-

357 1751 513 1807 datis
546 1755 725 1810 simul
759 1763 818 1811 et
847 1775 966 1813 non
986 1762 1211 1816 auratis
1242 1763 1506 1834 corporis
1556 1761 1844 1833 partibus,
1878 1761 2008 1815 ine-

2115 568 2439 642 οἰκοδομαῖς
2489 571 2775 647 λαμπραῖς
2811 574 3162 629 καταλύσεων
3220 576 3311 629 καὶ
3370 573 3622 651 λουτρῶν
3682 577 3782 632 καὶ

2113 663 2221 712 τῶν
2269 659 2455 714 ἄλλων
2511 667 2881 730 κατασκευῶν,
2913 661 2990 723 εἷς
3046 683 3106 716 τε
3164 663 3353 738 χρείαν
3414 663 3504 718 καὶ
3561 666 3782 736 κόσμον

2115 745 2173 800 εὗ
2206 748 2356 819 μάλα
2412 748 2736 814 πολυτελῶς
2792 749 3085 820 ἐξήσκηται
3130 752 3193 805 τὸ
3252 751 3481 827 χωρίον·
3544 751 3789 817 ἐνταῦθα

2112 837 2203 891 καὶ
2237 838 2425 893 αλλων
2453 839 2548 910 μὲν
2583 837 2861 912 δαιμόνων
2917 840 3037 894 ναοί
3093 862 3153 896 τε
3207 842 3298 896 καὶ
3329 841 3624 916 ἀγάλματα
3679 843 3789 912 ἦν,

2115 922 2486 1000 διαφερόντως
2516 949 2579 1002 γε
2613 931 2721 1000 μὴν
2749 929 2811 982 τὸ
2854 934 2954 984 106
3011 929 3368 992 Ἀπόλλωνος
3417 930 3468 1004 ἐξ
3524 931 3784 1008 ἀρχαίων

2111 1020 2221 1070 τῶν
2275 1017 2492 1092 χρόνων
2544 1018 2824 1094 ἒνυπῆρχε
2909 1019 3365 1093 θεραπευόμενονο
3427 1021 3613 1076 αὐτόθι
3667 1022 3786 1096 γὰρ

2113 1105 2297 1160 καὶτὸ
2355 1108 2477 1180 περῖ
2534 1110 2637 1176 τήν
2697 1111 2914 1184 Δάφνην
2998 1111 3098 1178 τήν
3159 1111 3424 1183 παρθένον
3492 1106 3786 1184 συμϐῆναι

2113 1194 2707 1265 πάθοςὸἙλλ-ηνικὸς
2772 1195 2974 1253 ἔπλασε
3034 1199 3225 1270 μῦθος·
3286 1199 3354 1268 ἧς
3404 1200 3474 1269 δὴ
3537 1200 3794 1273 μάλιστα

2114 1287 2295 1363 φέρειν
2320 1282 2397 1340 ἔτι
2427 1285 2576 1341 δοκεῖ
2603 1289 2704 1355 τήν
2738 1285 3052 1360 ἐπωνυμίαν
3083 1289 3111 1343 6
3139 1289 3330 1351 τόπος.

2330 1395 2399 1448 Τὸ
2433 1391 2490 1448 δὲ
2549 1393 2776 1469 ἀγαλμα
2815 1399 2914 1450 τοῦ
2973 1393 3357 1468 Ἀπόλλωνος,
3403 1393 3615 1454 τοιόνδε
3669 1399 3789 1468 τὴν

2114 1485 2452 1553 κατασκευὴν
2485 1485 2574 1552 ἦν·
2738 1484 2993 1557 ἀμπέλου
3056 1485 3149 1558 μὲν
3209 1485 3356 1557 αὖτῷ
3412 1489 3784 1562 συνεπεπήγει

2113 1576 2177 1630 τὸ
2202 1579 2382 1645 σῶμα·
2416 1572 2811 1646 πανθαυμάστη
2845 1571 2914 1642 δὴ
2943 1575 3116 1649 τέχνη
3145 1576 3286 1650 πρὸς
3327 1582 3456 1647 μιᾶς
3491 1575 3778 1654 συμφυΐας

2117 1663 2265 1719 ῒδέαν
2326 1663 2717 1738 συναρμοσθὶν,
2773 1669 2965 1738 χρυσῷ
3020 1663 3078 1719 δὲ
3133 1671 3235 1726 πᾶς
3312 1666 3341 1720 6
3392 1666 3782 1743 περικείμενος

2115 1751 2328 1814 πέπλος
2415 1751 2872 1829 ἀμφιεννύμενος,
2952 1759 3074 1816 τοῖς
3179 1757 3785 1830 παραγεγυμνωμένοις

355 1843 643 1898 narrabili
676 1845 939 1917 fulgebat
958 1851 1423 1920 pulchritudine.
1460 1853 1647 1907 Stanti
1668 1870 1790 1924 prae
1816 1852 2008 1906 mani-

2129 1841 2508 1917 ιιαὶᾶχρόσοις
2566 1845 2665 1897 106
2712 1843 2996 1915 σώματος,
3055 1845 3131 1899 εἷς
3209 1843 3477 1918 ἃφραστόν
3533 1867 3587 1900 τι
3648 1867 3780 1900 συν-

355 1931 467 1987 bus
499 1940 625 1988 erat
655 1936 903 2004 cithara,
938 1957 1116 2010 quam
1165 1942 1401 2013 pulsare
1446 1942 1796 2008 videbatur;
1822 1959 2009 1996 comm

357 2026 417 2076 et
445 2038 665 2078 corona
713 2024 918 2082 laurea
965 2045 1110 2084 auro
1171 2031 1457 2102 permisto
1507 2032 1821 2095 florebant,
1854 2029 2015 2085 unde

355 2111 545 2180 gratia
575 2114 835 2170 maxima
867 2117 1187 2189 effulgebat
1215 2120 1796 2190 aspicientibus.Duo
1817 2119 2016 2191 magni

359 2198 668 2270 hyacinthi
704 2205 1013 2261 oculorum
1047 2208 1381 2280 implebant
1409 2209 1756 2280 figuram,in
1792 2225 2014 2264 memo-

358 2288 509 2343 riam
538 2290 871 2362 Hyacinlhi,
903 2296 1072 2366 pueri
1105 2297 1411 2368 Amyclaei,
1445 2315 1800 2369 semperque
1856 2314 2020 2370 gem-

359 2393 594 2433 marum
627 2381 1009 2450 pulchritudo
1026 2393 1084 2439 et
1115 2386 1458 2460 magnitudo
1491 2388 1816 2442 maximum
1838 2385 2020 2441 adde-

363 2466 512 2521 bant
541 2469 784 2541 imagini
817 2482 1118 2542 ornatum,
1152 2492 1288 2530 cum
1317 2477 1563 2547 opifices
1596 2494 1693 2531 r'as
1724 2476 1938 2532 callide
1967 2481 2025 2530 et

366 2572 506 2612 cum
537 2557 750 2616 decore
779 2563 1035 2617 maximo
1067 2565 1534 2636 imposuissent;
1579 2567 1658 2621 ita
1721 2573 1786 2620 ut
1833 2567 2022 2638 pluri-

368 2662 499 2700 mos
524 2648 681 2703 circa
711 2651 1099 2708 simulacrum
1130 2653 1322 2725 decipi
1356 2656 2019 2728 contingeret,pulchri-

368 2735 576 2790 tudine
606 2741 951 2808 apparentis
980 2741 1188 2797 formae
1217 2744 1290 2798 ad
1349 2744 1720 2799 adorandum
1769 2746 2022 2800 illectos.

373 2824 540 2889 Quod
575 2826 700 2898 ipse
732 2846 970 2900 quoque
1002 2831 1273 2888 Julianus
1316 2851 1527 2905 passus
1559 2835 1770 2890 fuerat.
1807 2837 2025 2907 Majore

370 2916 532 2970 enim
565 2916 717 2972 hanc
749 2936 926 2990 quam
942 2929 1186 2978 caateras
1218 2924 1508 2998 imagines
1524 2927 1688 2981 cultu
1709 2945 2029 2998 proseque-

367 3005 563 3073 batur,
598 3008 788 3063 millia
819 3025 889 3064 ex
929 3012 1182 3084 singulis
1229 3015 1546 3086 generibus
1578 3017 1631 3071 ei
1682 3017 2027 3073 sacriﬁcans

375 3095 682 3152 animalia.

443 3382 532 3437 53.
566 3383 710 3438 Cum
736 3388 936 3440 autem
968 3386 1171 3442 omnia
1198 3386 1423 3443 faceret
1480 3394 1539 3444 et
1592 3390 1908 3448 moliretur
1964 3398 2033 3448 ut

371 3490 727 3546 responsum
758 3473 963 3531 ederet
991 3482 1206 3548 statua,
1230 3495 1343 3534 nec
1393 3479 1721 3551 quidquam
1779 3484 2029 3554 proﬁce-

375 3570 485 3632 ret,
520 3565 623 3619 sed
647 3565 772 3620 haec
809 3570 868 3620 et
898 3565 1146 3638 reliquae
1195 3569 1487 3637 imagines
1517 3569 1706 3626 altum
1756 3577 2031 3629 tenerent

372 3655 706 3720 silentium,
741 3654 1100 3711 existimavit
1130 3674 1279 3728 opus
1311 3675 1442 3714 esse
1497 3661 1838 3733 praestigiis,
1878 3680 2028 3734 quas

373 3744 713 3813 hierurgiam
745 3745 998 3816 gentiles
1041 3746 1367 3818 appellant.
1427 3749 1730 3805 Accersito
1770 3753 2028 3822 quodam

370 3833 644 3899 Eusebio,
679 3849 856 3904 quem
890 3835 950 3888 in
977 3836 1258 3908 gentibus
1307 3837 1468 3893 fama
1519 3845 1648 3895 erat
1676 3841 1932 3897 multum
1965 3844 2028 3899 in

369 3923 479 3979 hac
511 3929 637 3978 arte
660 3939 856 3995 posse,
883 3925 936 3978 ei
969 3925 1273 3981 mandavit
1302 3933 1366 3982 ut
1390 3933 1645 3985 statuam
1680 3948 1857 4002 quam
1890 3949 2026 3988 ma-

367 4014 527 4069 xime
561 4013 890 4085 spirantem
937 4021 997 4068 et
1044 4015 1349 4072 efﬁcacem
1407 4018 1705 4085 redderet,
1740 4021 1892 4077 nulli
1941 4023 2024 4078 rei

366 4103 692 4174 parcendo,
723 4119 902 4173 quam
935 4104 1009 4158 ad
1042 4105 1152 4161 hoc
1183 4109 1584 4163 necessariam
1618 4126 1749 4166 esse
1808 4128 2025 4168 cense-

364 4198 476 4248 ret.
509 4193 654 4247 Cum
685 4198 883 4247 autem
918 4211 1126 4250 omnes
1158 4197 1634 4265 machinationes
1666 4217 1801 4255 suas
1824 4203 2024 4272 profu-

367 4282 576 4349 disset,
610 4287 669 4336 et
699 4281 852 4336 nihil
885 4299 1112 4350 eorum,
1165 4302 1296 4354 qum
1347 4289 1640 4356 potuisset
1669 4292 2023 4363 excogitare,

368 4372 731 4426 intentatum
763 4371 1130 4442 reliquisset,
1157 4375 1336 4428 simili
1372 4375 1546 4431 modo
1597 4384 1657 4432 et
1694 4379 1868 4450 juxta
1915 4399 2025 4436 na-

367 4466 516 4515 turas
538 4460 809 4515 ordinem
845 4461 1031 4516 tacuit
1053 4463 1624 4533 simulacrum,nihil
1659 4485 1819 4524 nunc
1837 4472 2025 4543 magis

367 4564 547 4620 quam
575 4555 752 4605 antea
781 4551 1530 4628 proferens.lnterrogatus
1558 4575 1697 4630 ergo
1728 4575 1762 4613 a
1789 4561 2023 4617 Iuliano
2053 4585 2102 4650 D

366 4654 472 4693 cur
503 4638 761 4692 maxime
777 4645 1000 4694 taceret
1027 4642 1578 4716 Apollo,completis
1611 4653 1810 4704 tamen
1830 4649 2022 4704 omni-

365 4727 478 4782 bus
504 4743 635 4798 quaa
667 4727 741 4782 ad
771 4728 899 4782 haec
919 4731 1473 4797 constitutaessent,
1506 4735 1814 4806 respondit
1837 4737 2022 4808 Baby-

368 4817 487 4872 lam
521 4821 646 4872 tum
679 4817 859 4889 hujus
893 4823 1019 4874 tum
1043 4819 1412 4892 reliquarum
1439 4823 1765 4898 imaginum
1798 4827 2020 4882 silentii

369 4905 733 4978 praacipuam
765 4923 894 4961 esse
928 4924 1190 4974 causam,
1223 4910 1382 4981 quod
1408 4927 1621 4983 nempe
1649 4914 2022 4987 sepultusjao

370 4999 532 5049 ceret
561 4994 622 5048 in
650 4995 916 5066 Daphne,
949 5000 1010 5050 et
1033 4996 1116 5051 dii
1148 4998 1398 5053 cadaver
1446 5000 1576 5070 ejus
1633 5001 2024 5060 abhorrentes

367 5083 501 5139 ideo
534 5085 606 5140 ad
639 5102 775 5140 suas
803 5085 974 5142 sedes
995 5088 1198 5143 venire
1230 5105 1352 5144 non
1384 5091 2028 5150 sustinerent.Nolebat

368 5173 529 5228 enim
559 5174 928 5229 verissimam
961 5176 1194 5247 aperire
1227 5193 1639 5252 causam,qua3
1671 5187 1870 5239 tamen
1902 5201 2024 5240 non

368 5263 616 5317 omnino
649 5279 783 5318 eum
819 5263 1061 5332 latebat,
1094 5266 1304 5323 adesse
1337 5269 1567 5325 scilicet
1598 5273 1886 5344 majorem
1917 5291 2022 5345 po-

370 5351 634 5418 tentiam,
652 5369 769 5422 qua
793 5353 1132 5409 daamonum
1164 5358 2020 5432 operationesimpedirentur;

372 5455 440 5493 eo
472 5441 562 5494 vel
593 5442 781 5513 magis
804 5443 964 5512 quod
992 5442 1246 5505 daimon.
1283 5448 1382 5516 qui
1418 5449 1757 5520 Apollinem
1791 5451 2020 5523 agebat,

371 5525 424 5578 ei
456 5527 614 5581 clare
647 5534 706 5583 et
733 5536 958 5600 aperte,
1017 5533 1101 5586 uti
1161 5535 1447 5600 referunt,
1480 5536 1731 5592 dixisset
1781 5556 1842 5594 se
1901 5555 2023 5593 non

373 5628 546 5682 posse
569 5617 929 5686 respondere
959 5625 1201 5690 propter
1222 5622 1528 5695 Babylam.

2051 3217 2098 3284 C

2119 1933 2409 2007 εφθέγγετο
2465 1930 2696 1994 καλλος
2755 1931 2948 1988 ἐστῶτί
3020 1954 3080 1988 τε
3149 1934 3284 2006 μετα
3362 1935 3558 2008 χεῖρας
3612 1937 3678 2003 ἦν
3740 1937 3777 2004 ἡ

2117 2024 2337 2096 κιθάρα,
2397 2024 2845 2095 μουσηγετοῦντά
2901 2043 3023 2076 τινα
3108 2021 3524 2096 έκμιμουμένῳ·
3585 2020 3642 2078 α⁹ί
3724 2044 3783 2079 τε

2119 2112 2312 2184 κόμαι,
2371 2112 2592 2179 καὶτῆς
2624 2109 2831 2183 δάφνης
2862 2113 2890 2167 6
2935 2113 3192 2185 στέφανος
3247 2113 3338 2168 τὸν
3399 2113 3607 2187 χρυσὸν
3647 2112 3776 2168 ἂνα-

2126 2202 2218 2275 μέξ
2250 2201 2540 2271 ἐπήνθουν·
2575 2201 2651 2263 ὡς
2699 2200 2919 2273 ἤμελλε
2975 2201 3140 2277 χάρις
3195 2201 3542 2276 έξαστράψειν
3589 2200 3775 2272 πολλή

2121 2298 2239 2353 τοῖς
2272 2292 2646 2362 θεασομένοιςο
2685 2292 2927 2346 ὑακινθοί
2981 2313 3038 2346 τε
3067 2294 3217 2364 αὐτῷ
3273 2290 3370 2348 δύο
3427 2294 3575 2348 Αίθοι
3612 2292 3782 2367 μεγά-

2126 2380 2240 2450 λοι,
2288 2382 2380 2434 τὸν
2437 2385 2545 2434 τῶν
2602 2379 2903 2456 ὀφθαλμῶν
2966 2379 3302 2457 ἐξεπΑτξρουν
3374 2381 3567 2450 τύπον,
3651 2383 3781 2435 κατὰ

2130 2471 2235 2542 μνή
2251 2491 2356 2540 μην
2392 2473 2486 2522 106
2511 2467 2855 2540 Ἀμυκλαίου
2885 2467 3079 2531 παιδὸς
3111 2471 3410 2540 Ὑακίνθου,
3461 2469 3551 2525 καὶ
3588 2469 3669 2524 αεὶ
3720 2468 3778 2522 τὸ

2126 2563 2233 2614 τῶν
2266 2560 2436 2622 Λίθων
2468 2557 2675 2618 καλλος
2707 2559 2797 2611 καὶ
2859 2557 3084 2634 μέγεθος
3144 2558 3237 2612 τὸν
3295 2560 3550 2634 μέγιστον
3611 2578 3777 2633 προσ-

2131 2646 2302 2702 ετέλει
2357 2651 2436 2717 τῷ
2495 2645 2771 2720 ἀγάλματι
2832 2648 3064 2720 κόσμον,
3144 2647 3466 2702 ἐνταθέντων
3522 2650 3780 2721 περιττῶς

2128 2739 2264 2812 πρὸς
2333 2735 2707 2811 ἁξιορῥέπειαν
2764 2736 2933 2790 αὐτοῦ
3015 2741 3124 2791 τῶν
3222 2735 3626 2812 ἐργασαμένων·
3698 2734 3780 2789 ’ἱνα

2884 2825 3009 2900 περὶ

3222 2735 3603 2812 ἐργασαμένων
3614 2756 3626 2768 ·

2130 2825 2420 2887 πλείστους
2505 2825 2808 2888 ἀπατᾶσθαι
2884 2825 3009 2900 περὶ
3095 2825 3260 2880 αὖτοῦ
3329 2822 3624 2901 συμϐαίνῃ.
3703 2827 3781 2895 τῷ

2130 2915 2458 2992 περικαλλεῖ
2514 2923 2615 2984 τῆς
2647 2917 2794 2990 [381]
2826 2917 3279 2992 προφαινομένῃς
3315 2923 3547 2995 μορφῆς,
3579 2915 3659 2977 είς
3715 2912 3775 2966 τὸ

2135 3009 2460 3079 προσκυνεῖν
2518 3002 2704 3064 αὐτοῖς
2791 3001 3242 3076 δελεαζομένους.
3299 3005 3458 3075 Ὀπερ
3532 3000 3625 3056 06v
3681 2998 3769 3054 καί

2139 3093 2364 3154 αὐτὸςὸ
2396 3092 2694 3156 Ἰουλιανὸς
2717 3094 3003 3154 πεπονθὼς
3058 3093 3148 3162 ἦν·
3210 3092 3425 3149 πλείονὰ
3471 3091 3519 3165 γ’
3575 3090 3667 3144 οὗν
3725 3087 3761 3156 ἢ

2137 3183 2380 3256 σύμπασι
2441 3186 2560 3244 τοῖς
2611 3180 2916 3257 ι’ὶγᾶλμασι⁸
3003 3186 3251 3258 προσῆγε
3305 3182 3396 3249 τήν
3452 3176 3756 3254 θεραπείαν,

2135 3267 2444 3347 χιλιόμϐας
2477 3271 2611 3335 ὅλας
2643 3272 2694 3342 ἐξ
2752 3270 2978 3328 έκάστου
3010 3274 3198 3350 γένους
3253 3271 3397 3343 αὐτῷ
3425 3269 3703 3342 θυόμενος.

2206 3388 2300 3457 νγ“.
2327 3382 2478 3438 Ἐπεὶ
2524 3380 2582 3436 δὲ
2634 3381 2782 3454 αὐτῷ
2841 3383 3013 3437 πάντα
3063 3385 3313 3438 ποιοῦντι
3396 3380 3484 3435 καὶ
3532 3395 3780 3453 πραγμα-

2134 3473 2414 3545 τευομένῳ
2455 3471 2604 3533 ὅπως
2657 3472 2818 3546 χρῲη
2873 3472 2937 3527 τὸ
2981 3470 3230 3548 ἄγαλμα,
3273 3470 3441 3527 πλέον
3490 3471 3554 3537 ἦν
3607 3463 3783 3530 οὐδέν,

2135 3559 2282 3617 ἀλλὰ
2310 3561 2473 3616 τοῦτό
2493 3582 2552 3616 τε
2577 3560 2666 3615 καὶ
2703 3561 2770 3615 τὰ
2799 3560 2970 3617 λοιπὰ
3027 3562 3213 3616 αὐτόθι
3271 3561 3557 3633 σύμπαντα
3613 3552 3782 3630 ἀγαλ-

2138 3673 2280 3723 ματα
2339 3651 2527 3726 βαθεῖα
2575 3652 2757 3719 σιωπὴ
2815 3656 3090 3726 κατεῖχεν,
3161 3650 3388 3706 ἐνταῦθα
3434 3647 3664 3721 νομίσας
3720 3642 3781 3696 τὰ

2134 3742 2240 3796 ἀπὸ
2262 3744 2364 3804 τῆς
2418 3741 2675 3815 γοητείας
2731 3737 2929 3810 ἐνδεῖν,
3005 3740 3074 3810 ἤν
3157 3739 3471 3816 ἱερουργίαν
3524 3734 3776 3792 καλοῦσιν

2134 3829 2428 3900 Ἕλληνες,
2462 3825 2717 3886 Εὐσέϐιόν
2749 3851 2887 3897 τινα,
2953 3832 3226 3905 μέγιστον,
3259 3830 3348 3885 ἐπὶ
3405 3828 3467 3883 τὸ
3495 3830 3662 3882 ταῦτα
3692 3821 3779 3878 δό-

2131 3932 2345 3988 νασθαι,
2375 3919 2710 3993 κεκτημένον
2742 3919 2794 3974 ἐν
2851 3917 3091 3990 ’Έλλησι
3163 3918 3346 3988 κλέος,
3430 3913 3779 3990 μεταπεμψὰο

2138 4031 2326 4084 μενος,
2359 4008 2540 4077 τούτῳ
2569 4009 2931 4082 προσέταττεν
2985 4008 3244 4064 ἐπίπνουν
3296 4008 3379 4063 ὅτι
3430 4003 3668 4080 μαλιστα
3695 3998 3781 4055 καὶ

2137 4099 2354 4173 ἐνεργὸν
2384 4097 2731 4172 ἀποφαίνειν,
2767 4096 3004 4170 μηδενὸς
3057 4099 3130 4153 ὧν
3183 4098 3260 4162 εἷς
3313 4100 3476 4151 τοῦτο
3531 4089 3784 4167 προσδεῖν

2135 4191 2286 4262 αὐτῷ
2306 4190 2528 4263 νομίζοι
2560 4189 2903 4266 φεισᾶμενόν.
2947 4193 3042 4261 Τῷ
3091 4187 3139 4244 δ’
3187 4187 3375 4256 ἐπειδή
3429 4188 3605 4247 πασας
3661 4184 3785 4238 έαυ-

2132 4285 2230 4335 τοῦ
2259 4281 2572 4350 κεκινηκότι
2603 4281 2701 4342 τὰς
2739 4281 3016 4356 μηχανὰς,
3056 4280 3147 4336 καὶ
3199 4278 3373 4354 μηδὲν
3429 4278 3457 4332 ὅ
3511 4298 3563 4332 τι
3620 4276 3785 4329 πλέον

2133 4368 2194 4424 ἂν
2235 4369 2578 4440 ἐπινοήσειεν
2633 4367 3084 4443 ὑπολειπομένῳ,
3165 4369 3260 4424 τὸν
3318 4369 3510 4440 ὅμοιον
3570 4363 3789 4419 έσεσιω-

2132 4462 2297 4530 πήκει
2325 4460 2416 4514 καὶ
2449 4458 2761 4536 κατὰφύσιν
2813 4459 3042 4527 τρόπον,
3103 4456 3257 4513 οὐδέν
3278 4479 3332 4512 τι
3366 4455 3580 4530 μᾶλλον
3613 4451 3650 4523 ἤ
3701 4452 3789 4508 καὶ

2133 4551 2338 4625 πρόσθε
2359 4549 2750 4627 φθεγγόμενον,
2803 4548 3030 4604 ἐνταῦθα
3087 4545 3193 4618 ἤδη
3247 4548 3386 4621 πρὸς
3428 4550 3525 4600 106
3553 4543 3790 4602 Ἰουλια-

2133 4643 2225 4694 νοῦ
2247 4639 2604 4714 ἐρωτώμενος
2635 4639 2725 4693 καὶ
2756 4641 2871 4694 καθ’
2916 4639 2946 4692 ὅ
3000 4659 3053 4693 τι
3117 4637 3357 4710 μαλιστα
3409 4635 3668 4707 σιωπῷη,
3698 4631 3785 4688 καὶ

2130 4733 2298 4785 ταῦτα
2327 4728 2542 4782 παντων
2570 4726 2922 4782 τελεσθέντων
2980 4726 3063 4782 ἐπ’
3102 4727 3252 4798 αὐτῷ
3304 4730 3414 4780 τῶν
3487 4723 3786 4796 νομιζομέ⁸

2132 4839 2238 4874 νων
2259 4819 2388 4894 παρ’
2422 4815 2632 4879 αὐτοῖς.
2665 4812 2920 4875 Βαϐύλαν
2947 4815 3049 4894 ἔφη
3081 4824 3182 4885 τῆς
3214 4822 3430 4885 σιωπῆς
3477 4813 3677 4869 τούτου
3732 4832 3788 4866 τε

2131 4909 2224 4964 καὶ
2261 4913 2369 4963 τῶν
2406 4905 2621 4962 λοιπῶν
2655 4907 2992 4982 ἀγαλμᾶτων
3043 4907 3367 4963 αἰτιώτατον
3401 4907 3556 4973 εἶναι,
3616 4904 3785 4959 αὐτοῦ

2137 4998 2188 5055 έν
2217 5001 2286 5070 τῇ
2320 4997 2500 5074 Δαφνῃ
2533 4999 2814 5071 κειμένου,
2841 4997 2915 5058 ὡς
2964 5001 3073 5052 τῶν
3133 5002 3268 5062 θεῶν
3313 4997 3406 5052 τὸν
3435 4994 3622 5070 νεκρὸν
3683 4993 3784 5048 αὖ·

2132 5091 2232 5142 106
2266 5084 2779 5162 βδελλυττομένων,
2827 5086 2918 5141 καὶ
2951 5083 3042 5141 διὰ
3068 5091 3236 5141 τοῦτο
3281 5090 3405 5147 τοῖς
3464 5081 3610 5139 ἕδεσι
3641 5086 3787 5160 σφῶν

2135 5178 2419 5255 ἐπιφοιτᾷν
2482 5177 2581 5232 οὐκ
2632 5175 3011 5252 ἀνεχομένων.
3072 5176 3149 5234 Οὐ
3206 5176 3309 5250 γὰρ
3358 5172 3634 5246 ἠϐούλετο
3690 5172 3786 5241 τὴν

2134 5267 2514 5336 ἀληθεστὰτην
2551 5265 2728 5320 αἰτίαν
2780 5265 2973 5331 εἰπεῖν,
3027 5265 3088 5320 οὐ
3142 5263 3452 5320 παντὰπασί
3507 5283 3570 5340 γε
3625 5261 3790 5331 αὐτῆς

2135 5357 2531 5426 ἄνεπαίσθητος
2562 5355 2824 5431 γεγονὼς,
2853 5353 2937 5410 ὅτι
2984 5352 3052 5424 δή
3110 5356 3370 5430 κρείττων
3422 5352 3651 5426 δύναμις
3699 5352 3786 5421 ἦν,

2134 5457 2168 5522 ἡ
2201 5455 2296 5516 τὰς
2323 5459 2433 5508 τῶν
2483 5451 2762 5524 δαιμόνων
2818 5451 3090 5528 ἐνεργείας
3162 5450 3539 5524 πεδησαμένη⁶
3600 5447 3786 5507 ἄλλως

2132 5563 2191 5596 τε
2219 5543 2308 5596 καὶ
2360 5546 2458 5597 τοῦ
2491 5539 2753 5614 δαίμονος
2780 5539 2926 5612 αὐτῷ
2953 5545 3050 5596 106
3074 5542 3166 5596 τὸν
3193 5539 3532 5599 Ἀπόλλωνα
3563 5540 3787 5612 ὑποκρι-

2131 5631 2366 5703 νομένου
2397 5634 2606 5704 σαφῶς,
2637 5629 2730 5684 καὶ
2763 5627 3095 5706 διαρρήδην,
3156 5631 3234 5694 ὡς
3288 5627 3529 5705 λέγεται,
3561 5628 3776 5705 εἰρηκό-

2131 5741 2244 5791 τος,
2283 5722 2361 5795 μὴ
2394 5717 2657 5786 δύνασθαι
2686 5718 3082 5795 ᾁποκρίνςσθαι
3114 5714 3534 5789 μδιρκΒαΕύληνσ
3597 5789 3604 5798 ι
