4120 6436
394 368 535 433 1301

454 497 568 557 νδᾌ
613 501 669 554 Ὀ
725 499 827 576 γὰρ
880 497 947 570 δὴ
1006 494 1261 563 Βαϐύλας
1309 499 1468 561 οὗτος
1499 497 1713 576 λέγεται
1760 497 2058 560 ἐπίσκοπος
2091 502 2142 567 Α

398 590 500 662 μὶν
535 592 682 663 [382]
730 590 973 663 γενέσθαι
1028 595 1128 658 τῆς
1187 588 1550 664 Ἀντιοχείας,
1611 592 1972 662 Νουμεριανῷ
2003 585 2060 641 δέ

390 684 480 751 τῷ
514 679 729 754 βασιλεῖ
771 679 1033 733 εἰσελθεῖν
1094 676 1417 753 βουλομένῳ
1466 677 1517 732 ἐν
1567 681 1635 749 τῇ
1666 682 1773 731 τῶν
1803 679 2058 747 Χριστια-

391 774 507 823 νῶν
540 767 803 839 ἐκκλησίᾳ
858 768 998 822 κατά
1050 766 1117 837 δή
1176 788 1299 821 τινα
1360 768 1574 842 ἑορτὴν,
1634 766 1759 828 στὰς
1814 767 1920 836 πρὸ
1948 771 2055 820 τῶν

391 859 575 933 θυρῶν
636 854 965 912 διεκώλυσεν
1048 854 1333 926 εἶσελθεῖν,
1395 856 1610 933 φάσκων
1697 855 1773 919 εἰς
1829 853 2058 928 δύναμιν

398 948 480 1020 μὴ
508 947 862 1021 περιόψεσθαι
920 944 1085 1001 λύκον
1144 950 1223 1018 τῷ
1280 946 1532 1019 ποιμνίῳ
1573 944 2052 1020 ἐπεισερχόμενον·

393 1038 490 1091 τὸν
538 1034 596 1091 δὲ
647 1036 951 1107 παραυτίκα
1012 1036 1106 1108 μὲν
1164 1035 1606 1110 ἀποκρουσθῆναι
1667 1041 1768 1104 τῆς
1817 1033 2054 1106 εἰσόδου,

394 1124 505 1182 εἴτε
537 1124 605 1195 δὴ
638 1125 819 1180 στάσιν
868 1125 993 1180 τινὰ
1039 1124 1176 1200 πρὸς
1226 1129 1324 1179 τοῦ
1374 1124 1555 1200 ὅχλου
1588 1123 1798 1178 ἔσεσθαι
1835 1122 2056 1178 ὑπειδό-

399 1236 579 1289 μενον,
631 1213 737 1269 εἴτε
805 1222 896 1269 καί
981 1213 1169 1276 ἄλλως
1252 1214 1425 1268 αὐτῶν
1490 1209 1941 1287 μεταϐουλευθὲν·
1999 1213 2051 1268 ἐν

396 1304 633 1380 χαλεπῷ
662 1303 756 1376 μὲν
795 1324 881 1358 τοι
911 1304 1010 1372 τὴν
1058 1302 1360 1358 ἀντίστασιν
1409 1307 1506 1357 τοῦ
1555 1302 1854 1357 ἐπισκόπου
1884 1324 2052 1372 ποιη-

392 1414 652 1467 σαμενον,
702 1390 889 1461 ἐπειδὴ
940 1392 1013 1453 ὡς
1066 1392 1253 1447 ἐαυτὸν
1312 1390 1401 1446 ἐπὶ
1455 1392 1521 1446 τά
1576 1391 1826 1468 βασίλεια
1869 1390 2054 1461 ἀπηλ-

394 1480 570 1559 λάγη,
631 1480 1077 1555 παραστήσασθαί
1133 1502 1191 1536 τε
1266 1481 1426 1536 αὐτὸν
1500 1480 1588 1536 ἐπὶ
1644 1485 1741 1536 τοῦ
1801 1482 2049 1556 βήματος

395 1568 893 1645 ἀπολογησόμενον
945 1567 1217 1638 ἐκέλευσε,
1263 1569 1354 1624 καὶ
1409 1567 1475 1638 δὴ
1528 1570 1899 1644 παραστάντος
1956 1569 2054 1622 αὐ-

392 1662 515 1730 τοῦ,
546 1663 741 1732 πρῶτα
774 1659 868 1731 μὶν
899 1658 1000 1727 τήν
1039 1657 1251 1731 τόλμαν
1300 1665 1401 1727 τῆς
1450 1658 1743 1720 κωλύσεως
1786 1657 2049 1723 ἐνεκάλει,

394 1744 584 1803 ἔπειτα
616 1747 711 1820 μὲν
742 1767 828 1802 τοι
886 1745 1097 1803 κελεύει
1155 1746 1316 1802 αὐτὸν
1377 1752 1493 1809 τοῖς
1554 1743 1775 1819 δαίμοσι
1807 1746 1971 1817 θύειν,
2003 1748 2049 1801 εἷ

397 1834 661 1912 βούλοιτὸ
691 1857 751 1912 γε
780 1836 879 1904 τὴν
933 1834 1022 1927 ἐπὶ
1051 1841 1131 1908 τῷ
1170 1835 1481 1911 ἐγκλήματι
1536 1834 1694 1906 δίκην
1726 1833 2042 1912 διαφυγεῖν·
2082 1864 2127 1927 Β

389 1926 485 1980 τὸν
539 1923 597 1980 δὲ
653 1926 790 2000 πρὸς
838 1926 937 1994 τὴν
983 1920 1241 2001 ἕγκλησιν
1300 1924 1753 2000 ἀπολογήσασθαι
1808 1926 1895 1979 καὶ
1943 1926 2041 1993 τήν

388 2012 702 2089 πρόκλησιν
737 2010 1179 2087 διακρούσασθαι,
1230 2015 1329 2083 τὴν
1395 2014 1513 2086 μὲν,
1548 2016 1794 2091 φήσαντα
1822 2015 2046 2087 ποιμένι

386 2102 565 2175 ἐαυτῷ
613 2104 787 2158 πάντα
833 2108 1132 2179 προσήκειν
1184 2103 1315 2178 ὑπὲρ
1389 2106 1481 2158 τοῦ
1530 2102 1791 2175 ποιμνίου
1840 2114 2044 2177 προθυ-

388 2200 633 2267 μεῖσθαι,
665 2196 764 2263 τήν
800 2191 876 2263 δὲ,
913 2196 990 2267 μή
1024 2192 1330 2263 ἀνελέσθαι,
1373 2198 1470 2248 τοῦ
1522 2193 1693 2255 ὅντως
1722 2195 1877 2257 ’ὸντος
1909 2196 2043 2248 ἀπο-

380 2283 584 2337 στάντα
615 2287 771 2349 Θεοῦ,
803 2281 1183 2356 ψευδωνύμοις
1212 2283 1301 2337 καὶ
1332 2281 1591 2355 ὀλετῆρσι
1624 2281 1846 2354 δαίμοσι
1874 2282 2040 2345 θύειν.

376 2370 498 2435 Εἶθ’
532 2373 559 2427 ὁ
596 2372 690 2444 μὶν
725 2374 800 2433 ὼς
850 2373 996 2447 ἑώρα
1046 2374 1121 2445 μή
1175 2371 1521 2445 πειθόμενον,
1576 2372 1896 2446 προσέταξεν
1945 2372 2043 2426 αὗ-

373 2461 470 2516 τὸν
505 2458 725 2515 ἁλύσεσι
756 2462 845 2516 καὶ
889 2458 1080 2525 πέδαις
1128 2460 1548 2535 ἐνδησαμένους,
1575 2463 1676 2531 τὴν
1709 2462 1794 2517 ἐπὶ
1830 2463 2042 2534 θανάτῳ

373 2548 530 2626 ἄγειν
563 2557 663 2618 τῆς
697 2549 943 2627 κεφαλῆς
988 2550 1413 2625 ἀφαιρήσοντας⁶
1450 2552 1477 2605 ὁ
1526 2548 1601 2619 δὶ,
1651 2548 1840 2619 ἐπειδὴ
1873 2553 2041 2624 ἤγετο

369 2642 794 2714 τεθνηξόμενος,
820 2641 1017 2701 ταύτας
1056 2636 1344 2694 ἀναλαϐὼν
1393 2638 1493 2714 ᾖδε
1543 2644 1641 2694 τοῦ
1687 2638 1912 2710 ψαλμοῦ
1942 2641 2038 2701 τὰς

378 2730 589 2806 ῥήσεις·
649 2730 1039 2803 Ἐπίστρεψον,
1089 2731 1241 2805 ψυχή
1318 2750 1446 2801 μου,
1513 2728 1589 2790 εἰς
1640 2729 1740 2797 τήν
1800 2728 2040 2782 ἀνάπαυ-

380 2816 467 2872 σίν
498 2838 617 2891 σου,
647 2819 733 2873 ὅτι
760 2817 961 2893 Κύριος
991 2812 1319 2893 εύτ,ργὲτησέ
1349 2838 1427 2873 σε.

447 3040 537 3093 νε’.
590 3033 731 3089 Φασὶ
784 3031 842 3088 δὲ
887 3034 978 3089 καὶ
1030 3038 1178 3105 τρεῖς
1228 3030 1426 3095 παῖδας
1477 3030 1747 3107 ἀδελφοὺς
1783 3032 1845 3087 τὸ
1875 3030 2034 3107 γένος

371 3121 583 3196 κομιδῇ
642 3122 789 3185 νέους
852 3123 941 3178 ὑπ’
996 3122 1143 3194 αὐτῷ
1200 3124 1692 3198 ἀνατρεφομένους,
1730 3121 2034 3198 ἀρπαγῆναί

1753 377 1814 429 Β.
1854 376 2161 430 ARTEMII
2200 377 2467 431 PASSIO.

3688 379 3826 435 1302

2250 504 2337 556 54.
2373 502 2619 575 Babylas
2668 506 2828 559 enim
2879 504 2982 559 ille
3030 505 3249 559 dicitur
3297 507 3608 577 episcopus
3638 506 3823 562 fuisse

2168 593 2518 660 Antiochia),
2553 599 2610 648 et
2640 596 3000 650 Numeriano
3034 595 3391 665 imperatore
3426 595 3521 649 die
3562 596 3819 666 quadam

2164 680 2379 737 festiva
2408 684 2806 739 Christianam
2834 685 3144 739 ecclesiam
3176 684 3404 755 ingredi
3434 685 3681 754 volente,
3707 692 3820 739 ste-

2164 770 2306 825 tisse
2365 789 2484 841 prae
2542 772 2788 839 foribus,
2819 790 3074 844 eumque
3142 774 3516 844 prohibuisse
3576 775 3817 843 intrare,

2163 860 2368 916 dicens
2391 878 2453 916 se
2476 879 2580 933 pro
2600 863 2822 917 viribus
2842 862 3270 933 impediturum
3294 880 3365 916 ne
3389 863 3566 932 lupus
3583 879 3819 933 gregem

2162 949 2486 1005 invaderet.
2530 952 2858 1022 Imperator
2914 951 3156 1019 quidem
3212 952 3411 1006 statim
3444 951 3515 1006 ab
3548 952 3819 1023 ingressu

2160 1039 2437 1110 repulsus
2468 1038 2599 1105 fuit,
2634 1041 2754 1095 sive
2788 1040 2945 1110 quod
2979 1040 3336 1095 seditionem
3372 1041 3431 1094 in
3466 1040 3684 1111 populo
3714 1041 3816 1094 fu-

2161 1132 2353 1183 turam
2378 1128 2799 1199 suspicaretur,
2826 1130 2945 1183 sive
2967 1129 3128 1183 aliud
3152 1130 3477 1200 quidquam
3500 1135 3700 1185 mente
3724 1146 3817 1183 re-

2159 1217 2433 1272 volveret.
2488 1219 2633 1272 Cum
2684 1223 2884 1272 tamen
2936 1235 3087 1289 aegre
3136 1218 3316 1272 ferret
3354 1218 3815 1288 prohibitionem

2162 1304 2443 1376 episcopi,
2499 1304 2573 1361 ad
2630 1307 2852 1378 regiam
2913 1322 3204 1374 reversus,
3257 1307 3440 1377 jussit
3486 1324 3644 1374 eum,
3676 1306 3815 1361 facti

2161 1394 2252 1447 sui
2284 1396 2577 1450 rationem
2608 1395 3002 1461 redditurum,
3053 1395 3128 1449 ad
3178 1395 3438 1449 tribunal
3481 1395 3637 1450 duci.
3669 1398 3815 1449 Pro-

2160 1482 2335 1538 ducto
2368 1501 2505 1557 ergo
2532 1485 2768 1555 Babyla,
2790 1485 2982 1556 primo
3006 1484 3248 1555 quidem
3279 1484 3588 1539 audaciam
3612 1485 3811 1555 prohi-

2159 1573 2403 1628 bitionis
2443 1574 2755 1640 accusavit,
2793 1573 3011 1628 deinde
3047 1574 3234 1644 jussit
3278 1589 3414 1627 eum
3443 1573 3813 1628 daemonibus

2160 1663 2514 1730 sacrificare,
2541 1663 2588 1717 si
2614 1664 2789 1718 vellet
2811 1662 3249 1718 criminationis
3272 1678 3506 1732 pmnam
3532 1664 3809 1733 effugere.

2158 1751 2269 1806 Sed
2300 1753 2613 1823 episcopus
2648 1753 3089 1807 accusationem
3123 1750 3413 1816 dissolvit,
3449 1757 3507 1805 et
3537 1752 3810 1804 exhorta-

2157 1842 2381 1896 tionem
2428 1843 2673 1914 rejecit:
2725 1842 2889 1896 illam
2935 1841 3177 1911 quidem
3226 1841 3502 1907 dicendo,
3535 1846 3809 1910 oportere

2157 1948 2240 1998 se,
2275 1938 2477 2003 utpote
2533 1939 2853 2003 pastorem,
2916 1932 3121 1986 omnia
3176 1948 3281 2002 pro
3338 1947 3510 2003 grege
3551 1930 3811 1983 libenter

2153 2020 2275 2091 pati
2302 2038 2314 2088 ;
2344 2022 2498 2075 hanc
2529 2028 2729 2076 autem
2752 2020 3151 2075 renuntiando
3176 2037 3237 2074 se
3262 2037 3381 2075 non
3405 2020 3806 2074 admissurum

2155 2115 2239 2177 ut,
2289 2109 2576 2181 abnegato
2624 2127 2760 2165 vero
2815 2111 2950 2175 Deo,
2998 2109 3361 2164 sacriﬁcaret
3412 2108 3806 2174 daemonibus,

2151 2198 2318 2254 falsis
2341 2200 2570 2255 scilicet
2589 2199 2700 2253 diis
2723 2205 2781 2254 et
2802 2198 3154 2269 perniciosis
3185 2199 3512 2269 spiritibus.
3546 2200 3803 2268 Impera-

2155 2293 2245 2342 tor
2264 2294 2330 2343 ut
2357 2288 2497 2342 vidit
2530 2288 2701 2343 illum
2734 2306 2855 2342 non
2890 2287 3291 2355 obedientem,
3317 2287 3496 2357 jussit
3529 2302 3686 2353 eum,
3720 2303 3810 2340 ca-

2153 2377 2310 2433 tenis
2340 2383 2398 2431 et
2426 2377 2814 2448 compedibus
2856 2376 3123 2448 ligatum,
3157 2376 3369 2446 capitis
3399 2376 3806 2445 amputatione

2152 2464 2431 2520 interfici.
2458 2465 2565 2530 Qui
2597 2482 2732 2519 cum
2767 2464 3083 2519 duceretur
3113 2464 3459 2528 moriturus,
3491 2478 3805 2516 assumens

2152 2554 2277 2608 hmo
2309 2554 2524 2625 psalmi
2556 2554 2734 2608 verba
2755 2554 3006 2608 canebat
3032 2570 3044 2607 :
3072 2556 3416 2615 Convertere,
3440 2555 3632 2605 anima
3661 2568 3802 2617 mea,

2147 2644 2207 2695 in
2237 2644 2481 2711 requiem
2526 2649 2698 2709 tuam,
2732 2645 2996 2712 quoniam
3037 2644 3298 2696 Dominus
3332 2642 3598 2709 benefecit
3629 2641 3730 2694 tibi
3759 2641 3799 2693 ⁸.

2216 3036 2303 3087 55.
2329 3033 2538 3088 Fertur
2568 3031 2745 3086 etiam
2776 3036 2894 3087 tres
2944 3046 3183 3102 pueros,
3214 3029 3429 3086 fratres
3458 3047 3797 3103 germanos,

2143 3122 2467 3179 admodum
2492 3122 2744 3193 juvenes
2777 3126 2953 3191 atque
2986 3137 3020 3175 a
3051 3126 3254 3175 sancto
3296 3120 3575 3191 episcopo
3605 3121 3801 3175 nutri-

531 3212 545 3233 \
626 3213 638 3231 ,
720 3212 731 3229 ἴ
846 3213 859 3234 ε
918 3212 946 3267 ὸ
1070 3216 1095 3227 θ’
1431 3230 1445 3244 ο
1564 3211 1577 3229 ‘
1638 3213 1653 3233 ξ
1774 3212 1786 3231 τ
1836 3212 1846 3231 ν
1922 3212 1934 3230 ⁷
2011 3208 2033 3233 ιλ

369 3234 431 3269 τε
457 3234 548 3268 και
581 3233 778 3275 αυτους
840 3234 915 3267 υπ
1002 3233 1100 3266 του
1152 3209 1425 3287 βασιλέως
1490 3233 1581 3266 και
1623 3232 1698 3273 ως
1730 3209 1828 3266 ουδ
1879 3232 2031 3265 αυτοι

2153 3218 2256 3280 tos,
2293 3217 2496 3283 captos
2527 3211 2708 3265 fuisse
2740 3210 2811 3265 ab
2845 3210 3225 3281 imperatore.
3259 3210 3403 3264 Cum
3434 3227 3570 3265 vero
3606 3226 3801 3280 neque

371 3303 516 3358 θύειν
549 3300 775 3374 ἤθελον,
803 3303 893 3357 καὶ
934 3323 1019 3357 τοι
1060 3302 1324 3363 παντοίας
1374 3300 1612 3377 ἀνάγκης
1641 3301 1827 3362 αὐτοῖς
1858 3321 2033 3371 προσ-

367 3393 674 3467 αγομένης,
732 3392 823 3447 καὶ
900 3390 1099 3453 αὐτοὺς
1176 3390 1429 3447 κελεῦσαι
1487 3391 1577 3446 τὸν
1642 3389 1872 3466 βασιλέα
1925 3395 2036 3445 τῶν

365 3481 621 3558 κεφαλῶν
654 3483 923 3557 ἂφαιρεῖν.
978 3477 1089 3540 Οὕς
1143 3479 1334 3549 ἐπειδὴ
1390 3483 1524 3548 ἧκον
1580 3479 1658 3541 εἷς
1704 3481 1767 3534 τὸ
1812 3479 2039 3552 προκεί-

372 3590 535 3643 μενον
590 3567 825 3644 χωρίον,
885 3569 914 3622 ὁ
973 3562 1225 3629 Βαϐύλας
1298 3569 1479 3639 ἑαυτῷ
1555 3570 2037 3643 προστησάμενος,

368 3661 519 3732 [383]
578 3656 875 3732 προτέρους
932 3660 1182 3732 προσῆγε
1247 3661 1328 3729 τῷ
1401 3658 1565 3729 ξίφειο
1625 3661 1723 3711 τοῦ
1786 3659 1863 3729 μὴ
1916 3680 2039 3713 τινα

364 3754 656 3821 τερέσαντα
710 3746 869 3802 αὐτὸν
932 3743 1188 3801 ἀναδῦναι
1259 3749 1351 3800 τὸν
1434 3747 1684 3816 θάνατον,
1741 3747 1832 3801 καὶ
1895 3748 2037 3801 ἀπο-

369 3836 725 3907 τεμνομένων
756 3834 958 3903 ταύτην
1006 3831 1066 3887 ἂν
1122 3832 1289 3887 εἰπὼν
1347 3832 1449 3901 τὴν
1509 3834 1719 3906 φωνήν·
1757 3830 1898 3887 Ἰδοὺ
1928 3832 2038 3907 ἐγὼ

366 3926 461 3981 καὶ
492 3927 562 3980 τά
616 3922 808 3980 παιδία
863 3923 897 3978 ἃ
957 3944 1053 3997 μοι
1109 3922 1309 3978 ἔδωκεν
1366 3924 1393 3976 ὀ
1453 3922 1609 3984 Θεός.
1666 3924 1895 3979 Ἔπειτα
1947 3916 2038 3995 καὶ

368 4014 532 4076 αὐτὸς
564 4013 849 4089 προῦτεινε
875 4012 968 4068 τὸν
1028 4012 1229 4068 οἰκεῖον
1281 4011 1450 4067 αὐτοῦ
1510 4013 1721 4087 ἀύχένα
1762 4017 1846 4085 τῷ
1877 4008 2039 4089 ξίφεϊ

368 4104 752 4177 ἐντειλάμετος
809 4109 926 4166 τοῖς
990 4105 1053 4158 τὸ
1132 4108 1294 4176 σῶμα
1366 4105 1532 4158 αὐτοῦ
1590 4102 2039 4175 ἀναλεξαμένοις’

363 4194 464 4255 τὰς
498 4193 721 4257 ἁλύσεις
749 4194 836 4248 καὶ
880 4194 975 4254 τάς
1026 4190 1193 4253 πὲδας
1242 4189 1390 4264 αύτῷ
1420 4192 1710 4265 συνθάψαι,
1745 4193 1838 4248 Ἰν’
1869 4190 1905 4265 ᾖ
1942 4189 2041 4265 μοξ

360 4287 552 4347 ταῦτα,
587 4283 744 4359 φησὶ,
775 4284 1016 4355 κειμένῳ
1062 4281 1294 4353 κόσμος·
1342 4280 1434 4335 καὶ
1468 4278 1558 4335 οὖν
1592 4280 1683 4335 καὶ
1720 4282 1834 4354 μετ’
1866 4260 2045 4336 αὐτῷν

370 4367 450 4424 ἔτι
480 4371 743 4445 τυγχάνει
774 4370 1050 4444 κείμενος,
1096 4370 1172 4433 ὡς
1224 4368 1374 4446 φασί.
1432 4373 1631 4424 Τοῦτον
1658 4369 1750 4423 τὸν
1786 4364 2037 4425 Βαϐύλαν

363 4460 394 4514 ὁ
433 4455 762 4527 Ἰουλιανὸς,
816 4456 1004 4527 ἐπειδὴ
1055 4459 1192 4531 πρὸς
1240 4462 1337 4512 τοῦ
1385 4454 1649 4514 Εύσεϐἰου
1698 4456 1899 4527 ἤκουσε
1928 4460 2039 4513 κώ-

2146 3302 2205 3356 hi
2238 3302 2576 3357 sacriﬁcare
2611 3300 2850 3367 vellent,
2884 3300 3024 3354 licet
3069 3298 3143 3354 ad
3176 3300 3233 3354 id
3265 3300 3664 3371 undecunque
3702 3318 3801 3357 co-

2145 3396 2447 3465 gerentur,
2482 3407 2583 3445 eos
2633 3407 2869 3461 quoque
2918 3389 3201 3444 decollari
3240 3389 3425 3459 jussit
3454 3390 3797 3461 imperator.

2150 3480 2257 3535 Ubi
2306 3480 2381 3535 ad
2430 3480 2625 3535 locum
2675 3479 3041 3550 propositum
3092 3485 3332 3532 ventum
3391 3484 3499 3545 est,
3554 3479 3801 3550 Babylas

2149 3571 2389 3627 eosdem
2421 3577 2558 3626 ante
2591 3587 2653 3625 se
2689 3576 2977 3635 statuens,
3012 3570 3237 3640 priores
3280 3569 3477 3640 gladio
3509 3569 3796 3637 exhibuit,

2150 3677 2225 3715 ne
2256 3660 2390 3731 quis
2423 3676 2629 3715 eorum
2661 3676 2729 3714 ex
2763 3659 2974 3714 timore
3019 3664 3272 3713 mortem
3302 3658 3626 3729 aufugeret.
3660 3659 3797 3722 Qui-

2150 3749 2262 3804 bus
2290 3749 2625 3813 decollatis,
2657 3749 2920 3804 recitatis
2979 3764 3214 3819 quoque
3264 3748 3355 3805 his
3403 3747 3630 3802 verbis:
3662 3750 3799 3803 Ecce

2151 3856 2251 3909 ego
2280 3846 2332 3893 et
2356 3841 2520 3909 pueri
2547 3855 2683 3908 quos
2713 3839 2863 3892 dedit
2898 3837 3038 3891 mihi
3066 3839 3206 3891 Deus
3238 3838 3275 3904 ο,
3312 3842 3371 3890 et
3393 3837 3519 3907 ipse
3577 3837 3797 3891 collum

2152 3946 2326 3983 suum
2357 3928 2662 3999 protendit
2705 3927 2921 3999 gladio.
2967 3928 3231 3981 Iusserat
3262 3926 3417 3993 illos,
3451 3927 3551 3996 qui
3585 3942 3800 3996 corpus

2153 4019 2281 4091 ejus
2311 4016 2620 4073 collecturi
2651 4021 2839 4081 erant,
2869 4021 3107 4071 catenas
3138 4022 3195 4069 et
3223 4014 3541 4087 compedes
3562 4032 3696 4069 cum
3730 4031 3797 4069 eo

2152 4107 2428 4179 sepelire,
2459 4112 2521 4161 ut
2575 4106 2697 4160 sint
2742 4106 2891 4173 haec,
2941 4104 3520 4176 inquiebat,jacenti
3555 4103 3698 4158 mihi
3725 4102 3800 4158 ad

2151 4203 2467 4262 ornatum;
2498 4200 2557 4251 et
2584 4212 2795 4265 reapse
2846 4194 3035 4249 fertur
3090 4211 3225 4249 cum
3258 4194 3330 4249 iis
3357 4194 3549 4248 adhuc
3572 4194 3794 4264 jacere.

2148 4288 2419 4343 Julianus
2442 4302 2599 4358 ergo.
2624 4301 2759 4339 cum
2780 4283 3101 4339 audivisset
3130 4283 3202 4337 ab
3235 4283 3486 4338 Eusebio
3518 4282 3798 4354 Babylam

2151 4376 2310 4431 hunc
2331 4391 2460 4429 esse
2482 4373 2911 4444 impedimento
2936 4372 3147 4426 statuis
3170 4372 3489 4442 quominus
3511 4386 3799 4441 responsa

2151 4466 2415 4530 ederent,
2452 4463 2613 4517 illico
2646 4461 2949 4517 mandavit
2996 4461 3092 4525 iis,
3141 4478 3397 4531 quorum
3437 4460 3685 4514 referret
3716 4460 3798 4513 ita

366 4546 521 4620 λυμα
574 4553 693 4609 τοῖς
750 4547 1059 4623 ἀγάλμασιν
1119 4548 1252 4602 εἶναι
1310 4551 1407 4601 1:06
1472 4548 1548 4619 μή
1607 4553 1769 4622 χρᾷν,
1833 4548 2026 4601 αὐτίκα

2153 4555 2305 4617 ﬁeri,
2324 4558 2389 4607 ut
2409 4568 2648 4623 capsam
2673 4551 2860 4616 illam,
2887 4568 2957 4604 ex
2977 4566 3191 4621 magno
3216 4550 3410 4620 lapide
3433 4555 3794 4615 excavatam,

362 4637 714 4710 προσέταξεν,
768 4636 905 4710 αὐτῇ
953 4638 1119 4711 θήκῃ,
1178 4635 1333 4692 λίθου
1391 4634 1437 4691 δ’
1481 4636 1593 4691 ἐστὶ
1656 4635 1898 4711 μεγάλου
1930 4658 2028 4690 πε-

363 4728 671 4800 ποιημένη,
707 4725 960 4801 μετάγειν
1014 4724 1074 4780 ἐκ
1124 4732 1224 4795 τῆς
1284 4725 1500 4804 Δάφνης
1533 4728 1616 4788 οἷς
1638 4725 1690 4781 τί
1714 4729 1878 4781 τοῦτο
1908 4723 2022 4779 δια-

362 4817 516 4893 φέρει
564 4814 756 4892 πόρῥω
800 4819 906 4870 ποῦ
954 4815 1119 4869 αὐτὸν
1186 4812 1493 4889 ἀλλαχόσε,
1538 4812 1630 4869 ἵνα
1754 4815 1844 4869 καὶ
1894 4814 2026 4889 βού-

361 4902 575 4961 λωνται
638 4904 1175 4978 μεταστησαμένους.
1225 4904 1399 4968 Εὐθὺς
1453 4902 1544 4959 οὖν
1584 4905 1612 4958 ὁ
1649 4907 1749 4970 τῆς
1807 4899 2025 4968 πόλεως

358 4990 544 5068 ὄχλος
576 4993 948 5069 προχυθέντες
999 4994 1076 5055 ὡς
1132 4992 1220 5048 ἐπὶ
1282 4992 1493 5068 μεγάλῃ
1544 4993 1711 5063 αἰτίᾳ,
1744 4993 1835 5047 καὶ
1867 5012 2024 5063 περι-

353 5078 707 5154 ϐαλλόμενοι
743 5081 925 5137 εἷλκον
970 5084 1069 5151 τὴν
1105 5084 1302 5153 θήκην·
1362 5084 1397 5151 ἡ
1455 5080 1511 5136 δὶ
1561 5083 1637 5144 ὡς
1671 5081 1777 5157 οὐχ
1811 5082 1900 5137 ὑπ’
1930 5081 2019 5135 ἀν-

354 5169 604 5247 θρώπων
692 5167 967 5242 ἑλκομένη
1055 5168 1272 5243 μᾶλλον
1340 5172 1375 5242 ἢ
1455 5172 1765 5246 κρείττονος
1850 5169 2020 5239 αὐτὴν

346 5258 622 5330 κινούσης
679 5256 984 5332 δυνάμεως,
1055 5257 1248 5333 ἔφθανε
1318 5259 1623 5332 προθυμίαν
1683 5258 2017 5334 ἐφεπομένη·

347 5348 681 5424 αὐθήμερόν
737 5348 798 5423 γέ
851 5368 939 5402 τοι
997 5347 1165 5417 αὐτὴν
1226 5347 1475 5411 σταδίοῡς
1533 5348 1701 5404 πλέον
1742 5350 1776 5417 ἢ
1817 5351 2017 5419 πεντή-

349 5459 526 5495 κοντα
577 5436 965 5511 κομισάμενοι,
1021 5435 1072 5491 ἐν
1143 5441 1223 5509 τῷ
1278 5434 1605 5511 καλουμένῳ
1662 5439 2018 5511 κοιμητηρίῳ

358 5527 668 5587 κατέθεσαν.
703 5528 857 5583 Ἔστι
910 5523 967 5581 δὲ
1014 5524 1066 5581 ἐν
1114 5525 1185 5601 τῇ
1236 5524 1395 5582 πόλει
1428 5528 1573 5590 οἶκος
1602 5527 1868 5602 σωμάτων
1902 5548 2014 5582 πα·-

432 5712 456 5749 ⁵
484 5711 641 5770 Psal.
675 5725 820 5781 (inv,
850 5712 905 5767 7.
937 5710 960 5747 '
990 5710 1102 5768 Isa.
1133 5724 1254 5782 vni,
1287 5711 1376 5769 18.

2144 4660 2180 4699 a
2208 4643 2453 4713 Daphne
2485 4641 2879 4696 transferrent
2926 4640 3210 4694 aliorsum
3261 4638 3489 4709 procul,
3522 4654 3796 4708 quocun-

2137 4749 2252 4804 que
2272 4731 2597 4787 voluissent
2614 4728 2885 4784 eamdem
2907 4727 3595 4798 transponentes.Statim
3617 4727 3798 4799 igitur

2135 4821 2387 4878 civitatis
2419 4818 2587 4895 plebs
2628 4818 2910 4883 effusa,ac
2950 4817 2999 4870 si
3049 4817 3119 4871 de
3154 4833 3215 4870 re
3256 4832 3469 4888 magna
3495 4822 3792 4888 ageretur,

2135 4917 2194 4966 et
2221 4911 2697 4966 circumcurrens
2759 4905 3033 4961 trahebat
3086 4922 3323 4975 capsam
3354 4925 3367 4973 ;
3401 4906 3527 4960 haec
3567 4911 3789 4971 autem,

2132 5005 2195 5055 ut
2229 5017 2359 5069 quae
2393 5014 2513 5053 non
2548 5002 2668 5050 tam
2718 4996 3053 5050 traheretur
3099 4994 3172 5049 ab
3218 4994 3564 5049 hominibus
3608 5010 3790 5065 quam

2130 5089 2465 5161 potentiore
2497 5085 2755 5156 quadam
2785 5084 2837 5139 vi
2878 5088 3234 5151 moveretur,
3269 5083 3631 5138 trahentium
3664 5084 3790 5139 ala—

2130 5179 2401 5234 critatem
2445 5177 2504 5230 in
2554 5173 2858 5246 sequendo
2912 5174 3382 5245 praeoccupabat.
3416 5174 3786 5228 Translatam

2132 5268 2292 5322 enim
2342 5266 2551 5322 eadem
2602 5265 2697 5320 die
2756 5264 3075 5335 plusquam
3108 5264 3300 5318 stadia
3331 5264 3783 5335 quinquaginta,

2130 5360 2458 5426 posuerunt
2506 5355 2567 5408 in
2616 5354 2813 5408 locum
2859 5353 2960 5423 qui
3011 5355 3375 5408 cmmeterium
3424 5353 3780 5424 appellatur.

2128 5446 2229 5498 Est
2258 5460 2473 5515 nempe
2505 5443 2566 5497 in
2612 5444 2845 5498 civitate
2897 5442 3237 5508 mdiﬁcium,
3273 5441 3371 5495 ubi
3407 5441 3593 5495 multa
3623 5441 3781 5495 anti-

2128 5550 2382 5605 quorum
2410 5533 2690 5599 virorum,
2716 5532 2871 5588 inter
2894 5548 3044 5602 quos
3076 5537 3216 5587 sunt
3237 5530 3511 5587 nonnulli
3537 5536 3782 5602 pr0pter
