4120 6412
372 429 510 485 1303

1899 428 2269 483 ADDENDA.

3657 419 3810 477 1304

371 554 655 626 pietatem
685 556 1036 627 martyrium
1067 557 1247 629 passi,
1272 572 1523 628 corpora
1543 557 1768 628 jacent.
1795 556 1866 609 Et
1887 557 2027 608 tunc

2162 551 2312 603 ιαιῶν
2346 545 2557 624 ἀνδρῶν
2607 544 2697 601 καὶ
2751 543 2903 600 ἐνίων
2949 564 3014 620 γε
3067 542 3152 598 ἐπ’
3199 537 3447 617 εὐσεϐείᾳ
3479 564 3811 619 μαρτυρου-

374 644 619 716 quidem
650 662 890 717 capsam
919 646 1070 701 istuc
1099 651 1505 719 portaverunt.

449 825 536 878 56.
572 824 841 880 Julianus
877 830 1076 880 autem
1108 824 1357 896 parabat
1387 823 1835 880 multitudinem
1863 821 2029 877 victi-

379 928 612 967 marum
661 917 720 967 et
775 913 1181 981 donariorum,
1238 919 1476 985 postera
1525 913 1620 968 die
1667 929 1803 967 cum
1852 909 2027 965 eisin

378 1001 685 1072 Daphnem
715 1018 1094 1073 ascensurus,
1127 1008 1186 1056 et
1217 1008 1357 1057 tunc
1387 1002 1629 1074 quidem
1661 1017 1910 1073 sperans
1944 1015 2028 1065 se,

377 1090 575 1145 sinon
633 1091 925 1156 omnium,
983 1097 1044 1146 at
1100 1098 1259 1146 certe
1318 1092 1612 1163 Apollinis
1669 1089 1907 1145 oracula
1931 1105 2029 1141 ex-

374 1183 706 1249 cepturum.
743 1181 808 1234 In
839 1180 999 1235 hunc
1032 1181 1192 1235 enim
1227 1186 1412 1236 totam
1445 1180 1624 1235 studii
1655 1179 1746 1234 sui
1778 1195 1942 1250 spem
1975 1180 2034 1232 et

373 1269 817 1325 contentionem
866 1270 1182 1343 dirigebat,
1215 1271 1514 1342 siquidem
1548 1270 1598 1325 ei
1634 1269 1818 1341 magis
1851 1284 2032 1339 quam

375 1355 475 1412 alii
508 1358 851 1431 hujusmodi
902 1359 1069 1414 locus
1118 1365 1429 1431 praestaret
1463 1361 1637 1430 juxta
1667 1364 1854 1413 artem
1889 1355 2032 1410 divi-

374 1446 581 1516 nandi,
614 1453 674 1501 et
703 1448 948 1519 Daphne
1001 1448 1053 1502 ei
1103 1453 1449 1504 consecrata
1478 1454 1657 1514 esset,
1693 1463 1802 1501 nec
1834 1448 2036 1517 posset

379 1534 637 1590 dubitari
671 1536 817 1607 quin
851 1537 902 1591 ei
935 1537 995 1591 in
1018 1538 1260 1609 propria
1283 1537 1420 1593 sede
1442 1537 1636 1608 major
1657 1551 1837 1607 quam
1861 1539 2032 1589 caete-

379 1623 465 1678 ris
486 1623 860 1680 dmmonibus
875 1632 1241 1697 competeret
1255 1624 1838 1698 potentia.Eusebius
1861 1640 2033 1694 porro

388 1719 448 1769 et
468 1715 570 1785 qui
592 1714 874 1770 dicuntur
893 1716 1232 1771 sacerdotes
1253 1722 1429 1787 atque
1452 1715 1809 1770 aedituorum
1841 1712 2034 1780 turba,

387 1809 798 1874 exspectantes
830 1805 1273 1876 imperatorem,
1324 1805 1598 1860 maximis
1647 1805 1709 1858 in
1748 1801 2035 1874 angustiis

2141 636 2340 708 μένων,
2372 634 2560 691 πολλὰ
2617 631 2954 710 δεδεγμένος
3013 631 3138 687 τότε
3197 632 3291 706 μὲν
3339 631 3432 687 οὖν
3483 633 3584 703 τὴν
3620 633 3808 704 θήκην

2135 723 2356 781 ἐνταῦθα
2388 724 2754 798 εῗσεκόμισαν.

2209 816 2304 878 νςῖ
2338 815 2399 872 Ὀ
2428 811 2485 868 δὲ
2516 811 2812 874 Ἰουλιανὸς
2865 811 3292 886 παρεσκευάζετο
3331 809 3550 876 πλῆθος
3581 812 3809 887 ἱερείων

2135 924 2196 960 τε
2225 904 2312 958 καὶ
2376 903 2763 972 ἀναθημάτων,
2821 901 2896 963 ὡς
2953 904 3022 974 τῇ
3086 900 3336 973 ὑστεραίᾳ
3379 899 3470 955 σὺν
3504 900 3690 965 αὐτοῖς
3725 900 3812 964 εἷς

2136 996 2236 1062 τήν
2272 992 2484 1070 Δάφνην
2516 985 2952 1064 ἀναϐησόμενος,
3007 994 3097 1044 νῦν
3147 1011 3207 1066 γε
3255 987 3322 1058 δὴ
3373 987 3591 1053 πάντως
3642 989 3815 1046 ἐλπί-

2143 1088 2248 1152 ζων
2283 1080 2330 1135 εἷ’
2362 1083 2438 1153 μή
2471 1085 2577 1135 τῶν
2612 1078 2826 1148 ἄλλων,
2855 1078 3000 1134 άλλά
3036 1081 3134 1133 τοῦ
3178 1100 3241 1153 γε
3287 1077 3649 1142 ’Λπόλλωνος
3679 1079 3814 1135 τεύ-

2142 1172 2317 1243 ξεσται
2366 1171 2898 1242 ἁποκριθησομένοψ
2953 1168 3041 1223 ἐπὶ
3085 1172 3275 1223 τοῦτον
3325 1168 3426 1245 γὰρ
3478 1167 3626 1242 αύτῷ
3657 1175 3817 1224 πᾶσα

2140 1267 2239 1330 τῆς
2295 1257 2602 1334 προθυμίας
2661 1261 2695 1328 ἡ
2757 1256 2917 1320 ἐλπὶς
2975 1258 3042 1326 ἧν
3098 1257 3188 1312 καὶ
3247 1258 3274 1312 ὁ
3331 1257 3510 1326 τόνος,
3544 1258 3618 1320 ὡς
3653 1257 3815 1332 αὐτῷ

2147 1346 2360 1423 μᾶλλον
2416 1345 2452 1417 ἤ
2511 1347 2681 1422 ἑτέρῳ
2737 1347 2799 1401 τὸ
2856 1349 3105 1401 τοιοῦτον
3163 1343 3416 1424 διαφέρον
3449 1348 3588 1401 κατά
3614 1367 3675 1402 τε
3699 1348 3811 1416 τὴν

2146 1439 2412 1513 μαντικὴν
2460 1437 2687 1512 τέχνην,
2737 1437 2828 1491 καὶ
2884 1435 3030 1509 αύτῳ
3076 1437 3138 1491 τὸ
3195 1438 3407 1512 χωρίον
3439 1438 3589 1511 [384]
3620 1437 3810 1492 ἀνεῖτο

2143 1529 2178 1598 ἡ
2212 1529 2416 1604 Δάφνη,
2445 1528 2735 1599 νομίζοντι
2789 1525 2935 1598 αὐτῷ
2989 1523 3040 1580 ἔν
3086 1546 3142 1580 τε
3189 1529 3268 1597 τῷ
3320 1525 3506 1598 οίκείῳ
3535 1528 3696 1599 τόπῳ
3729 1526 3810 1581 εἰ·

2143 1617 2341 1685 κότως,
2374 1615 2409 1686 ἢ
2439 1620 2546 1670 τῶν
2598 1613 2786 1670 ἄλλων
2843 1612 3119 1688 δαιμόνων
3172 1613 3409 1691 ῒσχύειν.
3440 1619 3500 1672 Ὀ
3531 1613 3590 1671 δὲ
3631 1615 3805 1673 Eximio

2145 1701 2266 1770 ὄιος
2293 1705 2383 1760 καὶ
2442 1706 2499 1759 οἱ
2559 1702 2851 1782 λεγόμενοι
2911 1705 3076 1780 ἱερεῖς
3133 1703 3223 1758 καὶ
3277 1709 3385 1760 τῶν
3433 1707 3707 1780 νεοκόρων
3739 1707 3806 1761 τὸ

2146 1794 2360 1865 πλῆθος
2406 1790 2848 1871 προσδεχόμενοι
2900 1794 2994 1848 τὸν
3066 1792 3312 1869 βασιλέα,
3365 1793 3416 1849 ἐν
3480 1795 3650 1871 ἀγῶνι
3704 1816 3805 1868 μεη

387 1893 797 1960 versabantur,
849 1895 1008 1950 circa
1054 1895 1374 1967 imaginem
1425 1893 1764 1963 vigilabant.
1797 1899 1856 1947 et
1883 1891 2038 1945 nihil

2162 1883 2307 1961 γαλῳ
2360 1880 2603 1951 ἔστασαν,
2658 1885 2749 1938 καὶ
2808 1881 3177 1959 διηγρύπνουν
3247 1884 3371 1960 περὶ
3427 1886 3491 1939 τὸ
3549 1883 3800 1961 ἄγαλμα,

386 1998 507 2037 non
539 1982 1037 2038 machinabantur
1065 1989 1131 2038 ut
1168 1985 1457 2052 Julianus,
1491 1983 1730 2055 quando
1759 1981 2037 2047 venisset,

2147 1978 2320 2031 πάντα
2365 1974 2904 2050 πραγματευόμενοι,
2962 1975 3111 2037 ’ὁπως
3170 1972 3340 2031 ἐπειδ’
3399 1975 3458 2030 ἂν
3515 1977 3798 2051 ἀφίκηται,

386 2088 516 2127 eam
547 2072 840 2128 inveniret
866 2073 1250 2145 loquentem;
1302 2075 1521 2129 etenim
1571 2073 1726 2127 alius
1758 2071 2040 2142 deinceps

2162 2068 2310 2144 τύχοι
2370 2067 2538 2121 αὐτοῦ
2599 2065 2985 2145 φθεγξαμένου·
3047 2067 3122 2131 ὡς
3180 2065 3359 2138 ἄλλης
3416 2089 3477 2144 γε
3533 2067 3683 2141 αὐτῷ
3726 2065 3804 2124 ἔτι

385 2159 658 2216 dilationi
690 2179 810 2217 non
833 2162 1288 2234 relinquebatur
1309 2167 1648 2234 praetextus.
1682 2163 1810 2216 Jam
1842 2166 2041 2216 autem

388 2267 508 2306 nox
533 2251 788 2306 multum
839 2257 1230 2324 processerat,
1266 2269 1400 2308 cum
1444 2252 1597 2322 ignis
1629 2268 1659 2306 e
1691 2250 1836 2306 caelo
1868 2250 2040 2304 vehe-

386 2346 622 2396 menter
664 2341 962 2396 demissus
1008 2341 1182 2396 irruit
1239 2341 1300 2395 in
1360 2341 1672 2412 templum,
1723 2356 1838 2410 quo
1867 2337 2046 2393 simul

391 2429 556 2485 omni
588 2446 658 2484 ex
689 2435 854 2501 parte
903 2431 1300 2502 apprehenso,
1332 2430 1522 2501 ipsam
1557 2429 1878 2500 imaginem
1911 2444 2045 2482 cum

396 2518 659 2574 donariis
691 2519 934 2574 exussit.
969 2521 1236 2590 Cumque
1270 2520 1474 2574 omnia
1509 2519 1688 2574 simul
1719 2517 2049 2589 conﬂagra-

394 2614 550 2677 rent,
585 2614 644 2663 et
672 2608 824 2679 ignis
855 2609 1022 2664 valde
1082 2609 1486 2676 extolleretur,
1520 2609 1794 2680 protinus
1824 2607 2050 2662 clamor

396 2697 607 2770 ingens
631 2699 788 2753 circa
809 2699 997 2754 aedem
1030 2698 1378 2764 intonuit,et
1398 2698 1547 2752 nulli
1581 2697 1794 2752 similis
1828 2695 2052 2751 exstitit

398 2787 887 2842 tumultus.Multi
920 2787 1161 2859 quidem
1186 2788 1247 2842 in
1272 2787 1558 2842 auxilium
1593 2786 2047 2853 concurrebant,

397 2877 501 2933 sed
522 2895 698 2932 nemo
723 2883 850 2932 erat
874 2879 974 2949 qui
1000 2884 1202 2949 posset
1223 2879 1343 2951 igni
1368 2879 1668 2933 resistere.
1694 2881 1764 2932 Et
1784 2877 1926 2932 dum
1949 2877 2049 2932 alii

394 2967 673 3039 prmfecto
726 2967 986 3022 Orientis
1043 2969 1174 3038 (19),
1230 2968 1486 3031 Juliano.
1547 2985 1672 3022 rem
1731 2966 2050 3022 iudicaturi

393 3062 728 3119 currerent,
763 3056 957 3111 stabat
986 3056 1221 3127 reliqua
1254 3056 1428 3112 turba
1455 3056 1883 3127 obstupefacta,
1919 3073 2054 3126 spe-

394 3152 563 3202 ctans
592 3146 978 3216 insperatam.
1004 3163 1134 3216 quae
1160 3146 1456 3201 invaserat
1479 3163 1601 3213 eos,
1628 3146 2050 3201 calamitatem.

395 3233 554 3306 Ignis
598 3237 796 3288 autem
841 3232 996 3287 nihil
1042 3233 1205 3288 aliud
1253 3233 1552 3305 tangebat,
1605 3234 1748 3289 licet
1795 3239 1959 3288 tanta
1997 3239 2056 3289 et

397 3328 520 3378 tam
553 3323 794 3393 copiosa
823 3323 1073 3377 materia
1095 3322 1219 3378 illic
1245 3322 1499 3390 adesset,
1531 3323 1649 3378 nisi
1679 3323 1968 3394 templum
1992 3323 2054 3378 in

403 3412 561 3484 quod
593 3411 908 3479 ceciderat,
942 3417 999 3466 et
1029 3428 1161 3482 quea
1193 3411 1431 3467 inerant
1462 3411 1690 3479 eidem;
1724 3413 1807 3466 ita
1835 3417 1919 3478 ut,
1953 3411 2058 3466 de-

404 3499 526 3556 leta
556 3499 814 3571 imagine
848 3517 983 3555 cum
1014 3500 1309 3556 universis
1340 3500 1626 3569 donariis,
1659 3501 2060 3556 remanserint

404 3604 595 3660 pauca
643 3587 1034 3643 aedificiorum
1082 3587 1350 3660 vestigia,
1401 3587 1624 3644 indicia
1676 3587 2056 3654 calamitatis,

408 3693 540 3747 quaa
571 3675 764 3732 adhuc
791 3675 1190 3732 ostenduntur
1213 3680 1498 3748 tanquam
1529 3677 1930 3733 certissimum
1962 3693 2060 3733 ar-

409 3773 759 3840 gumentum
791 3767 945 3842 ignis
975 3767 1258 3824 divinitus
1291 3768 1565 3826 immissi.

477 4040 566 4093 57.
593 4038 863 4094 Julianus
911 4043 1132 4109 autem,
1177 4055 1313 4094 cum
1362 4038 1687 4095 audivisset
1733 4057 1864 4112 quae
1905 4041 2059 4096 acci-

405 4127 637 4197 derant,
652 4129 742 4184 ira
762 4128 1107 4201 repletur,et
1131 4146 1301 4202 grave
1322 4130 1643 4186 arbitratus
1665 4131 1711 4186 si
1735 4131 2057 4187 Christiani

406 4233 476 4273 ex
506 4217 617 4274 hoc
651 4235 789 4273 casu
823 4235 958 4273 eum
992 4224 1195 4274 essent
1237 4219 1621 4287 ludificaturi,
1655 4221 1854 4275 statim
1879 4219 2060 4293 jussit

403 4307 541 4363 illos
574 4324 603 4363 e
636 4310 841 4381 Magna
871 4308 1123 4364 ecclesia
1153 4309 1388 4380 expelli.
1418 4310 1582 4364 omni
1616 4309 1800 4375 aditu,
1836 4309 2060 4366 foribus

405 4397 780 4453 strictissime
829 4397 1070 4463 clausis,
1124 4398 1448 4468 prohiberi,
1483 4406 1540 4453 et
1571 4400 1772 4454 omnia
1800 4399 2062 4471 pretiosa

408 4486 726 4558 publicari.
761 4487 934 4542 Dedit
963 4503 1201 4558 quoque
1232 4487 1555 4560 gentilibus
1595 4488 1938 4544 facultatem
1966 4490 2060 4544 in-

407 4575 716 4647 grediendi
768 4575 1242 4632 Christianorum
1289 4576 1594 4644 ecclesias,
1645 4583 1704 4633 et
1745 4578 1805 4632 in
1847 4578 2060 4633 iisdem

405 4679 512 4734 pro
543 4663 716 4717 libitu
743 4664 977 4735 agendi.
1017 4665 1239 4730 Quibus
1286 4683 1319 4721 a
1371 4671 1627 4738 tyranno
1660 4672 1718 4721 et
1748 4667 1930 4737 impio
1960 4669 2062 4722 Ju-

403 4752 566 4808 liano
598 4752 960 4823 constitutis,
995 4754 1137 4825 quid
1179 4756 1574 4810 maximorum
1608 4755 1904 4811 malorum
1955 4773 2064 4828 pa—

407 4847 625 4898 tratum
685 4859 805 4897 non
863 4841 1022 4899 fuit?
1099 4843 1249 4909 Quid
1318 4844 1885 4900 absurdissimorum
1941 4863 2063 4902 non

408 4932 748 4988 effuderunt
793 4933 1070 5005 gentiles,
1125 4935 1414 4988 effrenata
1459 4933 1663 5006 lingua
1704 4935 1963 4992 nefanda
2002 4936 2063 4991 in

408 5023 881 5079 Christianorum
908 5078 910 5082 ,
937 5022 1117 5078 ﬁdem
1176 5023 1568 5095 proferentes,
1616 5031 1675 5080 et
1719 5043 1828 5097 per
1855 5043 2064 5084 omnes

407 5112 672 5168 civitates
684 5112 1074 5185 blasphemiis
1089 5115 1454 5170 insectantes
1469 5116 1786 5172 Dominum
1806 5121 1864 5173 et
1880 5119 2064 5173 Deum

408 5207 680 5258 nostrum
737 5203 938 5258 Jesum
997 5202 1356 5258 Christum?
1411 5207 1554 5260 Nam
1615 5206 1877 5277 Sebaste,
1920 5208 2064 5263 olim

408 5290 650 5361 quidem
684 5291 984 5357 Samaria,
1013 5307 1173 5347 nunc
1225 5308 1364 5348 vero
1397 5292 1468 5348 ab
1497 5294 1726 5350 Herode
1757 5295 2064 5351 aediﬁcata

403 5383 464 5434 et
517 5379 760 5435 Sebaste
815 5379 1152 5453 appellatas,
1213 5398 1350 5437 ossa
1399 5382 1579 5439 Elisei
1633 5385 1938 5456 prophetae
2009 5391 2067 5440 et

2147 4222 2283 4296 ἶςτοῖς
2344 4211 2750 4290 συμϐεϐηκόσιν
2812 4215 3164 4272 ἐπιτωθάσειν
3246 4215 3530 4290 μέλλοιεν,

2151 2158 2473 2232 προφάσεως
2505 2157 2581 2218 είς
2623 2152 2901 2226 ἀναϐολὴν
2954 2160 3030 2229 μὴ
3081 2156 3549 2232 ὑπολειπομένης.
3583 2157 3800 2228 Ἐπειδὴ

2155 2244 2213 2302 δὶ
2269 2245 2461 2322 πόῤῥω
2516 2251 2624 2300 τῶν
2681 2251 2888 2301 νυκτῶν
2964 2246 3052 2315 ἦν,
3129 2246 3189 2302 ἐκ
3243 2251 3340 2302 τοῦ
3414 2246 3650 2322 οὐρανοῦ
3701 2254 3800 2325 πῦρ

2155 2335 2365 2412 ἀθρόως
2412 2335 2756 2411 κατενεχθὶν,
2807 2335 3067 2411 ἐνέσκηψε
3115 2341 3192 2408 τῷ
3238 2342 3341 2410 νεῷ
3387 2339 3474 2393 καὶ
3533 2339 3650 2413 ἅμα
3679 2361 3802 2394 πανο

2154 2426 2386 2502 ταχόθεν
2419 2425 2580 2484 αὐτὸν
2642 2423 3002 2501 δραξάμενον,
3059 2425 3310 2502 ἐμπιπρᾷ
3356 2427 3508 2500 αὐτῷ
3539 2427 3806 2503 ἀγάλματι

2155 2515 2246 2571 καὶ
2294 2515 2479 2577 αὐτοῖς
2545 2517 2911 2588 ἀναθήμασιν
2964 2516 3182 2570 πάντων
3247 2513 3304 2571 δέ
3353 2518 3496 2590 ὁμοῦ
3544 2538 3807 2597 καταφλε-

2157 2606 2430 2681 γομένων,
2462 2604 2554 2658 καὶ
2584 2605 2680 2659 τοῦ
2711 2605 2882 2680 πυρός
2933 2603 3021 2658 ἐπι
3081 2601 3215 2680 μέγα
3261 2603 3672 2680 ἐξαιρουμένου,
3710 2608 3802 2680 βοή

2165 2696 2260 2769 μὲν
2291 2694 2483 2750 αὐτίκα
2527 2693 2742 2769 μεγάλη
2804 2693 2928 2769 περὶ
2985 2694 3076 2748 τὸν
3135 2693 3266 2748 νεὼν
3315 2695 3403 2766 ἦν,
3460 2697 3553 2751 καὶ
3583 2692 3804 2772 θόρυϐος

2162 2781 2342 2839 οὐδενὶ
2389 2782 2606 2851 ἐοικὼς,
2659 2783 2749 2837 καὶ
2801 2779 2866 2852 δὴ
2928 2781 3155 2838 πολλῶν
3195 2782 3467 2857 ἐπαμῦναι
3499 2789 3804 2860 προθυμου-

2165 2873 2365 2946 μένων,
2399 2870 2578 2934 ούδεῖς
2627 2872 2692 2940 ἦν
2743 2873 2770 2926 ὁ
2817 2873 2953 2947 πρὸς
3007 2872 3069 2927 τὸ
3127 2878 3232 2946 πῦρ
3281 2875 3555 2950 ἀντισχεῖν
3585 2873 3802 2946 δυνησό-

2166 2983 2349 3036 μενος.
2383 2959 2542 3019 Ἀλλ’
2574 2963 2625 3016 οἱ
2661 2962 2756 3035 μὲν
2789 2958 2935 3025 ἔθεον
2967 2966 3046 3034 τῷ
3078 2963 3312 3038 ἄρχοντι
3341 2971 3438 3033 τῆς
3471 2964 3646 3038 Ἑῲας
3675 2967 3796 3022 Ἰουο

2163 3051 2336 3123 λιανῷ
2402 3051 2755 3124 μηνύσοντες,
2816 3052 2844 3106 ὁ
2903 3048 2961 3105 δὲ
3017 3049 3214 3114 λοιπὸς
3266 3050 3432 3128 ὄχλος
3463 3050 3687 3107 ἕστασαν
3719 3053 3795 3107 ὑπ’

2163 3139 2478 3211 ἐκπλήξεως
2511 3141 2692 3195 θεαταὶ
2747 3145 2849 3195 τοῦ
2899 3140 3204 3214 παραδόξου
3250 3148 3342 3211 τῆς
3389 3138 3789 3210 καταλαϐούσης

2164 3229 2358 3292 αὐτοὺς
2405 3236 2689 3306 συμφορᾶς
2747 3229 3047 3305 γενόμενοι.
3105 3232 3169 3286 τὸ
3222 3228 3281 3286 δὲ
3335 3235 3436 3305 π’ύρ
3492 3229 3710 3294 οὐδενὸς
3735 3231 3796 3299 ἦν

2165 3324 2274 3374 τῶν
2333 3317 2520 3373 ἄλλων
2578 3319 2902 3391 ἀπτόμενον,
2959 3321 3228 3390 τοσαύτης
3287 3341 3351 3395 γε
3406 3321 3494 3375 καὶ
3526 3321 3683 3382 οὗτος
3713 3321 3808 3394 ἀμ-

2167 3408 2437 3488 φιλαφοῦς
2495 3406 2636 3479 ὕλης
2693 3409 2802 3462 ἐκεῖ
2854 3409 3169 3487 πεφυκυίας,
3226 3408 3309 3465 ὅτι
3373 3410 3451 3484 μὴ
3505 3413 3810 3482 μονώτατον

2168 3498 2402 3571 ἐμπεσὸν
2434 3496 2735 3576 κατέφλεγε
2792 3497 2884 3552 σὺν
2942 3504 3059 3561 τοῖς
3119 3498 3296 3554 ἐνοῦσι
3353 3504 3434 3572 τῷ
3485 3504 3618 3571 νεῷ,
3659 3499 3732 3561 ὡς
3757 3504 3814 3554 τὸ

2173 3588 2267 3662 μὶν
2300 3585 2520 3665 ἄγαλμα
2569 3587 2658 3643 καὶ
2712 3593 2816 3643 πᾶν
2848 3585 2880 3642 ὅ
2906 3610 2958 3643 τι
3009 3588 3062 3643 ἐν
3091 3588 3432 3663 ἀναθήμασιν
3462 3591 3553 3659 ἦν,
3583 3589 3814 3660 καθάπαξ

2167 3679 2548 3755 ἀφανισθῆναι·
2611 3678 2822 3754 βραχέα
2877 3675 2934 3733 δὲ
3003 3677 3290 3758 λειφθῆναι
3345 3677 3454 3733 τῶν
3516 3676 3813 3751 οἰκοδομη-

2173 3769 2357 3841 μάτων
2398 3765 2592 3844 ἐδάφη,
2651 3773 2895 3840 μνημεῖα
2949 3771 3047 3823 τοῦ
3097 3769 3331 3838 πάθους,
3390 3765 3425 3823 ἃ
3476 3767 3566 3823 καὶ
3623 3772 3710 3823 νῦν
3742 3767 3813 3823 ἔτι

2169 3854 2464 3928 δείκνυται,

2157 3945 2359 4022 πυρός.

2238 4037 2331 4105 νζ“.
2363 4036 2421 4093 Ὀ
2454 4033 2511 4091 δὲ
2541 4033 2844 4098 Ἰουλιανὸς
2900 4036 2970 4090 τὰ
3025 4030 3306 4108 συμϐάντα
3360 4035 3616 4105 ἀκούσας,
3653 4035 3815 4111 ὀργῆς

2166 4149 2225 4184 τε
2255 4127 2589 4202 πιμπλᾶται,
2643 4127 2734 4182 καὶ
2792 4124 2967 4182 δεινὸν
3021 4128 3393 4201 ποιησάμενος
3427 4127 3474 4182 εἰ
3505 4125 3821 4203 Χριστιανοὶ

3632 4216 3823 4272 αὐτίκα

2169 4308 2495 4381 προστάττει
2569 4312 2672 4375 τῆς
2750 4305 3004 4382 Μεγάλης
3079 4305 3273 4368 αὐτοὺς
3345 4305 3563 4376 ἐξωθεῖν
3620 4305 3822 4376 ἐκκλη-

2171 4395 2310 4464 σίας,
2340 4395 2431 4450 καὶ
2461 4394 2663 4464 ταύτην
2729 4395 2823 4467 μὲν
2883 4390 3080 4450 ἄϐατον
3134 4394 3320 4457 αὐτοῖς
3377 4393 3662 4457 παντελῶς
3689 4396 3826 4449 ἀπο-

2173 4492 2402 4564 φαίνειν,
2454 4485 2529 4549 ὡς
2576 4483 2658 4540 ὅτι
2723 4484 3098 4563 ἀσφαλέστατα
3145 4484 3313 4553 αὐτὴν
3364 4487 3512 4560 [385]
3563 4484 3824 4540 ἀποκλει-

2175 4574 2461 4649 σαμένους,
2509 4575 2577 4630 τὰ
2624 4571 2683 4630 δὲ
2727 4573 2995 4649 κειμήλια
3042 4574 3215 4630 πάντα
3259 4573 3585 4648 δημοσιοῦν·
3622 4571 3827 4630 δέδωκε

2549 3855 2872 3935 σαφέστερον
2957 3857 3020 3912 τὸ
3106 3854 3307 3934 δεῖγμα
3380 3861 3478 3914 τοῦ
3551 3856 3814 3929 θεηλάτου

2091 4662 2138 4726 Ι)
2170 4663 2228 4720 δὲ
2257 4664 2347 4720 καὶ
2390 4670 2508 4727 τοῖς
2565 4662 2834 4735 Ἓλλησιν
2891 4661 3096 4734 ἄδειαν,
3158 4664 3298 4720 ὥστε
3353 4664 3696 4740 εἷσέρχεσθαι
3727 4663 3826 4718 αύ-

2171 4753 2297 4816 τοὺς
2331 4753 2408 4815 είς
2438 4754 2533 4815 τὰς
2591 4757 2699 4808 τῶν
2753 4757 3100 4828 Χριστιανῶν
3155 4753 3472 4823 ἐκκλησίας,
3521 4753 3613 4808 καὶ
3646 4758 3824 4808 ποιεῖν

2173 4845 2272 4898 ὅσα
2305 4842 2615 4918 βούλονται.
2671 4842 2894 4899 Τούτων
2951 4841 3042 4898 οὖν
3098 4845 3244 4919 παρά
3288 4847 3387 4899 τοῦ
3439 4844 3705 4920 τυράννου
3732 4842 3823 4898 καὶ

2171 4929 2397 4996 ἀσεϐοῦς
2439 4932 2747 4990 Ἰουλιανοῦ
2803 4929 3224 5004 κελευσθέντων,
3276 4933 3328 4987 τί
3384 4937 3492 4988 τῶν
3555 4933 3824 5009 μεγίστων

2171 5027 2352 5079 κακῶν
2403 5023 2503 5079 οὐκ
2559 5022 2855 5094 ἐτελέσθης
2913 5024 2965 5078 τί
3027 5021 3084 5078 δέ
3137 5028 3244 5078 τῶν
3303 5023 3700 5098 ἀπηχεστᾶτων
3734 5023 3828 5079 οὐκ

2174 5114 2404 5190 ἐλέχθη,
2462 5119 2571 5169 τῶν
2629 5113 2810 5193 ἀφέτῳ
2866 5112 3089 5190 γλώσσῃ
3142 5112 3459 5170 λαλούντων
3497 5114 3565 5168 τὰ
3623 5112 3827 5191 ἅρῥητα

2171 5204 2308 5259 κατὰ
2333 5211 2434 5274 τῆς
2465 5209 2572 5258 τῶν
2625 5208 2962 5277 Χριστιανῶν
3022 5203 3278 5268 πίστεως,
3309 5203 3400 5258 καὶ
3437 5204 3653 5281 βλασφη
3669 5204 3828 5278 μούν-

2171 5299 2281 5349 τῶν
2314 5293 2389 5356 είς
2415 5295 2507 5349 τὸν
2558 5293 2754 5370 Κύριον
2807 5294 2898 5348 καὶ
2957 5292 3087 5348 Θεὸν
3147 5295 3309 5366 ἡμῶν
3345 5295 3559 5362 Ἰησοῦν
3591 5292 3826 5365 Χριστὸν

2173 5383 2228 5439 ἐν
2258 5380 2452 5446 πάσαις
2493 5388 2614 5445 ταῖς
2664 5381 2886 5438 πόλεσιν
2938 5387 3092 5456 (20);
3153 5383 3240 5440 Ἐν
3304 5383 3400 5456 μὲν
3446 5383 3551 5458 γὰρ
3585 5377 3824 5456 Σεϐαστῇ

2000 5529 2224 5585 ΝΟΤᾸΕ.

478 5636 586 5714 (l9)
618 5639 685 5714 I_n
716 5642 879 5714 textu
911 5640 1144 5695 Graaco:
1177 5641 1273 5710 Τῷ
1324 5641 1552 5714 ἄρχοντι
1583 5642 1681 5708 τῆς
1716 5640 1887 5712 Ἐῲας
1921 5642 2058 5695 Ἰου-

408 5702 596 5787 λιανῷ.
631 5709 1038 5787 Dubiumnon
1062 5717 1160 5787 est
1185 5702 1334 5787 quin
1359 5702 1437 5768 'd'é
1468 5702 1825 5787 imperatore
1858 5730 2054 5787 sermo

411 5781 521 5846 sit;
553 5795 660 5834 cur
689 5796 826 5836 vero
854 5781 951 5836 hic
980 5781 1317 5839 istiusmodi
1348 5781 1749 5855 appellatione
1780 5785 2054 5858 designe-

2166 5649 2282 5711 tur,
2315 5660 2448 5700 cum
2485 5645 2562 5700 sit
2582 5661 2677 5701 res
2708 5646 2960 5702 minoris
2993 5646 3306 5715 momenti,
3332 5662 3456 5702 non
3489 5645 3816 5706 existimavi

2165 5717 2661 5787 conquirendum.
2701 5721 2860 5775 Eon.

2238 5789 2348 5860 (20)
2378 5789 2728 5863 Philostsrg.
2761 5790 2867 5847 lib.
2899 5807 2999 5846 vn.
