4120 6396
387 384 529 442 1305

1743 386 1804 438 8.
1846 383 2153 439 ΔΒΤΕΜΙΙ
2192 385 2461 443 PASSIO.

3676 366 3818 450 1306'

384 517 452 589 τῇ
494 510 667 569 πάλαι
704 512 800 585 μὲν
850 507 1154 584 Σαμαρεὶᾳ,
1215 478 1303 562 νῦν
1366 505 1423 564 δὶ
1470 508 1618 584 παρὰ
1645 505 1896 582 Ἡρώδου
1938 528 2043 562 κτι-

2164 512 2223 564 et
2237 511 2478 568 Joannis
2506 514 2782 587 Baptistae
2802 532 2831 571 e
2849 488 3272 590 loculis-rapta,
3294 519 3811 577 etimmundorum

386 602 570 677 σθείσῃ
594 612 683 658 καὶ
744 596 989 674 Σεϐαστῃ
1047 595 1428 673 ἐπικληθείσῃ,
1488 598 1553 653 τά
1603 598 1733 652 ὀστᾶ
1765 601 1861 651 τοῦ
1918 618 2048 669 προ-

390 694 568 770 φήτου
616 688 931 748 Ἐλισσαίου
1010 688 1099 742 καὶ
1170 691 1268 741 τοῦ
1328 691 1629 741 Βαπτιστοῦ
1684 688 1939 743 Ἰωάννου
1989 684 2048 740 ἐκ

384 786 493 836 τῶν
571 783 752 851 θηκῶν
811 776 1161 853 ἐξαγαγόντες
1192 823 1206 847 ,
1266 776 1356 832 καὶ
1434 774 1649 853 ἀλόγων
1736 775 2050 849 ἀκαθάρτων

386 870 603 932 ὀστέοις
662 867 1060 944 προσμίξαντες
1138 868 1469 921 κατέκαυσαν
1508 910 1521 935 ,
1593 865 1683 920 καὶ
1741 865 1839 931 τὴν
1898 863 2045 919 κόνιν

385 958 464 1021 εἲς
497 960 588 1013 τὸν
623 957 753 1033 αέρα
778 955 1106 1029 ἐλίκμησαν·
1139 956 1230 1009 τὸν
1266 953 1322 1009 δὲ
1350 959 1447 1009 τοῦ
1470 961 1729 1028 Σωτῆρος
1760 951 2049 1024 ἀνδριάντα

382 1047 435 1104 ἐν
468 1045 699 1103 Πανέαδι
722 1051 789 1119 τῇ
815 1045 975 1100 ποΛεί
1006 1044 1141 1118 πρὸς
1171 1048 1272 1109 τῆς
1305 1043 1762 1121 αἱμορροησάσης
1794 1043 2047 1117 γυναικὸς

378 1133 881 1200 κατασκευασθέντα
960 1132 1415 1208 μεγαλοπρεπῶς,
1476 1132 1541 1201 ἢν
1600 1134 1628 1187 ὁ
1686 1132 1917 1206 Χριστὸς
1972 1130 2045 1185 tat.

380 1246 537 1294 σατο,
586 1225 677 1280 καὶ
736 1222 1053 1297 ἱδρυνθέντα
1085 1221 1137 1277 ἐν
1172 1221 1432 1294 ἐπισήμῳ
1460 1225 1560 1286 τῆς
1616 1221 1835 1283 πέλεως
1867 1220 2043 1291 τόπῳ,

377 1315 437 1370 ’ὀν
476 1316 613 1388 μετὰ
642 1314 844 1390 χρόνον
894 1313 1222 1389 γνωσθέντα,
1283 1310 1341 1365 ἐκ
1396 1318 1493 1380 τῆς
1552 1310 1737 1364 αὐτόθι
1770 1308 2046 1386 φυομένης

379 1403 619 1480 βοτάνης
678 1407 775 1457 τοῦ
838 1400 1117 1474 θαύματος
1175 1400 1227 1455 oi
1284 1399 1596 1473 Χριστιανοὶ
1655 1400 1939 1473 ἀράμενοι,
1989 1397 2040 1452 ἐν

373 1496 459 1565 τῷ
513 1500 615 1561 τῆς
676 1490 970 1561 ἐκκλήσίας
1054 1487 1351 1544 διακονικῶ
1410 1487 1638 1557 ἔστησαν
1674 1532 1687 1555 ,
1737 1492 1929 1542 τοῦτον
1990 1488 2043 1541 οἱ

374 1579 654 1651 “Ελληνες
706 1580 1173 1645 κατασπάσαντες,
1227 1577 1330 1632 κάκ
1379 1580 1485 1631 τῶν
1544 1573 1728 1630 ποδῶν
1789 1575 2045 1649 σχοίνους

378 1670 707 1745 ἐξάψαντες,
766 1668 956 1742 ἔσυραν
1019 1668 1106 1723 ἐπὶ
1166 1675 1266 1737 τῆς
1324 1669 1525 1742 ἀγορᾶς
1561 1684 1575 1698 ⁸
1629 1662 1733 1728 ἕως
1790 1666 1851 1720 οὗ
1909 1666 2044 1721 κατὰ

382 1760 578 1834 μικρὸν
611 1759 1082 1832 ἀποθραυόμενος,
1112 1758 1411 1835 ἠφανίσθη,
1450 1755 1623 1829 μόνης
1651 1762 1751 1825 τῆς
1796 1755 2041 1832 κεφαλῆς

2156 597 2468 657 brutorum
2491 605 2724 661 ossibus
2747 607 3034 677 permista
3074 608 3552 675 combusserunt,
3576 626 3813 665 eorum-

2161 704 2274 758 que
2302 690 2533 747 cineres
2553 694 2615 748 in
2641 711 2838 751 aerem
2864 696 3272 752 ventillarunt.
3315 698 3632 753 Salvatoris
3663 716 3813 770 quo-

2162 794 2275 848 que
2314 785 2569 836 statuam
2619 784 2681 837 in
2735 786 2967 841 civitate
3012 787 3287 842 Paneade
3314 804 3349 842 a
3379 788 3651 856 muliere,
3681 805 3812 859 qua)

2161 868 2466 939 sanguinis
2498 872 2784 941 profluvio
2818 874 3151 940 laborabat,
3183 882 3242 931 et
3278 893 3311 931 a
3341 877 3572 933 Christo
3606 884 3815 934 sanata

2157 954 2371 1025 fuerat,
2408 961 2721 1031 magniﬁce
2782 970 3060 1028 erectam,
3097 970 3156 1020 et
3184 966 3248 1020 in
3296 965 3513 1037 insigni
3563 966 3815 1022 civitatis

2158 1043 2286 1100 loco
2320 1048 2595 1117 positam,
2629 1067 2928 1123 quamque
2958 1059 3089 1124 post
3136 1060 3370 1126 tempus
3420 1071 3490 1109 ex
3522 1056 3812 1112 miraculo

2156 1133 2280 1189 illic
2323 1138 2716 1209 germinantis
2754 1141 2953 1196 herbas
2984 1144 3279 1214 cognitam
3310 1145 3627 1200 Christiani
3658 1146 3806 1201 tule-

2156 1231 2291 1280 rant
2324 1232 2383 1281 et
2414 1228 2475 1282 in
2507 1228 2885 1285 diaconicum
2919 1232 3034 1299 f20)
3072 1238 3437 1304 posuerant:
3471 1235 3635 1290 illam
3666 1252 3813 1308 gen—

2155 1316 2289 1371 tiles
2340 1318 2710 1390 dejecerunt,
2759 1328 2816 1377 et
2853 1322 3099 1378 funibus
3162 1324 3235 1379 ad
3304 1325 3486 1396 pedes
3553 1326 3812 1398 alligatis

2154 1413 2465 1463 traxerunt
2506 1427 2613 1480 per
2660 1411 2878 1479 forum,
2932 1412 3122 1468 donec
3179 1412 3483 1469 confracta
3526 1416 3811 1487 paulatim

2155 1495 2353 1551 deleta
2401 1504 2508 1564 est,
2563 1500 2688 1555 solo
2733 1501 2942 1556 relicto
3005 1502 3226 1574 capite,
3277 1503 3433 1573 quod
3465 1521 3499 1559 a
3530 1504 3810 1575 quodam,

2152 1585 2475 1656 gentilibus
2516 1588 3042 1657 tumultuantibus,
3076 1590 3375 1646 sublatum
3408 1591 3537 1646 fuit.
3566 1592 3811 1647 Interim

2159 1674 2410 1746 gentiles
2460 1676 2807 1749 blasphema
2857 1684 2916 1734 et
2951 1678 3351 1735 abominanda
3398 1680 3459 1735 in
3493 1681 3811 1736 Dominum

2155 1767 2423 1818 nostrum
2438 1765 2636 1820 Jesum
2662 1767 2959 1821 Christum
2986 1768 3393 1836 effundebant,
3414 1770 3615 1840 qualia
3630 1785 3809 1824 nemo

377 1832 835 1927 καταλειφθείσης
890 1849 981 1903 καὶ
1057 1832 1391 1923 ἁρπαγείσης
1478 1846 1583 1900 ὑπὸ
1651 1866 1801 1907 τινος
1861 1844 1910 1899 ἐν
1969 1850 2043 1918 τῷ

2158 1867 2424 1922 unquam
2456 1854 2630 1909 homo
2655 1855 2900 1911 audivit.

382 1933 731 2013 θορυϐεῖσθαι
757 1936 885 2001 τοὺς
915 1934 1218 2006 Ἕλληνας,
1254 1934 1574 1990 λαλούντων
1609 1934 1785 1989 αὐτῶν
1823 1933 2127 2012 βλασφημα
2154 1937 2244 1992 καὶ
2273 1937 2627 2014 ἀπηχέστατα
2675 1942 2896 2019 ῥήματα
2928 1942 3005 2008 είς
3050 1945 3141 1999 τὸν
3170 1942 3371 2019 Κύριον
3402 1946 3564 2018 ἡμῶν
3597 1947 3809 2017 Ἰησοῦν

379 2027 640 2103 Χριστὸν,
671 2025 705 2082 ἃ
740 2029 814 2101 μή
841 2048 926 2089 τις
959 2026 1258 2101 ἀνθρώπων
1292 2022 1499 2095 ἤκουσε
1528 2024 1769 2082 πώποτε.

451 2154 555 2223 νη’.
610 2152 782 2215 Αὐτὸς
842 2150 899 2207 δέ
931 2153 959 2206 6
990 2147 1344 2213 ἀσεϐέστατος
1398 2150 1489 2205 καὶ
1538 2152 1757 2205 πάντων
1806 2170 2045 2225 παρανοο

382 2242 638 2315 μώτατος
714 2239 1015 2303 Ἰουλιανὸς
1091 2239 1402 2316 ἠγαλλιᾶτο
1475 2240 1564 2294 καὶ
1634 2235 1897 2314 ἔχαιρεν,
1956 2238 2046 2293 καὶ

374 2336 621 2406 γαυριῶν
687 2329 774 2385 ἐπὶ
831 2329 1069 2397 τούτοις,
1131 2329 1380 2385 ἐγέλευσε
1435 2329 1524 2383 καὶ
1581 2328 1671 2382 τὸν
1732 2327 1784 2383 ἐν
1811 2330 2047 2403 Ἱεροσο-

375 2418 582 2493 λύμοις
639 2420 761 2474 ναὸν
821 2424 933 2474 τῶν
996 2415 1279 2473 Ἰουδαίων
1348 2420 1497 2493 [386]
1552 2418 1769 2488 ἀνιστᾷν
1824 2420 1921 2491 (d)°
1953 2417 2040 2471 xui

372 2509 503 2571 τοὺς
556 2508 917 2583 Χριστιανοὺς
970 2515 1070 2577 τῆς
1132 2506 1351 2571 πόλεως
1406 2504 1679 2575 ἐκϐαλὼν,
1737 2512 1856 2568 τοῖς
1917 2508 2046 2564 Ἰου-

375 2597 553 2662 δαίοις
611 2596 782 2654 ἔδωκε
837 2604 1145 2664 κατοικεῖν,
1208 2596 1539 2657 ἀποστείλας
1599 2596 1863 2651 Ἀλύπιόν
1922 2618 2043 2650 τινα

375 2691 478 2742 τοῦ
514 2687 649 2759 μετά
677 2683 922 2754 σπουδῆς
968 2686 1059 2739 τὸν
1107 2685 1227 2739 ναὸν
1277 2681 1826 2755 ἀνοικοδομήσασθαι.
1862 2683 2038 2739 Αὐτὸν

378 2774 441 2832 δε
493 2774 828 2846 προκαθίσας
883 2773 971 2828 ἐπὶ
1024 2778 1122 2829 τοῦ
1183 2774 1430 2849 βήματος
1488 2772 1539 2826 ἐν
1597 2771 1666 2845 τῇ
1722 2769 2038 2844 καλουμένη

380 2863 659 2937 Βασιλικῇ
696 2908 710 2932 ,
796 2862 1044 2918 ἐκέλευσε
1118 2863 1497 2935 προσαχθῆναι
1574 2862 1666 2916 τὸν
1748 2862 1992 2935 μάρτυρα
2025 2878 2037 2890 ’

379 2956 790 3029 προσαχθέντος
837 2950 895 3007 δὲ
946 2957 1043 3006 τοῦ
1103 2950 1279 3027 ἁγίου,
1339 2945 1440 3025 ἔφη
1502 2951 1637 3024 πρὸς
1685 2950 1868 3013 αὐτὸν,
1902 2950 2039 3005 Πάν-

376 3063 490 3103 τως
547 3040 783 3110 ἤκουσσς
841 3041 931 3095 καὶ
991 3040 1189 3111 αὐτὸς,
1248 3034 1567 3094 ἀσεϐέστατε
1624 3039 1922 3113 Ἀρτέμιε,
1979 3040 2041 3093 τὸ

376 3129 657 3203 τόλμημα
713 3133 821 3184 τῶν
898 3124 1102 3184 ἀσεϐῶν
1186 3129 1321 3183 κατᾶ
1381 3129 1438 3183 σὶ
1497 3129 1835 3202 Χριστιανῶν
1908 3126 2039 3201 ὅπερ

376 3219 642 3289 ἐποίησαν
676 3219 728 3273 ἐν
763 3224 948 3294 Δάφνῃ
983 3217 1036 3273 ἐν
1098 3222 1179 3290 τῷ
1231 3222 1342 3289 ναῷ
1403 3222 1499 3272 τοῦ
1559 3220 1807 3289 σωτῆρος
1837 3215 2042 3273 Ἀπόλ-

378 3308 585 3377 λωνος,
634 3309 725 3363 καὶ
784 3309 857 3370 ὡς
888 3306 1188 3383 ἐνέπρησαν
1244 3307 1410 3361 αὐτοῦ
1468 3307 1560 3362 τὸν
1616 3308 1743 3361 ναὸν
1804 3305 1895 3361 σὺν
1928 3311 2042 3367 τοῖς

372 3399 736 3471 ἀναθήμασιν;
767 3397 857 3452 καὶ
906 3398 968 3452 τὸ
1021 3400 1293 3470 πάντιμον
1344 3398 1435 3451 καὶ
1495 3398 1802 3469 θαυμαστὸν
1863 3394 2041 3463 ἄγαλ-

380 3508 461 3561 μα
520 3486 864 3562 ἐξηφανισαν’
923 3484 1050 3540 ἀλλ’
1105 3485 1166 3539 οὐ
1228 3487 1566 3561 χαρήσονται
1616 3484 2039 3553 ἐπιτωθάζοντες

373 3575 469 3631 καὶ
529 3573 893 3648 χλευάζοντες
936 3573 1003 3628 τὰ
1049 3572 1310 3647 ἡμέτερα’
1372 3573 1482 3647 ἐγὼ
1530 3575 1632 3647 γαρ
1666 3573 1911 3627 ἀποτίσω
1940 3576 2039 3642 τὴν

380 3663 519 3738 ὑπὲρ
576 3663 773 3717 τούτου
834 3663 1029 3731 ποινήν
1115 3658 1585 3735 ἑϐδομηκοντάκις
1646 3662 1800 3731 ἑπτὰ,
1861 3663 2042 3723 καθώς

381 3774 518 3833 φασι
546 3752 614 3807 τὰ
648 3752 881 3828 ὑμέτερα
911 3748 1095 3826 λόγια.

456 3932 551 3988 νθ’.
614 3932 716 3987 Καὶ
777 3931 805 3985 6
870 3932 1094 4006 μάρτυς·
1148 3931 1393 3987 Ἤκουσα
1451 3929 1525 3992 ὡς
1583 3928 1851 4000 θεήλατος
1906 3929 2042 4006 ὀργὴ

378 4021 477 4077 καὶ
509 4024 616 4095 πῦρ
649 4019 935 4093 οὐρανόθεν
997 4018 1274 4075 κατελθὼν
1325 4017 1594 4096 κατέφαγε
1651 4020 1739 4073 τὸν
1774 4019 1893 4083 θεόν
1924 4041 2043 4089 σου,

376 4110 475 4166 καὶ
508 4108 677 4164 αὐτοῦ
725 4108 818 4164 τὸν
850 4109 973 4163 ναὸν
1029 4107 1315 4184 ἐνέπρησεν
1372 4111 1545 4163 πάντα
1599 4109 1687 4162 καὶ
1743 4105 2048 4187 κατηδάιρι-

380 4218 494 4255 σενο
545 4197 591 4252 εί
646 4198 743 4252 οὗν
795 4199 916 4262 θεὸς
966 4199 1056 4267 ἦν,
1107 4197 1161 4253 τί
1223 4199 1300 4271 μὴ
1361 4198 1550 4253 ἑαυτὸν
1612 4198 1672 4253 ἐκ
1720 4202 1817 4253 τοῦ
1875 4199 2044 4273 πυρὸς

382 4286 690 4363 ἐρῥύσατος
771 4287 873 4343 Καὶ
945 4288 972 4341 6
1044 4281 1382 4361 παραϐάτης·
1473 4284 1633 4362 Τᾶχα
1711 4286 1800 4342 καὶ
1886 4287 2045 4350 αὐτὸς

377 4374 566 4438 ἔοικάς
622 4396 740 4448 μοι,
798 4376 1178 4446 ἀνοσιώτατε,
1238 4381 1526 4451 κερτομεῖν
1582 4375 1669 4431 ἐπὶ
1721 4374 1905 4431 τοῖσδε
1956 4377 2044 4431 καὶ

376 4463 837 4539 κατακακγάζειν,
890 4466 963 4527 ὡς
1008 4462 1097 4519 ἅτε
1136 4467 1282 4540 παρά
1309 4469 1407 4519 τοῦ
1434 4469 1568 4519 Θεοῦ
1624 4487 1721 4520 σου
1769 4464 2042 4537 ἐκδίκησίν

376 4574 507 4610 τινα
564 4550 1019 4628 προσδεξάμενος.
1056 4554 1161 4609 Καὶ
1215 4555 1243 4608 6
1307 4574 1531 4629 μαρτυς’
1590 4554 1732 4630 Ἐγὼ
1791 4556 2043 4626 πάντοτε,

382 4637 807 4712 δυσσεϐέστατε,
859 4642 944 4697 ἐπὶ
1026 4647 1096 4717 τῇ
1154 4648 1262 4698 τῶν
1322 4640 1596 4717 δαιμόνων
1674 4645 1879 4699 πτώσει
1935 4650 2042 4699 τῶν

380 4731 535 4807 παρά
564 4732 660 4786 σοῦ
712 4733 1045 4805 τιμωμένων
1087 4732 1361 4805 κομπάζω
1409 4733 1500 4788 xui
1544 4732 1723 4810 χαίρω
1755 4734 1844 4788 καὶ
1878 4733 2043 4808 ἀγαλ-

2225 2156 2314 2208 58.
2347 2157 2479 2227 Ipse
2511 2163 2711 2213 autem
2761 2160 3152 2231 impiissimus
3191 2166 3368 2232 atque
3399 2161 3669 2217 omnium
3698 2161 3810 2217 ho-

2155 2243 2386 2300 minum
2406 2247 2908 2304 sceleratissimus
2920 2250 3212 2318 Julianus,
3226 2251 3440 2323 gaudio
3456 2251 3808 2317 exsultabat,

2155 2336 2213 2387 et
2242 2336 2614 2406 arrogantior
2641 2336 2834 2392 factus
2873 2354 2946 2392 ex
2978 2338 3072 2405 iis,
3108 2338 3417 2410 imperavit
3445 2339 3624 2393 etiam
3656 2344 3808 2393 tem-

2152 2421 2317 2492 plum
2348 2424 2711 2491 Judaaorum,
2734 2425 2892 2497 quod
2925 2432 3052 2482 erat
3100 2426 3551 2499 Hierosolymis,
3594 2426 3808 2482 reaadi-

2154 2509 2317 2565 ficari
2352 2529 2366 2577 ;
2400 2513 2725 2585 ejectisque
2755 2531 2785 2569 e
2814 2516 3050 2571 civitate
3106 2516 3482 2580 Christianis,
3530 2515 3803 2571 eamdem

2149 2599 2367 2653 Judznis
2430 2602 2675 2656 tradidit
2734 2603 3145 2673 habitandam,
3197 2611 3254 2659 et
3318 2605 3486 2659 misit
3541 2606 3803 2677 Alipium

2151 2686 2615 2759 quemdam.qui
2650 2692 2855 2762 templi
2887 2694 3387 2749 restaurationem
3410 2696 3804 2766 urgeret.lpse

2147 2791 2338 2842 verro,
2373 2776 2586 2833 sedens
2617 2795 2722 2849 pro
2754 2780 3037 2835 tribunali
3071 2782 3131 2836 in
3158 2781 3288 2836 loco
3313 2782 3406 2836 cui
3440 2798 3664 2837 nomen
3695 2783 3806 2837 Ba-

2150 2862 2338 2931 silica,
2364 2864 2548 2935 jussit
2576 2884 2776 2923 coram
2817 2869 2945 2923 sisti
2982 2874 3325 2940 martyrem.
3363 2870 3657 2925 Producto
3698 2887 3803 2925 au-

2150 2957 2269 3006 tem
2323 2960 2575 3009 sancto:
2635 2956 2825 3023 Certe,
2872 2957 3086 3027 inquit,
3136 2959 3363 3012 Artemi
3422 2958 3802 3028 impiissime,

2148 3048 2212 3095 tu
2267 3060 2504 3113 quoque
2558 3044 2835 3101 audivisti
2879 3048 3071 3100 audax
3112 3047 3343 3102 facinus
3374 3047 3696 3119 impiorum
3736 3064 3804 3102 ac

2151 3123 2234 3175 tui
2289 3123 2573 3178 similium
2626 3125 3123 3193 Christianorum,
3175 3127 3333 3198 quod
3380 3132 3695 3199 patrarunt
3743 3128 3806 3182 in

2151 3212 2417 3283 Daphne,
2470 3214 2529 3267 in
2577 3215 2802 3286 templo
2852 3215 3144 3287 Apollinis
3193 3217 3545 3273 servatoris:
3598 3233 3804 3288 quem-

2149 3301 2471 3357 admodum
2504 3304 2757 3359 scillicet
2787 3307 3192 3361 sanctuarium
3225 3306 3354 3378 ejus
3378 3324 3511 3361 cum
3544 3305 3809 3362 donariis

2156 3394 2511 3461 exusserint,
2545 3399 2604 3448 et
2633 3395 2889 3449 maxime
2924 3395 3325 3450 venerandam
3372 3413 3439 3452 ac
3470 3395 3807 3450 mirabilem

2156 3480 2569 3538 dextruxerint
2598 3483 2938 3556 imaginem.
2976 3484 3087 3538 Sed
3135 3500 3254 3538 non
3299 3483 3641 3557 gaudebunt
3672 3484 3809 3539 irri»

2155 3570 2422 3625 sionibus
2456 3576 2513 3625 et
2542 3572 2817 3627 ludibriis
2867 3574 3166 3643 prosecuti
3199 3578 3439 3640 nostra;
3487 3589 3592 3645 ego
3644 3573 3806 3627 enim

2152 3676 2260 3729 pro
2289 3676 2356 3713 eo
2390 3660 2617 3732 exigam
2664 3678 2868 3733 pinnas
2903 3663 3216 3732 septuagies
3246 3664 3477 3732 :septies,
3510 3666 3577 3716 ut
3614 3666 3811 3716 vestra

2154 3745 2363 3803 dicunt
2392 3749 2649 3820 eloquia.

2226 3930 2312 3982 59.
2347 3929 2674 4000 Respondit
2696 3934 2956 4002 martyr:
3010 3929 3216 3985 Audivi
3268 3928 3527 3986 divinam
3560 3930 3711 3986 iram
3752 3934 3812 3986 et

2154 4016 2353 4090 ignem
2403 4019 2635 4074 caalitus
2704 4019 3042 4074 immissum
3121 4020 3568 4091 consumpsisse
3630 4019 3809 4075 deum

2156 4112 2343 4176 tuum,
2365 4108 2613 4179 ejusque
2637 4109 2927 4180 templum
2946 4109 3285 4164 incendisse
3306 4125 3374 4164 ac
3396 4126 3639 4181 prorsus
3657 4125 3813 4163 ever-

2158 4196 2319 4250 tisse.
2346 4197 2401 4251 Si
2438 4197 2616 4269 igitur
2645 4197 2791 4252 deus
2822 4204 2967 4265 erat,
3003 4215 3109 4253 cur
3141 4215 3202 4253 se
3242 4199 3369 4269 ipse
3393 4215 3461 4253 ex
3510 4198 3645 4271 igne
3689 4215 3809 4253 non

2159 4285 2462 4340 servavit?
2517 4288 2588 4340 Et
2642 4292 2911 4358 apostata
2956 4303 2969 4340 :
3040 4288 3209 4341 Forte
3285 4292 3344 4340 et
3394 4291 3455 4341 tu
3512 4286 3809 4341 scelestis-

2155 4375 2328 4435 sime.
2361 4376 2578 4430 videris
2610 4375 2755 4429 mihi
2796 4376 2888 4431 his
2919 4376 3207 4431 insultare
3243 4380 3301 4431 et
3348 4376 3422 4431 ad
3464 4376 3650 4431 risum
3681 4392 3810 4430 mo-

2154 4481 2308 4533 vere,
2362 4466 2532 4536 quasi
2564 4482 2598 4520 a
2632 4466 2747 4519 Deo
2780 4471 2879 4520 tuo
2927 4466 3248 4521 vindictam
3296 4465 3558 4537 aliquam
3601 4482 3813 4521 conse-

2154 4560 2326 4609 cutus
2353 4554 2548 4609 fuiset.
2584 4556 2653 4608 Et
2680 4560 2942 4626 martyr:
2980 4556 3096 4627 Ego
3147 4571 3403 4626 semper,
3445 4554 3660 4625 inquit,
3698 4554 3810 4609 im-

2155 4643 2523 4716 piissime,de
2548 4644 2886 4698 daemonum
2910 4645 3105 4712 ruina,
3128 4661 3278 4715 quos
3297 4649 3359 4699 tu
3383 4643 3551 4708 colis,
3567 4643 3810 4717 glorior,

2155 4734 2382 4806 gaudeo
2423 4739 2481 4787 et
2506 4733 2779 4788 exsulto:
2819 4739 2877 4788 et
2908 4750 3282 4805 quascunque
3325 4734 3593 4789 Christus
3642 4750 3811 4788 meus

380 4822 514 4879 λιῶ·
550 4820 640 4876 καὶ
675 4820 765 4877 ἐπί
822 4825 981 4875 πᾶσιν
1041 4821 1121 4882 οἷς
1155 4823 1183 4876 6
1216 4821 1449 4893 Χριστός
1512 4844 1618 4895 μου
1676 4828 2043 4899 τερατουργεῖ,

2158 4822 2455 4877 mirabilia
2476 4828 2775 4893 operatur,
2799 4821 3259 4878 delectationem
3283 4822 3428 4877 mihi
3456 4839 3523 4877 ac
3542 4821 3811 4877 laetitiam

379 4909 726 4983 τερπόμενος
781 4909 1015 4984 γέγηθα·
1077 4908 1355 4981 ἐκδίκησιν
1390 4908 1448 4966 δὶ
1474 4916 1584 4966 τῶν
1633 4911 1711 4975 είς
1762 4911 1860 4985 ἐμὲ
1888 4933 2052 4987 πρατ-

372 4999 626 5068 τομένων
682 5001 831 5073 παρὰ
889 5004 1010 5067 σοῦ,
1065 4999 1175 5055 ἐκεῖ
1236 4998 1459 5071 δέξομαι
1519 5000 1676 5056 ὁπότ’
1730 5000 1793 5057 ἂν
1847 5001 1910 5057 τὸ
1943 5007 2049 5078 πῦρ

374 5084 559 5141 ἐκεῖνο
603 5086 665 5140 τὸ
715 5087 1018 5158 ἀκοίμητόν
1070 5110 1127 5143 σε
1179 5089 1555 5163 καταλήψεται
1612 5091 1703 5145 xui
1736 5093 1769 5159 ἢ
1805 5089 2047 5145 διαιωνί-

375 5180 547 5244 ζουσα
594 5173 843 5236 κόλασις·
891 5175 1164 5241 κάνταῦθα
1217 5175 1276 5233 δὶ
1307 5178 1372 5233 οὐ
1421 5177 1598 5235 πολὺς
1657 5177 2049 5253 παρελεύσεται

374 5261 612 5340 χρόνος,
643 5264 735 5318 καὶ
764 5264 827 5319 τὸ
871 5266 1228 5339 μνημόσυνόν
1265 5288 1362 5322 σου
1397 5270 1514 5340 μετ’
1545 5267 1698 5343 ἤχου
1748 5269 2049 5346 ἀφανισθή-

373 5372 551 5411 σεται.
604 5352 712 5409 Καὶ
745 5354 772 5409 6
804 5349 1151 5430 παραϐάτης’
1215 5356 1276 5412 Ei
1335 5355 1427 5412 οῦν
1457 5356 1733 5433 ἀγαλλιᾷς
1789 5356 1877 5414 ἐπὶ
1928 5359 2050 5415 τού-

2160 4913 2420 4985 pariunt.
2456 4911 2754 4966 Ultionem
2804 4928 2938 4966 vero
2992 4928 3199 4967 eorum
3248 4928 3377 4983 quae
3409 4928 3442 4965 a
3471 4916 3526 4965 te
3548 4911 3695 4965 mihi
3718 4912 3809 4965 in-

2162 5006 2388 5056 tentata
2419 5005 2577 5066 sunt,
2603 5006 2744 5054 tunc
2773 5000 3061 5071 accipiam
3090 4999 3328 5071 quando
3350 4999 3504 5071 ignis
3527 4999 3813 5054 inexstin-

2159 5090 2376 5164 gubilis
2408 5096 2463 5144 te
2487 5089 2976 5161 comprehendet,
3013 5095 3073 5144 et
3110 5089 3466 5160 supplicium
3499 5089 3810 5159 sempiter-

2158 5200 2325 5239 num.
2355 5184 2425 5237 Et
2454 5182 2550 5236 hic
2574 5197 2809 5252 quoque
2850 5197 3018 5236 mora
3049 5198 3168 5235 non
3203 5180 3314 5234 erit
3344 5179 3488 5250 quin
3520 5181 3812 5236 memoria

2160 5278 2262 5328 tua
2291 5289 2426 5327 cum
2459 5272 2657 5327 sonitu
2697 5269 3016 5326 auferatur.
3054 5272 3215 5325 Tunc
3245 5273 3551 5341 apostata:
3602 5269 3659 5325 Si
3700 5269 3811 5343 igi-

2160 5368 2258 5417 tur
2287 5361 2528 5435 gaudes,
2561 5358 2939 5431 impiissime,
2973 5359 3045 5415 de
3076 5358 3407 5432 suppliciis,
3439 5358 3630 5430 iisque
3653 5358 3809 5415 dele-

1980 5576 2204 5633 ΝΟΤΛΕ.

446 5661 525 5809 Ed)
556 5662 911 5745 Philostorg.
941 5661 1056 5720 loc.
1089 5663 1190 5721 cit.

469 5735 559 5808 20)
590 5735 947 5792 Diaconicum
972 5735 1134 5795 idem
1165 5752 1190 5793 ε

540 5735 559 5808 )
590 5734 947 5792 υἰαεοπίσιιηι
972 5735 1134 5795 idem
1165 5739 1257 5795 est
1283 5751 1353 5795 ac
1382 5736 1539 5811 quod
1570 5751 1681 5795 nos
1709 5737 1890 5797 hodie
1922 5735 2254 5798 sacristiam
2282 5751 2582 5796 vocamus.
