4120 6384
371 345 512 416 130⁷

1927 347 2295 423 manus...

3653 345 3818 412 1308.

371 472 572 541 ctaris,
605 473 1012 531 accessionem
1034 474 1140 531 tibi
1164 474 1492 548 procurabo
1519 473 1840 531 desiderati
1879 490 2018 546 gau-

2137 475 2252 536 τοῖς
2301 471 2391 528 xui
2449 471 2823 554 έπευφραίνεις
2853 515 2868 542 ,
2917 470 3269 541 ἀνοσιώτατε,
3319 472 3640 548 προσθήκην
3687 470 3812 550 ἐγώ

374 559 476 618 dii.
505 563 746 629 Verum,
771 563 1205 630 infelicissime,
1239 562 1344 618 tibi
1366 579 1545 635 parco
1571 579 1638 618 ex
1658 562 2024 636 benignitate

370 656 431 706 et
457 651 589 706 volo
639 656 717 720 te,
775 651 1044 724 deposita
1093 651 1373 720 amentia,
1409 668 1555 708 sana
1607 657 1804 707 mente
1852 649 1937 706 uti
1968 654 2027 704 et

369 741 652 796 accedere
675 741 789 796 diis
811 742 1246 797 immortalibus
1268 743 1763 798 sacriﬁcaturum.
1783 741 2026 796 Summa

371 831 536 886 enim
565 830 849 903 dignitate
874 836 1116 886 ornatus
1138 831 1325 896 fuisti,
1354 831 1458 886 tibi
1483 831 1684 886 multae
1708 830 1928 885 divitia)
1952 829 2024 884 ab

371 919 491 974 alto
546 924 604 974 et
642 937 676 974 a
721 919 1048 990 majoribus
1097 920 1487 976 accumulatae
1534 925 1692 990 sunt,
1735 925 1793 974 et
1821 918 2026 974 multis

369 1008 652 1064 virtutum
697 1007 934 1064 dotibus
979 1014 1035 1064 te
1096 1009 1179 1064 dii
1233 1010 1663 1078 honestarunt,
1704 1008 1846 1064 licet
1887 1024 2028 1081 erga

369 1097 507 1153 illos
535 1098 837 1170 ingratum
871 1103 926 1154 te
958 1099 1306 1172 prmbueris.

437 1369 527 1424 60.
565 1369 635 1422 Et
679 1372 954 1439 martyr:
1014 1368 1166 1434 Quid
1225 1369 1473 1436 insanis,
1533 1367 1935 1440 iniquissime,
1967 1371 2027 1422 et

368 1457 727 1514 immortalis
744 1458 1041 1530 pestiferis
1055 1460 1438 1516 sermonibus
1459 1459 1488 1514 ?
1510 1460 1673 1515 Parvi
1694 1459 1884 1514 fecisti
1898 1459 2028 1514 bar—

370 1546 605 1604 baricas
643 1547 1029 1615 rebelliones,
1074 1550 1388 1622 suscepisti
1436 1549 1662 1604 bellum
1694 1549 2023 1614 Persicum,

373 1653 490 1708 quo
512 1637 854 1693 universum
895 1638 1100 1693 orbem
1145 1639 1401 1711 agitasti,
1434 1644 1493 1694 et
1521 1640 1583 1693 in
1614 1655 1729 1706 me,
1764 1637 1867 1693 Dei
1899 1654 2025 1692 ser-

371 1741 532 1789 vum,
567 1727 752 1781 otium
785 1727 1086 1784 consumis
1106 1728 1134 1783 ‘I
1162 1729 1265 1783 Dic
1292 1729 1353 1784 in
1386 1745 1480 1783 me
1509 1727 1747 1800 qualem
1766 1727 2023 1782 volueris

375 1816 769 1883 sententiam;
793 1833 932 1872 nam
964 1834 1069 1890 ego
1092 1817 1234 1874 deos
1266 1823 1398 1874 tuos
1429 1835 1548 1874 non
1591 1818 1797 1880 adoro.
1825 1833 2022 1889 neque

2135 581 2219 615 σοι
2254 565 2407 636 [387]
2439 566 2748 637 ποιήσομαι
2795 566 2896 618 τοῦ
2953 563 3300 635 ποθουμένου
3355 559 3813 636 ἀγαλλιάματος.

2136 650 2334 716 Ἀλλά,
2367 649 2778 725 δυσμενέσι-ατε,
2809 648 3070 725 φείδομαί
3122 672 3219 706 σου
3275 647 3348 706 δι’
3401 650 3606 707 οἰκείαν
3640 671 3813 728 χρη-

2135 739 2390 814 στότητα,
2448 743 2538 797 καὶ
2587 739 2866 818 βούλομαί
2924 761 2980 796 σε
3026 748 3127 812 τῆς
3187 739 3372 801 ἀνοίας
3428 739 3812 815 παύσάμενον,

2136 827 2376 908 σώφρονι
2437 831 2694 907 λογισμῷ
2740 831 3100 907 χρήσασθαι,
3155 830 3246 885 καὶ
3318 829 3640 906 προσελθεῖν
3705 830 3811 896 θύ-

2135 941 2297 975 σοντα
2374 927 2491 982 τοῖς
2562 921 2848 984 ἂθανάτοις
2940 925 3104 985 θεοῖς·
3175 919 3268 975 καὶ
3339 919 3609 992 ἀξιώματι
3690 920 3810 997 γὰρ

2137 1010 2379 1086 μεγίστῳ
2405 1010 2770 1085 κεκόσμησαι,
2816 1010 2908 1066 xui
2936 1007 3184 1074 πλοῦτος
3211 1010 3400 1072 ἱκανὸς
3449 1007 3654 1076 ἄνωθέν
3716 1031 3812 1065 σοι

2133 1100 2222 1155 καὶ
2254 1099 2314 1155 ἐκ
2351 1101 2636 1178 προγόνων
2679 1100 3028 1176 σεσώρευται,
3081 1099 3173 1154 xui
3214 1097 3403 1155 πολλά
3460 1121 3545 1154 σοι
3599 1099 3668 1154 τά
3699 1106 3814 1169 τῆς

2132 1188 2329 1265 ἀρετῆς
2385 1187 2841 1263 πλεονεκτήματα
2897 1189 2950 1244 oi
3007 1187 3120 1243 θεοὶ
3186 1186 3590 1265 παρεσκεύασαν
3627 1232 3642 1259 ,
3709 1187 3817 1243 κᾶν

2133 1280 2298 1345 αὐτὸς
2323 1280 2623 1357 ἀχάριστος
2656 1274 2849 1358 ὤφθης
2879 1279 3002 1354 περὶ
3037 1277 3257 1341 αύτούς.

2207 1369 2266 1440 ξ’.
2327 1369 2431 1425 Καὶ
2477 1371 2507 1424 6
2541 1370 2770 1445 μάρτυς⁶
2830 1369 2900 1427 Τί
2959 1367 3146 1443 μαίνῃ,
3191 1367 3647 1442 παρανομώτατε,
3712 1367 3812 1423 xui

2132 1456 2354 1533 ἀσχολῇ
2387 1456 2475 1513 ἔπὶ
2504 1464 2622 1521 τοῖς
2655 1457 2928 1532 ὀλεθρίοις
2961 1457 3200 1534 μασιν
3236 1475 3250 1526 ;
3297 1457 3498 1520 Ἕασας
3528 1456 3622 1519 τὰς
3659 1457 3812 1532 βαρ-

2134 1541 2360 1623 ϐαρικάς
2420 1546 2802 1610 ἐπαναστάσεις
2833 1591 2846 1616 ,
2906 1549 2996 1602 xui
3049 1548 3144 1602 τὸν
3205 1545 3468 1622 Περσικὸν
3523 1541 3814 1602 ἀνεδάλου

2133 1635 2406 1709 πόλεμον,
2467 1634 2536 1692 δι’
2595 1637 2655 1692 ὃν
2710 1638 2811 1706 τὴν
2869 1635 3202 1710 οἷκουμένην
3249 1639 3423 1690 πᾶσαν
3473 1633 3810 1707 έσάλευσας,

2132 1725 2222 1782 καὶ
2256 1725 2332 1789 είς
2364 1727 2462 1800 ἐμὲ
2490 1728 2580 1782 τὸν
2607 1731 2704 1782 τοῦ
2735 1730 2870 1782 Θεοῦ
2903 1724 3100 1782 δοῦλον
3130 1725 3349 1802 ἀσχολῇ
3378 1745 3392 1796 ;
3444 1723 3606 1781 Δίδου
3657 1725 3806 1781 ἀπό-

2137 1837 2294 1894 φασιν
2353 1821 2471 1872 κατ’
2527 1815 2663 1889 ἐμοῦ
2722 1813 2839 1870 οἵαν
2894 1813 3121 1871 έθὲλεις³
3182 1813 3292 1890 ἐγὼ
3341 1815 3446 1889 γάρ
3475 1819 3592 1878 τοῖς
3655 1817 3805 1879 θεοῖς

362 1904 742 1976 jussionibus
767 1906 884 1963 tuis
915 1923 1010 1962 me
1037 1906 1321 1963 submitto
1348 1925 1361 1976 ;
1387 1907 1491 1963 sed
1523 1909 1639 1964 Deo
1690 1923 1824 1963 meo
1876 1923 2020 1979 quo-

2139 1925 2236 1960 σου
2269 1905 2331 1960 οὐ
2365 1903 2636 1978 λατρεύω,
2694 1901 2818 1960 οὕτε
2872 1910 2991 1968 τοῖς
3015 1909 3131 1966 σοῖς
3187 1904 3598 1980 προστάγμασιν
3664 1905 3807 1960 ὑπο-

372 1993 519 2048 tidie
561 1995 745 2050 offero
783 1995 1357 2052 sacriﬁciumlaudis
1392 2003 1450 2052 et
1478 1997 1874 2052 confessionis
1898 2014 1912 2063 ;
1936 1996 2028 2051 fac

369 2083 553 2156 igitur
579 2083 739 2154 quod
770 2085 876 2154 vis,
927 2085 1407 2142 sceleratissime.
1441 2086 1704 2142 Audiens
1728 2085 1854 2140 haec
1885 2101 2030 2156 apo-

372 2176 529 2228 stata
559 2178 617 2227 et
645 2173 734 2228 ira
765 2173 1068 2245 incensus,
1094 2175 1368 2247 lapidum
1402 2181 1776 2247 exemptores
1798 2191 1864 2230 ac
1884 2173 2030 2244 lapi-

375 2261 604 2317 dicidas
636 2262 865 2334 ingredi
890 2263 1076 2334 jussit
1099 2263 1364 2336 dixitque
1392 2265 1516 2319 eis:
1552 2263 1852 2318 Videtisne
1883 2279 2030 2335 pras-

373 2355 611 2422 ruptam
667 2357 922 2423 petram,
983 2369 1116 2424 quas
1174 2369 1206 2408 e
1242 2353 1483 2425 regione
1541 2352 1760 2408 theatri
1808 2352 2028 2408 civitati

377 2439 656 2495 imminet
683 2440 969 2497 ruinosa?
997 2443 1123 2508 Qua
1171 2441 1351 2515 igitur
1397 2447 1577 2507 secta,
1630 2449 1808 2514 atque
1841 2443 2030 2498 altera

377 2530 510 2602 ejus
541 2535 708 2602 parte
743 2531 803 2585 in
830 2530 1017 2586 altum
1051 2532 1296 2600 elevata,
1330 2532 1488 2588 hunc
1508 2533 1864 2588 sceleratum
1885 2550 2028 2588 con-

376 2619 606 2674 stituite
650 2619 954 2687 medium;
1006 2621 1316 2693 ruptisque
1364 2621 1638 2690 vinculis,
1693 2639 1811 2693 qua
1859 2627 2028 2693 petra

371 2708 686 2778 retinetur,
747 2709 986 2781 dejicite
1039 2725 1169 2766 eam
1221 2711 1385 2766 omni
1410 2713 1465 2766 vi
1496 2717 1674 2782 atque
1705 2712 1932 2782 impetu
1963 2711 2026 2766 in

367 2802 599 2870 partem
633 2813 704 2852 ex
734 2814 852 2869 qua
881 2805 1044 2856 secta
1073 2805 1194 2867 est;
1228 2806 1286 2854 et
1314 2801 1426 2856 iste
1460 2801 1695 2857 medius
1725 2801 2024 2874 intercep-

368 2893 464 2942 tus
495 2886 556 2942 in
587 2887 1022 2944 minutissimas
1049 2893 1248 2961 partes
1281 2895 1439 2945 totus
1469 2895 1830 2958 conteretur,
1865 2891 2025 2961 ejus-

369 2995 486 3051 que
516 2978 744 3035 viscera
771 2981 977 3036 omnia
1015 2980 1485 3053 disrumpentur,
1518 2988 1585 3037 ut
1612 2983 1761 3038 sciat
1785 2983 2025 3038 cuinam

367 3068 630 3135 resistat,
670 3069 733 3123 in
778 3085 955 3139 quem
1005 3070 1480 3142 impugnandum
1525 3087 1692 3126 arma
1739 3071 2024 3138 induerit,

370 3161 431 3212 et
458 3156 601 3227 quid
624 3157 828 3211 auxilii
852 3157 904 3212 ei
928 3157 1255 3214 collaturus
1278 3160 1354 3214 sit
1377 3161 1530 3214 Deus
1553 3161 1704 3230 ejus,
1738 3161 1786 3215 si
1809 3177 2024 3232 nempe

2134 1992 2347 2065 κύπτω,
2378 1993 2525 2051 ἀλλά
2570 1999 2651 2067 τῷ
2708 1998 2826 2067 Θεῷ
2886 2016 2992 2067 μου
3051 1995 3172 2058 καθ’
3216 1992 3443 2064 ἑκάστην
3497 1994 3798 2072 προσφέρω

2137 2083 2322 2148 θυσίαν
2379 2083 2656 2151 αἰνέσεως,
2710 2083 2800 2139 xui
2860 2082 3358 2158 έξομολογήσεως·
3417 2080 3563 2138 ποίει
3616 2083 3714 2138 οὗν
3772 2083 3802 2139 ’ὀ

2138 2171 2335 2242 θέλεις,
2385 2172 2836 2248 παρανομώτατε.
2892 2175 3068 2228 Ταῦτα
3116 2172 3144 2227 6
3188 2166 3512 2246 παραϐάτης
3558 2171 3794 2228 ἀκούσας

2136 2263 2227 2318 xui
2258 2263 2483 2337 πλήρης
2513 2264 2688 2334 θυμοῦ
2715 2262 3030 2338 γενόμενος,
3063 2260 3343 2334 λατόμους
3371 2261 3462 2316 καὶ
3504 2263 3792 2333 λιθοξόους

2137 2350 2415 2407 ἐκέλευσεν
2475 2351 2762 2422 εἰσελθεῖν,
2820 2353 2910 2408 xui
2969 2374 3101 2430 φησι
3146 2352 3285 2424 πρὸς
3332 2350 3554 2414 αὐτούς·
3604 2353 3794 2428 Ὁρᾶτε

2135 2441 2234 2510 τήν
2295 2441 2576 2514 ἀπότομον
2657 2441 2855 2515 πέτραν
2907 2441 3006 2510 τὴν
3076 2439 3330 2496 ἀπέναντι
3407 2445 3505 2495 τοῦ
3567 2441 3788 2515 θεάτρου

2135 2533 2274 2610 πρὸς
2303 2533 2366 2589 τὸ
2396 2534 2650 2596 κάταντες
2679 2535 2778 2603 τῆς
2821 2532 3039 2595 πόλεως
3073 2532 3336 2610 ῥέπουσαν
3373 2552 3388 2602 ς
3438 2533 3645 2605 Ταύτην
3696 2533 3787 2589 οὗν

2137 2620 2489 2699 διχάσαντες,
2547 2622 2635 2678 καὶ
2692 2622 2756 2678 τὸ
2813 2622 2999 2697 ἓτερον
3059 2622 3225 2697 μέρος
3281 2622 3451 2692 αὐτῆς
3512 2623 3784 2701 ἀνωφερὲ-

2135 2733 2322 2788 στερον
2356 2714 2672 2784 στήσαντες,
2718 2712 2935 2768 τουτονῖ
2992 2712 3085 2767 τὸν
3118 2710 3411 2790 ἀλιτήριον
3466 2708 3787 2786 ἒμϐιϐάσατε

2137 2800 2322 2878 μέσονο
2367 2803 2457 2857 καὶ
2499 2801 2628 2864 τοὺς
2688 2799 2922 2876 δεσμοὺς
2978 2808 3080 2871 τῆς
3137 2800 3338 2878 πέτρας
3391 2801 3787 2880 ἐναπορῥήξαν-

2131 2913 2244 2963 τες,
2278 2891 2436 2970 ἄφετε
2485 2892 2621 2965 μετὰ
2670 2890 2854 2968 ῥύμης
2899 2890 2987 2946 καὶ
3037 2891 3241 2967 βάρους
3294 2889 3607 2956 έναπελθεῖν
3651 2890 3785 2966 πρὸς

2132 2982 2196 3038 τὸ
2251 2981 2422 3058 μέρος
2452 2981 2571 3046 ὅθεν
2632 2978 2968 3057 δεδίχασταιο
3023 2981 3114 3036 καὶ
3166 2981 3362 3036 τούτου
3410 2982 3574 3053 μέσον
3603 2981 3782 3054 εὕρισ-

2132 3073 2372 3144 κομένου
2429 3072 2568 3133 ἅπας
2619 3071 2756 3126 κατὰ
2810 3071 3008 3147 μικρὸν
3039 3069 3512 3141 συνθλασθήσεται,
3568 3067 3660 3124 xui
3711 3067 3776 3124 τά

2134 3159 2283 3223 ἐντὸς
2343 3161 2511 3216 αὐτοῦ
2563 3159 2736 3216 πάντα
2793 3157 3215 3238 διαῤῥγήσονται
3249 3177 3265 3191 ⁸
3317 3159 3382 3214 ’ἶν’
3460 3156 3583 3234 εἲδῃ
3665 3158 3768 3213 τίνι

368 3250 582 3318 potens
615 3245 848 3301 futurus
880 3246 958 3301 sit
987 3263 1120 3302 eum
1167 3248 1398 3320 eripere
1439 3247 1512 3303 de
1543 3249 1818 3304 manibus
1851 3250 2020 3304 meis.

2139 3247 2465 3320 ἀνθίσταται,
2517 3249 2607 3305 xui
2649 3249 2754 3305 τίνι
2804 3250 2940 3326 πρὸς
2973 3251 3163 3326 μάχην
3225 3246 3566 3321 έξώπλισται,
3595 3247 3680 3302 xui
3723 3245 3775 3300 τί

369 3334 712 3390 Mandatum
741 3335 898 3391 dicto
923 3337 1099 3391 citius
1131 3336 1466 3409 lapidicida:
1514 3339 1798 3400 exsecuti,
1835 3339 2024 3394 demi-

370 3431 578 3482 serunt
633 3430 886 3497 petram,
916 3431 985 3482 ut
1016 3431 1304 3500 tyrannus
1346 3427 1631 3499 jusserat.
1687 3429 1828 3495 Quae
1889 3445 2025 3485 cum

370 3514 559 3570 multo
591 3514 856 3587 pondere
886 3516 948 3570 in
991 3533 1258 3588 praeceps
1289 3533 1472 3574 ruens
1525 3523 1714 3573 totum
1748 3519 2026 3590 martyris

369 3621 587 3676 corpus
670 3605 979 3677 cooperuit
1059 3611 1238 3678 atque
1306 3605 1455 3662 adeo
1523 3608 1895 3680 compressit,
1962 3613 2028 3663 ut

368 3695 594 3751 ossium
628 3695 1068 3751 confractorum
1129 3696 1359 3751 sonitus
1417 3696 1660 3768 quidam
1720 3699 2028 3754 audiretur

366 3784 757 3852 tremendus,
814 3784 1123 3841 horribilis
1179 3791 1240 3841 et
1287 3785 1566 3842 humanis
1625 3788 1870 3845 auribus
1931 3791 2026 3845 in-

371 3881 594 3932 suetus.

444 4147 532 4202 61.
566 4146 712 4201 Cum
745 4152 986 4202 sanctus
1037 4146 1100 4203 in
1131 4147 1330 4204 media
1359 4153 1529 4220 petra
1557 4155 1932 4222 premeretur
1970 4157 2030 4208 et

375 4240 736 4302 conteretur,
793 4235 1105 4292 invocabat
1149 4238 1449 4293 Christum
1479 4238 1724 4294 dicens:
1756 4242 1821 4296 In
1861 4248 2028 4312 petra

375 4325 638 4380 exaltasti
661 4341 766 4389 me,
798 4327 932 4396 quia
982 4328 1166 4395 factus
1213 4343 1266 4383 es
1293 4343 1413 4399 spes
1442 4344 1563 4383 mea
1583 4345 1602 4383 :
1657 4331 1824 4385 turris
1861 4333 2026 4399 forti-

371 4413 583 4467 tudinis
639 4430 673 4467 a
723 4416 868 4482 facie
924 4416 1139 4470 inimici
1174 4417 1213 4471 ί.
1261 4416 1524 4472 Statuisti
1574 4434 1748 4488 supra
1808 4425 2027 4490 petram

367 4500 532 4570 pedes
597 4517 740 4557 meos
771 4544 787 4569 ,
845 4509 898 4556 et
963 4504 1224 4558 direxisti
1291 4521 1503 4574 gressus
1555 4522 1698 4561 meos
1718 4507 1761 4562 ³.
1823 4510 2029 4579 Accipe

371 4591 569 4660 igitur,
615 4591 925 4659 Unigenite,
957 4591 1226 4662 spiritum
1273 4611 1470 4662 meum,
1521 4602 1575 4649 et
1616 4612 1685 4650 ne
1731 4597 2027 4652 concludas

369 4695 454 4734 me
484 4681 542 4734 in
572 4695 765 4734 manus
793 4678 1164 4734 inimicorum.
1210 4683 1354 4737 Nam
1404 4685 1606 4739 omnia
1646 4687 1776 4758 ejus
1803 4685 2029 4741 viscera

371 4769 642 4842 disrupta
691 4774 879 4836 erant,
935 4771 1302 4827 comminuta
1350 4790 1586 4844 quoque
1627 4780 1752 4829 tota
1799 4775 2027 4830 ossium

370 4876 706 4933 compages,
733 4865 791 4914 et
819 4859 1061 4931 pupillae
1084 4861 1392 4917 oculorum
1414 4862 1623 4919 orbitis
1640 4863 2025 4920 excedebant.

375 4951 592 5006 Verum
639 4949 724 5004 sic
756 4948 1053 5021 patienter
1100 4950 1396 5008 tolerabat
1439 4953 1655 5007 Christi
1703 4969 2028 5026 generosus

371 5039 615 5104 athleta,
641 5041 808 5111 quasi
837 5040 1007 5095 incus
1043 5041 1315 5106 infracta,
1351 5058 1454 5097 seu
1486 5042 1639 5114 lapis
1669 5043 2028 5100 durissimus

370 5135 429 5185 et
459 5129 623 5184 omni
682 5130 1000 5185 adamante
1054 5130 1283 5187 fortior.
1334 5131 1480 5186 Cum
1513 5147 1650 5204 ergo
1693 5139 1934 5187 sanctus
1965 5133 2026 5187 in

367 5219 565 5275 medio
597 5224 901 5290 petrarum
948 5218 1107 5274 diem
1155 5236 1223 5275 ac
1272 5226 1510 5276 noctem
1564 5228 2027 5293 perseverasset,

361 5308 547 5380 jussit
575 5308 921 5382 fmdifragus
954 5309 1226 5366 Julianus
1255 5309 1514 5384 disjungi
1539 5317 1760 5382 petras,
1785 5312 2030 5367 arbitra-

367 5402 463 5452 tus
488 5413 624 5451 eum
666 5397 1025 5467 disruptum,
1065 5397 1433 5453 confractum
1484 5405 1542 5453 et
1583 5404 1886 5455 mortuum
1931 5416 2028 5455 re-

370 5493 607 5554 pertum
627 5486 720 5541 iri.
755 5485 991 5556 Aper-tis
1013 5492 1210 5541 autem
1234 5487 1440 5558 petris,
1463 5489 1754 5558 processit
1787 5495 2028 5544 sanctus

374 5576 434 5627 et
455 5573 996 5629 circumambulare
1017 5575 1211 5646 cmpit,
1240 5574 1430 5630 oculis
1462 5575 1705 5646 quidem
1737 5593 1806 5632 ex
1836 5577 2032 5633 orbita

448 5710 466 5746 ί
497 5713 654 5773 Psal.
683 5733 778 5789 ιι,
808 5720 864 5788 2,
894 5717 948 5775 3.
996 5715 1020 5752 ²
1047 5716 1204 5780 Psal.
1233 5733 1429 5788 mm,
1463 5719 1517 5774 3.

2131 3340 2280 3416 παρά
2305 3343 2404 3395 τοῦ
2458 3343 2592 3395 Θεοῦ
2642 3339 2807 3395 αὐτοῦ
2863 3337 3306 3418 ὠφεληθήσεσαι,
3334 3338 3380 3393 εί
3413 3335 3514 3410 ἄρα
3560 3336 3775 3406 δυνήσε-

2129 3450 2217 3486 ται
2250 3428 2410 3484 αὐτὸν
2469 3427 2740 3500 ἐξελέσθαι
2793 3427 2853 3484 ἐκ
2906 3433 3012 3484 τῶν
3067 3432 3272 3504 χειρῶν
3329 3446 3456 3502 μου’
3509 3429 3651 3502 [388]
3676 3425 3779 3480 Τοῦ

2131 3512 2299 3594 ἔργου
2358 3515 2415 3573 δὲ
2472 3524 2663 3582 θᾶττον
2751 3517 2924 3594 λόγου
3003 3517 3402 3594 περαιωθέντος
3473 3518 3678 3594 ἀφῆκαν
3735 3513 3785 3568 0i

2133 3606 2383 3678 λαξευταὶ
2441 3609 2540 3678 τὴν
2600 3609 2797 3682 πέτραν
2858 3607 2934 3668 ὡς
2987 3607 3015 3662 6
3067 3605 3334 3682 τύραννος
3396 3604 3612 3682 ἔφησεν·
3646 3606 3681 3673 ἢ
3733 3600 3790 3658 δὶ

2133 3697 2224 3752 σὺν
2288 3697 2441 3773 βάρει
2498 3695 2700 3769 πολλῷ
2758 3695 2846 3751 ἐπὶ
2893 3696 2990 3751 τοῦ
3037 3698 3278 3770 πρηνοῦς
3307 3693 3609 3770 ἐνεχθεῖσα,
3660 3692 3785 3748 ὅλον

2133 3784 2368 3861 ἐκάλυψε
2397 3787 2460 3842 τὸ
2492 3790 2652 3859 σῶμα
2697 3789 2794 3840 τοῦ
2841 3787 3141 3862 μάρτυρος,
3183 3785 3275 3840 xui
3317 3782 3581 3840 τοσοῦτον
3629 3780 3785 3837 αύτὸν

2133 3874 2416 3947 έξεπίεσεν,
2469 3874 2608 3931 ὥστε
2661 3879 2771 3930 τῶν
2832 3874 3033 3930 ὀστέων
3092 3875 3270 3930 αὐτῶν
3320 3870 3792 3947 κατατεθραυσμέ-

2131 3987 2240 4021 νων
2275 3965 2418 4040 ἦχόν
2448 3985 2572 4020 τινα
2599 3970 2934 4041 κροτηθῆναι
2976 3959 3209 4040 φοϐερόν
3257 3983 3318 4019 τε
3363 3963 3454 4018 καὶ
3489 3962 3668 4039 βίαιον
3701 3961 3785 4016 xui

2133 4054 2296 4127 ξένων
2330 4054 2645 4130 ἀνθρωπίνῃ
2676 4053 2838 4129 ἀκοῇ.

2205 4145 2298 4214 ξα’.
2335 4143 2433 4199 Kui
2471 4144 2539 4213 ἦν
2584 4145 2613 4198 6
2653 4142 2811 4218 ἅγιος
2861 4143 3040 4217 μέσων
3087 4147 3198 4200 τῶν
3248 4146 3461 4217 πετρῶν
3517 4161 3797 4217 στενοχω-

2136 4233 2402 4310 ρούμενος
2473 4233 2566 4288 καὶ
2652 4233 3038 4306 έκπιεζόμενος
3085 4278 3100 4303 ,
3185 4231 3631 4304 ἐπικαλούμενος
3707 4230 3795 4286 τὸν

2134 4322 2365 4399 Χριστὸν
2414 4321 2504 4377 xui
2554 4318 2751 4395 λέγων’
2815 4323 2903 4379 Ἐν
2963 4323 3133 4398 πέτρα
3190 4321 3410 4396 ὕψωσάς
3448 4341 3535 4393 με,
3571 4317 3797 4395 ὡδήγη-

2134 4413 2229 4474 σάς
2300 4431 2408 4486 με,
2464 4409 2547 4466 ὅτι
2608 4409 2876 4485 έγενήθης
2932 4409 3092 4474 ἐλπίς
3151 4427 3277 4484 μουο
3335 4409 3548 4485 πύργος
3610 4408 3801 4483 ἰσχύος

2135 4500 2242 4556 ἀπὸ
2343 4499 2641 4574 προσώπου
2741 4499 2966 4576 έχθροῦο
3073 4497 3301 4569 ἔστησας
3402 4497 3488 4552 ἐπὶ
3598 4499 3796 4570 πέτραν

2135 4589 2261 4651 τοὺς
2326 4585 2499 4650 πόδας
2571 4609 2709 4662 μου,
2774 4588 2865 4643 καὶ
2938 4587 3264 4649 κατεύθυνας
3335 4586 3404 4641 τὰ
3476 4582 3799 4659 ὂιαϐήματά

2140 4702 2266 4754 μου.
2332 4680 2483 4750 Δέξαι
2541 4679 2748 4752 τοίνυν,
2807 4680 3136 4755 Μονογενὶς,
3197 4679 3260 4733 τὸ
3317 4677 3535 4750 πνεύμά
3601 4674 3794 4751 μου,ὀ

2136 4768 2298 4833 εἰδὼς
2354 4771 2454 4839 τὴν
2514 4771 2882 4846 στενοχωρίαν
2945 4791 3091 4844 μου,
3167 4769 3259 4824 καὶ
3327 4769 3405 4841 μή
3465 4767 3794 4844 συγκλείσῃς

2140 4881 2207 4934 με
2235 4859 2312 4922 εἰς
2343 4864 2537 4934 γεῖρας
2568 4859 2806 4935 ἐχθρῶν.
2839 4861 3013 4916 ἽΙσαν
3065 4858 3166 4935 γάρ
3194 4859 3368 4913 πάντα
3395 4858 3464 4912 τά
3491 4855 3648 4919 ἐντὸς
3694 4854 3792 4910 αὖ·

2133 4955 2231 5005 τοῦ
2282 4948 2669 5027 διεῤῥωγότα,
2724 4949 2814 5005 xui
2867 4954 2976 5004 τῶν
3036 4949 3207 5004 ὀστῶν
3265 4950 3301 5017 ἡ
3361 4947 3598 5023 ἁρμονία
3655 4950 3796 5000 πᾶσα

2136 5038 2595 5112 συντεθλασμένη,
2648 5039 2739 5094 καὶ
2771 5039 2822 5094 0i
2855 5033 3054 5112 βολϐοὶ
3106 5041 3214 5092 τῶν
3272 5035 3579 5114 ὀφθαλμῶν
3639 5033 3792 5090 ἐκπε-

2134 5126 2445 5199 πηδηκότες
2477 5128 2672 5184 ἐκτῶν
2735 5124 2971 5203 θυρίδων
3031 5125 3230 5181 αύτιῖιν⁸
3265 5123 3416 5181 ἀλλὰ
3468 5125 3561 5179 xui
3623 5123 3796 5181 οὕτως

2133 5220 2201 5290 ἦν
2258 5217 2592 5293 έγκαρτερῶν
2655 5218 2682 5272 6
2734 5221 2831 5272 τοῦ
2887 5218 3124 5289 Χριστοῦ
3181 5219 3432 5290 γενναῖος
3489 5211 3790 5283 ἀθλητὴς,

2136 5307 2316 5378 ὣσπερ
2377 5306 2568 5380 ἄκμων
2624 5305 2896 5377 ἀνήλατος
2929 5350 2943 5372 ,
3002 5306 3037 5375 ἢ
3098 5303 3256 5368 λίθος
3313 5303 3651 5379 ἀτέραμνος,
3703 5298 3788 5354 xui

2135 5399 2332 5458 παντὸς
2377 5395 2687 5469 ἀδάμαντος
2745 5394 3122 5471 ἴσχυρότερος.
3183 5393 3522 5462 Ποιήσαντος
3563 5389 3655 5446 οὖν
3699 5389 3792 5442 τοῦ

2136 5485 2292 5562 ἁγίου
2351 5486 2403 5542 έν
2440 5489 2589 5560 μέσῳ
2637 5489 2747 5540 τῶν
2800 5488 3014 5562 πετρῶν
3069 5481 3458 5558 ἡμερνύκτιον,
3518 5480 3792 5537 ἐκέλευσεν

2135 5576 2184 5636 ὸν
2215 5575 2534 5650 παράνομος
2592 5573 2892 5636 Ἰουλιανὸς
2953 5570 3344 5647 διαζευχθῆναι
3399 5571 3498 5633 τὰς
3556 5569 3788 5642 πέτρας,
