4120 6388
325 321 467 395 1309

1664 330 1723 382 8.
1765 324 2070 380 ARTEMH
2106 323 2385 382 PASSIO.

3612 321 3752 378 1310

324 448 652 523 προσδοκῶν
710 448 870 505 αὐτὸν
934 447 1272 528 διεῤῥωγότα
1323 450 1413 507 καὶ
1489 449 1976 525 συντεθραυσμὲνον

2096 450 2492 521 pendentibus
2522 456 2581 506 et
2636 450 2937 523 propriam
2985 449 3467 522 relinquentibus
3520 420 3745 516 sedem,

324 538 413 591 καὶ
459 539 644 612 νεκρὸν
704 537 1107 610 εὑρεθήσεσθαν
1170 539 1551 613 ἀνεῳχθεισῶν
1614 535 1671 592 δὶ
1723 541 1829 590 τῶν
1889 558 1985 590 πε-

324 628 492 700 τρῶν,
552 626 772 699 ἐξῆλθεν
805 628 832 682 6
865 627 1026 702 ἃγιος
1083 632 1420 702 περιπατῶν,
1477 627 1603 688 τοὺς
1662 623 1986 699 ὀφθαλμοὺς

323 712 472 790 ἔχων
504 712 981 785 ἐκπεπηδηκότας,
1039 715 1129 770 καὶ
1187 717 1284 779 τάς
1342 714 1482 778 ῗόίας
1538 713 1701 790 ἕδρας
1756 711 1981 769 καταλι-

320 804 544 875 πόντας,
577 805 752 876 θέαμα
794 804 1020 878 φρικτὸν
1072 804 1163 858 καὶ
1226 802 1481 879 διήγημα
1533 804 1678 875 ξένον
1738 810 1840 872 τῆς
1900 803 1986 855 ἀν-

320 895 602 967 θρωπίνης
688 896 954 970 ὑπάρχων
1037 895 1272 973 φύσεως,
1362 892 1651 969 ἅνθρωπος
1755 894 1984 968 γυμνὸς,

317 983 846 1056 κατατεθλασμὲνων
880 984 1043 1039 αὐτοῦ
1072 989 1178 1039 τῶν
1214 986 1386 1039 ὀστῶν
1418 985 1508 1039 καὶ
1540 990 1646 1039 τῶν
1708 986 1988 1058 ἁρμονιῶν

2099 542 2503 610 spectaculum
2526 542 2736 612 utique
2760 541 3125 596 horrendum
3149 548 3208 594 et
3226 544 3453 593 naturae
3472 536 3750 593 humana;

2095 627 2368 682 mirabile
2402 630 2822 699 compendium
2853 649 2862 681 :
2891 630 3067 684 homo
3098 627 3318 694 nudus,
3353 627 3625 681 contritis
3655 642 3750 681 os-

2097 717 2261 771 sibus
2293 723 2350 771 et
2379 720 2766 789 compagibus
2798 718 3099 789 disruptis,
3135 718 3433 771 internam
3474 715 3754 770 humanm

2097 812 2325 861 natura)
2358 808 2815 878 dispositionem
2850 824 3119 879 corpore,
3180 822 3297 877 quo
3341 803 3753 860 circumdaba-

2099 902 2214 963 tur,
2243 898 2645 970 egredientem
2672 898 3017 965 ostendens,
3042 896 3374 961 incedebat,
3400 893 3761 965 loquebatur

2100 991 2159 1041 et
2188 986 2469 1042 adversus
2502 993 2826 1059 tyrannum
2859 986 3037 1041 verba
3063 984 3340 1041 faciebat.

318 1070 847 1149 συντεθραυσμένων,
880 1075 980 1141 τήν
1015 1073 1337 1146 οἰκονομίαν
1368 1081 1467 1143 τῆς
1530 1072 1882 1145 ἀνθρωπίνης
1944 1072 2155 1149 φύσεως
2214 1073 2274 1128 ἐκ
2328 1079 2425 1127 τοῦ
2479 1073 2840 1149 περιέχοντος
2900 1075 3157 1146 σώματος
3208 1070 3526 1145 ἐξελθοῦσαν
3584 1090 3755 1143 παρα-

319 1160 553 1232 δεικνὺς,
584 1182 899 1233 περιεπατει
932 1164 1083 1236 [389]
1113 1163 1202 1217 καὶ
1237 1161 1532 1236 διελέγετο,
1565 1162 1656 1217 καὶ
1687 1162 1827 1237 πρὸς
1852 1162 1943 1216 τὸν
1974 1162 2234 1237 τύραννον
2268 1162 2680 1239 ἀντεωθέγγετο.

527 1254 626 1308 "Ov
662 1250 793 1306 ΐδὼν
853 1253 881 1306 6
939 1252 1259 1329 παμμίαρος
1319 1251 1647 1323 Ἰουλιανὸς,
1706 1247 1980 1324 ἔκθαμϐος

317 1343 452 1404 ὅλος
510 1340 740 1415 ἐγένετο,
798 1341 891 1395 καὶ
946 1343 1081 1416 πρὸς
1139 1343 1265 1403 τοὺς
1320 1342 1592 1416 παρόντας
1662 1340 1977 1418 ἐφθέγξατο·

314 1432 532 1503 Ὁρᾶτε,
565 1427 691 1508 ἔφη,
725 1430 897 1503 θέαμα
928 1432 1079 1503 ξένον
1140 1432 1230 1486 καὶ
1291 1430 1548 1506 διήγημα
1602 1437 1704 1500 τῆς
1760 1430 1978 1505 ἀνθρω-

314 1522 485 1591 πίνης
514 1519 811 1593 ἀλλότριον
845 1521 1097 1596 φύσεωςς
1132 1522 1215 1595 ἆρ’
1266 1520 1363 1575 οὐκ
1424 1517 1633 1592 ἐπῳδὸς
1692 1518 1781 1573 καὶ
1842 1519 1978 1593 γόης

312 1610 512 1687 πέφυκ’
543 1608 667 1679 δδες
704 1611 805 1683 ἄρα
839 1613 912 1682 μή
946 1631 999 1664 τι
1032 1610 1317 1687 φάντασμα
1364 1611 1453 1664 καὶ
1508 1607 1786 1681 δαιμόνων
1838 1608 1980 1662 ἀπα-

312 1697 506 1769 τηλῶν
538 1703 701 1754 τοῦτο
728 1700 1033 1773 τεκμήριον
1063 1720 1077 1769 ;
1113 1704 1223 1757 Νῦν
1252 1699 1515 1771 πείθομαι
1547 1701 1639 1753 τὸν
1676 1695 1980 1773 Εὐριπίδην

316 1790 484 1867 σοφὸν
546 1791 682 1843 εἶναι
739 1790 829 1843 καὶ
886 1788 1112 1845 πολλῶν
1161 1791 1505 1865 πραγμάτων
1568 1790 1618 1844 ἐν
1693 1788 1974 1863 ἐπιστήμῃ

314 1881 679 1954 τυγχάνοντα,
712 1877 763 1933 ἐν
798 1879 1021 1955 Ὀρέστῃ
1049 1876 1177 1933 τάδε
1216 1877 1685 1957 φιλοσοφήσαντα·

504 2074 617 2131 Οὐκ
647 2072 757 2129 ἔστι
792 2072 963 2129 δεινόν
992 2071 1088 2128 ὧδ’
1120 2074 1289 2129 εἰπεῖν
1321 2072 1473 2142 ἔπος,

502 2144 641 2224 ρύδὲ
667 2144 995 2224 πάθρςρῦδξ
1026 2148 1307 2224 ξυμφορέι
1332 2146 1623 2224 θεήλατον)

496 2218 595 2278 Ἥς
625 2218 724 2273 οὐκ
754 2216 815 2272 ἄν
844 2215 988 2290 ἄρετ’
1022 2215 1189 2293 ἃχθὸς
1209 2215 1511 2294 ’ἀνθρώπου
1542 2217 1723 2295 φύσις.

385 2321 478 2377 Μὰ
506 2322 633 2384 τοὺς
663 2324 960 2387 ἀθανάτους
986 2326 1073 2380 καί
1111 2326 1419 2395 ἀηττήτους
1452 2326 1631 2393 θεοὺς,
1665 2325 1764 2380 οὐκ
1803 2326 1973 2395 ἢλπι-

311 2416 430 2480 ζον,
466 2409 673 2487 ἄνδρες,
709 2412 1000 2470 ἔτιτοῦτον
1028 2416 1119 2470 τὸν
1153 2415 1502 2489 παλαμναῖον
1534 2416 1625 2469 καὶ
1686 2414 1972 2490 ἀλιτήριον

310 2499 365 2555 ἰν
400 2506 519 2562 τοῖς
553 2507 682 2570 ζῶσι
741 2502 1023 2578 τετάχθαι.
1085 2505 1190 2559 Νῦν
1254 2502 1311 2559 δὲ
1366 2504 1455 2559 καὶ
1513 2508 1622 2558 τῶν
1683 2501 1972 2567 ἐνδοσθίων

312 2589 485 2645 αὐτοῦ
513 2590 870 2665 ἐκραγέντων,
900 2593 990 2647 καὶ
1048 2598 1149 2659 τῆς
1202 2594 1468 2668 ἁρμονίας
1520 2594 1733 2659 ἀπάσης
1785 2590 1973 2646 διαλυ-

311 2683 527 2752 Θείσης,
558 2690 781 2737 κινεῖται
813 2685 901 2738 καὶ
935 2686 1242 2760 φθέγγεται.
1306 2682 1465 2740 Ἀλλ’
1518 2686 1571 2738 οἱ
1623 2685 1735 2738 θεοὶ
1783 2687 1971 2737 τοῦτον

313 2770 712 2843 ἐταμιεύσαντο
745 2771 823 2835 εἷς
851 2772 1080 2828 πολλῶν
1114 2774 1415 2849 ἀνθρώπων
1444 2774 1849 2847 σωφρονισμὸν,
1902 2773 1975 2825 ’ἶν’

317 2860 357 2935 ᾖ
395 2860 780 2935 μορμολύκιον
812 2868 930 2925 τοῖς
955 2862 1017 2918 τὸ
1038 2862 1237 2939 κράτος
1266 2863 1445 2917 αὐτῶν
1481 2863 1557 2936 μὴ
1607 2866 1975 2937 προσκυνοῦσι

318 2950 386 3003 τὸ
424 2950 817 3023 ὑπερκὸσμιον.
854 2951 951 3005 Καί
982 2974 1115 3022 φησι
1168 2952 1306 3026 πρὸς
1353 2953 1447 3006 τὸν
1493 2953 1758 3026 μάρτυρα·
1811 2947 1975 3019 Ἰδοὺ,

311 3038 663 3114 ταλαίπωρε,
692 3040 782 3095 καὶ
819 3039 1119 3118 ὀφθαλμῶν
1154 3040 1469 3116 ἐστερήθης,
1502 3040 1593 3094 καὶ
1621 3044 1730 3094 τῶν
1793 3037 1978 3113 μελῶν

314 3128 573 3184 ἁπάντων
606 3128 936 3205 ἠχρείωσαι’
970 3132 1102 3185 ποία
1133 3129 1227 3185 οὗν
1258 3127 1334 3185 ἔτι
1386 3129 1633 3185 λείπεταί
1686 3150 1771 3183 σοι
1818 3128 1979 3191 ἐλπὶς

310 3217 459 3291 πρὸς
485 3216 542 3271 ὃν
575 3217 751 3291 μάτην
794 3218 1078 3287 ἢλπισαςς
1139 3216 1318 3275 Ἀλλά
1370 3219 1471 3286 τήν
1533 3218 1812 3291 εὐμένειαν
1869 3222 1980 3272 τῶν

313 3311 458 3371 θεῶν
489 3306 830 3363 ἒπικάλεσαι·
862 3307 991 3370 ἴσως
1026 3307 1168 3363 ἲλεοί
1227 3329 1311 3362 σοι
1366 3311 1709 3383 γενήσονται,
1759 3308 1846 3362 καὶ
1902 3308 1978 3381 μή

310 3418 372 3452 σε
405 3403 529 3459 ταῖς
562 3397 613 3452 ἐν
647 3395 779 3467 ᾅδου
804 3398 1061 3453 κολάσεσι
1095 3395 1535 3473 παραδώσουσιν.

388 3489 486 3562 ξγ’.
521 3488 578 3539 Ὀ
619 3484 676 3541 δὲ
732 3492 831 3541 τοῦ
884 3489 1124 3563 Χριστοῦ
1184 3487 1387 3563 μάρτυς
1445 3487 1672 3544 κόλασιν
1729 3487 1985 3557 ἀκούσας,

314 3573 619 3649 ἐμειδίασε·
648 3576 739 3629 καὶ
797 3597 929 3653 φησι
989 3576 1127 3649 πρὸς
1181 3577 1276 3630 τὸν
1329 3578 1623 3649 ἀσυμπαθῆ
1685 3577 1773 3630 καὶ
1829 3577 1990 3649 ἀμεί-

314 3666 515 3722 λικτον
540 3664 820 3739 τύραννον·
856 3665 917 3718 Οἱ
962 3664 1047 3718 σοὶ
1098 3664 1210 3718 θεοί
1264 3684 1331 3736 με
1376 3671 1497 3727 ταῖς
1545 3664 1828 3720 κολάσεσιν
1883 3686 1987 3719 πα-

310 3751 821 3829 ραδώσουσινςκαὶ
881 3757 1001 3817 πῶς
1049 3751 1268 3819 ἐκεῖνοι,
1320 3753 1633 3829 παμμίαρε,
1681 3755 1781 3823 τήν
1844 3751 1984 3809 ῗδίαν

309 3842 547 3900 κόλασιν
584 3844 660 3915 μή
723 3842 1071 3920 ἐκφυγόντες,
1131 3839 1327 3903 ἄλλοις
1394 3842 1667 3918 βοηθῆσαι
1723 3840 1990 3912 δυνήσον-

310 3952 450 4002 tat;
489 3932 747 3995 Ἐκείνοις
781 3934 1115 4005 ἡτοίμασται
1165 3931 1227 3986 τὸ
1275 3936 1382 4005 πῦρ
1428 3931 1491 3985 τὸ
1542 3931 1789 4002 αἰώνιον,
1838 3934 1987 4008 [390]

312 4024 554 4084 ἱκείνοις
586 4024 613 4077 ὁ
648 4024 929 4096 Τάρταρος
960 4023 1049 4076 καὶ
1086 4023 1137 4076 οἱ
1192 4018 1501 4090 σκώληκες,
1553 4020 1638 4074 καὶ
1675 4022 1702 4075 6
1739 4022 1988 4097 βρυγμὸς

306 4120 428 4172 τῶν
466 4111 701 4168 ὀδόντων
736 4113 763 4166 6
799 4111 1031 4187 μηδέπω
1062 4113 1391 4185 παυόμενοςέ
1448 4112 1565 4184 μεθ’
1620 4112 1693 4165 ὧν
1747 4112 1833 4167 καὶ
1885 4111 1984 4166 αὐ-

302 4206 407 4266 τὸς
470 4200 825 4277 παραδοθήσῃ
877 4207 955 4274 τῷ
1009 4200 1217 4275 αἰωνίῳ
1275 4201 1367 4256 καὶ
1425 4199 1772 4273 ἀτελευτήτῳ
1830 4201 1984 4275 πυρὶ,

311 4294 399 4354 εἷς
434 4292 605 4347 αἰῶνα
636 4290 1135 4365 κολασθησόμενος·
1172 4292 1255 4346 ’ὁτι
1296 4292 1389 4346 τὸν
1424 4291 1649 4366 σταυρὸν
1699 4288 1796 4345 τοῦ
1846 4289 1985 4346 Θεοῦ

311 4380 724 4450 κατεπάττοσας,
779 4386 869 4434 καὶ
927 4381 988 4434 τὸ
1048 4382 1186 4452 αἷμα
1235 4379 1299 4433 τὸ
1355 4378 1603 4452 τίμιονδ
1635 4379 1767 4453 ὑπὲρ
1825 4380 1987 4451 ἡμῶν

309 4471 558 4545 ἐξέχεεν,
589 4470 777 4525 κοινὸν
812 4471 1031 4543 ἡγήσω,
1060 4464 1342 4545 ἐνυϐρίσας
1372 4470 1435 4524 τὸ
1487 4473 1704 4542 Πνεῦμα
1751 4476 1851 4538 τῆς
1881 4466 1987 4543 χά-

310 4580 471 4638 ριτος
502 4558 553 4613 ἐν
587 4560 633 4631 ᾧ
662 4559 955 4633 ὴγιάσθης,
1002 4555 1259 4630 δαίμοσιν
1316 4557 1590 4633 ὀλεθρίοις
1633 4557 1982 4631 πειθόμενος.

306 4650 482 4722 Ἐμοὶ
517 4646 573 4703 δὲ
606 4649 738 4724 ὑπὲρ
770 4647 964 4703 τούτου
1014 4652 1111 4703 τοῦ
1174 4650 1372 4721 μικροῦ
1430 4648 1678 4721 καμάτου
1737 4648 1828 4701 καὶ
1885 4651 1985 4711 τῆς

2164 1258 2253 1310 62.
2274 1256 2399 1321 Quo
2422 1257 2569 1323 viso,
2602 1255 2866 1311 nefarius
2911 1254 3180 1310 Julianus
3221 1257 3460 1324 stupore
3488 1251 3750 1307 maximo

2092 1346 2340 1400 affectus
2372 1353 2483 1413 est,
2517 1351 2576 1400 et
2631 1345 2965 1400 astantibus
3027 1344 3211 1399 dixit:
3262 1342 3564 1396 Videtisne
3619 1355 3757 1412 spe-

2092 1434 2388 1489 ctaculum
2422 1436 2533 1490 hoc
2563 1451 2781 1489 novum
2818 1439 2876 1488 et
2916 1431 3344 1504 compendium
3376 1429 3547 1494 illud,
3596 1428 3755 1499 quod

2090 1523 2162 1577 ad
2218 1524 2543 1579 humanam
2603 1529 2886 1579 naturam
2935 1522 3240 1592 pertinere
3296 1534 3417 1572 non
3474 1516 3751 1571 videtur?

2090 1615 2296 1667 Nonne
2330 1630 2502 1684 sagus
2530 1618 2589 1667 et
2617 1615 2955 1668 incantator
2986 1616 3076 1665 est
3105 1610 3216 1664 iste
3238 1608 3266 1662 ?
3290 1612 3393 1662 aut
3444 1610 3746 1677 spectrum

2090 1702 2387 1772 quoddam
2421 1708 2478 1756 et
2506 1702 2810 1756 fallaciam
2842 1701 3183 1755 daemonum
3216 1695 3547 1752 indicium?
3578 1695 3744 1748 Nunc

2088 1792 2234 1846 mihi
2258 1809 2609 1863 persuasum
2638 1798 2729 1847 est
2755 1790 3099 1862 Euripidem
3125 1788 3455 1859 sapientem
3480 1784 3662 1839 fuisse
3685 1787 3747 1838 et

2087 1882 2410 1937 multarum
2442 1898 2643 1937 rerum
2675 1881 2925 1937 scientia
2954 1879 3303 1951 pollentem,
3343 1874 3581 1947 quando
3610 1874 3738 1929 hac

2088 1971 2149 2025 in
2179 1972 2383 2027 Oreste
2415 1971 2872 2042 philosophatur
2898 1985 2911 2023 :

2226 2080 2344 2133 Non
2377 2085 2453 2133 est
2483 2079 2602 2133 ulla
2631 2080 2767 2133 adeo
2802 2076 3067 2131 terribilis
3096 2075 3248 2129 dictu
3277 2089 3382 2139 res,

2226 2152 2407 2220 Neque
2438 2149 2693 2219 afﬂictio,
2728 2165 2904 2219 neque
2932 2147 3202 2201 divinitus
3232 2147 3395 2200 missa
3424 2144 3733 2220 calamitas,

2227 2218 2395 2291 Cujus
2414 2223 2633 2292 pondus
2665 2218 2901 2275 hominis
2930 2227 3136 2273 natura
3164 2234 3274 2272 non
3302 2218 3589 2271 sustineat.

2085 2330 2198 2383 Per
2229 2329 2371 2383 deos
2415 2328 2785 2382 immortales
2841 2333 2898 2381 et
2956 2326 3227 2390 invictos,
3288 2339 3408 2377 non
3467 2320 3736 2391 suspica-

2084 2417 2211 2482 bar,
2244 2417 2377 2483 viri,
2410 2417 2569 2471 hunc
2600 2416 2921 2471 scelestum
2953 2420 3012 2469 et
3042 2413 3292 2484 impium
3343 2410 3536 2465 adhuc
3580 2410 3739 2463 inter

2082 2507 2241 2561 vivos
2271 2507 2625 2577 computari.
2661 2506 2824 2560 Nunc
2855 2520 3012 2572 vero,
3071 2501 3395 2557 visceribus
3444 2498 3649 2554 effusis
3682 2503 3742 2553 et

2084 2596 2313 2667 integra
2342 2595 2565 2649 ossium
2597 2610 2879 2665 compage
2928 2594 3218 2663 disrupta,
3263 2594 3532 2645 movetur
3562 2592 3620 2642 et
3648 2588 3741 2642 lo-

2084 2685 2308 2755 quitur.
2342 2683 2455 2737 Sed
2486 2684 2567 2737 dii
2620 2683 2793 2736 illum
2850 2686 3229 2736 reservarunt
3278 2678 3353 2734 ad
3409 2677 3736 2732 multorum

2085 2773 2399 2827 hominum
2425 2772 2878 2837 correctionem,
2912 2775 2981 2824 ut
3000 2774 3158 2824 esset
3180 2766 3529 2821 terriculum
3552 2765 3625 2820 iis
3639 2766 3747 2836 qui

2087 2862 2388 2917 caelestem
2420 2878 2628 2916 eorum
2657 2861 2989 2933 potentiam
3016 2875 3137 2913 non
3170 2857 3439 2912 adorant.
3502 2856 3743 2927 Martyri

2088 2956 2284 3007 autem
2318 2950 2467 3005 dixit
2496 2968 2509 3006 :
2544 2952 2649 3015 En,
2684 2950 2887 3015 miser,
2922 2954 2983 3004 et
3012 2948 3201 3003 oculis
3231 2946 3494 3018 privatus
3549 2961 3634 3012 es,
3686 2949 3747 2999 et

2090 3040 2357 3096 omnium
2386 3039 2791 3094 membrorum
2823 3053 3000 3091 usum
3033 3035 3310 3091 amisisti.
3352 3034 3492 3098 Qum
3539 3034 3746 3103 itaque

2092 3146 2226 3202 spes
2258 3131 2318 3183 in
2350 3145 2487 3184 eum
2518 3128 2626 3183 tibi
2659 3132 2932 3198 superest
2962 3127 3025 3181 in
3075 3142 3253 3197 quem
3292 3125 3511 3179 frustra
3542 3138 3745 3194 spera-

2092 3219 2213 3275 sti?
2240 3221 2455 3273 Verum
2489 3218 2735 3273 deorum
2770 3216 3198 3289 benignitatem
3244 3215 3488 3269 invoca:
3544 3213 3749 3267 forsan

2094 3310 2202 3364 tibi
2233 3308 2739 3380 propitiabuntur,
2771 3324 2882 3362 nec
2911 3306 3149 3361 tradent
3197 3310 3252 3361 te
3297 3303 3609 3376 suppliciis
3662 3302 3750 3357 in-

2014 3395 2057 3461 C
2096 3399 2270 3455 ferni.

2175 3490 2263 3545 63.
2294 3487 2404 3543 Sed
2435 3487 2651 3541 Christi
2707 3491 2953 3556 martyr,
3013 3483 3263 3540 audiens
3315 3483 3642 3537 immanem
3692 3486 3754 3535 et

2098 3579 2539 3650 implacabilem
2566 3584 2884 3650 tyrannum
2911 3576 3203 3648 supplicia
3223 3575 3592 3644 loquentem,
3617 3572 3753 3627 sub-

2097 3668 2230 3722 risit
2252 3675 2310 3722 et
2326 3669 2507 3723 dixit:
2542 3668 2712 3722 Diine
2754 3667 2837 3720 tui
2862 3665 3175 3737 suppliciis
3205 3680 3298 3719 me
3326 3662 3615 3718 tradent?
3645 3662 3751 3717 sed

2098 3758 2420 3827 quomodo,
2452 3756 2790 3817 maledicte,
2826 3756 2946 3820 isti,
2982 3771 3119 3809 cum
3158 3754 3468 3825 proprium
3520 3751 3749 3823 suppli-

2096 3846 2253 3900 cium
2287 3862 2408 3899 non
2439 3845 2773 3916 eﬂ’ugerint,
2802 3843 2935 3898 aliis
2968 3842 3241 3898 auxiliari
3273 3842 3598 3913 poterunt?
3623 3840 3749 3895 lllis

2096 3940 2339 4007 paratus
2373 3940 2462 3988 est
2492 3934 2646 4006 ignis
2678 3938 2958 3999 aeternus,
3020 3932 3142 3986 illis
3188 3934 3465 3987 Tartarus
3521 3935 3579 3985 et
3620 3945 3749 3985 ver-

2094 4041 2212 4080 mes
2242 4030 2301 4079 et
2341 4024 2561 4079 stridor
2616 4024 2911 4089 dentium,
2969 4022 3068 4093 qui
3123 4038 3433 4093 nunquam
3492 4020 3747 4075 desinet.

2095 4118 2240 4171 Cum
2272 4116 2486 4187 quibus
2521 4122 2585 4171 tu
2634 4132 2871 4186 quoque
2921 4115 3174 4170 traderis
3221 4115 3343 4187 igni
3405 4119 3629 4170 aeterno
3693 4118 3752 4167 et

2096 4205 2589 4279 inexstinguibili,
2646 4206 2707 4259 in
2768 4205 2987 4261 saecula
3033 4204 3409 4275 puniendus:
3460 4204 3600 4273 quia
3646 4202 3751 4257 Dei

2095 4313 2333 4352 crucem
2363 4296 2748 4363 conculcasti,
2782 4296 3146 4351 contumelia
3175 4294 3425 4350 aﬂ'ecisti
3462 4294 3746 4366 Spiritum

2094 4386 2401 4441 charitatis
2427 4387 2487 4440 in
2520 4402 2636 4456 quo
2679 4385 3083 4440 sanctiﬁcatus
3143 4401 3226 4450 es,
3290 4390 3347 4439 et
3394 4383 3750 4455 perniciosis

2095 4475 2468 4530 dmmonibus
2487 4475 2838 4545 obsequium
2863 4474 3192 4545 prmstitisti
3210 4474 3238 4528 ?
3255 4473 3393 4527 Mihi
3417 4478 3615 4527 autem
3638 4489 3751 4543 pro

2097 4565 2209 4621 levi
2232 4565 2437 4620 labore
2470 4570 2527 4619 et
2556 4564 2714 4619 brevi
2758 4565 3045 4630 cruciatu,
3078 4579 3255 4633 quem
3288 4562 3435 4617 mihi
3467 4562 3752 4627 intulisti,

2092 4655 2282 4711 multa
2302 4654 2561 4725 reposita
2578 4659 2713 4708 sunt
2738 4653 2982 4724 praemia
3000 4658 3059 4707 et
3075 4668 3311 4707 coronas
3333 4650 3757 4721 victorim,qui-

310 4738 578 4800 εὒτελοῦς
607 4738 874 4812 τιμωρίας
904 4740 972 4806 ἧς
1028 4759 1122 4809 μοι
1171 4738 1572 4812 προσήνεγκας,
1621 4734 1808 4792 πολλά
1860 4736 1977 4791 ἀντ-

2096 4745 2206 4799 bus
2235 4745 2438 4815 cingar
2490 4742 2871 4812 sempiternis
2898 4740 3124 4812 nuptiis
3155 4756 3287 4795 cum
3322 4739 3552 4794 Christo
3578 4754 3757 4793 accu-

312 4827 728 4899 αποδοθγςσεται
780 4823 990 4883 ἔπαθλα
1038 4827 1127 4882 καὶ
1181 4826 1433 4904 στέφανοι
1497 4828 1835 4901 νικητήριοι,
1897 4826 1987 4887 οὕς

315 4916 673 4991 ἆναδῆσομαι
708 4917 786 4983 εἷς
812 4918 905 4972 τὸν
941 4918 1212 4989 ἀκήρατον
1245 4920 1511 4994 νυμφῶνα
1573 4916 1706 4989 μετά
1749 4918 1985 4991 Χριστοῦ

308 5006 853 5078 ἀνακλιθησόμενος,
886 5007 975 5061 καὶ
1024 5007 1301 5062 ταινιώσει
1366 5026 1471 5080 μου
1526 5007 1629 5075 τήν
1679 5003 1924 5074 κεφαλὴν
1958 5006 1985 5060 6

309 5093 602 5163 Δεσπότης
632 5095 865 5166 Χριστὸς
922 5097 1056 5171 ὑπὲρ
1122 5096 1186 5151 τὸ
1244 5094 1523 5172 ἐφήμερον
1584 5096 1800 5171 στέφος,
1851 5095 1983 5169 ὅπερ

313 5181 386 5238 σὺ
440 5179 801 5255 περιδὲδεσαι.
861 5183 1039 5239 ⁹Α).λά
1088 5184 1141 5240 τί
1204 5206 1297 5257 μοι
1354 5188 1525 5239 ταῦτα
1584 5185 1721 5259 πρὸς
1778 5184 1834 5237 σε
1889 5184 1982 5238 τὸν

312 5265 495 5340 ἀσεϐῆ
527 5271 619 5325 καὶ
653 5269 930 5345 ἀλάστορα
986 5273 1289 5348 τύραννονς
1348 5273 1614 5343 ἀπόστηθι
1676 5273 1767 5326 ἀπ’
1824 5271 1983 5345 ἐμοῦ,

306 5362 755 5434 παρανομώτατε
824 5363 911 5416 καὶ
973 5367 1191 5418 πάντων
1244 5362 1541 5438 ἀνθρώπων
1629 5362 1981 5417 ἀνοσιώτατε·

304 5448 472 5519 δίδου
506 5452 776 5529 ἀπόφασιν
798 5453 916 5507 κατ’
955 5452 1092 5526 ἐμοῦ
1148 5454 1338 5509 ὁποίαν
1388 5452 1614 5523 ἐθέλεις,
1659 5451 1751 5506 καὶ
1807 5452 1985 5521 οἳανὸ

305 5547 562 5602 Σατανᾶς
594 5541 620 5595 6
651 5546 923 5597 κατοικῶν
956 5540 1009 5598 ἐν
1042 5547 1109 5617 τῇ
1142 5546 1297 5618 ψυχῇ
1332 5563 1428 5597 σου
1469 5537 1683 5617 ἐμϐάκῃ
1717 5561 1824 5595 σοι’
1876 5541 1985 5616 ἐγὼ

2097 4834 2351 4887 biturus.
2377 4834 2445 4885 Et
2467 4831 2703 4886 ornabit
2722 4837 2993 4901 tempora
3015 4845 3149 4885 mea
3174 4829 3443 4883 Christus
3467 4827 3751 4881 Dominus

2098 4920 2508 4976 excellentiori
2543 4938 2630 4986 ea,
2662 4936 2778 4990 qua
2809 4925 2871 4973 tu
2903 4919 2976 4975 ad
3008 4919 3167 4973 diem
3200 4918 3474 4989 cingeris,
3510 4932 3753 4970 corona.

2098 5009 2211 5064 Sed
2239 5009 2383 5079 quid
2415 5009 2563 5063 mihi
2596 5009 2721 5063 haec
2753 5007 2826 5062 ad
2896 5013 2952 5063 te
2999 5007 3250 5078 impium
3290 5010 3347 5059 et
3398 5003 3755 5059 sceleratum

2102 5104 2424 5171 tyrannum
2447 5098 2475 5152 ‘I
2505 5097 2750 5153 Discede
2782 5113 2815 5151 a
2845 5113 2961 5165 me,
2995 5096 3362 5167 nequissime
3394 5100 3453 5149 et
3482 5094 3754 5149 omnium

2096 5188 2450 5259 impiissime
2481 5186 2791 5259 ;profer;in
2808 5203 2904 5241 me
2930 5186 3166 5257 qualem
3192 5184 3466 5253 volueris,
3485 5182 3724 5254 qualem
3741 5214 3754 5224 -

2096 5294 2211 5347 que
2238 5277 2505 5344 Satanas,
2540 5275 2727 5346 quiin
2759 5275 2960 5330 anima
3007 5279 3107 5329 tua
3151 5273 3396 5338 habitat,
3448 5272 3554 5326 tibi
3605 5287 3751 5344 sug-

2095 5367 2368 5439 gesserit,
2403 5366 2782 5421 sententiam.
2819 5368 2932 5437 Ego
2960 5366 3117 5420 enim
3150 5364 3436 5419 voluntati
3471 5370 3584 5417 tua)
3607 5379 3750 5417 con-

2097 5456 2344 5518 tradico,
2377 5472 2573 5527 neque
2606 5454 2905 5510 mandatis
2937 5455 3053 5509 tuis
3097 5454 3464 5526 obtempero.
3497 5453 3608 5508 Fac
3639 5452 3751 5525 igi-

2095 5550 2193 5601 tur
2224 5544 2383 5616 quod
2413 5545 2520 5613 vis,
2550 5544 3028 5600 sceleratissime.

304 5633 422 5711 γάρ
454 5634 535 5703 τῷ
567 5634 645 5703 σῷ
692 5630 964 5705 θελήματι
1018 5631 1433 5706 ἀντιτάσσομαι,
1492 5632 1582 5687 καὶ
1640 5637 1758 5695 τοῖς
1820 5632 2205 5710 προστάγμασί
2255 5654 2352 5689 σου
2396 5632 2503 5709 οὐχ
2560 5631 2877 5693 ὑποκύπτω,
2939 5630 3088 5688 Ποίει
3144 5629 3241 5687 οὖν
3303 5631 3333 5687 δ
3390 5628 3587 5703 θίλιις,
3644 5651 3752 5687 πα·-

313 5721 704 5801 ρανομώτατε.
