4120 6372
439 367 573 424 1811
1962 371 2066 428 ΔΙ)

2266 365 2336 420 Δ.
3749 362 3893 422 1312

502 493 628 551 664.
656 496 791 552 Hinc
816 499 1095 570 martyris
1115 500 1295 557 verba
1315 516 1447 557 cum
1469 501 1795 558 audivisset
1826 497 2092 556 fmdifra—
2119 535 2129 562 λ

2274 484 2367 559 ξδ’.
2417 489 2600 544 Ταῦτα
2629 487 2658 542 ὁ
2686 481 3010 563 παραϐάτης
3065 488 3158 544 καὶ
3215 492 3318 544 τοῦ
3375 492 3527 546 Θεοῦ
3583 487 3889 564 ἀλλότριος

433 599 541 656 gus
565 589 623 638 et
645 601 680 640 a
702 586 821 642 Deo
841 587 1074 645 alienus
1089 590 1382 653 Julianus,
1407 591 1586 646 talem
1609 591 1672 646 in
1695 607 1830 646 eum
1845 585 2060 661 protuli

2269 575 2507 639 ιυλιανὸς
2546 576 2780 640 ἀκούσας
2833 577 2980 650 παρὰ
3035 581 3136 632 τοῦ
3200 584 3508 656 μάρτυρος,
3570 577 3896 658 ἀπεφήνατο

438 674 800 730 sententiam
826 692 839 730 :
873 678 1226 748 Artemium,
1257 681 1358 750 qui
1391 679 1534 736 deos
1563 679 1931 735 contumelia
1957 676 2065 731 aﬂ‘e

2269 668 2320 723 ;τ’
2377 667 2545 722 αὐτοῦ
2599 666 2828 738 ταυτηνὶ
2883 670 2984 736 τήν
3041 667 3336 746 ἀπόφασιν
3430 667 3753 744 Ἀρτέμιον
3808 672 3896 726 τὸν

436 761 536 827 cit,
573 765 866 820 Romanas
926 773 1248 839 nostraque
1305 769 1465 842 leges
1518 770 1770 841 pedibus
1823 765 2063 824 calcavit

2268 756 2327 818 ὺς
2359 755 2514 822 θεοὺς
2546 750 2920 830 ἔνυερίσαντα,
2953 757 3040 812 καὶ
3102 757 3231 821 τοὺς
3279 758 3651 832 Ῥωμαϊκούς
3698 780 3761 816 τε
3809 762 3894 818 ιιαὶ

438 869 501 907 se
532 853 658 925 ipse
689 855 1091 914 Christianum
1125 875 1230 930 pro
1263 861 1530 915 Romano
1568 866 1628 916 et
1652 862 1852 915 Graeco
1874 856 2065 930 profes

2264 844 2506 921 εετέρους
2589 847 3043 916 καταπατήσαντα
3125 846 3358 920 νόμους,
3423 848 3778 923 Χριστιανόν
3835 871 3891 906 τε

437 958 536 997 sus
570 948 677 1010 est,
707 949 763 998 et
795 963 898 1016 pro
931 946 1081 1002 duce
1137 953 1197 1003 et
1241 950 1535 1022 augustali
1589 949 1866 1005 Galilaaus
1905 947 2059 1018 magi

2260 935 2362 991 ιτὸν
2397 934 2514 989 ἀντὶ
2543 935 2817 1008 Ῥωμαίου
2847 935 2936 990 καὶ
2969 934 3252 1006 Ἕλληνος
3302 935 3887 1014 καθομολογήσαντα,

435 1033 663 1090 studuit
691 1037 1010 1102 nominari,
1040 1021 1652 1110 supremasententia
1669 1041 1845 1096 morti
1867 1037 2061 1094 addici

2275 1025 2289 1046 ‘
2336 1023 2350 1044 ’
2424 1025 2438 1045 ‘
2476 1021 2504 1078 δ
2616 1024 2630 1041 “
2782 1024 2796 1044 ⁸
2903 1023 2916 1042 ’
3137 1024 3192 1081 λί
3554 1033 3577 1044 ⁷
3839 1029 3852 1046 “

2260 1045 2291 1078 ιι
2325 1045 2440 1080 αντι
2510 1044 2669 1086 ουκος
2709 1045 2798 1079 και
2858 1045 3132 1100 αυγουστα
3200 1047 3266 1080 ου
3326 1025 3645 1084 Γαλιλαιον
3701 1027 3887 1084 έαυτον

433 1139 590 1190 mus,
624 1129 683 1179 et
711 1127 1144 1183 exsecrandum
1179 1131 1310 1200 ejus
1335 1136 1514 1201 caput
1549 1129 1745 1203 gladio
1798 1132 2060 1200 amputat

2268 1115 2569 1187 ομάσαντα,
2599 1117 2667 1186 τῇ
2698 1111 2988 1185 τελευταίᾳ
3042 1117 3140 1169 τοῦ
3189 1115 3420 1171 Θανάτου
3472 1113 3889 1188 παραδεδώκα-

425 1211 731 1284 jubemus.
787 1219 1043 1288 Accepta
1102 1218 1448 1290 hujusmodi
1509 1202 1826 1287 sententia,
1875 1218 2052 1272 Chris‘

2256 1223 2301 1258 ιν
2330 1205 2522 1277 ψήφῳ,
2552 1203 2654 1272 τὴν
2690 1203 2888 1278 μιαρὰν
2921 1202 3089 1258 αὐτοῦ
3141 1203 3386 1282 κεφαλὴν
3438 1205 3590 1279 ξίφει
3640 1206 3883 1277 ἐκκοπῆ-

430 1308 663 1374 martyr
721 1320 997 1376 egressus
1057 1289 1234 1362 este
1286 1308 1546 1364 tribunal
1599 1326 1736 1364 cum
1801 1306 2057 1363 militibu

2256 1313 2290 1346 ιι
2344 1289 2716 1354 κελεύσαντες.
2770 1291 2986 1362 Ταύτην
3035 1292 3132 1346 οὗν
3189 1294 3291 1363 τήν
3350 1293 3640 1373 ἀπόφασιν
3703 1297 3733 1351 ὁ
3791 1299 3883 1352 τοῦ

431 1391 869 1450 abducentibus
895 1412 1055 1460 eum,
1087 1395 1464 1454 laetabundus
1482 1404 1541 1454 et
1561 1399 1890 1461 exsultans,
1921 1397 2058 1468 hym

2252 1386 2440 1456 ριστοῦ
2476 1383 2682 1457 μάρτυς
2727 1378 3039 1454 δεξάμενος,
3096 1379 3392 1453 ἐξελήλυθε
3447 1389 3555 1440 τοῦ
3623 1385 3877 1462 βήματος

433 1497 544 1537 nos
575 1488 825 1538 cantans
857 1489 916 1540 et
944 1484 1290 1557 glorificans
1327 1487 1626 1542 Christum
1659 1489 1896 1559 Regem.
1928 1488 2060 1541 Post

2248 1472 2356 1544 ιθι]
2389 1470 2658 1543 μετὰτῶν
2713 1469 3030 1546 ἂπαγόντων
3089 1469 3252 1526 αὐτὸν
3306 1473 3694 1548 στρατιωτῶν,
3755 1475 3875 1551 χαί-

437 1585 617 1641 quam
660 1579 1062 1642 pervenerunt
1114 1574 1188 1629 ad
1246 1575 1444 1631 locum
1504 1576 1605 1631 ubi
1658 1557 1874 1631 Christi
1931 1591 2062 1630 mar

2244 1581 2313 1615 ων
2341 1559 2431 1614 καὶ
2463 1557 2912 1634 ἀγαλλιώμενος,
2963 1557 3286 1636 ὑμνολογῶν
3339 1562 3429 1616 καὶ
3483 1559 3738 1634 δοξάζων
3785 1564 3871 1619 τὸν

435 1663 530 1730 tyr
559 1665 618 1715 et
669 1661 843 1716 miles
901 1665 1483 1721 consummationem
1531 1671 1884 1738 accepturus
1945 1669 2062 1720 erat

2246 1647 2436 1704 ασιλέα
2490 1648 2744 1724 Χριστόν.
2805 1649 3116 1713 Φθάσαντες
3173 1647 3232 1704 δὶ
3287 1650 3381 1705 τὸν
3432 1649 3619 1707 τόπον
3685 1651 3763 1716 είς
3820 1652 3873 1710 ὅν

435 1747 586 1804 dixit
615 1750 909 1806 militibus
930 1753 1031 1822 qui
1062 1769 1200 1809 eum
1259 1753 1596 1810 ducebant:
1630 1734 1882 1822 Fratres,
1916 1751 2059 1808 obse

2248 1736 2614 1795 ιελλενὸτοῦ
2651 1739 2890 1822 Χριστοῦ
2949 1740 3288 1813 στρατιώτης
3347 1741 3438 1796 καὶ
3501 1743 3725 1816 μάρτυς
3779 1745 3875 1813 τὴν

435 1856 536 1896 cro
567 1856 688 1907 vos,
722 1821 1032 1898 concedite
1061 1842 1211 1898 mihi
1245 1843 1688 1914 aliquantulum
1711 1842 1997 1914 temporis
2019 1857 2062 1896 ω

2238 1826 2484 1884 ελείωσιν
2519 1823 2789 1900 δέξασθαι,
2821 1821 2922 1898 ἔφη
2973 1828 3112 1904 πρὸς
3159 1827 3289 1893 τοὺς
3332 1830 3652 1908 ἀπάγοντας
3707 1833 3865 1890 αὐτὸν

432 1928 749 1984 orandum.
783 1929 891 1994 Qui
923 1931 1405 2002 responderunt:
1442 1934 1626 1988 Prout
1651 1931 1944 2004 placuerit
1964 1930 2059 1985 tibi

2232 1918 2558 1992 τρατιώτας’
2593 1916 2878 1996 Ἀδελφοί,
2933 1917 3237 1994 παρακαλῶ
3295 1921 3459 1995 ὑμᾶς,
3519 1919 3714 1979 ἔνδοτέ
3771 1946 3859 1998 μοι

430 2016 544 2075 fac.
580 2020 650 2073 Et
679 2035 1000 2077 conversus
1031 2027 1272 2077 sanctus
1304 2021 1377 2079 ad
1411 2023 1727 2092 orientem,
1785 2021 2057 2078 manibus

2230 2009 2403 2084 ιικρὸν
2435 2013 2531 2064 τοῦ
2580 2008 2994 2085 προσεύξασθαιο
3055 2010 3108 2066 οἱ
3157 2007 3216 2065 δὶ
3261 2012 3399 2088 πρὸς
3459 2012 3629 2070 αὐτὸν
3691 2017 3857 2072 εἶπον·

433 2123 550 2180 que
582 2108 646 2165 in
679 2107 896 2166 coelum
924 2109 1158 2180 levatis,
1188 2111 1274 2167 sic
1301 2113 1491 2168 oravit
1517 2127 1530 2166 :

2230 2108 2291 2162 Ως
2339 2095 2452 2154 ἔστι
2513 2119 2598 2154 σοι
2653 2097 3015 2172 καταθύμιον,
3071 2101 3327 2171 ποίησον.
3387 2103 3485 2158 Καὶ
3549 2105 3857 2183 στραφεὶςό

2204 2190 2359 2264 ἅγιος
2392 2187 2528 2244 κατὰ
2577 2186 2868 2255 ἀνατολὰς,
2919 2188 3009 2243 καὶ
3064 2189 3161 2253 τὰς
3219 2195 3414 2267 χεῖρας
3468 2191 3549 2256 εἰς
3604 2191 3855 2268 οὐρανοὺς

2201 2276 2552 2357 έφαπλώσας,
2586 2275 2786 2349 ηὔξατο
2814 2276 3008 2342 οὕτως.

504 2375 594 2431 65.
630 2374 861 2432 Gratias
905 2375 1012 2432 tibi
1070 2393 1200 2451 ago,
1256 2377 1507 2434 Domine
1567 2376 1830 2434 Salvator
1885 2393 2091 2434 eorum

2273 2370 2360 2441 Es‘.
2394 2366 2723 2443 Εὐχαριστῶ
2781 2387 2890 2435 σοι,
2949 2365 3194 2424 Δέσποτα
3243 2374 3428 2445 Σῶτερ
3487 2377 3598 2428 τῶν
3629 2373 3680 2428 έν
3713 2375 3847 2444 άληο

435 2463 537 2536 qui
562 2463 623 2520 in
655 2465 899 2521 veritate
934 2465 1212 2523 invocant
1241 2483 1461 2523 nomen
1495 2472 1683 2534 tuum,
1709 2467 1851 2539 quia
1880 2483 2062 2524 corrc!

2219 2457 2320 2530 θείᾳ
2351 2455 2801 2529 ἐπικαλουμένων
2831 2457 2894 2512 τὸ
2946 2452 3122 2531 ὄνομά
3167 2479 3286 2527 σου,
3336 2461 3420 2516 δτι
3468 2460 3753 2540 ένίσχυσάς
3783 2483 3846 2536 με

433 2553 656 2608 horasti
689 2571 805 2622 me,
840 2555 1150 2627 indignum
1182 2555 1474 2612 famulum
1507 2562 1698 2621 tuum,
1731 2557 1806 2613 ad
1846 2557 2058 2612 concul

2213 2549 2292 2602 τόν
2325 2547 2533 2620 ἀνάξιον
2566 2543 2768 2602 δοῦλόν
2802 2567 2898 2601 σου
2951 2552 3331 2614 καταπατῆσαι
3387 2550 3457 2607 τά
3510 2553 3701 2628 κέντρα
3751 2556 3840 2608 τοῦ

432 2641 688 2697 candum
722 2644 996 2699 stimulos
1041 2644 1287 2712 diaboli,
1350 2646 1423 2701 ad
1475 2646 1911 2714 conterendum
1961 2647 2058 2718 eju

2209 2632 2492 2707 διαϐόλου,
2515 2635 2606 2691 καὶ
2638 2635 2922 2710 συντρίψαι
2953 2636 3048 2700 τὰς
3095 2637 3262 2694 αὐτοῦ
3312 2639 3548 2716 παγίδας
3589 2644 3647 2704 ἃς
3699 2637 3836 2698 ἔθετο

429 2730 676 2802 laqueos
697 2749 849 2803 quos
877 2734 1076 2804 posuit
1097 2734 1306 2790 subtus
1329 2734 1510 2806 pedes
1531 2752 1718 2799 meos,
1745 2741 1801 2790 et
1833 2736 1908 2792 ad
1947 2753 2056 2792 con

2216 2725 2551 2790 ἱποκάτωθεν
2607 2730 2716 2781 τῶν
2775 2723 2960 2781 ποδῶν
3023 2747 3151 2800 μου,
3208 2728 3300 2784 καὶ
3356 2736 3710 2808 καταισχῦναι
3758 2732 3843 2786 τὸν

428 2819 802 2877 fundendum
825 2827 1156 2894 apostatam
1199 2824 1524 2892 Iulianum,
1557 2830 1935 2881 recusantem
1977 2825 2055 2880 im

2226 2817 2510 2886 ιποστάτην
2563 2813 2863 2871 Ἰουλιανὸν
2917 2816 3008 2872 τὸν
3067 2817 3544 2893 ἀποσκιρτήσαντα
3595 2826 3709 2888 τῆς
3761 2821 3853 2886 σῆς

429 2909 664 2982 perium
686 2915 877 2978 tuum,
905 2911 1316 2968 adhaarentem
1350 2913 1587 2971 diabolo
1619 2920 1678 2970 et
1707 2915 1780 2970 iis
1814 2916 1914 2986 qui
1945 2915 2056 2971 ode

2227 2906 2538 2975 ῐεσποτείας,
2570 2905 2660 2961 καὶ
2689 2901 3182 2980 προσκολληθέντα
3209 2908 3290 2981 τῷ
3321 2905 3568 2984 διαϐόλῳ
3616 2906 3718 2967 καί
3745 2912 3854 2971 τοῖς

431 3004 574 3054 runt
602 3003 682 3065 te,
713 2999 967 3071 pedibus
997 3001 1327 3058 calcantem
1356 3009 1592 3059 sanctas
1622 3003 1784 3074 leges
1833 3009 1986 3070 tuas,
2019 3022 2058 3060 at

2214 2993 2422 3051 ιισοῦσί
2471 3011 2547 3050 σε·
2608 2995 2700 3050 τὸν
2760 2997 3218 3066 καταπατήσαντα
3273 2997 3401 3060 τοὺς
3456 2999 3669 3071 νόμους
3724 2995 3841 3058 τοὺς

427 3085 628 3143 divina
650 3088 933 3144 mandata
955 3095 1056 3146 tua
1077 3091 1516 3162 profanantem.
1543 3093 1804 3148 Gratiam
1827 3093 1933 3147 tibi
1955 3109 2054 3166 ago

2201 3083 2386 3160 ἁγίους
2411 3104 2530 3151 σου,
2588 3081 2678 3138 καὶ
2736 3078 3133 3158 βεϐηλώσαντα
3188 3085 3256 3141 τὰ
3310 3081 3456 3142 ἔνθεά
3511 3108 3607 3142 σου
3665 3105 3828 3161 προσ-

429 3193 463 3232 ο
493 3177 662 3233 valde
692 3177 1056 3243 misericors,
1101 3182 1235 3250 quia
1265 3181 1635 3236 humilitatem
1683 3197 1859 3237 meam
1903 3199 2056 3253 respe

2202 3174 2468 3249 τάγματα·
2504 3173 2813 3250 εὐχαριστῶ
2845 3195 2952 3244 σοι,
2984 3174 3353 3251 φιλάνθρωπε,
3381 3176 3462 3231 ὅτι
3510 3175 3718 3238 έπεῖδες
3748 3173 3829 3231 έπὶ

427 3267 587 3330 ωίεεὶ,
619 3282 796 3336 neque
826 3268 1147 3324 conclusisti
1176 3287 1259 3324 me
1307 3271 1367 3324 in
1410 3271 1664 3326 manibus
1711 3272 2054 3327 inimicorum

2202 3247 2297 3334 τὴν
2355 3247 2680 3319 ταπείνω-σίν
2739 3283 2867 3336 μου,
2923 3247 3014 3318 καί
3097 3247 3195 3319 οὐ.
3236 3264 3583 3328 ωνέπλεισάς
3644 3286 3707 3340 με
3759 3264 3829 3327 είς

426 3357 523 3413 sed
539 3359 780 3427 posuisti
813 3361 872 3412 in
903 3359 1204 3415 latitudine
1227 3361 1395 3430 pedes
1442 3378 1587 3417 meos
1637 3367 1689 3416 et
1733 3368 1906 3418 rectos
1947 3365 2053 3431 feci

2204 3359 2389 3431 χεῖρας
2457 3351 2701 3430 ἐχθρῶν,
2760 3349 2886 3407 ἀλλ’
2946 3348 3175 3424 ἔστησας
3231 3352 3284 3410 ἰν
3347 3355 3653 3432 εὐρυχώρῳ
3715 3353 3831 3417 τοὺς

428 3447 503 3501 sti
547 3463 760 3516 gressus
816 3446 1018 3503 meos3.
1081 3449 1311 3504 Gratias
1370 3449 1478 3504 tibi
1555 3466 1686 3522 ago,
1772 3450 2055 3523 Unigenit

2204 3442 2366 3508 πόδας
2401 3464 2527 3516 μου,
2559 3442 2650 3498 καὶ
2707 3440 3034 3507 κατεύθυνας
3082 3443 3150 3499 τὰ
3199 3439 3518 3519 διαϐήματά
3565 3467 3687 3519 μου.
3735 3443 3831 3503 Εὐ-

430 3535 687 3591 Verbum
716 3536 924 3605 Patris,
957 3538 1098 3609 quia
1127 3555 1222 3594 me
1252 3538 1530 3610 dignatus
1561 3555 1624 3594 es
1645 3539 1846 3595 bravio
1878 3556 2057 3612 super

2203 3537 2447 3612 χαριστῶ
2477 3553 2584 3599 σοι,
2620 3532 2912 3607 μονογενὶς
2947 3534 3091 3608 Λόγε
3119 3539 3216 3590 τοῦ
3244 3536 3478 3607 Πατρὸς,
3504 3534 3588 3592 ὅτι
3611 3535 3830 3606 ἠξίωσας

424 3641 517 3681 nm
547 3625 879 3681 vocationis
925 3632 984 3682 et
1029 3627 1210 3682 choro
1255 3632 1601 3684 sanctorum
1655 3633 1913 3692 tuorum,
1946 3629 2046 3702 qui

2205 3645 2266 3700 με
2293 3623 2390 3680 τοῦ
2425 3618 2681 3698 βραϐείου
2708 3627 2810 3691 τῆς
2841 3622 2952 3677 ἄνω
2981 3621 3254 3693 κλήσεως,
3285 3625 3375 3680 καὶ
3407 3630 3505 3681 τοῦ
3537 3630 3706 3702 χοροῦ
3733 3628 3832 3680 τῶν

429 3714 861 3770 consummasti
885 3731 980 3771 me
1014 3715 1074 3771 in
1107 3716 1192 3771 tui
1237 3716 1640 3781 confessione.
1695 3723 1755 3773 et
1805 3717 2056 3774 ruboren

2208 3713 2368 3790 Ξγίων
2400 3733 2520 3780 σου,
2543 3711 2632 3766 καὶ
2665 3708 2984 3774 έτελείωσάς
3020 3735 3087 3785 με
3117 3711 3169 3768 έν
3199 3717 3269 3788 τῇ
3301 3713 3576 3792 ὁμολογίᾳ
3609 3736 3724 3785 σου,
3751 3711 3835 3769 καὶ

429 3800 686 3859 elicuisti
715 3804 788 3860 iis
818 3804 920 3875 qui
949 3811 1338 3860 surrexerunt
1361 3806 1678 3862 adversum
1701 3824 1817 3863 me.
1837 3809 1908 3862 Et
1927 3824 2050 3862 nun

2209 3802 2547 3878 ιιατῄσχυνας
2583 3799 2713 3863 τοὺς
2773 3798 3234 3875 ἐπανισταμένους
3291 3802 3374 3858 έπ⁹
3431 3802 3550 3878 έμέο
3609 3805 3696 3860 καὶ
3753 3806 3836 3857 νῦν

423 3890 632 3947 invoco
665 3896 744 3958 te,
776 3893 1045 3960 Domine,
1077 3895 1310 3966 respice
1341 3896 1402 3951 in
1437 3912 1531 3951 me
1565 3901 1624 3953 et
1653 3895 1725 3951 ad
1759 3896 1937 3953 verba
1973 3897 2050 3951 hu

2212 3890 2569 3966 ἐπικαλοῦμαί
2599 3911 2678 3957 σε,
2708 3887 2973 3964 Δέσποτα,
3007 3887 3159 3948 ἔπιδε
3189 3891 3273 3947 ἐπ’
3316 3891 3415 3966 tu}
3461 3892 3551 3949 καὶ
3598 3893 3687 3950 ἰπὶ
3732 3897 3839 3954 τοῖς

424 3981 699 4038 militatis
733 4000 906 4052 meas,
929 3983 1005 4039 da
1029 3984 1402 4059 refrigerium
1427 3985 1763 4043 haareditati
1787 3993 1923 4054 tuas,
1949 3986 2051 4058 qui

2220 3982 2412 4056 Ξήμασί
2441 4003 2547 4056 μου
2575 3986 2695 4044 τοῖς
2725 3987 3021 4048 ταπεινοῖς,
3053 3983 3143 4038 καὶ
3175 3979 3265 4046 δὸς
3296 3983 3586 4060 ἀναψυχὴν
3616 3988 3688 4060 τῇ
3717 3984 3847 4054 κλη-

427 4068 734 4127 inﬁrmata
764 4076 856 4128 est
883 4089 995 4129 nec
1026 4075 1396 4130 confirmasti
1457 4091 1609 4131 eam.
1661 4077 1929 4141 Quoniam
1973 4093 2054 4132 ecc

2217 4071 2438 4145 ›ονομία
2468 4092 2587 4139 σου,
2620 4069 2702 4126 ὅτι
2733 4071 3031 4142 ἠσθένησεν
3057 4073 3147 4128 καὶ
3179 4073 3241 4128 οὐ
3271 4075 3603 4148 κατηρτήσω
3661 4073 3844 4146 αὐτήν.

429 4161 650 4216 inimici
680 4163 764 4216 tui
791 4170 1138 4218 sonuerunt:
1182 4169 1236 4219 et
1265 4166 1363 4236 qui
1394 4165 1628 4220 oderunt
1657 4170 1728 4236 te,
1771 4166 2056 4221 extulerim

2221 4160 2343 4220 ἰδοὺ
2374 4163 2478 4236 γὰρ
2505 4161 2559 4216 o't
2617 4159 2807 4236 ἐχθροί
2857 4182 2954 4216 σου
3009 4159 3255 4238 ἤχησαν,
3312 4163 3399 4218 καὶ
3455 4163 3510 4219 οἱ
3571 4163 3845 4237 μισοῦντές

431 4255 617 4320 caput.
667 4251 846 4321 Super
886 4252 1162 4323 papulum
1217 4260 1372 4308 tuum
1420 4255 1868 4325 malignaverunt
1915 4258 2058 4311 censi

2222 4251 2425 4327 νεῆραν
2476 4248 2745 4325 κεφαλήν.
2806 4250 2932 4308 Ἐπὶ
2986 4251 3078 4306 τὸν
3138 4250 3271 4308 λαόν
3332 4273 3429 4308 σου
3482 4273 3849 4327 κατεπανουρ-

432 4339 607 4394 lium:
650 4345 699 4394 et
731 4343 1116 4410 cogitaverunt
1167 4343 1427 4399 adversus
1465 4350 1679 4400 sanctos
1731 4351 1871 4400 tuos.
1923 4346 2059 4400 Diae

2220 4339 2442 4414 (ἦσαντο
2472 4337 2725 4412 γνώμην,
2783 4337 2871 4392 καὶ
2921 4332 3313 4394 έϐουλεύσαντο
3358 4340 3508 4414 [392]
3561 4341 3698 4396 κατᾶ
3747 4345 3847 4396 τῶν

430 4433 565 4483 runt
596 4444 614 4482 :
655 4429 870 4496 Venite,
903 4437 956 4485 et
1003 4432 1385 4502 disperdamus
1433 4449 1522 4488 eos
1550 4433 1617 4488 de
1661 4440 1823 4502 gente
1855 4449 1868 4487 :
1901 4439 1953 4488 et
1980 4449 2057 4488 no

2227 4425 2367 4503 ιγίων
2436 4447 2552 4482 σου.
2607 4425 2772 4480 Εἶπον
2822 4429 2948 4503 γάρ·
3018 4431 3179 4482 Δεῦτε
3233 4427 3324 4483 καὶ
3381 4427 3854 4505 έξολοθρεύσωμεν

431 4523 762 4571 memoretur
788 4534 985 4574 nomen
1017 4520 1226 4576 Christi
1253 4520 1409 4576 ultra
1438 4521 1478 4576 ‘.
1516 4521 1648 4576 Hmc
1673 4521 1862 4592 jactat
1908 4521 2058 4577 Julia

2228 4514 2429 4584 ιύτοὺς,
2472 4514 2563 4570 καὶ
2614 4515 2676 4570 οὐ
2737 4516 2814 4589 μή
2870 4523 3087 4590 μνησθῆ
3135 4517 3199 4572 τὸ
3247 4511 3423 4591 ὄνομα
3468 4522 3568 4573 τοῦ
3623 4519 3855 4593 Χριστοῦ

432 4620 550 4662 nus
578 4623 592 4671 ;
627 4604 755 4661 haac
785 4623 919 4662 cum
945 4608 1164 4665 ﬁducia
1186 4610 1379 4665 effutit
1399 4627 1413 4675 ;
1437 4609 1566 4664 haec
1587 4609 1852 4665 minatur
1872 4611 2054 4682 papul

2224 4597 2302 4662 ῗτι.
2343 4605 2526 4659 Ταῦτα
2581 4605 2854 4676 κομπάζει
2913 4603 3234 4667 Ἰουλιανόςο
3291 4609 3460 4662 ταῦτα
3516 4605 3851 4680 θρασύνεται·

429 4697 532 4749 tuo
556 4698 614 4748 et
644 4693 978 4750 heereditati
1014 4701 1150 4758 tum.
1183 4714 1291 4768 pro
1343 4715 1461 4769 qua
1515 4699 1865 4771 sanguinem
1923 4705 2056 4755 tuui:

2224 4697 2366 4749 ταῦτα
2397 4690 2704 4765 ἀπειλᾷτῷ
2744 4691 2861 4764 λαῷ
2920 4713 3018 4748 σου
3073 4693 3164 4748 καὶ
3215 4698 3285 4768 τῇ
3344 4692 3697 4768 κληρονομίᾳ
3758 4717 3851 4752 σου

433 4782 716 4838 eﬂ‘udisti.
734 4783 880 4837 Ecce
904 4783 1064 4839 enim
1088 4783 1299 4840 altaria
1323 4790 1422 4840 tua
1445 4785 1662 4850 diruta,
1686 4788 2060 4844 sanctuariun

2226 4781 2333 4856 ιπὶρ
2361 4783 2426 4851 ἧς
2455 4781 2519 4836 τὸ
2550 4781 2643 4836 σὸν
2674 4783 2811 4856 αἷμα
2841 4780 3078 4858 ἐξέχεας.
3113 4781 3256 4839 Ἰδοὺ
3289 4783 3393 4859 γὰρ
3441 4784 3508 4838 τὰ
3558 4787 3853 4856 θυσιαστή-

432 4875 599 4926 tuum
624 4871 759 4944 igne
783 4879 1226 4944 consumptum,
1251 4873 1430 4929 decor
1455 4874 1668 4931 domus
1693 4882 1806 4932 tuae
1832 4878 2059 4933 evanuit

2224 4873 2293 4926 ιιά
2335 4893 2432 4926 σου
2460 4872 2896 4951 κατεσκάφησαν,
2945 4872 3034 4927 καὶ
3093 4873 3156 4927 τὸ
3215 4872 3459 4948 ἀγίασμά
3518 4896 3615 4929 σου
3676 4873 3851 4948 ἐμπέ-

432 4965 492 5015 et
518 4961 758 5033 sanguis
787 4962 1130 5016 testamenti
1161 4963 1244 5017 tui
1293 4980 1398 5035 pro
1455 4964 1648 5020 nihilo
1696 4972 1787 5021 est
1828 4966 2059 5022 habitus

2227 4985 2461 5040 ερησται,
2493 4963 2581 5017 καὶ
2631 4965 2666 5033 ἡ
2727 4962 3025 5037 εὐπρέπεια
3075 4967 3173 5018 τοῦ
3232 4963 3389 5019 οἴκου
3447 4985 3544 5020 σου
3604 4964 3854 5042 έξηφάνι-

429 5055 675 5120 prOpter
705 5056 947 5121 peccata
971 5056 1176 5107 nostra
1207 5057 1265 5107 et
1284 5052 1690 5124 blasphemiae
1710 5072 1859 5126 quas
1887 5057 2056 5111 elludi

2229 5075 2341 5124 ται,
2373 5052 2465 5108 καὶ
2493 5053 2557 5108 τὸ
2589 5055 2728 5123 αἷμα
2756 5059 2855 5122 τῆς
2887 5049 3152 5122 διαθήκης
3215 5075 3311 5109 σου
3363 5051 3739 5127 έξουδένωται,
3773 5053 3856 5111 διὰ

431 5136 609 5191 Arius
639 5137 952 5194 adversum
1004 5144 1081 5206 te,
1135 5140 1468 5212 Unigcnite,
1520 5147 1579 5198 et
1621 5143 1907 5214 Spiritum
1955 5161 2058 5200 san

2227 5145 2294 5207 de
2327 5143 2597 5218 ἁμαρτίας
2625 5143 2808 5215 ἡμῶν,
2863 5141 2952 5198 καὶ
2995 5142 3093 5207 τὰς
3145 5141 3500 5222 βλασφημίας
3549 5145 3612 5208 ἅς
3654 5143 3854 5222 ἐξέχεεν

429 5231 592 5281 ctum
617 5231 784 5282 tuum
808 5245 820 5282 :
850 5228 1091 5300 quando
1115 5230 1345 5286 scilicet
1367 5231 1632 5288 alienum
1657 5239 1712 5289 te
1739 5251 1869 5289 esse
1893 5235 2056 5290 docui

2226 5238 2421 5308 Αρειος
2450 5232 2588 5288 κατᾶ
2616 5235 2713 5286 σοῦ
2741 5235 2840 5286 τοῦ
2897 5236 3234 5308 Μονογενοῦς
3280 5232 3370 5288 καὶ
3414 5237 3514 5288 τοῦ
3557 5233 3718 5310 ἁγίου
3766 5256 3853 5292 σου

427 5331 465 5371 a
501 5317 693 5373 Patris
716 5319 1340 5377 consubstantialitate
1371 5322 1623 5394 ejusque
1653 5329 1883 5379 naturai
1905 5331 2054 5381 extra

2230 5321 2543 5396 ινεύματος,
2572 5317 2886 5396 ἁλλοτριῶν
2915 5341 2973 5375 σε
3005 5327 3104 5391 τῆς
3149 5325 3248 5376 τοῦ
3297 5321 3507 5397 Πατρὸς
3563 5324 3857 5397 ὁμοουσιόσ

430 5417 652 5474 neum;
687 5407 926 5479 quando
959 5414 1037 5473 te,
1069 5409 1409 5465 Creatorem
1432 5411 1723 5477 omnium,
1757 5417 2057 5468 creatura:

2234 5432 2364 5482 ητος
2395 5409 2485 5466 καὶ
2517 5409 2792 5482 ἀποξενῶν
2824 5431 2882 5466 σε
2907 5417 3009 5480 τῆς
3063 5415 3232 5466 αυτοῦ
3283 5409 3518 5487 φύσεως,
3569 5411 3776 5488 κτίσμα
3805 5432 3857 5467 σε

431 5493 773 5565 appellavit,
805 5501 866 5553 et
892 5497 954 5553 in
994 5501 1262 5570 tempore
1291 5499 1491 5570 posuit
1521 5501 1624 5572 qui
1654 5500 1796 5557 fecit
1851 5501 2058 5558 saacula

2230 5498 2498 5558 ιποκαλῶν
2555 5499 2649 5556 τὸν
2703 5497 3046 5578 δημιουργὸν
3088 5500 3268 5574 πάσης
3304 5508 3408 5573 τῆς
3460 5503 3717 5573 κτίσεως,
3774 5501 3857 5560 καί

509 5733 532 5769 ³
559 5733 717 5790 Psal.
749 5752 886 5802 xxx,
917 5737 970 5789 9.
1051 5735 1072 5770 ⁸
1103 5735 1260 5791 Psal.
1294 5751 1506 5805 Lxxxn,
1541 5737 1662 5791 3-5.
