4120 6390
313 399 454 456 1313

1666 393 1726 445 8.
1767 392 2071 447 ΔΒΤΒΜΙΙ
2111 390 2381 445 PASSIO.

3611 394 3746 450 13M

317 525 423 580 ὑπὸ
453 520 655 599 χρόνον
679 518 851 584 τιθεὶς
880 518 970 573 τὸν
1000 516 1127 578 τοὺς
1164 513 1367 578 αίῶνας
1388 512 1967 608 δημιουργήςανταςε).

2112 514 2331 570 licebat
2366 515 2525 571 enim
2563 533 2575 571 :
2612 521 2748 574 Erat
2776 522 3034 592 tempus,
3071 520 3307 592 quando
3352 537 3472 575 non
3506 526 3633 577 erat
3659 521 3755 576 Fi-

315 615 535 692 φάσκων
570 609 796 666 οῦτωσί.
833 609 937 665 Ἦν
973 626 1106 661 ποτε
1140 604 1231 659 ’ὁτε
1286 603 1386 659 οὐκ
1441 603 1522 692 ἦν,
1557 604 1585 658 6
1642 601 1789 664 Υἱός·
1855 603 1984 677 βου-

318 691 535 772 λήσεως
591 700 679 755 καὶ
746 698 1027 762 θελήσεως
1086 693 1211 748 Υἱόν
1245 714 1302 747 σε
1332 691 1625 747 ἀποκαλῶν
1682 693 1710 745 ὁ
1742 711 1987 765 παρανο-

324 791 601 865 μώτατος.
643 787 799 846 Ἀλλ’
842 786 1051 846 ἐκεῖνος
1114 783 1207 854 μὲν
1268 783 1295 837 6
1356 776 1623 850 δυσσεϐὴς
1682 780 1830 852 εὗρεν
1878 783 1984 865 ,τοῦ

323 878 466 934 ἰδίου
499 879 773 951 στόματος
805 874 895 929 καὶ
926 880 1027 942 τῆς
1062 869 1258 927 ἀδίκου
1314 870 1569 945 γλώττης
1594 870 1689 931 τὰς
1721 864 1981 942 ἀμοιϐὰς,

322 969 367 1023 εἰ
400 976 488 1023 καί
523 968 579 1022 αἱ
607 962 959 1042 βλασφημίαι
1009 961 1177 1016 αὐτοῦ
1238 961 1480 1032 μένουσι,
1535 962 1983 1036 καρποφοροῦσαι

327 1057 599 1131 αὐτῷτὴν
629 1054 855 1108 αἰώνιον
906 1052 992 1107 καὶ
1050 1048 1411 1119 ἀτελεύτητον
1462 1048 1710 1103 κόλασιν.
1772 1047 1847 1100 Σὺ
1903 1043 1984 1114 δὶ,

334 1147 682 1220 μακρόθυμε.
733 1148 931 1212 στῆσον
990 1141 1091 1209 τὴν
1151 1140 1268 1194 καθ’
1325 1140 1487 1211 ἡμῶν
1540 1133 1842 1212 τυραννίδα,
1892 1136 1980 1190 καὶ

329 1230 521 1289 σϐέσον
549 1233 643 1287 τὸν
674 1231 845 1303 θυμόν
881 1250 978 1284 σου
1021 1229 1114 1284 τὸν
1162 1225 1373 1283 δίκαιον
1418 1226 1509 1281 καὶ
1557 1227 1657 1294 τὴν
1717 1224 1883 1301 ὅργήν
1915 1221 1981 1293 ἤν

328 1326 493 1395 ἡμεῖς
556 1320 943 1392 ὶξεκαύσαμεν,
1004 1316 1057 1373 ἐν
1113 1321 1193 1388 τῷ
1256 1315 1604 1392 παροργίζειν
1659 1335 1736 1383 σε,
1798 1312 1983 1389 Κύριε·

326 1413 559 1487 θραῦσον
592 1416 693 1478 τῆς
755 1405 1220 1481 εἶδωλολατρείας
1268 1407 1334 1460 τὰ
1392 1405 1751 1480 ὀχυρώματα·
1793 1398 1985 1458 σϐέσον

322 1501 450 1562 τοὺς
489 1499 714 1574 βωμοὺς
741 1501 850 1551 τῶν
884 1494 1157 1563 εἰδώλων,
1188 1496 1276 1551 καὶ
1309 1496 1410 1565 τήν
1442 1494 1661 1549 κνίσσαν
1718 1497 1827 1547 τῶν
1855 1491 1986 1546 ἀκα-

328 1589 537 1663 θάρτων
572 1589 818 1659 αἱμάτων
871 1587 1236 1641 κατάπαυσον·
1287 1583 1377 1639 ’ίνα
1436 1605 1520 1638 σοι
1571 1583 1724 1647 θυσία
1781 1581 1990 1655 καθαρᾶ

327 1679 417 1733 καὶ
450 1675 786 1749 ἀναίμακτος
817 1675 1157 1750 προσάγηται
1208 1674 1262 1728 ἐν
1320 1674 1479 1728 παντὶ
1532 1674 1689 1743 τόπῳ
1744 1678 1845 1740 τῆς
1901 1666 1986 1723 δε-

333 1764 584 1827 σποτείας
616 1782 733 1820 σου·
760 1762 849 1819 ἵνα
875 1784 972 1818 σου
1019 1761 1310 1834 δοξάζηται
1352 1762 1416 1817 τὸ
1470 1762 1733 1835 πανάγιον
1792 1761 1986 1831 ὄνομα,

2098 605 2215 661 lius
2242 623 2256 671 ;
2289 607 2523 661 consilii
2550 614 2608 663 et
2632 610 2958 667 voluntatis
2992 612 3206 667 Filium
3242 618 3298 667 te
3348 612 3593 667 vocabat
3625 630 3754 668 sce-

2099 693 2476 751 lestissimus.
2512 698 2623 753 Sed
2655 699 2757 754 ille
2791 701 3034 772 quidem
3084 701 3306 772 impius
3371 702 3460 756 sui
3520 702 3638 756 oris
3699 706 3757 755 et

2095 783 2338 855 perﬁda
2370 784 2586 858 lingua
2601 804 2806 858 poenas
2825 789 3196 853 luit,etiamsi
3217 789 3607 861 blasphemia
3625 790 3756 861 ejus

2094 880 2495 944 perseverent,
2529 893 2659 946 qua
2692 885 2931 948 pariunt
2962 880 3013 933 ei
3046 886 3336 934 aternum
3352 896 3465 935 nec
3486 895 3753 949 unquam

2096 962 2406 1017 ﬁniturum
2425 966 2808 1036 supplicium.
2842 969 2923 1021 Tu
2954 970 3343 1035 autem,Deus
3366 968 3753 1041 longanimis,

2095 1052 2354 1122 reprime
2383 1055 2763 1124 tyrannidem
2795 1069 3002 1111 contra
3028 1074 3135 1112 nos
3170 1058 3758 1123 excitatam,exstin-

2094 1156 2205 1211 gue
2233 1141 2383 1196 iram
2417 1146 2579 1197 tuam
2603 1144 2830 1215 justam
2862 1150 3041 1216 atque
3073 1145 3758 1217 indignationem,quam

2097 1246 2206 1283 nos
2239 1229 2618 1287 incendimus
2650 1233 2939 1288 irritando
2973 1240 3051 1302 te,
3113 1236 3380 1290 Domine.
3443 1236 3763 1306 Confringe

2097 1317 2453 1375 idololatria
2486 1323 2956 1394 propugnacula,
2979 1330 3173 1379 everte
3201 1324 3499 1379 idolorum
3528 1324 3761 1390 altaria,

2099 1411 2159 1461 et
2186 1405 2420 1463 fumum
2454 1409 2748 1465 immundi
2810 1412 3119 1483 sanguinis
3178 1412 3412 1477 cohibe,
3469 1418 3537 1466 ut
3565 1411 3763 1467 hostia

2098 1512 2247 1566 pura
2267 1502 2324 1551 et
2354 1498 2665 1554 incruenta
2686 1502 2970 1555 oﬁ'eratur
3002 1500 3105 1554 tibi
3138 1500 3200 1555 in
3216 1501 3377 1554 omni
3404 1500 3532 1555 loco
3564 1500 3759 1555 domi-

2097 1585 2361 1640 nationis
2395 1594 2507 1642 tua
2540 1606 2553 1653 ;
2580 1594 2645 1643 ut
2672 1589 3041 1661 gloriﬁcetur
3074 1589 3523 1645 sanctissimum
3538 1605 3759 1643 nomen

2100 1680 2292 1742 tuum,
2326 1677 2516 1731 Patris
2549 1684 2608 1731 et
2639 1679 2765 1732 Filii
2820 1685 2877 1733 et
2934 1680 3187 1750 Spiritus
3247 1679 3460 1743 sancti,
3515 1694 3677 1733 nunc
3707 1682 3766 1732 et

2103 1779 2341 1833 semper
2362 1772 2420 1819 et
2449 1782 2556 1837 per
2585 1768 2785 1822 omnia
2822 1768 3040 1823 sacula
3063 1767 3443 1823 saculorum.
3476 1772 3690 1822 Amen.

329 1860 425 1912 τοῦ
457 1856 665 1931 Πατρὸς
697 1854 787 1909 καὶ
817 1857 914 1909 τοῦ
971 1854 1099 1908 Υὶοῦ
1151 1854 1242 1908 καὶ
1299 1857 1397 1908 τοῦ
1455 1852 1616 1927 ἁγίου
1650 1848 1985 1922 Ηνεύματος,
2009 1851 2096 1901 νῦν
2127 1870 2188 1905 τε
2215 1852 2304 1905 καὶ
2336 1852 2418 1907 ἀεὶ
2450 1853 2539 1909 καὶ
2572 1854 2649 1915 εἷς
2675 1854 2803 1917 τοὺς
2841 1856 3078 1918 ἅπαντας
3135 1855 3337 1917 αἰῶνας
3381 1860 3493 1911 τῶν
3522 1854 3765 1910 αἰώνων.

331 1946 540 2018 Ἀμήν.

406 2034 492 2105 ξςῖ
525 2032 621 2089 Καὶ
652 2031 846 2094 κλίνας
898 2033 967 2087 τὰ
1020 2030 1223 2106 γόνατα
1277 2031 1491 2105 τρίτον,
1547 2029 1639 2085 καὶ
1670 2029 1979 2106 προσκυνή-

2162 2034 2250 2086 66.
2285 2035 2354 2087 Et
2383 2050 2519 2089 cum
2546 2040 2639 2089 ter
2667 2052 2861 2107 genua
2883 2036 3150 2091 flexisset
3170 2041 3347 2107 atque
3367 2035 3677 2091 adorasset
3691 2034 3767 2091 ad

338 2143 435 2187 σας
466 2124 605 2178 κατὰ
635 2120 930 2191 ἀνατολὰς,
962 2120 1309 2194 προσηύξατο
1340 2118 1509 2175 πάλιν
1570 2117 1771 2195 λέγων·
1806 2119 1903 2175 Θεὶ
1942 2116 2001 2173 ἐκ

337 2216 494 2280 Θεοῦ,
561 2212 694 2284 μόνε
753 2212 902 2285 [393]
957 2209 1017 2266 ἐκ
1076 2210 1268 2282 μόνου,
1313 2207 1544 2265 Βασιλεῦ
1594 2207 1654 2264 ὲκ
1710 2204 2000 2284 βασιλέως,

339 2298 452 2355 61v
487 2298 740 2375 οὐρανοῖς
770 2297 961 2354 ὤνκαὶ
1017 2299 1382 2373 καθεζόμενος
1439 2298 1500 2354 ἐκ
1546 2295 1735 2369 δεξιῶν
1787 2302 1886 2354 τοῦ
1944 2318 2003 2353 σε

340 2391 700 2465 γεννήσαντος
733 2392 869 2445 Θεοῦ
922 2387 1012 2443 καὶ
1075 2389 1311 2464 Ηατρὸς,
1347 2390 1375 2443 6
1433 2388 1521 2444 ἐπὶ
1579 2394 1687 2464 γῆς
1738 2385 2001 2442 πολιτευ-

341 2481 575 2551 σάμενος
605 2475 696 2533 διὰ
720 2478 819 2547 τήν
852 2477 1070 2532 πάντων
1130 2479 1292 2550 ἡμῶν
1355 2475 1649 2551 σωτηρίαν·
1708 2477 1736 2531 6
1794 2477 1998 2549 στέφα-

340 2588 432 2629 νος
491 2571 598 2621 τῶν
656 2566 787 2641 ὑπὲρ
853 2570 951 2621 σοῦ
1008 2561 1243 2629 εὐσεϐῶς
1296 2564 1633 2634 ἀθλούντων,
1701 2564 2001 2620 ἐπάκουσόν

349 2676 457 2728 μου
487 2659 585 2710 τοῦ
615 2658 874 2709 ταπεινοῦ
900 2653 993 2709 καὶ
1025 2652 1244 2726 ἀναξίου
1305 2651 1509 2708 δούλου
1566 2657 1686 2721 σοῦ,
1738 2654 1828 2708 καὶ
1884 2655 2000 2725 μετ’

345 2745 570 2817 εἶ’ρήνης
598 2741 740 2816 δέξαι
776 2764 882 2817 μου
919 2745 1019 2810 τὴν
1052 2744 1262 2818 ψυχὴν,
1322 2744 1412 2797 καὶ
1472 2740 1776 2798 ἀνάπαυσον
1832 2742 1997 2811 αὐτὴν

351 2834 485 2907 μετὰ
529 2837 637 2888 τῶν
698 2832 861 2909 ἁγίων
914 2836 1021 2888 τῶν
1076 2832 1168 2887 ἀπ’
1218 2831 1418 2893 αἰῶνός
1476 2853 1560 2887 σοι
1610 2832 1998 2906 εύαρεστησάν-

345 2945 457 2979 των
486 2924 573 2978 καὶ
612 2920 953 2993 δοξασάντων
983 2923 1047 2978 τὸ
1077 2922 1254 2995 ὄνομά
1285 2943 1380 2977 σου
1421 2923 1483 2977 τὸ
1540 2922 1717 2998 ἅγιον,
1773 2923 1869 2978 τοῦ
1903 2929 2001 2979 [Ια-

346 3015 480 3089 τρὸς
508 3012 600 3068 καὶ
630 3016 726 3068 τοῦ
758 3013 886 3067 Υἱοῦ
914 3011 1004 3067 καὶ
1055 3016 1152 3067 τοῦ
1212 3011 1364 3088 ἁγίου
1424 3011 1763 3084 Πνεύματος,
1810 3016 1902 3066 νῦν
1944 3032 2004 3067 τε

348 3100 439 3157 καὶ
494 3103 572 3157 ἀεὶ
638 3102 729 3157 καὶ
789 3100 865 3165 εἰς
910 3101 1040 3165 τοὺς
1091 3101 1329 3163 ἃπαντας
1380 3101 1582 3162 αΐῶνας
1606 3102 1715 3155 τῶν
1765 3101 2001 3158 αἰώνων.

351 3193 554 3264 ’Δμήν.
590 3191 688 3246 Καὶ
724 3190 933 3265 ἐγὲνετο
965 3189 1113 3262 αύτῷ
1165 3189 1217 3261 ἐξ
1276 3192 1511 3264 οὐρανοῦ
1560 3191 1710 3268 φωνή
1744 3188 2001 3265 λέγουσα·

355 3279 634 3355 Ἀρτέμιε,
667 3278 996 3351 εἰσηκούσθη
1030 3282 1065 3349 ἡ
1099 3277 1285 3351 δέησίς
1318 3301 1435 3351 σου,
1465 3278 1555 3335 καὶ
1613 3282 1648 3349 ἡ
1680 3279 1843 3353 χάρις
1895 3284 2005 3335 τῶν

2109 2121 2422 2188 orientem,
2457 2124 2674 2179 iterum
2733 2130 3009 2196 precatus
3066 2130 3157 2180 est
3200 2125 3445 2181 dicens:
3493 2126 3646 2180 Deus
3686 2123 3761 2179 de

2109 2209 2251 2277 Deo,
2275 2228 2429 2266 unus
2464 2212 2535 2267 de
2566 2230 2708 2280 uno,
2741 2216 2861 2269 Rex
2893 2214 2964 2269 de
2992 2230 3149 2286 rege,
3184 2215 3284 2284 qui
3314 2214 3377 2268 in
3411 2213 3575 2269 caelis
3609 2230 3672 2268 es
3704 2218 3765 2269 et

2111 2299 2283 2355 sedes
2314 2300 2389 2355 ad
2419 2300 2720 2356 dexteram
2747 2302 3088 2374 generantis
3120 2306 3176 2356 te
3206 2302 3310 2356 Dei
3343 2308 3403 2357 et
3431 2301 3643 2367 Patris,
3662 2301 3765 2371 qui

2110 2388 2172 2443 in
2203 2394 2362 2444 terra
2386 2397 2767 2446 conversatus
2815 2408 2877 2446 es
2907 2397 3150 2462 propter
3181 2391 3449 2445 omnium
3494 2396 3768 2445 nostrum

2108 2479 2385 2545 salutem,
2411 2498 2632 2537 corona
2662 2499 2869 2537 eorum
2900 2482 3001 2553 qui
3029 2499 3135 2554 pro
3196 2487 3253 2537 te
3301 2483 3397 2553 pie
3429 2481 3762 2548 decertant,

2109 2569 2320 2624 exaudi
2345 2584 2439 2623 me
2463 2570 2751 2625 humilem
2770 2575 2829 2626 et
2859 2571 3173 2643 indignum
3204 2570 3769 2636 famulumtuum;in

2107 2672 2251 2727 pace
2284 2658 2517 2728 suscipe
2544 2660 2809 2714 animam
2831 2676 3048 2727 meam,
3082 2665 3143 2714 et
3170 2660 3262 2714 fac
3285 2676 3416 2714 eam
3458 2660 3766 2730 quiescere

2110 2762 2244 2800 cum
2279 2747 2501 2800 sanctis
2521 2747 2660 2810 tuis,
2695 2747 2797 2816 qui
2829 2763 2863 2801 a
2916 2748 3135 2802 saculo
3188 2748 3292 2801 tibi
3322 2748 3680 2818 placuerunt
3708 2752 3769 2801 et

2109 2834 2590 2907 gloriﬁcaverunt
2619 2851 2845 2890 nomen
2886 2842 3157 2891 sanctum
3207 2841 3398 2906 tuum,
3458 2836 3651 2892 Patris
3710 2842 3771 2891 et

2107 2923 2243 2978 Filii
2266 2929 2326 2979 et
2356 2924 2610 2995 Spiritus
2642 2924 2852 2993 sancti,
2877 2941 3038 2980 nunc
3069 2930 3129 2979 et
3151 2941 3386 2996 semper
3416 2930 3475 2979 et
3506 2941 3613 2997 per
3633 2941 3769 2981 om-

2113 3012 2214 3067 nia
2236 3013 2455 3068 saecula
2486 3013 2866 3068 saculorum.
2901 3016 3109 3069 Amen.
3146 3016 3215 3068 Et
3241 3015 3398 3069 facta
3424 3020 3514 3070 est
3556 3030 3665 3070 vox
3695 3014 3769 3069 de

2112 3101 2259 3157 calo
2287 3101 2495 3157 dicens
2525 3103 2613 3156 ei:
2647 3103 2896 3169 Artemi,
2957 3102 3236 3158 exaudita
3291 3109 3383 3159 est
3427 3103 3767 3174 deprecatio

2115 3196 2236 3256 tua,
2266 3197 2315 3246 et
2346 3192 2482 3246 data
2513 3192 2617 3245 tibi
2645 3193 2838 3263 gratia
2864 3194 3215 3247 curationum
3237 3193 3373 3264 (21).
3408 3192 3646 3248 Festina
3662 3192 3770 3264 igi-

2114 3284 2211 3334 tur
2240 3296 2656 3335 consummare
2679 3297 2919 3335 cursum
2935 3286 3190 3347 tuum,et
3208 3288 3509 3337 certamen
3528 3282 3773 3353 perfice.

352 3367 599 3443 ἰαμάτων
644 3390 730 3423 σοι
786 3365 1111 3444 δεδώρηται·
1171 3365 1369 3423 σπεῦδε
1412 3367 1591 3423 τοίνυν
1640 3368 1734 3423 τὸν
1794 3365 2000 3442 δρόμον

2114 3370 2275 3424 Intra
2299 3386 2435 3425 cum
2468 3370 2689 3425 sanctis
2714 3376 2773 3425 et
2793 3370 2992 3442 accipe
3022 3370 3482 3441 bravium,quod
3495 3377 3772 3442 paratum

352 3478 474 3525 σου,
532 3459 622 3513 καὶ
676 3459 771 3511 τὸν
826 3458 1012 3531 ἀγῶνα
1064 3458 1377 3514 τελείωσον·
1435 3456 1647 3513 εἷ’σελθε
1704 3459 1842 3531 μετὰ
1893 3462 2004 3515 τῶν

352 3545 661 3620 ἁγίων,καὶ
696 3540 1056 3617 ἀπολάμϐανε
1106 3546 1170 3600 τὸ
1231 3540 1484 3621 βραϐεῖον
1544 3546 1605 3600 τὸ
1662 3546 2005 3620 ἡτοιμασμέ-

351 3653 443 3687 νον
474 3638 593 3695 τοῖς
624 3633 826 3708 ἁγίοις,
856 3632 949 3687 καὶ
1001 3639 1133 3687 πᾶσι
1189 3638 1305 3695 τοῖς
1361 3634 1678 3707 ἠγαπηκόσι
1730 3637 1830 3704 τήν
1885 3636 2007 3691 ἐπι-

352 3724 571 3801 φάνειαν
602 3727 701 3778 τοῦ
732 3728 991 3795 Χριστοῦ.
1024 3724 1083 3777 Ὀ
1126 3720 1183 3778 δὲ
1240 3722 1562 3798 παράνομος
1626 3724 1879 3799 βασιλεὺς
1909 3746 2009 3781 πε-

350 3817 523 3867 σεῖται
575 3811 627 3867 ἐν
690 3809 937 3886 Περσίδι,
998 3813 1225 3889 σφάγιον
1280 3813 1653 3887 γενησόμενον
1711 3820 1829 3877 τοῖς
1877 3816 2007 3870 ἀκα-

349 3901 569 3978 θάρτοις
622 3898 876 3975 δαίμοσιν
936 3901 1029 3965 οὕς
1115 3901 1430 3978 ἐθεράπευεν
1514 3902 1605 3957 καὶ
1678 3903 1771 3967 οῦς
1825 3902 2005 3978 ἐτίμα,

348 3989 611 4056 τοιαύτην
643 3990 986 4064 ἀντιμισθίαν
1046 3995 1175 4067 παρ’
1231 3992 1411 4047 αὐτῶν
1465 3988 1860 4065 κομισάμενος,
1914 3993 2006 4049 καὶ

357 4078 666 4156 βασιλεύσει
723 4074 907 4155 ἔτερος
960 4080 1073 4135 ἀντ’
1132 4081 1297 4136 αὐτοῦ
1350 4084 1871 4157 χριστιανικώτατος
1917 4083 2009 4137 καὶ

354 4168 796 4248 θεοφιλέστατος,
828 4172 1178 4245 καταθραύων
1239 4172 1329 4227 καὶ
1381 4174 1687 4227 κατασπῶνΔ
1727 4194 1901 4229 παντα
1944 4173 2012 4229 τὰ

352 4264 461 4313 τῶν
497 4257 744 4314 εἰδώλων
780 4255 1114 4333 σεϐάσματα.
1167 4262 1224 4315 Ὀ
1274 4258 1331 4316 δὲ
1392 4260 1525 4324 λαὸς
1582 4267 1679 4317 τοῦ
1726 4267 1863 4318 Θεοῦ
1921 4263 2011 4319 εύ-

353 4350 742 4424 φρανθήσεται,
826 4350 915 4405 καὶ
989 4356 1155 4405 πᾶσαι
1245 4350 1568 4419 Έκκλησίαι
1636 4350 2013 4428 ἐλευθερωθή-

351 4458 535 4491 σονται
587 4445 688 4506 τῆς
750 4435 1182 4511 εἷδωλομανίας,
1241 4439 1332 4495 καὶ
1392 4441 1579 4513 βαθεῖα
1633 4440 1857 4515 εἰρήνην
1910 4444 2010 4511 τὴν

355 4526 681 4600 οἷ’κουμένην
711 4526 921 4583 ἅπασαν
984 4529 1384 4604 καταλήψεται,
1441 4530 1532 4584 καὶ
1583 4532 1646 4586 τὸ
1695 4530 1871 4604 ὄνομα
1916 4537 2013 4588 τοῦ

2116 3468 2207 3517 est
2237 3462 2459 3517 sanctis
2491 3466 2669 3532 atque
2694 3460 2973 3515 omnibus
3004 3461 3107 3531 qui
3149 3461 3488 3516 dilexerunt
3518 3461 3777 3517 manife-

2116 3552 2433 3607 stationem
2475 3550 2691 3605 Christi
2728 3550 2860 3620 (22).
2914 3549 3175 3605 Rebellis
3204 3554 3406 3605 autem
3450 3549 3778 3620 imperator

2116 3640 2286 3695 cadet
2331 3640 2393 3693 in
2426 3638 2689 3703 Perside,
2741 3638 2981 3693 victima
3036 3638 3272 3693 futurus
3322 3637 3773 3694 immundorum

2115 3729 2477 3793 damonum,
2504 3744 2655 3798 quos
2688 3726 2874 3781 coluit
2904 3732 2963 3782 et
2986 3732 3300 3782 veneratus
3331 3731 3442 3791 est,
3475 3732 3535 3781 et
3564 3743 3598 3782 a
3636 3727 3773 3797 qui-

2114 3818 2226 3873 bus
2258 3816 2600 3889 hujusmodi
2624 3816 2963 3871 mercedem
2993 3816 3263 3886 accipiet.
3299 3815 3587 3888 Regnabit
3614 3816 3770 3872 alius

2115 3924 2222 3978 pro
2245 3923 2314 3961 eo
2346 3904 2890 3960 Christianissimus
2924 3910 2983 3959 et
3009 3904 3316 3975 piissimus
3339 3906 3475 3976 (23),
3509 3906 3611 3976 qui
3636 3922 3769 3961 om-

2116 4013 2255 4051 nem
2286 3995 2584 4050 idolorum
2617 3994 2843 4049 cultum
2875 3993 3210 4066 confringet
3256 3999 3316 4049 et
3374 3994 3591 4049 evellet
3635 3996 3774 4065 (24).
3864 3988 3869 3999 ’

2118 4085 2378 4155 Populus
2409 4099 2544 4138 vero
2575 4083 2677 4138 Dei
2702 4083 2864 4137 omni
2897 4082 3110 4155 gaudio
3167 4082 3425 4148 incedet,
3457 4088 3517 4137 et
3541 4088 3773 4139 cuncta

2117 4174 2395 4229 Ecclesia
2428 4172 2843 4228 liberabuntur
2897 4172 2970 4227 ab
3018 4173 3254 4227 insania
3307 4171 3627 4240 idolorum,
3660 4188 3775 4244 pax

2120 4279 2357 4334 quoque
2389 4278 2599 4317 secura
2628 4260 2918 4316 mundum
2952 4261 3264 4317 univerum
3323 4261 3772 4333 complectetur,

2122 4363 2179 4413 et
2209 4372 2429 4411 nomen
2474 4354 2691 4409 Christi
2739 4352 3096 4408 exaltabitur
3139 4360 3197 4408 et
3234 4354 3715 4426 magniﬁcabitur
3743 4370 3779 4409 a

2123 4445 2345 4502 ﬁnibus
2376 4445 2449 4499 ad
2483 4444 2633 4498 ﬁnes
2664 4442 2825 4497 orbis
2858 4448 3174 4497 terrarum.
3223 4442 3567 4498 Idololatria
3615 4443 3776 4498 enim

2124 4536 2407 4604 deinceps
2437 4549 2556 4587 non
2590 4531 2834 4586 extollet
2871 4537 3049 4602 caput
3094 4548 3290 4597 suum,
3350 4548 3547 4603 neque
3605 4530 3768 4586 dabi-

355 4621 597 4695 Χριστοῦ
629 4617 979 4693 ὑψωθήσεται
1032 4621 1120 4675 καὶ
1189 4618 1656 4697 μεγαλυνθήσεται
1714 4623 1821 4678 ὰπὸ
1852 4622 2000 4699 περά·

2125 4629 2222 4679 tur
2279 4622 2473 4677 Stana
2530 4620 2833 4676 eradicare
2902 4618 3363 4675 fundamentum
3444 4618 3775 4686 Ecclesia;

1954 4805 2174 4860 NUT/E.

432 4924 505 4994 (e)
535 4925 786 4982 Fallitur
817 4943 952 4998 ergo
984 4926 1404 4983 Villemontius
1435 4930 1575 4984 Hist.
1642 4927 1770 4983 eccl.
1801 4933 1841 4982 t.
1894 4930 2013 4994 VII,

360 5014 418 5067 p.
449 4998 551 5071 731
590 5015 717 5069 sqq.
754 4999 899 5054 dum
931 5000 1257 5054 Artemium
1283 4999 1450 5054 valde
1474 5000 1810 5071 suspicatur
1830 5000 2015 5055 fuisse

363 5066 671 5123 Arianum.
682 5066 854 5124 Ἑοιτ.

434 5139 548 5215 (21)
582 5140 811 5215 A_l_lud_it
839 5140 913 5215 ad
932 5147 1171 5215 textum
1202 5144 1457 5215 Apost.rl
1491 5143 1621 5215 Cor.
1655 5160 1755 5209 xu,
1787 5142 1842 5196 9.

435 5210 540 5284 (22)
574 5210 799 5284 ᾼιιιιάίι
828 5212 902 5267 ad
932 5212 1128 5267 locum
1164 5210 1452 5284 Apostoli,
1485 5215 1533 5267 II
1564 5214 1709 5268 Tim.
1771 5231 1845 5279 1v,
1887 5215 1939 5267 8.

432 5282 547 5357 (_2_3_;
584 5282 861 5357 Iovianus
904 5282 1306 5357 nempe,_qui
1334 5356 1339 5357 γ
1367 5285 1720 5357 praclarum
1777 5284 2015 5356 pietatis

356 5351 653 5426 indicium
688 5355 962 5426 prabuit.
994 5351 1241 5426 quando
1293 5351 1385 5410 ei'
1408 5357 1627 5411 milites
1668 5351 2016 5411 obtulerunt

361 5423 653 5481 diadema.
689 5423 1110 5491 Theodoret'us,
1145 5427 1250 5483 lib.
1287 5444 1340 5480 1v
1377 5430 1516 5482 Hist.
1551 5428 1761 5493 eccles.,
1795 5444 1924 5498 cap.
1962 5432 2012 5496 1,

362 5502 583 5580 narrat.
620 5514 757 5553 eum
791 5498 1012 5580 dixisse
1044 5515 1058 5553 :
1097 5501 1217 5554 Non
1252 5514 1476 5568 possum
1532 5516 1668 5580 ego,_
1712 5503 1810 5580 qui
1842 5500 2012 5580 Chri-

360 5568 575 5623 stianus
630 5585 769 5638 sum,
826 5571 1031 5625 talibus
1081 5585 1341 5640 praeesse,
1402 5587 1498 5625 nec
1554 5568 1773 5625 Juliani
1829 5572 2015 5641 capias

358 5655 567 5709 regere,
605 5644 797 5712 pravis
842 5644 1081 5697 imbutas
1138 5643 1429 5697 institutis.
1488 5644 1628 5697 Nam
1682 5644 1783 5712 qui
1827 5644 2012 5698 istius-

358 5712 508 5767 modi
534 5719 687 5781 sunt,
717 5714 929 5772 divina
956 5714 1327 5770 Providentia
1357 5721 1627 5786 expertes,
1671 5712 1841 5783 facile
1887 5716 2015 5785 capi

2125 4935 2176 4982 et
2212 4926 2452 4981 ludibrio
2494 4940 2603 4980 esse
2632 4923 2872 4979 hostibus
2904 4924 3098 4978 solent.
3157 4922 3360 4988 Quibus
3410 4923 3636 4987 auditis,
3667 4923 3777 4977 mi-

2126 5000 2244 5055 lites
2274 5015 2387 5052 una
2415 5012 2540 5051 voce
2569 4998 2970 5065 responderunt
3008 5011 3019 5047 :
3053 4996 3128 5049 Ne
3166 4995 3398 5065 dubita,
3448 4997 3775 5064 imperator,

2123 5088 2222 5125 nec
2279 5070 2572 5139 imperium
2628 5064 2875 5122 nostrum
2925 5066 3075 5121 velut
3149 5064 3467 5139 improbum
3508 5065 3727 5139 declina
3759 5083 3778 5120 :

2128 5137 2459 5205 Christianis
2490 5155 2726 5208 namque
2754 5139 3051 5208 imperabis
3072 5144 3124 5191 et
3177 5139 3235 5191 in
3258 5137 3491 5207 pietatis
3521 5137 3778 5192 doctrina

2125 5212 2369 5269 educatis
2400 5229 2418 5265 :
2448 5212 2654 5279 quippe
2710 5212 2807 5279 qui
2852 5216 3014 5265 atate
3062 5210 3205 5262 inter
3259 5224 3358 5263 nos
3406 5210 3780 5278 provectiores

2124 5291 2269 5339 sunt.
2304 5280 2655 5339 Constantini
2695 5283 2868 5351 ipsius
2918 5281 3229 5335 doctrinam
3290 5280 3610 5346 hauserunt,
3669 5282 3779 5334 mi-

2123 5372 2283 5410 nores
2314 5371 2347 5408 a
2396 5355 2718 5407 Constantio
2749 5355 3009 5407 instructi
3060 5358 3186 5406 sunt
3220 5367 3233 5406 :
3270 5352 3436 5421 hujus
3491 5366 3619 5405 vero
3650 5354 3777 5419 (Ju-

2127 5428 2288 5495 liani)
2319 5428 2433 5480 vita
2461 5427 2643 5492 functi
2673 5424 2828 5478 breve
2862 5425 3084 5493 imperii
3115 5429 3323 5492 tempus
3370 5424 3503 5491 fuit,
3552 5438 3650 5476 nec
3703 5423 3778 5477 ad

2127 5500 2303 5553 labem
2329 5497 2567 5565 deceptis
2598 5496 2934 5564 inﬁgendam
2963 5496 3097 5549 satis
3127 5496 3401 5548 idoneum.
3437 5496 3590 5565 Epigr.

2198 5571 2312 5641 (24)
2335 5563 2500 5623 Dicet
2528 5563 2735 5641 auctor
2764 5566 2939 5641 infra,
2962 5565 3430 5634 n.70,Jovianum
3452 5563 3776 5619 adhaesisse

2125 5639 2339 5698 haresi
2370 5639 2778 5695 Eunomiana.
2811 5640 2891 5693 In.
