4120 6394
435 479 576 536 1315

1961 471 2332 526 ADDENDA.

3803 472 3939 528 1346

427 619 570 660 nam
592 609 772 674 portae
800 604 970 672 inferi
997 617 1106 656 non
1126 599 1505 670 przvaIebunt
1562 601 1821 655 adversus
1881 613 2000 653 eam
2030 593 2068 654 ‘.

2187 606 2295 656 τῶν
2353 595 2458 660 ἓως
2517 595 2768 673 περάτων
2825 606 2926 668 τῆς
2984 599 3341 674 οἶκουμὲνης.
3378 597 3476 657 Οὐ
3518 595 3648 673 γὰρ
3689 590 3780 652 ἔτι
3816 592 3948 668 ἀρεῖ

426 696 671 774 κεφαλὴν
705 702 738 768 ἡ
764 695 1209 769 εἰδωλολατρεία,
1237 694 1352 749 οὐδ’
1384 695 1446 750 οὐ
1479 697 1557 768 μὴ
1730 696 1918 772 χώραν
1949 699 1977 752 6
2013 706 2280 773 Σατανᾶς,
2307 702 2406 754 τοῦ
2433 697 2528 752 τὸν
2554 696 2814 768 θέμελιον
2870 704 2972 768 τῆς
3030 698 3365 770 Ἐκκλησίας
3425 694 3938 770 ἀναμοχλεῦσαι·

425 796 597 852 πύλαι
630 797 733 871 γὰρ
765 794 898 867 ᾅδου
929 794 995 849 ού
1025 793 1450 869 κατισχύσουσιν
1473 794 1667 863 αὐτῆς.

501 891 588 942 67.
615 890 932 958 Postquam
957 887 1214 941 divinam
1247 903 1448 941 vocem
1467 886 1712 941 auribus
1745 889 2082 959 excepisset

433 978 668 1044 Beatus,
699 983 757 1031 et
785 976 856 1030 de
889 976 1066 1030 rebus
1114 975 1328 1029 futuris
1387 975 1563 1046 plane
1613 976 1834 1030 certior
1890 977 2080 1034 factus

429 1065 658 1134 fuisset,
686 1067 804 1120 Deo
833 1066 1053 1138 gratias
1079 1065 1216 1137 egit,
1250 1070 1310 1120 et
1338 1065 1552 1135 plenus
1582 1065 1798 1138 gaudio
1835 1071 1893 1120 et
1928 1067 2082 1122 laeti-

427 1155 509 1209 tia
541 1155 761 1210 collum
794 1155 1080 1226 praebuit;
1105 1171 1454 1226 progressus
1476 1171 1632 1210 unus
1665 1155 1925 1211 militum
1945 1173 2080 1213 san-

421 1249 583 1298 ctum
616 1245 747 1316 ejus
779 1249 958 1316 caput
981 1245 1335 1316 amputavit,
1382 1244 1663 1299 vicesima
1705 1245 1801 1300 die
1854 1247 2081 1302 mensis

423 1333 717 1401 Octobris,
750 1334 899 1390 feria
930 1340 1115 1401 sexta,
1150 1351 1281 1404 quas
1315 1334 1534 1388 dicitur
1556 1336 1900 1390 Parasceve.
1936 1337 2080 1392 Bea-

424 1431 552 1477 tum
570 1429 964 1494 sanctumque
995 1441 1211 1494 corpus
1238 1422 1310 1478 ab
1345 1423 1706 1494 imperatore
1731 1425 1968 1480 Juliauo
1987 1442 2083 1496 pe-

424 1511 524 1565 tiit
552 1513 770 1567 mulier
796 1513 1068 1583 qumdam
1101 1513 1315 1578 ﬁdelis,
1350 1513 1547 1567 Arista
1577 1514 1842 1578 nomine,
1877 1516 2082 1570 Antio-

425 1600 634 1656 chenaa
664 1602 941 1656 Ecclesiae
974 1603 1342 1670 diaconissa;
1366 1602 1460 1656 cui
1493 1603 1770 1674 princeps
1794 1604 1944 1659 illud
1959 1604 2088 1676 dari

424 1691 739 1746 concessit.
775 1693 914 1757 Qua)
947 1697 1220 1747 sanctum
1252 1698 1311 1747 et
1331 1691 1570 1746 beatum
1596 1695 2084 1765 corpus,myrrha

2263 888 2354 958 ξζό
2413 886 2592 943 Ταῦτα
2644 889 2794 963 παρὰ
2847 894 2950 957 τῆς
3007 886 3158 950 θείας
3215 891 3411 967 φωνῆς
3483 881 3854 947 ἐνωτισθείς
3911 883 3938 936 ὁ

2190 978 2492 1051 Μακάριος,
2519 979 2671 1050 [394]
2728 978 2819 1032 καὶ
2876 977 3268 1056 πληροφορίαν
3330 973 3555 1034 λαϐὼν
3627 978 3758 1029 τῶν
3798 970 3936 1045 μελ-

2191 1066 2400 1122 λόντων
2434 1066 2774 1142 πραγμάτων
2827 1070 3174 1144 γενήσεσθαι,
3243 1064 3666 1146 εὐχαρίστησέ
3726 1083 3794 1117 τε
3853 1067 3936 1134 τῷ

2191 1159 2330 1226 Θεῷ,
2361 1155 2452 1209 καὶ
2483 1159 2656 1230 χαρᾶς
2687 1156 2776 1211 καὶ
2835 1157 3170 1235 εὐφροσύνης
3225 1159 3550 1235 γενόμενος
3614 1149 3928 1228 ἔμπλεως,

2191 1239 2373 1299 ἔκλινε
2400 1247 2492 1298 τὸν
2525 1245 2750 1320 αὐχέναο
2783 1248 2874 1301 καὶ
2931 1247 3256 1323 προσελθὼν
3304 1252 3385 1311 εἷς
3435 1252 3571 1303 τῶν
3613 1263 3925 1318 στρατιω-

2191 1337 2324 1400 τῶν,
2383 1332 2647 1406 ἀπέτεμεν
2729 1337 2832 1404 τήν
2891 1337 3052 1412 ἁγίαν
3113 1337 3280 1394 αὑτοῦ
3333 1337 3653 1415 κεφαλήν,
3722 1328 3920 1389 εἰκάδα

2194 1423 2489 1498 ἐπέχοντος
2516 1429 2616 1480 τοῦ
2647 1422 2986 1502 Ὀκτωϐρίου
3021 1430 3213 1500 μηνὸς,
3274 1429 3326 1484 ἐν
3382 1426 3602 1503 ἡμέρᾳ
3635 1423 3786 1498 ἕκτῃ
3848 1425 3913 1497 τῇ

2193 1512 2510 1586 καλουμένῃ
2574 1516 2919 1584 Παρασκευῇ.
2981 1519 3058 1575 Οὔ
3108 1519 3172 1572 τὸ
3231 1520 3518 1592 μακάριον
3579 1515 3688 1571 καὶ
3753 1513 3915 1587 ἃγιον

2197 1605 2356 1674 σῶμα
2390 1601 2690 1676 ἐξῃτήσατο
2718 1606 2864 1678 παρά
2914 1610 3013 1660 τοῦ
3073 1607 3348 1683 βασιλέως
3377 1607 3738 1662 Ἰουλιανοῦ
3770 1603 3909 1678 γυνή

2198 1711 2282 1753 τις
2311 1692 2501 1759 πιστὴ,
2537 1691 2767 1764 ὀνόματι
2790 1695 3034 1769 Ἀρίστη,
3091 1694 3339 1756 διάκονος
3402 1695 3777 1771 ὑπάρχουσα
3806 1697 3910 1760 τῆς

423 1779 730 1835 conditum
755 1787 812 1836 et
827 1783 1104 1854 pretiosis
1125 1781 1493 1838 aromatibus
1516 1787 1575 1836 et
1605 1763 1926 1854 unguentis
1941 1784 2068 1839 odo«

2194 1779 2245 1834 ἐν
2332 1763 2653 1857 Ἀντιοχείᾲ
2711 1763 3060 1854 Ἐκκλησίαςθ
3129 1787 3217 1841 xui
3287 1763 3620 1860 ἐπέτρεψεν-
3661 1782 3900 1851 δοθῆναι

420 1869 709 1935 ratum,in
741 1887 1046 1942 capsam,a
1068 1887 1130 1926 se
1162 1876 1452 1941 paratam,
1479 1871 1777 1941 deposuit,
1802 1872 2081 1944 idemque

416 1959 750 2013 transmisit
780 1960 840 2014 in
865 1959 1287 2014 felicissimam
1321 1960 1619 2014 civitatem
1660 1961 2078 2016 Constantino-

416 2046 625 2118 polim,
651 2049 715 2103 in
750 2049 883 2104 loco
915 2049 1240 2121 conspicuo
1273 2049 1596 2115 collocans,
1630 2066 1697 2104 eo
1743 2051 1994 2106 consilio
2017 2057 2084 2107 ut

420 2135 761 2207 ecclesiam,
790 2145 1002 2193 sancto
1034 2144 1094 2193 et
1125 2155 1340 2210 magno
1381 2144 1643 2210 martyre
1688 2141 1953 2194 Artemio
1998 2140 2083 2195 di-

417 2242 621 2297 gnam,
646 2244 754 2298 pro
789 2234 1087 2283 conventu
1119 2227 1390 2282 fidelium
1423 2227 1835 2294 aadiflcaret,in
1859 2245 2078 2284 memo-

417 2315 574 2370 riam
603 2316 856 2388 insignis
887 2318 1016 2387 ejus
1048 2317 1332 2388 martyrii,
1365 2319 1509 2371 Acta
1540 2322 1679 2371 sunt
1700 2317 1825 2372 haec
1850 2319 1911 2372 in
1932 2318 2079 2374 urbe

421 2404 694 2476 principe
727 2406 931 2476 Syrias,
963 2405 1298 2468 Antiochia.
1323 2405 1432 2460 sub
1456 2405 1690 2460 Juliano
1720 2407 1970 2473 Cmsare,
1989 2423 2082 2463 co—

421 2494 707 2566 gnomine
739 2498 1037 2565 Apostata,
1089 2495 1342 2549 Dulcitio
1374 2494 1752 2564 proconsule,
1797 2502 1857 2550 et
1886 2496 2076 2551 Sallu-

418 2582 531 2636 stio
554 2583 832 2654 prmfecto
866 2587 1003 2654 (25),
1039 2585 1100 2638 in
1134 2585 1262 2639 loco
1295 2583 1387 2638 cui
1420 2599 1642 2638 nomen
1690 2585 1959 2655 Daphne,
1991 2602 2080 2640 re-

415 2679 636 2743 gnante
669 2689 849 2744 super
879 2690 989 2728 nos
1016 2673 1268 2729 Domino
1300 2678 1358 2728 et
1383 2673 1500 2727 Deo
1534 2678 1592 2728 et
1647 2673 1944 2730 Salvatore
1976 2692 2076 2731 no-

418 2766 545 2816 stro
576 2762 715 2817 Jesu
741 2763 996 2818 Christo.

2193 1870 2355 1943 αὑτῇο
2389 1874 2423 1942 ἢ
2456 1874 2546 1926 καὶ
2587 1877 2866 1944 ποιήσασα
2921 1876 3320 1951 γλωσσόκομον
3374 1879 3469 1932 xui
3523 1876 3892 1949 σμυρνίσασα

2191 1960 2254 2014 τὸ
2286 1961 2442 2035 ἅγιον
2476 1962 2640 2017 αὐτοῦ
2670 1965 2761 2020 καὶ
2806 1969 3072 2039 μακάριον
3131 1972 3311 2039 σῶμα,
3366 1967 3459 2022 καὶ
3528 1964 3887 2037 πολυτίμοις

2191 2048 2446 2124 ἀρώμασι
2498 2052 2590 2107 καὶ
2651 2054 2847 2130 μύροις
2921 2054 3278 2125 εὐωδιάσασα,
3336 2059 3612 2121 κατέθετο
3687 2054 3743 2110 ἐν
3803 2057 3883 2124 τῷ

2191 2138 2602 2214 γλωσσοκόμῳ,
2647 2145 2734 2199 xui
2770 2145 3075 2221 ἀνέπεμψεν
3107 2146 3159 2201 ἐν
3203 2149 3273 2221 τῇ
3304 2144 3684 2218 πανευδαίμῳ
3717 2145 3872 2200 Κων-

2191 2227 2474 2284 σταντίνου
2506 2231 2690 2302 πόλει,
2724 2234 2775 2288 ἐν
2825 2235 2981 2308 τόπῳ
3037 2233 3298 2309 ἐπισήμῳ
3351 2235 3741 2308 καταθεμένη,
3798 2232 3871 2293 ὡς

2193 2316 2505 2391 βουλομένη
2565 2321 2718 2377 οἷκον
2772 2321 2920 2395 ἄξιον
2970 2327 3069 2379 τοῦ
3117 2325 3276 2401 ἁγίου
3353 2323 3863 2399 μεγαλομάρτυρος

2188 2406 2510 2481 Ἀρτεμίου,
2565 2413 2702 2488 πρὸς
2759 2413 2820 2468 τὸ
2880 2413 3092 2485 σύναξιν
3151 2413 3520 2479 ἐπιτελεῖσθαι
3578 2413 3662 2476 είς
3722 2432 3858 2485 μνη·

2190 2496 2426 2567 μόσυνον
2503 2508 2604 2570 τῆς
2659 2499 2916 2576 ἀοιδίμου
3013 2504 3316 2577 μαρτυρίας
3390 2505 3582 2560 αὐτοῦ.
3677 2505 3849 2559 Ταῦτα

2187 2587 2439 2665 ἐπράχθη
2502 2590 2554 2645 ἐν
2607 2593 2922 2668 Ἀντιοχείᾳ
2974 2597 3043 2668 τῇ
3103 2593 3332 2669 μεγίστῃ
3399 2593 3560 2649 πόλει
3625 2591 3839 2667 Συρίας,

2185 2677 2276 2734 ἐπὶ
2307 2680 2611 2737 Ἰουλιανοῦ
2645 2683 2944 2758 Καίσαρος,
2975 2687 3074 2738 τοῦ
3129 2680 3526 2753 ἐπικληθέντος
3583 2673 3830 2755 Παραϐά-

2182 2790 2302 2839 του,
2337 2771 2798 2835 ἀνθυπατεύοντος
2859 2773 3205 2844 Δουλκιτίου,
3263 2775 3357 2828 καὶ
3399 2775 3500 2843 τὴν
3587 2772 3840 2843 ὕπαρχον

413 2843 700 2911 διέποντος
730 2849 912 2925 ἀρχὴν
943 2848 1305 2906 Σαλουστίουο
1339 2847 1391 2904 ἐν
1416 2849 1574 2923 τόπῳ
1601 2847 1931 2925 καλουμένῳ
1975 2855 2182 2932 Δάφνῃ,
2244 2861 2633 2936 βασιλεύοντος
2681 2861 2761 2936 ἐφ’
2819 2865 2969 2936 ἡμᾶς
3022 2867 3121 2918 τοῦ
3173 2843 3377 2937 Κυρίου
3429 2862 3517 2917 καὶ
3563 2862 3715 2918 Θεοῦ
3761 2854 3853 2909 καὶ

405 2952 669 3022 Σωτῆρος
716 2951 878 3020 ἡμῶν
914 2949 1094 3019 Ἰησοῦ
1125 2949 1380 3022 Χριστοῦ.

479 3040 566 3092 68.
604 3039 676 3094 Ut
706 3056 888 3111 supra
916 3040 1140 3096 dictum
1173 3046 1283 3107 est,
1315 3045 1585 3111 apostata
1639 3041 1910 3098 Julianus
1953 3045 2067 3099 mi-
2097 3048 2140 3115 ρ

413 3126 492 3181 sit
518 3128 960 3200 Hierosolymas
976 3129 1050 3184 ad
1065 3130 1240 3185 retudi
1253 3129 1552 3185 ﬁcandum
1573 3131 1914 3187 Iudaeorum
1931 3137 2075 3188 tem-

414 3217 607 3287 plum,
669 3219 828 3288 quod
885 3219 1287 3290 Vespasianus
1373 3220 1623 3290 ejusque
1688 3220 1849 3275 ﬁlius
1909 3222 2070 3277 Titus

384 3305 580 3360 simul
608 3323 743 3361 cum
773 3307 1010 3363 civitate
1052 3314 1390 3363 everterant
1420 3315 1596 3379 atque
1653 3310 2067 3379 incenderant,

407 3396 917 3465 quemadmodum
967 3397 1236 3453 Christus
1285 3399 1574 3453 Dominus
1604 3399 1962 3470 praedixerat
1993 3400 2067 3455 de

399 3483 504 3539 illo
538 3486 769 3540 sanctis
801 3487 926 3541 suis
948 3485 1283 3558 discipulis,
1317 3487 1474 3557 quod
1494 3487 1727 3542 scilicet
1753 3504 1866 3542 non
1891 3489 2068 3544 retin-

400 3580 664 3644 queretur
688 3574 834 3646 ldpis
861 3592 1027 3646 super
1053 3577 1294 3646 lapidem
1324 3579 1423 3646 qui
1445 3593 1558 3631 non
1615 3577 1994 3652 destrueretur
2021 3581 2062 3635 ⁸.

399 3663 543 3718 Cum
577 3680 715 3737 ergo
746 3665 1012 3721 nefarius
1041 3665 1224 3721 verba
1252 3667 1469 3720 Christi
1500 3667 1814 3723 mendacia
1861 3673 2065 3724 osten-

404 3751 545 3807 dere
575 3753 776 3817 vellet,
817 3755 1079 3810 maximo
1140 3755 1336 3811 studio
1389 3756 1712 3811 festinabat
1769 3757 2062 3829 templum

391 3841 937 3915 mdiﬁcarejubens
969 3861 1039 3900 ex
1052 3845 1293 3916 publico
1313 3846 1524 3900 mrario
1555 3862 1767 3902 omnes
1787 3854 2058 3903 constru-

396 3934 614 3991 ctionis
644 3936 948 4007 impensas
977 3937 1129 3994 fieri.
1159 3937 1608 3992 Concurrebaut
1637 3955 1773 4010 ergo
1795 3939 1982 3994 Judaei
2002 3945 2062 3994 et

393 4037 528 4078 cum
582 4026 799 4096 gaudio
830 4041 1046 4098 magno
1085 4043 1232 4097 opus
1266 4027 1765 4099 aggrediebantur
1797 4045 1810 4094 ;
1843 4027 2060 4083 funda-

388 4119 728 4169 mentorum
744 4114 966 4170 fossam
999 4117 1296 4187 argenteis
1330 4115 1524 4171 hamis
1556 4123 1615 4170 et
1643 4115 2055 4188 ligonibusfo-

389 4200 647 4270 dientes,
676 4220 750 4259 ea
798 4205 1020 4275 jacturi
1079 4211 1272 4273 erant,
1333 4221 1470 4260 cum
1529 4205 2058 4261 vehementissima

388 4290 628 4347 irruens
659 4293 926 4364 procella
958 4295 1118 4366 quod
1150 4295 1707 4350 excavatumfuerat
1735 4311 2052 4367 rursusag-

2250 3051 2350 3120 ξη“.
2384 3051 2531 3106 Ἐπεὶ
2566 3049 2624 3106 δὶ
2651 3052 2902 3127 ἀνωτέρω
2960 3051 3256 3127 εἰρήκαμεν
3313 3053 3385 3112 ὡς
3427 3051 3454 3105 6
3502 3039 3830 3123 παραϐάτης

2179 3138 2479 3202 Ἰουλιανὸς
2509 3138 2822 3196 ἀπέστειλεν
2879 3140 2954 3202 εἷς
3008 3141 3360 3213 Ἰεροσόλυμα
3413 3142 3508 3193 τοῦ
3544 3138 3644 3192 τὸν
3699 3131 3821 3186 ναὸν

2172 3232 2284 3282 τῶν
2341 3227 2622 3285 Ἰουδαίων
2682 3227 3248 3302 ἀνοικοδομήσασθαι,
3325 3226 3352 3282 ὅ
3423 3221 3820 3284 Οὖεσπεσιανὸς

2175 3317 2264 3372 καὶ
2294 3318 2455 3379 Τίτος
2481 3319 2508 3373 6
2528 3317 2727 3374 τούτου
2758 3319 2878 3381 υἱὸς
2913 3319 3048 3392 μετὰ
3083 3327 3188 3389 τῆς
3242 3317 3459 3380 πόλεως
3483 3316 3576 3370 καὶ
3633 3313 3824 3369 τοῦτον

2173 3406 2430 3462 καθεῖλον
2478 3409 2569 3461 xui
2627 3406 2969 3480 ἐνεπύρισαν,
3020 3408 3204 3473 καθὼς
3259 3407 3586 3483 προείρηκεν
3635 3405 3662 3458 6
3717 3409 3819 3456 Δε-

2176 3497 2384 3566 σπότης
2432 3498 2665 3573 Χριστὸς
2743 3497 2866 3573 περὶ
2927 3496 3092 3552 αὑτοῦ
3148 3498 3286 3574 πρὸς
3343 3495 3472 3558 τοὺς
3530 3491 3819 3568 θεηγόρους

2172 3586 2338 3641 αὑτοῦ
2372 3587 2638 3660 μαθητὰς,
2663 3585 2747 3641 ὅτι
2780 3587 2843 3641 ού
2904 3589 2980 3658 μή
3037 3585 3194 3660 μείνῃ
3240 3583 3398 3650 λίθος
3459 3583 3636 3639 ἐπάνω
3665 3581 3818 3643 λίθου

2172 3675 2232 3738 ὃς
2289 3677 2352 3730 ού
2418 3677 2492 3747 μὴ
2547 3675 2852 3748 καταλυθῇ.
2916 3672 3101 3730 Θέλων
3161 3673 3313 3729 οὖνὸ
3357 3673 3670 3748 παράνομος
3722 3668 3816 3728 τὰς

2171 3764 2322 3837 [395]
2345 3768 2443 3818 τοῦ
2475 3768 2716 3840 Χριστοῦ
2755 3764 2937 3831 φωνὰς
2988 3761 3206 3837 ψευδεῖς
3263 3760 3568 3832 ἀποδεῖξαι,
3625 3756 3818 3816 ἐσπού-

2170 3849 2296 3922 δαζε
2339 3854 2577 3925 μάλιστα
2604 3854 2695 3908 τὸν
2728 3852 2856 3907 ναὸν
2891 3851 3230 3926 οἰκοδομεῖν,
3291 3854 3593 3925 προστάξας
3625 3849 3684 3905 ἐκ
3708 3850 3814 3902 τῶν

2168 3939 2454 4013 δημοσίων
2511 3943 2852 4017 πραγμάτων
2922 3963 2982 3998 τε
3031 3943 3123 3997 καὶ
3181 3941 3491 4018 χρημάτων
3547 3938 3813 3994 ποιεῖσθαι

2165 4037 2338 4087 πᾶσαν
2368 4034 2468 4101 τήν
2498 4039 2598 4102 τῆς
2628 4029 2934 4104 οἰκοδομῆς
2969 4028 3174 4102 ἔξοδον.
3245 4029 3678 4106 Συνδραμόντων
3723 4025 3811 4082 οῦν

2161 4127 2270 4176 τῶν
2303 4119 2607 4193 Ἰουδαίων,
2639 4122 2731 4176 xui
2757 4122 2892 4194 μετὰ
2912 4121 3133 4191 πολλῆς
3174 4129 3275 4190 τῆς
3325 4126 3500 4196 χαρᾶς
3530 4123 3628 4175 τοῦ
3655 4113 3811 4193 ἔργου

2162 4213 2560 4288 ἐναρεαμένων,
2592 4215 2681 4269 καὶ
2731 4215 2831 4282 τήν
2891 4219 3000 4269 τῶν
3036 4212 3308 4287 θεμελίων
3337 4213 3542 4291 τάφρον
3596 4211 3815 4283 ἐξορυτ-

2159 4302 2367 4356 τόντων
2401 4301 2665 4376 ἀργυραῖς
2695 4303 2908 4374 ἄμμαις
2963 4302 3054 4356 xui
3112 4303 3360 4379 σκάφαις,
3413 4299 3505 4354 xui
3560 4297 3690 4358 τοὺς
3723 4307 3814 4360 θε-

393 4382 601 4452 gessit.
635 4383 906 4454 Cumque
937 4383 1174 4456 fulgura
1206 4391 1265 4438 et
1294 4385 1558 4439 tonitrua
1582 4389 1706 4439 tota
1742 4385 1859 4439 ista
1879 4390 2054 4440 nocte

2176 4388 2397 4452 ιελίους
2426 4388 2679 4462 ἤμελλον
2722 4385 3190 4457 καταϐάλλεσθαι,
3243 4386 3586 4465 σφοδροτάτη
3619 4405 3816 4483 καταῖ-

384 4468 1392 4545 demitterentur,appropinquante
1407 4475 1536 4546 jam
1554 4474 1650 4529 die
1676 4479 2052 4529 terrmmotus

383 4557 576 4615 factus
598 4567 708 4627 est,
742 4562 826 4616 ita
859 4569 922 4617 ut
953 4563 1150 4629 multi,
1185 4565 1364 4620 etiam
1425 4563 1526 4634 qui
1559 4563 1669 4618 sub
1705 4563 1802 4617 dio
1835 4578 2052 4634 perno-

387 4649 992 4721 ctabant,perierint:
1031 4659 1090 4708 et
1118 4654 1294 4726 ignis,
1321 4670 1391 4708 ex
1449 4652 1672 4724 apertis
1703 4651 2050 4707 fundamen-

387 4740 463 4795 tis
495 4757 840 4811 erumpens,
873 4758 1082 4797 omnes
1113 4742 1508 4813 consumpsit,
1541 4741 1643 4811 qui
1675 4741 1801 4796 illic
1823 4741 2051 4795 inventi

389 4838 546 4888 sunt.
581 4833 843 4905 Contigit
873 4850 1110 4905 quoque
1127 4840 1185 4889 et
1206 4834 1478 4888 civitates
1509 4831 1746 4895 cadere,
1778 4831 2055 4887 videlicet

386 4920 1625 4994 Nicopolim,Neapolim,EleutherOpolim,
1662 4922 1867 4977 Gazam
1883 4922 2054 4977 alias-

391 5027 507 5081 que
525 5011 749 5083 plures.
784 5013 857 5066 Et
887 5011 1317 5083 Hierosolymis
1350 5009 1620 5064 Porticus
1649 5009 1801 5065 Elia
1829 5011 2051 5066 multos

382 5099 812 5169 Judaaos,circa
843 5117 1202 5173 synagogam
1236 5098 1603 5165 inventos,in
1627 5099 1861 5154 ruinam
1885 5099 2052 5172 lapsa

387 5190 657 5256 sustulit;
675 5190 978 5261 simulque
994 5191 1146 5261 ignis
1165 5189 1362 5244 subito
1386 5203 1709 5258 erumpens
1727 5189 2049 5244 maximam

385 5279 832 5335 multitudinem
865 5279 1214 5335 combussit.
1248 5280 1546 5334 Praeterea
1572 5276 1743 5333 facta;
1784 5285 1924 5334 sunt
1962 5285 2049 5334 te-

454 5418 479 5452 ⁶
508 5421 712 5476 Matth.
743 5436 854 5490 xw,
893 5422 980 5476 18.
1015 5421 1038 5454 ⁸
1069 5421 1273 5478 Matth.
1307 5437 1460 5488 xxiv,
1485 5423 1539 5474 2.

2159 4480 2246 4555 γὶς
2278 4478 2604 4549 ἐπελθοῦσα,
2633 4479 2697 4534 τὸ
2725 4481 2956 4534 κενωθέν
3007 4478 3340 4554 ἀντεχώννυ.
3385 4480 3700 4553 Ἀστραπῶν
3765 4471 3819 4528 δὲ

2159 4589 2251 4623 και
2281 4570 2524 4643 βροντῶν
2551 4569 2671 4623 καθ’
2723 4566 2862 4640 ’ὀλην
2921 4567 3133 4638 ἐκείνην
3183 4568 3283 4637 τήν
3343 4568 3510 4622 νύκτα
3567 4567 3816 4640 συνεχῶς

2160 4659 2690 4730 καταπεμπομένων,
2778 4659 3003 4730 σεισμὸς
3083 4657 3406 4733 ἐγγιζούσης
3464 4654 3661 4712 λοιπὸν
3719 4659 3820 4722 τῆς

2160 4747 2372 4816 ἡμέρας
2405 4743 2639 4818 ἐγένετο,
2674 4744 2812 4798 ὥστε
2842 4744 3090 4806 πολλοὺς
3139 4744 3232 4798 καὶ
3275 4743 3572 4817 ὑπαίθρους
3624 4743 3816 4815 μένον-

2159 4853 2255 4896 τας
2301 4832 2656 4906 ἐναπυψύξαι⁶
2716 4833 2807 4886 καὶ
2856 4837 2960 4907 πῦρ
3021 4832 3081 4888 ἐκ
3133 4837 3244 4886 τῶν
3296 4832 3678 4908 ὀρυσσομένων
3740 4832 3820 4884 θε-

2165 4919 2372 4996 μελίων
2431 4922 2727 4995 ἐξενεχθὲν,
2787 4920 2990 4983 πάντας
3071 4920 3198 4981 τοὺς
3259 4919 3570 4996 εὑρεθέντας
3645 4917 3818 4974 ἐκεῖσε

2160 5010 2503 5089 κατέφλεξενο
2561 5016 2882 5066 καταπεσεῖν
2931 5008 2989 5066 δὲ
3055 5011 3145 5066 καὶ
3221 5009 3413 5074 πόλεις
3467 5003 3667 5079 συνέϐη
3721 5007 3815 5068 τὰς

2159 5099 2284 5176 περὶ
2334 5099 2665 5170 Νικόπολιν,
2712 5099 2802 5155 xui
2863 5099 3165 5172 Νεάπολιν,
3225 5096 3683 5175 Ἐλευθερόπολίν
3761 5116 3819 5151 τι

2158 5189 2247 5244 xui
2281 5191 2474 5258 Γάζαν,
2506 5190 2596 5244 xui
2629 5189 2811 5264 ἐτέρας
2857 5187 3107 5250 πλείους·
3169 5189 3301 5244 στοά
3354 5209 3416 5244 τε
3466 5195 3567 5257 τῆς
3615 5185 3817 5248 Λῖλίας

2159 5280 2332 5354 ἣγουν
2368 5277 2758 5352 Ἰερουσαλὴμ,
2845 5280 2880 5348 ἢ
2937 5279 3084 5352 παρὰ
3159 5279 3259 5348 τὴν
3309 5279 3631 5353 συναγωγὴν
3706 5279 3814 5332 τῶν

1978 5539 2178 5594 NOTAE
2189 5582 2200 5594 .

457 5664 566 5732 (23)
599 5662 799 5719 Graeca
829 5663 901 5718 ad
960 5663 1223 5718 litteram
1258 5680 1272 5717 :
1302 5665 1574 5718 vicarium
1619 5661 1851 5715 abeunte
1874 5664 2041 5730 prin-

382 5731 631 5801 cipatum
672 5736 957 5790 Sallustio.
988 5736 1175 5788 Porro
1207 5734 1492 5790 vicarium
1550 5733 1713 5786 hunc
1743 5731 2045 5801 principa-

380 5804 508 5859 tum
534 5808 934 5875 praferturam
991 5809 1164 5860 vocat
1209 5803 1586 5870 Ammianus,
1619 5801 1725 5858 lib.
1756 5819 1906 5871 xxvx,
1933 5801 1960 5871 §
1987 5806 2042 5873 5,

2153 5664 2357 5791 (aptans
2391 5665 2725 5790 :EOrientem
2771 5666 2996 5736 regebat
3061 5671 3331 5736 potestate
3379 5667 3638 5735 praefecti
3691 5662 3814 5722 Sal-

2264 5751 2367 5790 ius.
2449 5753 2556 5791 DIT.

2264 5751 2367 5790 ius.
2402 5751 2556 5792 EDIT.
