4120 6358
318 396 457 454 1317

1650 393 1711 446 Β.
1754 390 2061 445 ΔΒἸῈΜΙῙ
2099 393 2372 448 PASSIO.

3594 394 3737 455 1318

316 519 597 580 Ἰουδαίων
684 516 936 580 πολλους
1016 518 1122 569 τῶν
1201 511 1506 589 εῗρημένων
1590 518 1972 589 κατενεχθεῖσα

2102 515 2289 571 nebraa
2322 518 2381 573 in
2414 518 2560 576 locis
2592 520 2760 588 istis;
2796 527 2855 576 et
2883 526 3256 578 terrtemotus
3292 523 3555 579 continui
3589 525 3744 580 mul-

317 609 552 668 ἀνεῖλεν⁹
604 613 712 683 πῦρ
769 629 827 663 τε
882 604 1103 682 έκραγὶν
1163 600 1413 674 ἀδήλως,
1474 601 1767 665 πλείστους
1829 605 1975 661 Ἰου-

317 700 481 757 δαίων
514 710 859 756 κατέκαυσεν
890 695 1097 770 ἐγένετο
1144 690 1202 747 δὶ
1256 692 1350 748 καί
1405 692 1599 756 σκότος
1656 693 1792 746 κατὰ
1846 691 1973 753 τοὺς

2088 606 2353 676 tiplicem
2414 610 2814 666 calamitatem
2877 612 3055 667 variis
3133 612 3467 668 civitatibus
3520 614 3745 686 injece-

2086 700 2247 750 runt.

315 790 521 851 τόπους
553 788 787 849 ἐκείνους
819 786 909 840 xui
942 782 1157 856 σεισμοὶ
1191 787 1462 858 συνεχεῖς,
1495 778 1713 845 πολλάς
1742 780 1949 859 φθαράς
1980 780 2032 836 ἐν
2063 780 2303 845 πολλαῖς
2337 783 2690 860 ἐργασάμενοι
2722 785 2971 845 πόλεσιν.

399 882 487 954 ξθ’.
521 880 583 937 Ὀ
615 876 673 934 δὶ
704 875 1003 937 Ἰουλιανὸς
1046 873 1254 948 ἀπάρας
1309 872 1415 927 ἀπὸ
1479 878 1580 942 τῆς
1642 871 1981 947 ’Λντιοχείας

323 971 415 1026 σὺν
478 970 635 1025 παντὶ
693 972 773 1039 τῷ
832 966 1215 1040 στρατεύματι,
1275 961 1362 1017 ἐπὶ
1430 963 1528 1031 τήν
1590 958 1823 1037 Περσίδα
1874 965 1975 1037 γῆν

321 1059 632 1137 ἐπορεύετο.
676 1057 775 1112 Καὶ
831 1058 932 1125 τήν
989 1057 1348 1130 Κτησιφῶντα
1406 1050 1569 1106 πόλιν
1629 1046 1975 1120 καταλαϐὼν,

321 1150 495 1207 ἐδόκει
526 1171 578 1204 τι
634 1148 772 1222 μέγα
824 1142 1256 1218 διαπραξάμενος
1305 1139 1482 1217 ἔργον,
1536 1139 1617 1217 ἐφ’
1665 1139 1817 1216 ἔτερα
1882 1162 1979 1212 με-

322 1234 592 1294 ταϐαίνειν
624 1236 931 1311 κρείττονα.
963 1230 1198 1295 ’Έλαθεν
1248 1228 1305 1285 δὲ
1354 1229 1512 1285 αὐτὸν
1560 1228 1915 1300 ἐξαπατηθεὶς
1948 1231 1975 1285 6

322 1326 667 1400 παμμίαρος.
721 1324 940 1391 Ἔρωτα
975 1320 1075 1395 γὰρ
1136 1312 1456 1373 διαϐολικὸν
1512 1323 1612 1386 τῆς
1662 1314 1975 1389 εἷδωλομαο

323 1417 440 1478 νίας
473 1412 896 1485 ένκτησάμενος,
946 1410 1037 1464 καὶ
1089 1407 1317 1469 ἐλπίσας
1370 1404 1458 1461 διὰ
1510 1407 1602 1479 μὲν
1652 1410 1760 1460 τῶν
1805 1406 1975 1461 ἀθέων

327 1510 467 1571 θεῶν
499 1504 664 1558 αὐτοῦ
696 1500 1068 1575 πολυχρόνιον
1100 1499 1200 1566 τὴν
1233 1496 1509 1572 βασιλείαν
1543 1497 1708 1565 ἄξειν,
1739 1496 1829 1550 καὶ
1855 1495 1974 1551 νέον

323 1594 566 1670 γενέσθαι
600 1587 975 1664 Ἀλέξανδρον,
1009 1584 1376 1663 περιγενέσθαι
1438 1583 1495 1641 δὲ
1542 1590 1630 1640 καὶ
1676 1591 1784 1642 τῶν
1842 1592 1978 1662 Περ-

329 1688 460 1751 σῶν,
518 1683 607 1737 καί
660 1682 722 1736 τὸ
778 1685 885 1735 τῶν
941 1681 1275 1751 Χριστιανῶν
1336 1675 1634 1752 ἐξαλείφειν
1693 1675 1768 1739 είς
1842 1679 1978 1733 ἅπαν

332 1776 481 1847 [396]
540 1772 693 1849 γένος
747 1771 836 1826 καὶ
896 1766 1093 1843 ὄνομα,
1154 1768 1365 1841 ἐξέπεσε
1440 1770 1539 1836 τῆς
1632 1766 1979 1845 ὑπερηφάνου

331 1860 594 1924 διανοίας·
626 1862 841 1937 γέροντι
870 1860 975 1935 γάρ
1009 1858 1249 1933 ἐντυχὼν
1282 1856 1459 1932 Πέρσῃ
1503 1856 1590 1912 καὶ
1642 1859 1770 1930 παρ’
1816 1856 1981 1913 αὐτοῦ

2161 876 2247 929 69.
2281 876 2552 932 Julianus
2584 884 2780 932 autem
2812 896 2946 934 cum
2992 880 3267 935 universo
3320 880 3581 936 exercitu
3615 882 3745 936 An-

2088 963 2308 1020 tiochia
2339 966 2727 1037 profectus,in
2764 970 3054 1024 Persicam
3086 970 3390 1042 regionem
3423 971 3537 1024 iter
3567 970 3749 1026 facie-

2087 1051 2208 1106 bat.
2241 1055 2472 1110 Potitus
2521 1055 2668 1111 urbe
2720 1058 3126 1129 Ctesiphonte,
3162 1058 3470 1113 videbatur
3501 1059 3612 1114 sibi
3645 1059 3744 1114 ali-

2089 1142 2232 1211 quid
2261 1146 2460 1217 magni
2492 1145 2702 1201 fecisse
2736 1153 2794 1201 et
2823 1147 2896 1202 ad
2929 1147 3047 1203 alia
3070 1149 3297 1219 majora
3305 1148 3436 1219 jam
3468 1148 3744 1203 transire.

2087 1234 2211 1287 Non
2244 1235 2404 1289 enim
2438 1236 2808 1309 intelligebat
2839 1254 2901 1293 se
2935 1238 3131 1309 decipi
3164 1238 3389 1293 infelix.
3423 1240 3566 1293 Nam
3619 1238 3745 1293 dia-

2086 1321 2279 1377 bolico
2312 1324 2663 1380 idololatria;
2689 1344 2892 1382 amore
2921 1333 3289 1397 captus,cum
3323 1334 3620 1399 sperasset
3640 1326 3745 1383 fal-

2087 1426 2288 1466 sorum
2313 1412 2559 1469 deorum
2582 1432 2762 1486 opera
2778 1415 3103 1487 longaevum
3120 1415 3229 1470 sibi
3251 1415 3375 1470 fore
3397 1416 3739 1487 imperium,

2087 1504 2147 1552 et
2176 1516 2393 1557 novum
2417 1520 2477 1558 se
2508 1503 2773 1559 futurum
2801 1504 3425 1571 Alexandrum,relata
3452 1506 3522 1559 de
3549 1505 3741 1559 Persis

2086 1591 2332 1647 victoria
2363 1600 2420 1647 et
2449 1594 2918 1651 Christianorum
2951 1614 3167 1669 genere
3200 1613 3266 1651 ac
3322 1596 3566 1649 nomine
3621 1595 3756 1650 stir-

2088 1679 2245 1749 pitus
2276 1681 2733 1750 deleto,excidit
2778 1687 3051 1757 superbis
3105 1685 3589 1759 cogitationibus.
3644 1686 3750 1740 Fa-

2089 1775 2218 1823 ctus
2250 1771 2403 1825 enim
2440 1772 2643 1828 obvius
2678 1776 2803 1829 seni
2836 1776 3070 1830 cuidam
3104 1774 3410 1842 Persw,ab
3444 1773 3546 1829 illo
3574 1774 3750 1829 dece-

2091 1864 2227 1929 ptus
2259 1860 2386 1914 fuit.
2421 1862 2528 1926 Qui
2578 1880 2685 1933 per
2729 1866 2989 1935 speciem
3040 1864 3311 1919 tradendi
3364 1864 3493 1918 sine
3546 1862 3751 1918 labore

332 1950 630 2021 ἀπατηθεὶς
680 1953 769 2023 (f),
828 1948 967 2004 ὥστε
1022 1948 1089 2003 τὰ
1150 1945 1397 2023 βασίλεια
1452 1950 1561 2001 τῶν
1621 1950 1841 2021 Περσῶν
1890 1946 1979 2001 καὶ

392 2040 402 2047 .
576 2039 587 2047 .
703 2038 721 2047 -
775 2042 801 2047 _
970 2038 983 2047 .
1183 2035 1195 2047 .
1398 2034 1417 2047 ς
1455 2037 1499 2047 ..
1586 2045 1595 2047 -
1745 2033 1759 2047 .
1804 2029 1856 2047 ,ο
1897 2034 1915 2047 ς

2102 1949 2316 2019 regalia
2365 1952 2679 2006 Persarum
2733 1961 3088 2010 ornamenta
3139 1960 3196 2009 et
3244 1970 3452 2009 omnes
3497 1952 3757 2019 divitias,

332 2040 507 2095 πάντα
536 2039 629 2095 τὸν
661 2038 899 2094 πλοῦτον
960 2035 1199 2112 ἀμογητὶ
1249 2034 1688 2109 παραλήψεσθαι,
1742 2029 1987 2090 ἐνέϐαλεν

330 2128 491 2183 αὐτὸν
547 2127 635 2183 ἐπὶ
696 2129 796 2197 τήν
830 2123 1185 2200 Καρμανίτην
1241 2121 1448 2201 ἔρημον
1509 2123 1588 2187 εἷς
1642 2121 1859 2187 ἀνοδίας
1901 2125 1991 2180 καὶ

332 2217 575 2292 βάραθρα
604 2217 693 2272 καὶ
726 2216 803 2278 εἷς
853 2214 1097 2291 ἐρήμους
1147 2216 1234 2270 καὶ
1289 2211 1555 2290 ἀνύδρους
1602 2212 1807 2276 τόπους
1860 2214 1994 2286 μετά

326 2306 527 2368 παντὸς
556 2311 653 2361 τοῦ
683 2305 1119 2379 στρατεύματος,
1150 2302 1237 2358 καὶ
1297 2300 1426 2377 δίψῃ
1475 2302 1565 2357 xui
1611 2300 1765 2375 λιμῷ
1804 2304 1993 2365 πιέσας

325 2394 547 2461 αὐτοὺς,
576 2395 664 2449 xui
713 2398 885 2449 πᾶσαν
943 2393 1043 2461 την
1100 2393 1273 2447 ἳππον
1328 2389 1711 2454 ίναποκτείνας
1760 2390 1990 2464 ὡμολό-

324 2506 491 2559 γησεν
524 2485 551 2538 6
606 2484 816 2558 Πέρσης
877 2482 1144 2545 ἑκουσίως
1198 2481 1397 2545 αὐτοὺς
1459 2480 1887 2549 πεπλανηκέναι,
1919 2482 1993 2543 ὡς

329 2572 389 2627 ἂν
422 2572 762 2651 διαφθαρεῖεν
798 2573 888 2626 ὑπ’
939 2572 1126 2638 αὐτοῦ,
1184 2571 1274 2625 καὶ
1338 2572 1414 2643 μὴ
1474 2571 1575 2638 τὴν
1632 2570 1825 2624 ἑαυτοῦ
1883 2590 1989 2624 παο

330 2659 491 2735 τρίδα
523 2659 902 2733 πορθουμένην
939 2659 1041 2714 ὑπὸ
1071 2663 1178 2713 τῶν
1212 2658 1482 2733 ἐχθίστων
1537 2657 1806 2722 θεᾶσοιτο.
1854 2662 1992 2713 Τοῦ-

327 2771 425 2804 τον
462 2751 555 2823 μέν
624 2750 717 2804 οὗν
775 2747 1082 2822 παραυτίκα
1137 2745 1379 2820 μεληδὸν
1430 2747 1859 2820 κατακόψαντες,
1913 2750 1994 2819 τῷ

333 2840 547 2912 θανάτῳ
576 2836 957 2913 παρέπεμψαν·
992 2835 1188 2901 εὐθέως
1248 2833 1305 2891 δέ
1351 2834 1442 2890 καὶ
1494 2837 1629 2907 μετὰ
1685 2842 1785 2904 τῆς
1830 2834 1991 2905 τηλι-

324 2927 534 2999 καύτης
559 2926 961 3001 ταλαιπωρίας,
995 2927 1289 2988 πίπτοντες
1314 2923 1534 2986 ἄκοντες
1563 2929 1643 2997 τῷ
1698 2929 1809 2979 τῶν
1859 2930 1993 2997 Περ-

328 3020 439 3071 σῶν
500 3015 884 3091 στρατεύματι,
943 3014 1033 3070 καὶ
1094 3008 1389 3085 συμϐολῆς
1448 3013 1771 3089 γενομένης,
1831 3013 1992 3075 αὐτὸς

331 3102 629 3168 Ἰουλιανὸς
658 3102 793 3179 τῇδε
842 3104 999 3159 κάκεῖ
1058 3100 1363 3179 διατρέχων
1410 3101 1501 3157 καὶ
1553 3100 1993 3175 διαταττόμενος,

322 3195 638 3263 περιπίπτει
698 3190 910 3269 δόρατι,
971 3193 1046 3254 ὡς
1110 3191 1205 3265 μέν
1260 3213 1405 3253 τινες
1464 3190 1750 3268 φάσκουσι,
1831 3211 1993 3267 στρα-

322 3284 547 3340 τιώτου·
586 3284 661 3348 ὡς
702 3281 758 3338 δέ
806 3280 993 3353 ἄλλοι,
1035 3285 1348 3357 σαρακηνοῦ
1394 3284 1503 3335 τῶν
1555 3286 1797 3353 Περσῶν’
1851 3281 1925 3342 ὡς
1948 3270 1993 3335 δ’

325 3374 354 3429 6
385 3345 733 3449 Χριστιανῶν
787 3372 814 3425 6
864 3345 1081 3441 ἀληθὴς
1106 3345 1244 3425 ’καὶ-
1269 3370 1541 3445 ἡμέτερος
1593 3345 1832 3443 [λόγος],
1890 3373 1989 3424 τοῦ
2020 3345 2063 3412 C

322 3464 600 3517 Δεσπότου
656 3463 897 3533 Χριστοῦ
942 3457 1367 3531 ἀντιταξαμένου
1428 3457 1600 3529 αὐτῷ.
1662 3458 1832 3528 Τόξον
1883 3457 1988 3534 γὰρ

320 3552 536 3626 ἀθρόως
570 3550 676 3604 ἀπὸ
708 3552 804 3603 τοῦ
855 3549 1015 3621 ἀέρος
1062 3547 1272 3601 ένταθέν
1324 3547 1415 3601 xui
1480 3547 1643 3621 βέλος
1691 3546 1776 3601 ἐπ’
1828 3547 1988 3602 αὐτὸν

325 3640 399 3701 ὡς
429 3639 518 3693 ἐπὶ
551 3637 754 3692 σκοπὸν
789 3635 963 3713 ἀφιὶν,
995 3635 1085 3689 καὶ
1120 3633 1209 3689 διὰ
1257 3640 1364 3690 τῶν
1416 3635 1662 3710 λαγόνων
1715 3636 1989 3709 ὁρμῆσαν,

328 3725 627 3799 διαμπερὲς
689 3720 921 3797 ἔτρωσεν
979 3723 1142 3777 αὑτὸν
1204 3721 1282 3787 εἷς
1332 3724 1402 3777 τά
1458 3719 1822 3797 ὑποχόνδρια.
1894 3723 1991 3777 Καὶ

319 3816 636 3888 ἀνοιμώξας
668 3809 805 3889 βαρύ
855 3833 915 3868 τε
965 3811 1057 3866 καὶ
1120 3808 1383 3885 δυσηχὶς,
1442 3807 1590 3883 ἔδοξε
1640 3810 1735 3865 τὸν
1795 3810 1989 3886 Κύριον

320 3908 482 3978 ἡμῶν
540 3905 752 3974 Ἰησοῦν
810 3902 1051 3977 Χριστὸν
1112 3900 1350 3955 ἐνώπιον
1408 3900 1572 3955 αὐτοῦ
1630 3900 1844 3955 ἑστάναι
1901 3902 1992 3956 καὶ

326 3992 629 4069 έπεγγελᾷν
665 3992 833 4063 αὐτῷ’
869 3992 898 4045 6
931 3988 989 4044 δέ
1041 3989 1268 4050 σκότους
1324 3988 1414 4043 καὶ
1479 3987 1673 4061 μανίας
1723 3986 1992 4060 πλησθεὶς

331 4079 623 4155 δεξάμενος
654 4085 723 4154 τῇ
766 4079 917 4155 χειρὶ
975 4079 1039 4134 τὸ
1094 4076 1229 4133 ἴδιον
1281 4080 1419 4150 αἷμα
1465 4077 1555 4132 καὶ
1607 4077 1681 4139 είς
1728 4078 1820 4133 τὸν
1864 4079 1994 4154 ἀέρα

327 4170 509 4248 ῥάνας,
541 4170 679 4243 πρὸς
734 4173 803 4243 τῇ
855 4168 1061 4243 έκπνοῇ
1114 4168 1436 4242 γενόμενος,
1482 4166 1735 4241 ἀνέκραξε
1793 4164 1991 4242 λέγων·

327 4259 650 4330 Νενίιιηκας,
683 4258 905 4333 Χριστὲ,
938 4258 1300 4332 χορτάσθητι,
1337 4254 1601 4310 Γαλιλαῖε
1628 4257 1640 4310 l
1675 4254 1774 4310 Kui
1823 4254 1998 4319 οὕτως

2097 2037 2304 2108 injecit
2325 2055 2461 2093 eum
2489 2057 2622 2095 cum
2656 2043 2930 2097 universo
2976 2044 3238 2098 exercitu
3290 2043 3351 2097 in
3397 2041 3756 2096 Carmaniti-

2096 2143 2225 2181 cam
2258 2127 2664 2200 solitudinem,
2707 2132 2769 2186 in
2820 2132 2949 2187 loca
2996 2132 3153 2187 invia
3203 2138 3261 2187 et
3289 2131 3660 2202 voraginosa,
3693 2129 3757 2183 in

2094 2216 2368 2287 regiones
2401 2217 2666 2274 desertas
2698 2226 2755 2273 et
2807 2221 3149 2291 inaquosas.
3202 2222 3468 2290 Cumque
3510 2218 3666 2273 fame
3699 2222 3761 2272 et

2099 2304 2195 2360 siti
2229 2307 2627 2376 oppressisset
2674 2324 2775 2362 eos
2808 2312 3008 2377 Persa,
3046 2311 3272 2379 totique
3306 2308 3596 2379 equitatui
3632 2307 3755 2360 exi-

2100 2393 2249 2447 tium
2284 2401 2709 2465 comparasset,
2754 2396 2951 2453 fassus
2996 2404 3085 2453 est
3132 2414 3194 2452 se
3226 2396 3557 2451 voluntarie
3589 2410 3691 2449 eos
3722 2410 3757 2448 a

2098 2487 2261 2535 recta
2284 2482 2374 2535 via
2406 2482 2744 2553 deduxisse,
2777 2494 2842 2541 ut
2871 2487 3242 2558 disperderet
3294 2504 3418 2553 eos,
3470 2491 3528 2539 et
3554 2500 3629 2538 ne
3657 2499 3761 2554 pa-

2099 2567 2277 2622 triam
2312 2586 2480 2624 suam
2513 2572 2937 2631 infensissimis
2971 2577 3239 2631 hostibus
3272 2581 3559 2630 vastatam
3608 2571 3763 2627 vide-

2102 2660 2212 2709 ret.
2249 2657 2413 2711 Hunc
2446 2661 2688 2729 quidem
2723 2663 2851 2717 sine
2902 2681 3070 2719 mora
3119 2664 3497 2719 membratim
3538 2661 3768 2716 discer-

2098 2749 2267 2816 ptum
2298 2752 2489 2801 morte
2542 2751 2911 2819 affecerunt;
2963 2754 3162 2807 statim
3205 2769 3340 2808 vero
3371 2757 3507 2823 post
3534 2754 3764 2805 tantam

2099 2832 2501 2890 calamitatem
2537 2837 2597 2891 in
2627 2840 2945 2895 Persarum
2996 2842 3321 2897 exercitum
3353 2841 3521 2895 inviti
3553 2854 3761 2893 occur-

2100 2928 2264 2989 runt,
2300 2928 2359 2977 et
2387 2941 2585 2997 pugna
2616 2928 2786 2999 inita,
2821 2929 2946 2997 ipse
2970 2931 3266 2998 Julianus,
3300 2931 3439 2985 dum
3486 2942 3759 2999 puocun-

2101 3028 2217 3082 que
2248 3011 2533 3068 discurrit
2563 3022 2622 3069 et
2652 3018 2853 3073 omnia
2883 3019 3168 3090 disponit,
3224 3018 3383 3074 cadit
3410 3017 3759 3072 vulneratus

2101 3099 2331 3166 lancea,
2365 3108 2431 3156 ut
2459 3105 2739 3159 nonnulli
2773 3106 3004 3169 dicunt.
3034 3107 3265 3173 militis,
3301 3112 3404 3162 aut
3446 3108 3761 3160 Persarum

2102 3190 2339 3256 missili,
2376 3198 2441 3246 ut
2468 3193 2603 3249 aliis
2636 3195 2870 3266 placet;
2904 3196 3007 3252 sed
3041 3196 3372 3253 secundum
3404 3194 3765 3251 Christiano.

2101 3296 2235 3332 rum
2269 3284 2867 3351 sententiam,veram
2901 3287 3108 3356 utique
3138 3302 3205 3341 ac
3235 3291 3568 3351 nostram,a
3601 3282 3768 3337 Chri-

2103 3373 2193 3423 sto
2225 3370 2499 3439 Domino,
2533 3375 2633 3444 qui
2666 3372 2722 3428 ei
2756 3376 3199 3431 adversabatur.
3230 3375 3436 3429 Telum
3469 3373 3632 3428 enim
3679 3387 3768 3425 re-

2101 3459 2344 3528 pentine
2376 3478 2447 3516 ex
2477 3478 2614 3517 aere
2645 3465 3065 3535 projectum,et
3098 3465 3311 3536 sagitta
3332 3464 3394 3518 in
3426 3479 3562 3518 eum
3594 3459 3764 3531 quasi

2103 3546 2164 3600 in
2195 3564 2441 3618 scopum
2472 3552 2765 3620 immissa,
2820 3554 3008 3624 ipsius
3057 3553 3245 3608 latera
3291 3551 3643 3624 penetravit,
3702 3552 3763 3602 et

2102 3634 2509 3705 hypocondria
2539 3657 2783 3711 prorsus
2805 3643 3351 3715 perfodit.Ejulanti
3372 3648 3568 3696 autem
3591 3638 3764 3694 vehe-

2101 3731 2336 3779 menter
2366 3734 2427 3782 et
2466 3730 2811 3787 acutissime
2858 3732 3170 3787 videbatur
3219 3732 3507 3787 Dominus
3559 3735 3765 3785 noster

2102 3812 2271 3867 Jesus
2301 3815 2569 3872 Christus
2601 3824 2756 3875 stare
2795 3837 2864 3875 ex
2896 3822 3160 3878 adverso.
3194 3822 3327 3893 Ipse
3361 3836 3499 3875 vero
3534 3818 3771 3874 insania

2106 3909 2166 3958 et
2193 3904 2392 3962 furore
2422 3910 2705 3979 percitus,
2736 3929 2917 3968 manu
2967 3931 3074 3969 sua
3119 3913 3433 3985 proprium
3478 3911 3769 3983 colligens

2105 3995 2482 4066 sanguinem,
2515 4015 2770 4071 eumque
2800 4002 2861 4056 in
2905 4002 3089 4057 altum
3136 4003 3485 4075 proﬁciens,
3511 4002 3769 4072 jamiam

2106 4088 2437 4139 extremum
2470 4088 2746 4158 spiritum
2778 4090 3143 4157 redditurus,
3186 4090 3573 4146 exclamavit:
3609 4089 3766 4143 Vici-

2108 4174 2204 4239 sti,
2238 4174 2465 4231 Christe
2492 4194 2505 4243 ;
2549 4178 2785 4250 satiare,
2835 4180 3072 4236 Galilaee
3100 4181 3112 4235 ι
3150 4182 3241 4236 Sic
3274 4181 3535 4252 pessima
3564 4184 3756 4234 morte

2109 4262 2329 4318 efflavit
2348 4265 2788 4333 animum,deos
2802 4286 2941 4325 suos
2961 4271 3127 4325 omni
3151 4270 3414 4326 convicio
3434 4269 3763 4325 insectans.

326 4350 420 4405 τὸν
452 4346 705 4423 ἔχθιστον
740 4348 968 4411 θάνατον
1000 4339 1353 4411 καταλαϐὼν,
1384 4345 1715 4418 κατέστρεψε
1743 4344 1835 4398 τὸν
1869 4344 2008 4419 βίόν,
2037 4349 2165 4411 τοὸς
2192 4350 2357 4405 αὐτοῦ
2388 4352 2543 4417 θεοὺς
2567 4354 2754 4409 πολλά
2781 4354 3275 4430 λοιδορησάμενος.

405 4444 467 4493 ο’.
499 4439 611 4493 Τοῦ
644 4434 702 4491 δὲ
744 4431 1065 4511 Παραϐάτου
1120 4432 1380 4495 πεσόντος
1437 4431 1489 4487 ἐν
1535 4436 1613 4503 τῷ
1677 4434 1997 4508 μεταιχμίῳ

332 4531 430 4582 τοῦ
479 4527 628 4600 [397]
690 4521 1081 4599 στρατοπέδου,
1134 4517 1395 4583 Ἰοϐιανὸς
1456 4521 1841 4596 ἀναγορεύεται
1898 4525 1997 4597 βα-

335 4614 520 4677 σιλεὺς
552 4615 658 4669 ὑπὸ
684 4618 783 4668 τοῦ
835 4608 1204 4688 στρατοπέδου
1264 4614 1364 4682 (9)·
1423 4610 1515 4665 καὶ
1573 4607 1809 4672 σπονδάς
1859 4614 1996 4687 πρὸς

2181 4442 2267 4495 70.
2300 4443 2446 4498 Cum
2477 4445 2791 4501 cecidisset
2820 4450 3102 4519 Apostata
3132 4450 3290 4505 inter
3330 4448 3563 4504 medios
3594 4463 3763 4502 exer-

2107 4530 2280 4599 citus,
2330 4532 2608 4589 Jovianus
2657 4535 2984 4608 imperator
3033 4538 3324 4593 salutatur
3370 4554 3405 4592 a
3451 4536 3765 4592 militibus.

2110 4620 2217 4684 Qui
2254 4637 2386 4676 cum
2422 4624 2619 4679 Persis
2647 4641 2855 4696 pacem
2890 4628 3248 4698 composuit,
3282 4627 3468 4683 Nisibi
3516 4626 3643 4681 sine
3675 4626 3766 4680 in-

336 4707 429 4761 τὸν
466 4706 676 4777 Πέρσην
709 4702 986 4777 εἰρηνικὰς
1026 4705 1423 4773 ποιησάμενος,
1471 4701 1570 4769 τὴν
1622 4696 1840 4756 Νίσιϐιν
1883 4724 1988 4757 πα-

2109 4712 2254 4767 colis
2279 4714 2365 4768 eis
2396 4715 2634 4783 tradita,
2684 4723 2742 4771 et
2791 4718 2875 4774 sic
2921 4696 3263 4789 expeditum
3310 4736 3371 4775 se
3411 4719 3588 4785 fecit;
3627 4731 3766 4772 nam

337 4792 540 4869 ραδοὺς
605 4799 723 4854 τοῖς
771 4792 964 4866 Ιιέρσις
1024 4790 1148 4846 ἂνευ
1200 4794 1311 4845 τῶν
1387 4785 1715 4864 οἰκητόρων,
1777 4788 2000 4861 ἐξῆλθεν

334 4882 554 4938 ἐκεῖθεψ
588 4883 616 4937 6
646 4881 747 4959 γὰρ
780 4880 1008 4956 στρατὸς
1066 4877 1222 4952 λιμῷ
1269 4878 1358 4933 xui
1404 4879 1590 4951 λοιμῷ
1640 4876 1994 4956 διεφθείρετο.

338 4972 548 5027 Ἐλθὼν
594 4968 651 5025 δὲ
709 4969 869 5032 αὐτὸς
930 4969 1015 5025 ἐπὶ
1075 4976 1175 5039 τῆς
1230 4971 1339 5022 τῶν
1395 4968 1684 5040 Ῥωμαίων
1743 4976 1871 5043 γῆς,
1927 4974 1997 5044 τῇ

331 5062 439 5112 τῶν
473 5059 859 5130 Ἀνομοιητῶν
893 5058 1098 5131 αἱρέσει
1131 5057 1461 5133 προσετέθη,
1510 5053 1677 5129 ἤγουν
1732 5057 1996 5131 Εὐνομια-

334 5153 467 5205 νῶν·
503 5148 809 5225 φθάσαντος
842 5146 901 5204 δέ
960 5150 1127 5206 αὐτοῦ
1180 5151 1280 5218 τὴν
1337 5145 1646 5217 Γαλατικήν
1705 5147 1995 5227 ἐπαρχίαν,

330 5234 521 5291 αὐτόθι
552 5234 603 5290 έν
638 5233 1000 5299 Δαδαστάνοις
1039 5232 1092 5292 ἔν
1148 5258 1257 5292 τινι
1318 5234 1537 5310 χωρίῳ,
1598 5235 1741 5291 οὕτω
1789 5237 1996 5295 καλου-

336 5327 507 5400 μένῳ,
539 5323 691 5403 ἇφνω
747 5326 1105 5401 καταστρέφει
1151 5327 1244 5380 τὸν
1298 5324 1443 5399 βίον·
1485 5324 1574 5378 καὶ
1627 5324 1773 5398 μένει
1807 5329 1834 5382 6
1867 5328 1999 5395 λαὸς

328 5410 687 5479 ἀϐασίλευτος
741 5413 952 5489 ἡμέρας
1000 5414 1429 5489 τεσσαράκοντα,
1485 5412 1651 5487 ἃχρις
1682 5415 1743 5469 οὗ
1802 5416 1994 5481 ἐλθόν-

330 5524 420 5567 τες
470 5503 523 5560 ὲν
578 5504 799 5576 Νικαίᾳ,
857 5502 1311 5561 Οὐαλεντινιανὸν
1373 5501 1766 5579 ἀνηγόρευσαν.
1826 5507 1889 5565 'O
1938 5505 1996 5563 δὲ

2109 4802 2403 4858 exercitus
2434 4810 2597 4875 peste
2629 4822 2696 4861 ac
2726 4806 2882 4862 fame
2913 4808 3163 4879 peribat.
3212 4812 3533 4879 Postquam
3563 4811 3762 4861 autem

2107 4891 2168 4945 in
2202 4892 2603 4949 Romanorum
2628 4900 2844 4952 terram
2896 4898 3153 4965 advenit,
3202 4900 3623 4952 Anomaaorum
3658 4909 3763 4948 seu

2107 4981 2614 5037 Eunomianorum
2651 4985 2860 5041 hazresi
2885 4986 3231 5042 adhaasitEt
3259 5004 3396 5042 cum
3422 4988 3766 5057 peragraret

2108 5069 2431 5125 Galaticam
2494 5074 2884 5143 provinciam,
2944 5076 3007 5130 in
3058 5076 3235 5147 hujus
3295 5075 3422 5131 vico
3480 5072 3765 5145 quodam,

2107 5158 2461 5215 Dadastanis
2506 5169 2731 5231 vocato,
2780 5170 3029 5235 repente
3076 5171 3345 5220 mortuus
3395 5169 3505 5219 est.
3554 5161 3772 5217 Mansit

2105 5248 2361 5319 populus
2384 5251 2511 5306 sine
2534 5252 2892 5324 imperatore
2916 5254 3125 5309 diebus
3148 5254 3562 5325 quadraginta,
3580 5252 3774 5307 donec

2106 5336 2314 5392 Nicaeae
2333 5340 2639 5395 constituti
2668 5342 3149 5397 Valentinianum
3174 5340 3774 5398 salutassent.Valen-

2107 5424 2376 5481 tinianus
2435 5435 2634 5484 autem
2686 5432 2993 5503 proprium
3049 5432 3293 5488 fratrem
3342 5433 3767 5503 imperatorem

2105 5515 2457 5586 proclamat,
2490 5517 2585 5574 die
2619 5519 2829 5591 quinta
2872 5521 3167 5577 Kalendas
3214 5520 3428 5590 Martii,
3478 5524 3613 5593 post
3639 5518 3767 5574 dies

1938 5637 2162 5695 NOTAE.

400 5730 473 5803 (j)
505 5730 857 5805 Philostorg.
889 5729 1004 5787 loc.
1040 5729 1136 5787 cit.

2177 5738 2263 5811 (ο)
2292 5739 2649 5817 Philostrog.
2681 5743 2829 5818 frag.
2864 5744 2968 5802 lib.
3001 5761 3115 5802 VIII.
