4120 6400
425 394 563 451 1319

1949 385 2315 441 ADDENDA.

3712 390 3857 474 £329

420 517 662 591 triginta
690 516 840 572 duos
871 515 1108 588 imperii
1144 513 1744 570 sui.Valentinianum
1767 527 1904 582 ergo
1933 525 2066 564 con-

2188 506 2639 569 Οὐαλεντινιανὸς
2665 508 2758 563 τόν
2819 505 2958 564 ἴδιον
3018 505 3256 585 ἀδελφὸν
3317 509 3643 588 ἀναγορεύει
3695 514 3862 588 βασι-

416 608 724 663 venientes
757 606 1018 678 episcopi
1051 621 1214 676 puras
1247 608 1306 657 et
1357 609 1531 657 rec-tae
1582 601 1740 668 ﬁdei,
1777 601 2079 672 petierunt

420 697 549 752 ﬁeri
584 696 898 768 synodum.
934 695 1039 759 Qui
1072 692 1422 764 respondit:
1460 691 1597 745 Mihi
1633 690 1873 761 quidem
1917 687 2082 744 dedit

424 787 577 840 Deus
606 784 899 840 dominari
928 783 1106 838 rebus
1157 781 1381 846 saeculi,
1435 780 1598 836 vobis
1647 786 1847 835 autem
1878 779 2076 833 Eccle-

421 875 526 930 siis
553 892 566 940 ;
595 875 668 929 ad
713 890 808 928 me
843 872 994 926 nihil
1018 871 1177 926 istud
1219 871 1454 936 attinet;
1487 887 1604 940 quo
1633 885 1769 941 ergo
1800 869 1964 923 vobis
1994 868 2080 921 vi-

419 980 548 1018 sum
579 963 759 1018 fuerit
791 960 1424 1033 congressi,synodum
1461 959 1778 1014 celebrate.
1822 959 1937 1012 Hoc
1968 957 2082 1012 fuit

419 1068 775 1122 responsum
799 1055 958 1104 recta
980 1049 1174 1104 adhuc
1201 1055 1258 1103 et
1279 1048 1549 1104 nondum
1573 1053 1851 1119 corrupta
1878 1052 2077 1102 mente

416 1139 1132 1196 fruentis.Convenientes
1168 1138 1347 1210 igitur
1372 1137 1630 1208 episcopi
1666 1137 2076 1207 Lampsacum,

421 1228 788 1300 Hellesponti
812 1228 1133 1295 civitatem,
1168 1226 1307 1282 ﬁdei
1341 1233 1516 1281 recta:
1539 1225 1816 1298 dogmata
1842 1241 1948 1296 per
1977 1240 2077 1280 ca-

415 1319 538 1391 pita
568 1319 1030 1391 recollegerunt.
1065 1319 1135 1372 Et
1169 1317 1446 1389 martyris
1478 1315 1720 1370 Luciani
1756 1315 1871 1370 ﬁde
1904 1331 2078 1386 expo-

417 1408 921 1476 sita,contrariam
941 1407 1322 1474 damnarunt,
1359 1405 1842 1476 subscripserunt
1872 1403 2011 1460 ﬁdei
2042 1421 2078 1460 a

419 1498 643 1553 sanctis
674 1496 949 1552 Patribus
999 1496 1252 1550 Nicmnis
1304 1494 1645 1566 proposita),
1697 1510 1950 1566 eamque
2000 1492 2074 1548 ad

419 1603 627 1642 omnes
659 1585 954 1641 Ecclesias
986 1585 1299 1640 miserunt.
1334 1585 1400 1639 In
1431 1584 1662 1639 Christo
1691 1584 1831 1639 Jesu
1870 1583 2070 1638 Domi-

420 1693 498 1731 no
529 1681 753 1743 nostro,
787 1674 882 1730 cui
911 1675 1120 1748 gloria.

2190 597 2287 651 λέα
2315 600 2384 670 τῇ
2418 599 2523 671 πρὸ
2580 597 2739 652 πέντε
2798 594 3092 652 Καλανδῶν
3153 598 3438 671 Μαρτίων,
3503 601 3641 672 μετὰ
3700 603 3859 677 τριά-

2192 706 2362 740 κοντα
2386 686 2474 740 καὶ
2508 684 2602 740 δύο
2634 685 2846 762 ἡμέρας
2876 690 2977 752 τῆς
3026 684 3192 740 αὐτοῦ
3247 684 3548 762 βασιλείας.
3607 688 3861 746 Οὐαλεν-

2189 779 2406 846 τινιανῷ
2437 773 2618 829 τοίνυν
2650 773 2968 850 ἐντυχόντες
3021 775 3073 830 οἱ
3123 773 3412 830 ἐπίσκοποι
3461 783 3565 847 τῆς
3611 784 3856 855 καθαρᾶς

2189 863 2278 919 καὶ
2313 864 2480 936 ὀρθῆς
2510 864 2767 931 πίστεως,
2798 864 3074 938 ᾐτήσαντο
3129 863 3375 938 γενέσθαι
3436 863 3688 925 σύνοδον.
3749 868 3853 922 Καὶ

2188 952 2455 1028 ἀπεκρίθη
2490 954 2700 1022 αὐτοῖς,
2763 955 2845 1008 ὅτι
2900 953 3082 1025 Ἐμοὶ,
3137 953 3233 1026 μὶν
3264 954 3292 1008 ὁ
3324 954 3455 1016 Θεὸς
3504 951 3702 1010 ἔδωκεν
3755 954 3855 1031 ἅρ-

2187 1061 2310 1118 χειν
2339 1046 2448 1097 τῶν
2475 1047 2572 1098 τοῦ
2603 1042 2820 1116 κόσμου
2849 1043 3218 1118 πραγμάτων,
3278 1043 3410 1116 ὑμῖν
3463 1042 3520 1099 δὲ
3566 1049 3674 1099 τῶν
3727 1047 3851 1102 Ἐκο

2185 1129 2457 1202 κλησιῶνο
2518 1130 2623 1206 ἐγὼ
2680 1131 2862 1186 τοίνυν
2923 1130 3000 1194 εἷς
3052 1135 3217 1186 τοῦτο
3274 1131 3336 1186 τὸ
3394 1139 3622 1208 πρᾶγμα
3693 1133 3855 1190 οὐδὶν

2186 1220 2321 1299 ἔχω·
2357 1221 2496 1277 ὅπου
2527 1220 2617 1277 οὖν
2669 1219 2821 1278 δοκεῖ
2867 1221 3023 1296 ὑμῖν,
3078 1221 3429 1287 συνελθόντες
3474 1225 3574 1292 τὴν
3624 1223 3856 1281 σύνοδον

2185 1313 2472 1382 ποιήσατε.
2505 1314 2688 1368 Ταῦτα
2719 1312 2810 1366 οὖν
2840 1310 2918 1366 ἔτι
2949 1311 3112 1386 ἀρθὸν
3145 1307 3294 1386 ἔχων
3341 1313 3404 1366 τὸ
3453 1312 3714 1390 φρόνημα
3761 1315 3852 1369 καὶ

2189 1403 2359 1474 μήπω
2391 1397 2683 1478 διαφθαρὲν
2713 1399 2839 1479 ἔφη·
2905 1401 3262 1476 συναχθέντες
3310 1401 3401 1456 οὗν
3454 1402 3508 1456 οἱ
3556 1402 3851 1460 ἐπίσκοποι

2185 1490 2236 1546 ἂν
2267 1492 2577 1565 Λαμψάκῳ,
2608 1489 2773 1555 πόλις
2803 1489 2861 1546 δὲ
2893 1489 3006 1546 ἐστι
3064 1495 3162 1546 τοῦ
3210 1490 3662 1564 Ἑλλησπόυτου,
3717 1495 3847 1550 ἀνα-

2181 1584 2606 1658 κεφαλαιοῦνται
2655 1581 2723 1634 τὰ
2775 1587 2876 1650 τῆς
2936 1581 3173 1644 πίστεως
3229 1580 3366 1655 ὀρθὰ
3423 1578 3695 1656 δόγματα·
3756 1585 3846 1639 καὶ

2181 1671 2510 1744 παραθέντες
2563 1670 2661 1737 τήν
2717 1669 2898 1724 πίστιν
2980 1675 3285 1724 Λουκιανοῦ
3362 1674 3460 1724 τοῦ
3549 1671 3846 1749 μάρτυρος,

410 1763 809 1836 ἁναθεμάτισαν
869 1764 963 1834 μὲν
1022 1763 1085 1816 τὸ
1143 1761 1430 1835 ἀνόμοιον,
1492 1761 1897 1838 ὑπογράψαντες
1936 1763 2007 1831 τῇ
2045 1759 2219 1815 πίστει
2275 1763 2346 1833 τῇ
2409 1759 2790 1835 προεκτεθείσῃ
2849 1759 2954 1814 ὑπὸ
3009 1764 3120 1814 τῶν
3175 1759 3338 1834 ἁγίων
3417 1761 3672 1836 ΙΙατὲρων
3734 1768 3844 1818 τῶν

411 1851 462 1907 ἐν
517 1854 736 1924 Νικαίᾳ,
793 1853 882 1907 καὶ
945 1852 1024 1914 εὶς
1073 1852 1247 1916 πάσας
1291 1852 1388 1914 τὰς
1449 1850 1780 1922 Ἐκκλησίας
1838 1849 2224 1924 διεπέμψαντο·
2288 1848 2340 1905 ἐν
2402 1852 2618 1925 Χριστῷ
2676 1851 2857 1920 Ἰησοῦ
2912 1853 2992 1922 τῷ
3050 1850 3230 1924 Κυρίῳ
3286 1851 3474 1922 ἡμῶν,
3507 1851 3553 1922 ᾦ
3600 1853 3636 1921 ἡ
3699 1849 3841 1924 δόξα.

867 2184 996 2307 S.
1095 2183 1242 2306 P.
1351 2183 1507 2305 N.
1606 2180 2326 2306 JOANNIS
2417 2183 3401 2307 DAMASCENI

704 2443 1446 2531 OCTOECHUM
1527 2445 1664 2528 ΕΤ
1727 2440 2562 2530 PAIlACIJﬁ'l‘ICEN
2622 2442 2732 2530 IN
2803 2441 2889 2532 Β·
2947 2443 3550 2533 VIRGINEM.

2081 2672 2152 2684 -νο

1263 2798 1355 2852 Ad
1384 2797 1682 2853 editionem
1710 2803 1957 2852 nostram
1988 2795 2262 2869 Liturgiaa
2294 2797 2509 2852 Graacaa
2541 2797 2979 2854 amandavimus.

592 3145 1400 3274 ΔΙΑΛΕΞΙΣ
1518 3143 2319 3275 ΙΩΑΝΝΟΥ
2368 3121 2444 3193 (ί)
2568 3145 3637 3280 ΟΡΘΟΔΟΞΟΥ

1523 3420 1851 3518 ΠΡΟΣ
1949 3419 2704 3518 ΜΑΝΙΧΑΙΟΝ.

1183 3771 1475 3828 JOANNIS
1514 3771 1922 3828 ORTHODOXI
1961 3773 2380 3830 DISPUTATIO
2421 3774 2567 3829 CUM
2608 3775 3014 3832 MANICHEO.

1145 3928 1300 3998 (ΜΑι,
1333 3926 1673 3984 Bibliotheca
1700 3945 1845 3984 nova
1866 3930 2066 3984 Patrum

2185 3944 2289 3984 1m.
2323 3930 2414 4000 IV,
2449 3934 2618 4001 parte
2649 3946 2708 3998 ιι,
2742 3947 2874 4004 pag.
2919 3931 3066 4004 104.)

465 4303 963 4362 ORTHODOXUS.
999 4303 1055 4357 Si
1083 4318 1298 4374 corpus
1348 4318 1383 4357 a
1435 4301 1687 4357 materia
1715 4307 1823 4370 est,
1857 4302 2059 4358 anima

2236 4304 2672 4360 ΟΡΘΟΔΟΞΟΣ.
2705 4303 2770 4361 Εἴ
2829 4305 2890 4359 τὸ
2940 4309 3101 4378 σῶμα
3149 4307 3250 4374 τῆς
3297 4301 3462 4376 ὕλης,
3494 4305 3530 4373 ἠ
3563 4300 3622 4358 δὲ
3667 4302 3818 4378 ψυχὴ

393 4401 594 4451 autem
628 4411 699 4449 ex
728 4395 885 4450 bono
921 4395 1036 4450 Deo
1069 4399 1179 4460 est,
1223 4399 1291 4449 ut
1338 4410 1438 4449 vos
1488 4393 1709 4462 dicitis,
1763 4393 2063 4449 contraria

2185 4391 2229 4446 ἑκ
2257 4396 2354 4446 τοῦ
2386 4392 2590 4467 ἀγαθοῦ
2621 4393 2778 4462 Θεοῦ,
2837 4395 2958 4458 καθ’
3004 4395 3169 4468 ὑμᾶς,
3215 4392 3433 4449 ἐναντία
3472 4389 3534 4446 οὐ
3585 4393 3825 4456 συντίθεο

399 4483 647 4554 quidem
676 4500 799 4539 non
833 4488 1277 4555 componuntur
1304 4483 1530 4554 absque
1561 4483 1790 4538 artiﬁce
1823 4482 2058 4552 aliquo;

391 4571 574 4626 veluti
608 4572 843 4644 nigrum
877 4578 937 4627 et
964 4572 1165 4628 album
1188 4589 1223 4626 a
1252 4572 1567 4644 pictore,et
1587 4587 1621 4626 a
1653 4571 1882 4627 medico
1916 4570 2059 4626 cali-

2169 4501 2256 4536 ται
2283 4479 2407 4536 ἄνευ
2438 4482 2686 4558 τεχνίτου
2735 4482 2904 4547 τινός·
2964 4486 3081 4539 οἷον
3133 4483 3198 4538 τὸ
3259 4480 3430 4556 μέλαν
3485 4481 3575 4537 καὶ
3636 4478 3824 4536 λευκὸν

2173 4570 2276 4625 ὑπὸ
2309 4570 2620 4648 ζωγράφου,
2650 4573 2740 4627 καὶ
2789 4572 2892 4628 ὑπὸ
2944 4571 3144 4647 ἰατρῶν
3194 4572 3262 4627 τὰ
3309 4573 3484 4648 θερμα
3534 4567 3654 4641 ε’ίδη
3712 4573 3825 4630 τοῖς

391 4657 482 4714 dm
517 4659 746 4731 species
781 4675 916 4714 cum
946 4659 1214 4732 frigidis;
1269 4659 1403 4729 quis
1447 4659 1602 4712 inter
1633 4673 1696 4713 se
1726 4657 2063 4729 composuit

2185 4663 2430 4736 Ιιιυχροῖς,
2461 4660 2546 4726 τίς
2576 4664 2604 4717 ὁ
2637 4663 2954 4739 συναγαγὼν
3003 4663 3071 4718 τὰ
3121 4662 3354 4731 ἐναντία,
3399 4659 3587 4737 ψυχήν
3637 4681 3699 4716 τε
3741 4657 3824 4714 καὶ

391 4747 719 4821 contrario,
752 4749 1017 4804 animam
1050 4748 1282 4804 scilicet
1311 4753 1370 4803 et
1418 4763 1658 4818 corpus,
1691 4763 1876 4802 unum
1929 4746 2056 4801 ani-

391 4837 512 4894 mal
542 4837 814 4894 efﬁciens
835 4837 862 4893 ?

463 4927 916 4982 MANICHAEUS.
980 4926 1177 4982 Bonus
1252 4927 1428 4993 Deus,
1506 4941 1642 4980 cum
1699 4925 2054 4981 seditionem

2168 4754 2352 4824 σῶμα,
2387 4748 2440 4806 ἒν
2477 4755 2616 4821 ζῶον
2643 4751 3007 4829 ἐργασάμενος
3033 4773 3048 4824 ς

2238 4929 2660 4987 ΜΑΝΙΧΑΙΟΣ·
2697 4931 2759 4987 Ὁ
2793 4929 2995 5006 ἀγαθὸς
3019 4932 3151 4993 Θεὸς
3201 4931 3448 4993 ἀτάκτως
3497 4927 3818 5002 κινουμένης

389 5021 794 5071 commoveret
815 5014 1392 5086 materia,sumptam
1410 5014 1766 5086 particulam
1788 5016 2052 5086 aliquam

2185 5024 2262 5086 τῆς
2294 5015 2454 5088 ὕλης,
2491 5013 2675 5073 λαϐὼν
2725 5019 2920 5093 μοῖράν
2961 5041 3082 5076 τινα
3130 5026 3234 5089 τῆς
3278 5019 3472 5074 ἑαυτοῦ
3522 5013 3816 5091 δυνάμεως,

388 5120 509 5159 sua;
541 5105 730 5176 ipsius
759 5105 1131 5174 substantias,
1166 5105 1227 5161 in
1280 5105 1590 5160 materiam
1640 5105 1868 5177 injecit,
1918 5121 2054 5161 esca

2259 5106 2364 5182 ὕλῃ
2417 5107 2794 5183 προσέπεμψε,
2857 5106 3110 5166 δελεάσαι
3163 5109 3334 5177 αὐτὴν
3389 5105 3814 5184 βουλόμενος’ἢ

387 5192 559 5250 illam
593 5195 834 5252 allicere
867 5194 1106 5262 volens;
1143 5211 1276 5266 qua)
1307 5195 1461 5250 hanc
1495 5200 1802 5267 exceptam
1839 5195 2048 5262 ebibit;

387 5289 567 5355 atque
589 5300 660 5340 ex
681 5285 994 5354 utriusque
1017 5285 1400 5340 concretione
1423 5284 1776 5354 compositio
1801 5286 2047 5341 exstitit.

2163 5193 2220 5250 δὶ
2276 5191 2524 5252 λαϐοῦσα
2575 5199 2813 5252 κατεπιεο
2876 5199 2968 5253 καὶ
3027 5198 3202 5261 οὕτως
3259 5197 3321 5254 ἐκ
3388 5204 3490 5268 τῆς
3579 5197 3817 5273 κράσεως

2163 5286 2492 5364 ἀμφοτέρων
2520 5287 2586 5341 τὰ
2616 5286 2844 5342 σύνθετα
2872 5286 3086 5364 γὲγονεν
3117 5290 3218 5362 (2).

1992 5403 2214 5458 ΝΟΤΛΕ.

461 5499 478 5562 (
488 5501 537 5563 1)
567 5498 842 5570 Intelligo
873 5499 1164 5570 Joannem
1192 5500 1931 5555 Damascenum.Attamen
1957 5499 2054 5554 hic

389 5576 594 5624 noster
622 5569 890 5641 dialogus
922 5569 1098 5641 plane
1130 5571 1400 5626 diversus
1432 5576 1524 5626 est
1565 5571 1637 5624 ab
1688 5585 1756 5623 eo
1789 5571 1889 5640 qui
1924 5587 2050 5626 exs-

391 5641 1093 5716 tatcontraAManichmos
1124 5642 1232 5699 sub
1278 5643 1442 5698 illius
1491 5641 1736 5697 nomine
1790 5642 1850 5698 in
1901 5642 2049 5716 Opp.

391 5713 433 5766 t.
465 5713 512 5780 Ι,
543 5727 602 5781 p.
634 5713 764 5783 429,
795 5727 923 5781 seq.

2236 5504 2310 5574 (2)
2343 5503 2668 5560 Audiamus
2698 5504 2754 5561 S.
2788 5505 3186 5576 Augustinum
3237 5505 3702 5561 Manicbmorum
3737 5519 3818 5576 er-

2164 5590 2328 5648 rores
2360 5577 2629 5646 apprime
2662 5575 3004 5643 callentem,
3039 5582 3116 5633 De
3146 5594 3324 5646 agone
3349 5577 3577 5643 Christi,
3607 5591 3738 5648 cap.
3770 5575 3813 5625 3.

2165 5669 2191 5693 «
2226 5647 2534 5702 Μαιλίοὴωί
2596 5648 2804 5704 dicunt
2859 5653 2997 5704 ante
3064 5648 3275 5705 mundi
3332 5647 3817 5704 constitutionem

2160 5716 2344 5775 fuisse
2367 5724 2604 5791 gentem
2626 5720 3177 5794 tenebrarum,qum
3195 5724 3404 5778 contra
3425 5722 3615 5778 Deum
3631 5715 3816 5776 rebel-
