4120 6364
324 396 455 452 1321

1094 397 1395 454 JOANNIS
1431 395 1855 453 ORTHODOXI
1892 391 2326 447 DISPUTATIO
2360 394 2512 448 CUM
2553 394 2975 450 MANICHBO.

3608 400 3752 477 1322

390 523 454 578 Ο.
488 523 671 577 Ταῦτα
703 520 865 593 μῦθοί
894 521 1039 582 τινές
1094 518 1195 574 εἰσι
1230 520 1395 576 πλέον
1456 527 1557 589 τῆς
1613 512 1860 579 ἀσεϐείας
1910 515 1971 569 τὸ

2160 515 2221 568 Ο.
2263 516 2357 570 Hac
2392 522 2529 571 sunt
2558 518 2773 573 fabulae
2807 518 3295 592 quaedam,magis
3329 523 3505 578 etiam
3548 526 3746 583 incre-

318 610 576 664 ἀπίθανον
637 609 877 685 ἔχοντες·
936 614 1153 683 πρῶτον
1218 610 1311 681 μὲν
1368 611 1453 664 ἀτι
1525 607 1703 667 οὐδεὶς
1784 606 1969 661 ἑαυτὸν

317 700 589 769 συντίθησι
650 701 787 775 πρὸς
846 698 1032 772 ἐτέρου
1102 699 1330 771 γένεσιν·
1420 700 1555 772 πρὸς
1636 695 1852 756 τούτοις
1915 691 1971 747 δὲ

316 790 559 858 παθητὸς
592 791 680 843 καὶ
732 789 983 863 μεριστὸς
1016 789 1043 842 6
1077 789 1207 850 Θεὸς
1267 790 1505 852 ἐντεῦθεν
1554 787 1876 861 εὑρίσκεται,
1925 782 1977 837 si’

314 898 377 949 γε
437 878 602 952 μέρος
667 878 826 939 αὐτὸς
889 872 1075 932 λαϐὼν
1133 881 1200 950 τῇ
1258 876 1365 945 ὕλη
1425 876 1740 953 προσέρρενο
1827 872 1971 929 ἀλλὰ

312 966 401 1020 καὶ
461 969 494 1035 ἠ
556 966 661 1037 ὕλη
720 971 815 1021 τοῦ
877 967 1005 1021 εἶναι
1060 967 1200 1033 κακή
1262 964 1783 1040 ἐλευθερωθήσεται,
1843 962 1967 1037 ἐρα-

314 1061 498 1119 σθεῖσα
523 1061 620 1110 τοῦ
652 1057 875 1129 ἀγαθοῦ,
934 1055 1025 1110 καὶ
1071 1056 1135 1109 τὸ
1186 1054 1237 1126 ἐξ
1285 1057 1449 1109 αὐτοῦ
1502 1060 1616 1132 φῶς
1672 1056 1971 1108 καταπιοῦ-

310 1164 393 1199 σα·
431 1141 601 1199 ἄλλον
633 1165 691 1199 τε
722 1142 778 1199 δὲ
809 1144 1097 1219 ἀπόκριναί
1131 1166 1247 1217 μοι,
1278 1144 1567 1217 ἀσώματος
1602 1145 1631 1199 6
1663 1144 1830 1211 Θεός;

382 1240 459 1291 Μ.
492 1234 615 1305 Ναὶ,
650 1234 967 1306 ἀσώματος.

383 1326 449 1380 Ο.
484 1328 606 1386 Πῶς
666 1324 756 1377 οὗν
816 1325 842 1378 6
902 1324 1194 1397 ἀσώματος
1251 1325 1342 1377 καὶ
1405 1324 1613 1384 ἁπλοῦς
1689 1322 1868 1394 τομὴν
1930 1322 1965 1391 ἢ

313 1409 573 1485 διαίρεσιν
609 1412 714 1466 ὑπο
725 1411 870 1485 μένει
897 1431 910 1481 ;

382 1506 450 1556 Μ.
493 1500 653 1558 Ἀλλ’
710 1501 776 1556 06
834 1498 1093 1575 διαίρεσιν
1154 1502 1187 1571 ἢ
1244 1501 1422 1570 τομὴν
1485 1499 1757 1575 γεγονέναι
1818 1494 1967 1572 λέγω

308 1597 409 1658 τῆς
440 1589 583 1652 θείας
617 1590 825 1659 οὐσίας,
859 1590 1007 1645 ἀλλὰ
1036 1587 1356 1667 προσϐολήν
1386 1588 1682 1662 ὁμοοόσιον
1712 1592 1790 1659 τῷ
1820 1608 1965 1662 προ-

308 1674 661 1753 ϐαλλομένῳσ
700 1680 791 1735 καὶ
819 1681 956 1753 πρὸς
986 1685 1148 1735 τοῦτο
1176 1677 1541 1755 διαμάχεσθαι
1606 1675 1966 1748 Χριστιανοὺς

309 1769 463 1830 ’ὸντας
504 1770 643 1841 ὑμᾶς
676 1770 777 1823 οὐκ
808 1772 963 1842 οἶμαι
995 1767 1092 1841 [οἵ]
1122 1770 1211 1823 τὸν
1252 1770 1373 1822 Υὶὸν
1426 1768 1520 1821 τοῦ
1571 1764 1704 1821 Θεοῦ
1734 1766 1823 1820 καί
1857 1767 1963 1819 Λό-

2085 600 2297 657 dibiles
2333 622 2508 673 quam
2542 607 3033 677 impimPrimum
3055 610 3295 678 quidem
3315 613 3453 682 quia
3483 630 3656 670 nemo
3677 634 3739 671 se

2084 690 2279 759 ipsum
2313 696 2636 764 componit,
2678 702 2743 748 ut
2785 696 2966 749 alium
3020 698 3325 767 producat.
3379 702 3600 756 Deinde
3647 705 3740 759 bis

2082 781 2314 850 positis,
2342 782 2603 852 patibilis
2628 784 3059 856 divisibilisque
3094 788 3247 842 Deus
3278 789 3419 843 hinc
3452 794 3744 862 comperi-

2084 870 2254 932 tur,si
2284 870 2524 940 quidem
2550 879 2746 943 partes
2771 875 2859 928 sui
2885 882 3151 947 sumptas
3174 878 3232 931 in
3258 881 3568 934 materiam
3602 899 3741 953 pro-

2073 958 2361 1028 jecit.Sed
2391 967 2447 1013 et
2470 963 2717 1016 materia
2746 965 3067 1032 quominus
3092 966 3167 1019 sit
3189 966 3345 1022 mala
3377 968 3739 1039 absolvetur,

2082 1048 2365 1116 quoniam
2398 1048 2619 1105 bonum
2654 1050 2967 1116 adamavit,
3002 1056 3249 1126 ejusque
3283 1056 3478 1111 lucem
3530 1059 3736 1115 ebibit.

2080 1138 2246 1193 Nunc
2269 1138 2431 1193 aliud
2454 1140 2595 1194 mihi
2617 1142 3132 1213 respondetzestne
3150 1144 3537 1216 incorporeus
3558 1148 3742 1203 Deus?

2151 1230 2220 1281 M.
2258 1228 2410 1283 Sane
2444 1230 2856 1301 incorporeus.

2152 1316 2213 1370 Ο.
2249 1318 2550 1381 Quomodo
2584 1319 2762 1391 igitur
2811 1321 3197 1392 incorporeus
3244 1330 3301 1378 et
3350 1324 3602 1396 simplex
3653 1344 3741 1382 se-

2079 1406 2337 1460 ctionem
2366 1414 2467 1462 aut
2498 1408 2853 1464 divisionem
2885 1411 3151 1480 patitur?

2153 1496 2221 1549 M.
2258 1497 2373 1568 Ego
2408 1514 2600 1568 neque
2650 1498 2998 1559 divisionem
3052 1517 3247 1571 neque
3295 1504 3618 1558 sectionem
3651 1504 3737 1559 fa-

2079 1588 2233 1638 ctam
2259 1584 2389 1640 dico
2415 1588 2628 1643 divinaa
2655 1589 3022 1655 substantiae,
3061 1590 3163 1643 sed
3197 1591 3579 1646 emissionem
3602 1609 3741 1647 con-

2079 1674 2534 1732 substantialem
2568 1679 2883 1732 emittenti.
2918 1682 3109 1748 Atque
3136 1679 3275 1734 huic
3308 1682 3619 1735 sementim
3648 1699 3737 1737 re-

2076 1779 2339 1832 pugnare
2368 1783 2466 1819 vos
2499 1768 2866 1821 Christianos
2900 1785 3021 1822 non
3054 1776 3217 1839 puto,
3248 1770 3348 1839 qui
3382 1770 3593 1824 Filium
3628 1771 3731 1825 Dei

308 1858 426 1931 γὸν,
460 1857 519 1912 06
552 1866 749 1931 τμῆμα
778 1866 878 1927 τῆς
909 1860 1109 1912 τούτου
1172 1858 1381 1930 Πατρὸς
1435 1856 1618 1917 οὐσίας
1668 1855 1821 1929 φατὶ,
1873 1856 1958 1909 καὶ

2090 1851 2356 1919 Verbum,
2392 1856 2714 1909 sectionem
2751 1856 3101 1911 substantia)
3133 1864 3395 1928 paternae
3424 1876 3541 1913 non
3586 1858 3735 1913 dici-

311 1947 465 2019 δμως
500 1947 796 2018 ὸμοοῦσιον
825 1952 904 2018 τῷ
936 1946 1105 2021 Πατρί
1136 1945 1223 2000 καὶ
1257 1947 1382 2017 παρ’
1440 1946 1564 2017 ὑμῖν
1604 1942 1966 2017 ὁμολογεῖται

310 2036 402 2090 καὶ
436 2035 512 2097 εἷς
543 2037 634 2090 τὸν
668 2036 876 2108 κόσμον
908 2033 1305 2091 ἀποσταλέσθαι
1362 2035 1493 2109 ὑπὲρ
1545 2032 1815 2108 σωτηρίας
1861 2036 1967 2085 τῶν

310 2123 616 2198 ἀνθρώπων
672 2126 775 2180 ὑπὸ
832 2128 930 2193 τῆς
990 2124 1141 2201 ἁγίας
1200 2131 1418 2202 Γραφῆς
1465 2123 1809 2198 κηρόττεται’
1873 2120 1966 2175 οὕ-

309 2235 422 2277 τως
466 2215 557 2267 οῦν
614 2221 793 2286 τομῆς
855 2216 931 2287 μὴ
988 2215 1284 2288 γενομένης
1317 2215 1344 2269 ὁ
1377 2213 1578 2287 ἀγαθὸς
1628 2212 1756 2273 Θεὸς
1809 2209 1964 2265 δόνα-

314 2303 404 2376 μίν
437 2325 557 2357 τινα
585 2300 923 2379 προεϐάλετο
955 2305 1091 2381 πρὸς
1121 2305 1183 2359 τὸ
1232 2302 1479 2379 ἐπισχεῖν
1532 2307 1632 2369 τῆς
1681 2301 1819 2372 ὕλης
1866 2302 1963 2369 τὴν

310 2392 547 2465 ἀταξίας.

380 2483 444 2539 Ο.
481 2483 581 2538 Καὶ
646 2480 819 2545 οὕτως
882 2480 1203 2558 ἐλεγχθείης
1250 2480 1330 2555 τῷ
1386 2486 1483 2551 τῆς
1529 2487 1709 2553 τομῆς
1757 2477 1961 2555 ἐγκλή-

312 2590 442 2643 ματι
472 2570 835 2644 περιπίπτων.

384 2661 458 2715 Μ.
488 2657 776 2732 νΕλεγξον,
807 2660 897 2714 καὶ
929 2659 1194 2732 πείσομαι
1221 2663 1341 2720 τοῖς
1375 2680 1491 2715 σου.

378 2753 441 2803 Ο.
477 2753 807 2819 Διαιρεῖσθαι
838 2749 939 2815 τήν
971 2746 1109 2818 ὕλην
1137 2749 1225 2802 καὶ
1255 2748 1347 2802 τὸν
1382 2747 1508 2801 Θεὸν
1544 2744 1707 2807 ἰδίοις
1766 2746 1959 2805 τόποις

306 2833 426 2891 οἶδα
456 2834 731 2899 πολλάκις
760 2837 1013 2906 ἀκηκοὼς
1051 2837 1154 2891 ὑπὸ
1209 2840 1316 2893 τῶν
1375 2834 1718 2911 Μανιχαίων·
1764 2834 1854 2888 καὶ
1886 2834 1962 2897 ὡς

301 2924 367 2979 τὸ
400 2924 495 2997 μὲν
527 2946 702 2979 νοτιον
736 2929 805 2999 τῇ
838 2924 958 2999 ὕλῃ,
992 2926 1054 2981 τὸ
1087 2922 1143 2980 δὲ
1179 2926 1415 3001 βόρειον,
1469 2924 1558 2979 καὶ
1611 2921 1958 2995 ἀνατολικὸν,

305 3013 394 3068 καὶ
429 3010 643 3068 δυτικὸν
673 3016 1032 3090 προσνέμεται
1063 3019 1145 3087 τῷ
1174 3016 1359 3090 ἀγαθῷ
1385 3018 1522 3086 Θεῷ.

375 3104 451 3161 Μ.
488 3104 677 3166 Οὕτως
710 3108 809 3180 γὰρ
844 3104 1257 3179 ὁμολογοῦμεν.

374 3198 433 3248 Ο.
472 3198 594 3255 Πῶς
637 3192 729 3247 06v
791 3194 852 3249 οὖ
912 3191 1161 3257 δέδοικας
1219 3195 1318 3263 τὴν
1377 3191 1646 3262 τοσαύτης
1703 3189 1956 3267 βλασφη-

307 3281 403 3356 μία
464 3278 801 3360 ὑπερϐολὴν,
858 3286 1231 3359 περιγραπτὸν
1273 3281 1509 3360 ’ίεσάγων
1562 3282 1625 3336 τὸ
1674 3285 1853 3347 Θεῖον,
1904 3277 1962 3333 ὅν

301 3370 502 3447 ἀγαθὸν
535 3372 623 3427 καὶ
650 3370 1071 3446 παντοδόναμον
1131 3371 1457 3447 ὁμολογεῖς,
1512 3370 1601 3425 καὶ
1650 3374 1819 3424 ταῦτα
1859 3368 1965 3423 ἀπὸ

298 3467 401 3529 τῆς
431 3462 695 3530 κακίστης
735 3458 875 3529 ’ὑλης
933 3462 1450 3536 περιγραφόμενον;
1516 3458 1685 3533 Πέρας
1737 3458 1840 3533 γὰρ
1888 3462 1967 3529 τῷ

306 3551 422 3618 Θεῷ
456 3544 640 3617 δίδως,
673 3546 724 3601 ἐν
756 3548 912 3619 τόπῳ
942 3553 1134 3603 τοῦτον
1176 3550 1585 3620 ὑποτιθέμενος’
1642 3551 1807 3619 πέρας
1862 3546 1964 3621 γάρ

308 3633 421 3689 ἐστι
451 3634 624 3699 τόπος
648 3639 745 3690 τοῦ
796 3634 1173 3711 περιέχοντος,
1228 3638 1359 3691 καθὸ
1408 3634 1652 3710 περιέχει
1700 3634 1762 3689 τὸ
1813 3655 1965 3707 περι-

308 3725 597 3800 εχόμενον’
632 3725 1034 3801 περιεχόμενος
1067 3723 1124 3780 δὲ
1155 3726 1182 3780 6
1215 3726 1368 3792 Θεὸς,
1422 3724 1792 3800 περιγραπτὸς
1836 3724 1967 3777 πάν-

308 3835 418 3876 τως
450 3813 582 3869 έστίο
614 3816 701 3869 καὶ
747 3814 908 3877 αὐτὸς
968 3812 1026 3870 δὲ
1055 3817 1082 3870 ὁ
1111 3815 1203 3871 τὸν
1256 3816 1385 3871 Θεὸν
1444 3816 1720 3888 περιέχων
1775 3807 1964 3880 τόπος,

313 3905 705 3982 περιγράφεται
734 3906 852 3959 κατ’
902 3905 1074 3960 έκεῖνο
1132 3907 1193 3960 τὸ
1250 3904 1433 3973 τέλος,
1489 3905 1621 3967 καθὸ
1670 3910 1769 3972 τῆς
1829 3900 1967 3972 ὕλης

316 3998 414 4049 τοῦ
440 3993 613 4048 τόπου
673 3994 986 4072 ἐφάπτεται·
1040 3996 1130 4049 καὶ
1181 3994 1355 4058 οὕτως
1407 3995 1510 4049 ὑπὸ
1564 3992 1971 4069 περιγραφομέ-

312 4103 407 4138 νου
463 4082 636 4138 τόπου
682 4086 1147 4161 περιγραφήσεται
1183 4085 1210 4139 6
1242 4085 1371 4146 Θεὸς
1429 4085 1548 4147 καθ⁹
1622 4083 1783 4155 ὑμᾶς,
1842 4079 1970 4141 τοὺς

310 4172 468 4245 τόπῳ
496 4174 603 4227 τινὶ
629 4175 1041 4248 περιορίζοντας
1083 4176 1173 4229 τὸν
1230 4174 1379 4233 Θεόν.
1432 4172 1608 4229 Ἀλλὰ
1653 4176 1823 4227 ταῦνα
1875 4170 1968 4243 μὶν

317 4262 615 4339 παρείσθωο
646 4263 763 4318 εἷπὶ
795 4262 852 4319 δέ
906 4286 1022 4337 μοι,
1072 4263 1125 4320 ἐν
1169 4270 1249 4338 τῷ
1301 4264 1484 4337 οἰκείῳ
1534 4264 1689 4337 τόπῳ
1751 4260 1973 4335 μένοντα

312 4353 403 4407 τὸν
447 4353 574 4407 Θεὸν
634 4355 742 4431 φὴς
802 4350 1173 4428 προϐαλέσθαι
1231 4356 1329 4424 τήν
1388 4353 1440 4426 ἐξ
1499 4355 1667 4409 αὐτοῦ
1722 4350 1971 4426 δύναμιν,

314 4441 404 4495 καὶ
439 4439 529 4495 ἐπὶ
559 4442 654 4497 τὸν
686 4448 785 4511 τῆς
820 4442 959 4513 ὕλης
994 4442 1371 4514 ἐξαποστεῖλαι
1397 4442 1564 4499 τόπον
1601 4460 1615 4513 ;

388 4534 462 4585 Μ.
496 4528 619 4599 Ναί,
650 4531 814 4586 τοῦτό
838 4553 1006 4605 φημι.

2077 1939 2171 2005 tis,
2207 1948 2264 1994 et
2296 1943 2475 1997 simul
2529 1950 2727 1999 tamen
2774 1948 2930 1999 Patri
2978 1946 3545 2002 consubstantialem
3600 1966 3739 2003 con-

2080 2026 2349 2083 ﬁtemini.
2388 2032 2545 2086 Idem
2578 2035 2635 2087 in
2664 2034 2949 2087 mundum
2984 2041 3225 2105 propter
3246 2035 3557 2090 hominum
3582 2037 3739 2091 salu-

2078 2120 2194 2168 tem
2221 2118 2437 2172 missus
2459 2119 2519 2173 in
2544 2126 2747 2174 sancta
2774 2120 3075 2191 Scriptura
3106 2122 3481 2192 praedicatur.
3518 2124 3610 2178 Sic
3644 2141 3734 2177 er-

2074 2220 2165 2275 go,
2218 2206 2383 2261 nulla
2414 2208 2847 2263 interveniente
2880 2215 3162 2279 sectione,
3196 2210 3386 2265 bonus
3427 2213 3579 2266 Deus
3610 2214 3727 2267 vim

2076 2294 2394 2364 quamdam
2428 2314 2496 2351 ex
2532 2315 2657 2351 sese
2690 2299 2889 2353 emisit
2919 2299 2991 2353 ad
3024 2301 3519 2371 compescendam
3555 2309 3738 2357 mate.

2074 2386 2174 2440 ria:
2205 2387 2705 2457 pertubationem.

2144 2475 2206 2529 Ο.
2243 2478 2432 2547 Atque
2467 2478 2547 2532 ita
2578 2478 2639 2532 in
2672 2478 3023 2550 improbata:
3057 2479 3338 2535 sectionis
3372 2479 3608 2552 culpam
3642 2480 3731 2535 in.

2073 2562 2243 2617 cidis.

2143 2654 2213 2705 M.
2250 2654 2619 2723 Demonstra,
2654 2661 2711 2708 et
2743 2672 2846 2723 ego
2883 2657 3056 2710 dictis
3088 2658 3202 2711 tuis
3233 2657 3497 2712 credam.

2144 2743 2205 2797 Ο.
2246 2743 2429 2797 Dividi
2466 2745 2777 2799 materiam
2811 2762 2878 2800 ac
2912 2748 3095 2800 Deum
3130 2748 3386 2818 propriis
3418 2748 3586 2815 locis,
3612 2749 3735 2803 scio

2073 2849 2168 2887 me
2190 2850 2311 2887 non
2344 2833 2533 2888 semel
2558 2834 2794 2889 audisse
2828 2852 2861 2890 a
2891 2836 3230 2891 Manichaais
3257 2854 3268 2903 ;
3304 2842 3482 2908 atque
3514 2843 3742 2893 austra-

2073 2921 2191 2977 lem
2225 2928 2454 2993 partem
2491 2924 2782 2991 materiae,
2817 2924 3141 2991 borealem,
3178 2927 3553 2997 orientalem,
3586 2927 3741 2983 occi-

2072 3010 2467 3082 dentalesque
2501 3018 2700 3084 partes
2732 3013 2889 3069 bono
2924 3016 3040 3069 Deo
3074 3015 3341 3071 attribui.

2146 3103 2216 3155 Μ.
2258 3102 2356 3157 Dic
2388 3118 2497 3157 nos
2532 3102 2907 3173 proﬁtemur.

2149 3189 2215 3243 Ο.
2247 3188 2550 3254 Quomodo
2583 3206 2719 3261 ergo
2753 3207 2874 3245 non
2906 3192 3114 3247 horres
3149 3197 3321 3247 tantas
3353 3192 3740 3265 blasphemia;

2080 3294 2390 3333 excessum
2414 3278 2440 3332 ?
2465 3278 2985 3351 circumscriptum
3014 3280 3304 3337 inducens
3326 3283 3540 3350 Dnum,
3562 3300 3742 3354 quem

2079 3367 2302 3423 bonum
2336 3374 2394 3422 et
2424 3369 2897 3439 omnipotentem
2923 3371 3311 3441 conﬁteris,et
3338 3378 3537 3428 tamen
3555 3390 3589 3428 a
3614 3391 3745 3445 pes-

2079 3458 2231 3513 sima
2249 3457 2495 3512 materia
2512 3457 3099 3514 limitatum.Etenim
3124 3460 3445 3516 terminum
3472 3463 3586 3516 Deo
3610 3462 3738 3529 das,

2077 3547 2219 3601 dum
2255 3564 2387 3601 eum
2422 3547 2481 3600 in
2518 3546 2645 3601 loco
2695 3547 2951 3602 collocas
2984 3566 2995 3602 :
3047 3565 3186 3603 nam
3221 3549 3387 3604 locus
3444 3550 3743 3605 terminus

2080 3641 2169 3688 est
2222 3635 2607 3704 continentis,
2638 3642 2932 3706 quatenus
2982 3639 3041 3691 in
3073 3654 3134 3692 se
3159 3639 3429 3693 continet
3464 3655 3748 3710 compre.

2077 3724 2331 3778 hensum
2359 3742 2371 3777 :
2402 3725 2869 3795 comprehensus
2911 3732 3110 3781 autem
3158 3728 3333 3795 Deus,
3367 3745 3615 3800 prorsus
3648 3734 3745 3785 est

2078 3814 2563 3884 circumscriptus
2591 3831 2602 3866 :
2640 3819 2698 3868 et
2730 3815 2853 3886 ipse
2899 3817 3000 3885 qui
3034 3818 3220 3871 Deum
3253 3817 3521 3872 continet
3548 3817 3742 3884 locus,

2079 3920 2148 3957 eo
2180 3903 2435 3956 termino
2459 3903 2992 3972 circumscribitur,
3025 3922 3141 3976 quo
3172 3907 3319 3963 105
3350 3908 3463 3961 loci
3488 3908 3750 3963 materia

2080 3993 2364 4065 pertingit
2388 4012 2400 4048 :
2426 3999 2602 4064 atque
2630 3995 2709 4049 ita
2730 3995 3182 4067 circumscripto
3208 3997 3337 4052 loco
3371 3998 3751 4052 circumscri-

2080 4082 2299 4147 beturia
2319 4081 2484 4136 vobis
2508 4083 2795 4153 Deus,qui
2818 4084 2975 4138 intra
3000 4092 3227 4140 certum
3250 4085 3447 4141 locum
3464 4087 3646 4141 Deum
3674 4086 3746 4141 li-

2082 4171 2447 4228 mitatis.Sed
2470 4172 2593 4226 hinc
2618 4172 2801 4227 missa
2830 4172 3331 4231 faciamus.Narra
3361 4193 3538 4247 porro
3572 4177 3747 4244 mihi,

2084 4280 2159 4317 an
2192 4261 2431 4333 proprio
2464 4262 2525 4315 in
2558 4261 2687 4316 loco
2738 4267 2995 4317 stantem
3046 4264 3231 4319 Deum
3288 4264 3450 4320 dicas
3501 4282 3569 4320 ex
3618 4282 3747 4321 sese

2087 4352 2355 4410 emisisse
2386 4352 2523 4419 vim,
2557 4357 2733 4422 atque
2766 4352 2839 4407 ad
2870 4353 3135 4409 materiaa
3168 4356 3495 4428 projecisse
3527 4355 3746 4413 locum.

2159 4531 2230 4584 M.
2258 4530 2570 4583 Enimvero
2606 4528 2688 4583 sic
2722 4528 2837 4583 aio.

390 4618 453 4675 Ο.
488 4618 553 4674 Εἰ
586 4616 675 4672 οῦν
710 4618 769 4673 ἐκ
796 4624 893 4674 106
952 4625 1086 4676 Θεοῦ
1143 4616 1398 4696 προϐολὴ
1458 4622 1510 4677 έν
1573 4620 1738 4694 ἑτέρῳ
1789 4618 1971 4695 γέγονε

2156 4621 2219 4675 Ο.
2255 4619 2312 4673 Si
2344 4634 2480 4690 ergo
2511 4634 2581 4671 ex
2610 4618 2727 4673 Deo
2804 4617 3045 4674 emissio
3096 4619 3170 4675 ad
3226 4620 3410 4676 alium
3462 4621 3617 4677 facta
3665 4626 3758 4676 est

316 4706 495 4780 τόπῳ,
528 4712 625 4762 106
657 4713 790 4763 Θεοῦ
818 4708 870 4764 ἐν
922 4709 1092 4784 ἑτέρῳ
1150 4710 1345 4788 χωρίῳ
1400 4710 1802 4785 διαμείναντος,
1862 4710 1979 4770 πὼς

321 4798 425 4852 οὐκ
453 4797 713 4874 ἐμερίσθη
745 4806 847 4868 τῆς
875 4804 971 4855 τοῦ
1031 4802 1243 4873 Πατρὸς
1296 4801 1690 4863 ὑποστάσεωςε
1744 4799 1826 4855 Τὰ
1877 4799 1979 4873 γὰρ

319 4883 582 4942 διεστῶτα
610 4894 726 4950 τοῖς
760 4890 979 4962 τόποις,
1031 4890 1245 4952 πάντως
1295 4891 1383 4945 καὶ
1430 4888 1704 4960 ἀλλήΛων
1755 4885 1983 4963 διαιρεῖ-

321 4986 442 5038 σθαι
474 4976 701 5050 ἀνάγκη·
734 4979 821 5033 καὶ
857 4979 1030 5042 οὕτως
1089 4980 1181 5035 οῦν
1214 4984 1248 5050 ἡ
1278 4985 1375 5035 τοῦ
1425 4984 1559 5035 Θεοῦ
1609 4977 1837 5052 δύναμις
1885 4996 1981 5030 κα-

316 5065 385 5119 τὰ
412 5066 469 5121 σὶ
499 5066 597 5122 οὑκ
625 5067 727 5139 ἔξω
755 5077 855 5140 τῆς
888 5070 1053 5128 αὐτοῦ
1083 5074 1304 5149 γέγονεν
1369 5073 1719 5133 ὑποστάσεως
1748 5092 1764 5139 ;
1813 5070 1876 5124 τὸ
1926 5063 1984 5122 δὲ

2089 4710 2313 4774 locum,
2368 4707 2483 4761 Deo
2534 4706 2714 4761 aliam
2774 4707 3093 4763 stationem
3145 4715 3495 4783 occupante,
3542 4710 3750 4783 quidni

2092 4815 2126 4853 a
2156 4797 2346 4853 Patris
2379 4796 2716 4850 substantia
2767 4802 3041 4867 separata
3072 4797 3222 4853 fuit?
3254 4801 3398 4854 Nam
3444 4816 3575 4871 quas
3606 4799 3755 4854 locis

2093 4888 2336 4953 distant,
2367 4901 2435 4939 ea
2466 4883 2718 4939 invicem
2750 4884 2976 4940 distare
3011 4904 3257 4943 necesse
3289 4893 3391 4943 est.
3431 4889 3637 4943 Nonne
3670 4888 3755 4943 sic

2094 4976 2292 5046 igitur,
2345 4990 2415 5028 ex
2469 4973 2765 5027 sententia
2816 4980 2933 5042 tua,
2989 4975 3091 5029 Dei
3138 4976 3221 5030 vis
3271 4982 3435 5031 extra
3481 4976 3752 5047 ejusdem

2098 5064 2493 5120 substantiam
2525 5060 2747 5134 prodiit
2770 5062 2942 5119 ‘Uam
2970 5064 3128 5135 quod
3153 5070 3317 5121 extra
3346 5066 3607 5137 aliquem
3638 5070 3756 5125 est:

1914 5239 2141 5296 ΝΟΤᾸΞ.

326 5366 471 5452 lavit
497 5384 509 5421 :
540 5368 603 5424 in
637 5385 759 5452 quo
785 5370 943 5452 bello
975 5373 1231 5452 credunt
1258 5374 1461 5430 miseri
1513 5372 1988 5452 omnipotentem

331 5441 518 5494 Deum
551 5457 669 5495 non
692 5442 803 5496 sibi
828 5444 1004 5499 aliter
1024 5447 1287 5523 potuisse
1321 5441 1831 5523 succurrere,_nnisi
1864 5457 1992 5523 par-

330 5516 451 5593 tem
484 5528 652 5594 suam
686 5520 1053 5594 contracam
1086 5518 1368 5594 mitteret.
1404 5519 1585 5588 Cujus
1607 5515 1798 5586 gentis
1826 5515 1991 5594 prin-

330 5583 518 5665 cipes,
553 5584 821 5665 sicut-illi
855 5587 1083 5651 dicunt,
1118 5583 1547 5665 devoraverunt
1574 5583 1838 5665 partem;
1866 5584 1988 5665 Dei,

332 5660 389 5709 et
422 5657 735 5731 temperati
769 5665 909 5712 sunt
936 5666 1000 5713 ut
1040 5668 1243 5731 posset
1270 5662 1527 5716 mundus
1554 5656 1625 5715 de
1658 5659 1779 5713 illis
1809 5656 1995 5710 fabri-

332 5728 475 5781 cari.
514 5726 607 5783 Sic
638 5727 845 5785 dicunt
862 5726 1057 5787 Deum
1072 5734 1414 5804 pervenisse
1437 5734 1511 5790 ad
1535 5732 1841 5788 victoriam
1860 5743 1994 5784 cum

572 5846 848 5910 Punon.
898 5851 1011 5911 Gn.
1059 5850 1268 5913 XCVI.

2097 5363 2329 5436 magnis
2377 5361 2819 5436 calamitatibus
2868 5368 2927 5416 et
2968 5363 3331 5419 cruciatibus
3385 5369 3444 5419 et
3490 5364 3749 5421 miseriis

2099 5432 2347 5515 suorum
2393 5432 2823 5515 membrorum,
2870 5451 3001 5515 quae
3050 5436 3327 5515 membra
3372 5436 3581 5515 dicunt
3630 5453 3763 5515 esse

2100 5507 2414 5563 commista
2473 5504 2804 5559 tenebrosis
2853 5504 3178 5561 visceribus
3229 5508 3568 5579 principum
3627 5508 3765 5563 illo-

2101 5596 2255 5644 rum,
2288 5583 2353 5632 ut
2382 5593 2482 5632 eos
2515 5582 2934 5647 temperarent,
2965 5584 3023 5632 et
3067 5594 3101 5633 a
3148 5579 3375 5634 fervore
3427 5596 3766 5652 compesce-

2104 5657 2237 5706 rent
2268 5656 2379 5704 etc.
2415 5670 2441 5698 »ι

3368 5842 3446 5898 42
