4120 6444
406 381 410 386 ’
427 398 562 452 1323

1963 391 2334 445 ADDENDA.

3718 388 3856 447 1324

415 525 474 580 id
505 524 749 580 omnino
780 524 855 580 ab
887 523 1157 595 ejusdem
1201 521 1534 577 substantia
1585 524 1927 593 separatum
1958 524 2068 573 est.

2195 512 2284 589 ἔξω
2315 517 2461 578 τινὸς
2495 516 2762 592 ὑπάρχον,
2796 518 3016 580 πάντως
3064 517 3156 572 καὶ
3205 521 3306 584 τῆς
3358 517 3719 580 ὑποστάσεως
3767 519 3857 575 06-

418 617 533 671 Nos
563 621 764 672 autem
796 614 956 670 haud
988 621 1214 669 vestras
1247 612 1588 684 impietates
1621 617 1939 676 sectamur,
1981 624 2083 662 ne-

423 721 537 777 que
569 705 684 759 duo
717 704 1014 775 principia
1045 703 1194 757 locis
1230 707 1505 772 separata
1531 699 1926 763 afﬁrmamus,
1982 697 2086 751 sed

424 811 610 849 unum
642 793 1043 849 universitatis
1101 793 1466 853 Creatorem,
1527 795 1586 844 et
1639 805 1826 844 unum
1885 802 2084 842 rerum

425 884 694 939 omnium
726 882 986 949 initium,
1022 883 1258 935 Patrem
1304 895 1370 934 ac
1421 878 1658 947 Filium,
1720 881 1935 931 cuncta
1965 875 2086 929 im-

421 971 593 1042 plens
625 970 918 1043 dogmatis
942 969 1134 1023 instar
1168 967 1511 1022 credimus:
1545 967 1780 1020 Patrem
1820 965 1882 1017 in
1915 962 2085 1029 Filio,

423 1060 636 1114 Filium
669 1059 728 1113 in
763 1060 933 1113 Patre
979 1073 1099 1111 una
1152 1055 1509 1111 confitentes
1538 1055 1710 1125 juxta
1751 1051 1900 1106 illud
1950 1051 2089 1106 effa-

424 1153 589 1204 tum:
625 1170 654 1197 ‹‹
688 1149 803 1221 Ego
835 1147 898 1201 in
921 1148 1115 1214 Patre,
1152 1152 1212 1200 et
1241 1147 1417 1200 Pater
1448 1145 1508 1198 in
1540 1158 1635 1198 me
1660 1143 1696 1197 ί.
1729 1161 1755 1192 ιι
1793 1143 2084 1211 Itemque:

426 1257 452 1289 α
481 1238 694 1293 Omnia
726 1254 858 1308 quae
889 1235 1073 1290 habet
1118 1237 1312 1300 Pater,
1356 1249 1489 1288 mea
1520 1238 1659 1287 sunt
1691 1231 1735 1286 ³.
1768 1253 1795 1280 ››
1833 1229 1998 1285 Unde
2029 1233 2088 1284 et

422 1327 751 1398 inspiratus
782 1327 1044 1380 Joannes
1077 1330 1364 1394 tanquam
1396 1323 1597 1378 omnia
1627 1320 1915 1392 implente
1959 1317 2082 1372 Tri-

425 1417 639 1480 nitate,
675 1416 747 1470 de
780 1417 900 1469 Deo
934 1413 1123 1468 Verbo
1169 1413 1287 1469 ait:
1337 1436 1364 1462 «
1421 1413 1484 1466 ln
1531 1410 1770 1482 pr0pria
1817 1408 1996 1475 venit,
2029 1412 2088 1462 et

428 1506 520 1559 sui
553 1522 685 1559 eum
723 1522 842 1559 non
891 1501 1328 1575 receperunt":
1362 1524 1388 1550 ι»
1443 1501 1768 1556 secundum
1821 1515 1954 1552 vero
1985 1513 2085 1551 vos

427 1593 803 1657 Manichaeos,
837 1610 955 1647 non
989 1592 1049 1645 in
1100 1591 1340 1663 prOpria
1389 1591 1570 1655 venit,
1625 1588 1725 1643 sed
1776 1587 1973 1658 potius
2022 1586 2083 1638 in

425 1683 656 1749 aliena;
691 1683 738 1736 si
773 1681 1012 1752 quidem
1047 1681 1122 1735 ad
1154 1681 1416 1735 materiae
1450 1680 1646 1733 locum
1680 1677 1954 1742 accessit,
1987 1693 2083 1730 vo-

423 1771 555 1826 lens
586 1773 819 1826 animas
851 1771 911 1825 in
951 1770 1147 1825 alieno
1201 1770 1329 1824 loco
1381 1769 1673 1840 alligatas,
1729 1773 1796 1821 ut
1843 1783 1946 1820 vos
1993 1763 2085 1818 di-

422 1862 578 1930 citis,
612 1861 927 1916 redimere.
965 1861 1156 1924 Quare
1191 1865 1248 1913 et
1274 1859 1440 1914 illam
1475 1875 1605 1929 quas
1640 1855 1957 1912 revocabas
1989 1871 2080 1909 se-
2118 1887 2161 1952 Β

421 1951 682 2006 ctionem
713 1952 768 2020 (a
799 1955 855 2004 te
887 1949 1110 2020 alioqui
1144 1966 1264 2003 non
1306 1948 1492 2004 semel
1541 1947 1920 2016 afﬁrmatam)
1971 1960 2078 2016 pu-

423 2045 558 2095 tans
588 2039 672 2094 sic
705 2039 918 2094 divina}
951 2038 1302 2094 substantiae
1351 2037 1704 2093 divisionem
1753 2036 1957 2100 vitare,
2009 2050 2084 2088 ne

424 2129 509 2185 sic
540 2130 783 2200 quidem
835 2129 1062 2184 vitasti:
1122 2145 1380 2200 namque
1439 2128 1499 2182 in
1541 2126 1814 2183 eamdem
1867 2123 2086 2180 recidis

425 2217 1072 2292 irreligiositatem.Sed
1093 2218 1253 2274 unde
1279 2217 1700 2280 discessi,illuc
1731 2217 1928 2271 denuo
1960 2229 2086 2269 ser-

428 2325 668 2364 monem
699 2314 1000 2364 converto.
1051 2307 1364 2379 Responde
1415 2323 1552 2379 ergo
1602 2305 1788 2361 mihi:
1837 2302 2087 2360 materia

427 2413 536 2469 per
565 2414 649 2465 se,
683 2397 904 2468 absqus
935 2414 1074 2452 cum
1107 2397 1225 2452 Deo
1277 2394 1716 2462 commistione,
1753 2392 2083 2465 simplexne

424 2493 535 2553 est,
571 2503 647 2542 an
678 2485 1036 2558 composita?

495 2577 568 2629 M.
601 2576 958 2646 Composita.

493 2664 556 2719 Ο.
591 2666 672 2719 Ex
704 2663 1075 2736 simplicibus
1108 2668 1307 2719 autem
1340 2661 1407 2717 ﬁt
1434 2662 1830 2734 compositum
1853 2661 1882 2716 ‘I

489 2756 562 2811 M.
602 2757 681 2809 Ita
713 2762 820 2809 est.

489 2845 554 2900 Ο.
595 2844 649 2898 Si
682 2862 819 2916 ergo
851 2843 1176 2915 composita
1208 2849 1299 2898 est
1330 2843 1600 2907 materia,
1634 2846 1800 2914 patet
1849 2856 1982 2896 eam
2012 2839 2085 2895 ab

419 2933 537 2988 alio
593 2934 794 3004 aliquo
855 2934 1171 3004 componi:
1233 2949 1409 2988 nemo
1480 2932 1641 2986 enim
1691 2931 1957 3002 seipsum
2008 2927 2082 2984 ad

423 3023 921 3094 compositionem
976 3019 1236 3078 adducit.
1289 3021 1594 3085 Quomodo
1654 3036 1791 3092 ergo
1853 3018 1925 3074 ab
1967 3017 2084 3074 alio

425 3112 778 3182 composita,
813 3116 974 3165 caret
1004 3110 1220 3164 initio?
1248 3110 1484 3180 Alioqui
1519 3109 1717 3175 etiam,
1756 3107 2087 3179 composita

424 3215 495 3254 ex
523 3199 772 3254 diversis
831 3204 1272 3269 componuntur
1331 3216 1462 3269 quae
1519 3196 1961 3270 praeexsistunt,
2021 3201 2087 3251 ut

424 3289 712 3344 electrum
774 3305 844 3343 ex
901 3291 1145 3360 argento
1204 3292 1262 3341 et
1324 3303 1468 3342 auro
1513 3287 1949 3358 compositum:
2010 3285 2088 3340 si-

425 3378 622 3434 mulve
657 3376 1074 3456 spectabile,ut
1103 3381 1281 3447 caput
1310 3375 1554 3447 aliquod
1579 3392 1648 3430 ex
1671 3371 1924 3442 ossibus,
1959 3390 2084 3428 car-

423 3483 521 3534 ne,
557 3467 923 3523 membranis
957 3483 1025 3522 ac
1056 3467 1284 3521 nervis:
1333 3455 1460 3520 haec
1510 3465 1671 3520 enim
1720 3480 1841 3519 una
1891 3462 2088 3518 consi-

423 3562 606 3626 stunt,
659 3574 794 3613 cum
845 3557 968 3611 sint
1021 3555 1270 3625 diversa,
1304 3555 1578 3626 nihilque
1611 3572 1680 3610 ex
1711 3553 1805 3609 his
1834 3550 2086 3626 singulis

423 3645 652 3702 exstitit
681 3653 818 3703 ante
849 3647 1245 3718 compositum
1291 3662 1358 3699 ex
1420 3645 1565 3716 ipsis
1595 3649 1793 3715 caput.
1839 3643 1988 3716 Ergo
2038 3641 2085 3696 si

417 3738 678 3792 materia
727 3738 1057 3809 composita
1111 3742 1220 3803 est,
1281 3734 1358 3790 ne
1416 3735 1546 3807 ipsa
1597 3743 1833 3806 quoque
1887 3748 2083 3788 unum

416 3827 780 3899 principium
816 3832 925 3892 est,
971 3825 1074 3881 sed
1124 3825 1312 3880 multo
1373 3825 1546 3896 plura
1591 3824 1639 3878 si
1695 3824 1825 3894 ipsa
1868 3837 1972 3894 per
2021 3838 2084 3877 se

2190 611 2288 662 τοῦ
2319 604 2599 681 διῄρηται·
2632 609 2802 676 ἡμεῖς
2831 604 2877 662 δ’
2910 606 3020 682 οὐχ
3048 606 3294 680 ἑπόμεθα
3335 613 3459 670 ταῖς
3511 607 3672 676 ὑμῶν
3727 608 3857 664 ἀσε-

2193 689 2387 762 ϐείαις,
2420 691 2544 749 οὐδὶ
2577 692 2672 750 δύο
2720 695 2897 770 ἀρχὰς
2955 692 3292 769 διῃρηαένας
3345 701 3464 760 τοῖς
3509 696 3712 758 τόποις
3762 718 3859 772 φα-

2196 784 2316 857 μὲν,
2348 782 2476 839 ἀλλ’
2507 779 2598 838 ἕνα
2625 788 2723 839 τοῦ
2754 783 2958 846 παντὸς
3017 785 3393 860 Δημιουργὸν,
3435 785 3527 841 καὶ
3585 785 3717 858 μίαν
3759 787 3857 854 τὴν

2191 874 2408 928 πάντων
2468 873 2648 949 ἀρχὴν
2706 873 2982 950 λέγοντες,
3069 874 3282 950 Πατέρα
3337 895 3398 930 τε
3452 874 3547 930 καὶ
3613 875 3742 930 Υἳὸν
3795 875 3863 931 τὰ

2191 970 2367 1018 πάντα
2396 963 2648 1041 πληροῦν
2681 962 3108 1040 δογματίζομεν·
3170 965 3385 1041 Πατέρα
3442 965 3494 1021 ἐν
3559 966 3700 1038 Υἱῷ,
3770 965 3861 1022 καὶ

2192 1054 2318 1108 Υἱὸν
2351 1053 2402 1108 ἐν
2447 1054 2617 1129 Πατρὶ
2666 1055 3220 1131 προσομολογοῦντες
3269 1053 3408 1110 κατᾶ
3452 1054 3516 1110 τὸ
3571 1053 3770 1130 λόγιον
3799 1057 3861 1111 τὸ

2193 1141 2417 1216 φάσκον·
2456 1168 2483 1195 ‹‹
2516 1145 2660 1218 Ἐγὼ
2692 1142 2746 1199 ἐν
2792 1148 2872 1217 τῷ
2924 1143 3094 1220 Πατρὶ
3140 1145 3228 1200 καὶ
3266 1144 3294 1199 ὁ
3323 1145 3512 1219 Πατὴρ
3547 1143 3605 1198 ἐν
3640 1142 3797 1216 ἐμοί.
3834 1167 3862 1197 ››

2194 1233 2317 1301 Καὶ,
2351 1257 2379 1284 ‹‹
2423 1233 2605 1287 Πάντα
2661 1233 2729 1287 τὰ
2782 1237 2880 1288 τοῦ
2940 1233 3170 1308 Πατρὸς,
3230 1231 3339 1306 ἐμά
3386 1232 3521 1290 ἐστι.
3561 1247 3600 1285 ››⁴
3625 1233 3723 1288 Διὸ
3772 1234 3859 1288 καὶ

2193 1319 2452 1390 Ἰωάννης
2487 1323 2514 1375 ὁ
2547 1317 2833 1400 θεοφόρος,
2878 1322 2952 1384 ὡς
3005 1322 3072 1377 τὰ
3131 1322 3306 1378 πάντα
3363 1321 3706 1394 πληροῦσης
3763 1329 3861 1393 τῆς

2193 1409 2347 1482 ἁγίας
2385 1409 2637 1484 Τριάδος,
2670 1411 2793 1482 περὶ
2850 1416 2948 1466 τοῦ
3007 1416 3146 1466 Θεοῦ
3205 1411 3385 1488 Λόγου
3444 1413 3644 1490 φησιν’
3681 1435 3712 1464 ‹‹
3775 1411 3862 1474 Εἷς

2190 1499 2255 1552 τα
2287 1496 2397 1553 ῗδια
2453 1499 2610 1568 ἦλθε,
2665 1501 2752 1555 καὶ
2815 1501 2867 1555 οἱ
2915 1497 3057 1555 ’ἴδιοι
3115 1501 3276 1556 αὐτὸν
3339 1500 3401 1556 οὐ
3452 1497 3793 1574 παρέλαδον.
3829 1525 3857 1554 ››

2195 1589 2321 1652 Καθ’
2355 1590 2491 1661 ὑμᾶς
2522 1587 2577 1644 δὲ
2607 1589 2736 1652 τοὺς
2768 1591 3134 1665 Μανιχαίους,
3191 1589 3291 1646 οῦκ
3342 1590 3420 1655 εἰς
3464 1592 3535 1645 τὰ
3586 1588 3706 1646 Ὑδια
3756 1588 3859 1660 ἦλ-

2193 1689 2301 1746 θεν,
2338 1677 2485 1733 ἀλλὰ
2517 1679 2732 1752 μᾶλλον
2793 1679 2870 1742 εἷς
2918 1681 2984 1735 τὰ
3039 1678 3329 1754 ἀλλότρια’
3385 1679 3440 1735 εἷ’
3484 1700 3553 1756 γε
3604 1685 3688 1752 τῷ
3737 1687 3858 1754 τῆς,

2192 1765 2332 1837 ὕλης
2360 1766 2567 1838 ἐπῆλθε
2595 1769 2772 1842 τόπῳ,
2805 1769 2900 1833 τὰς
2930 1770 3114 1846 ψυχὰς
3144 1769 3196 1825 ἐν
3231 1767 3516 1845 ἀλλοτρίῳ
3568 1768 3733 1844 τύπῳ
3764 1791 3861 1826 πε-

2191 1854 2500 1929 πεδημένας
2555 1860 2674 1923 καθ’
2732 1860 2871 1932 ὑμᾶς
2930 1858 3273 1935 βουλόμενος
3323 1859 3623 1914 ἀνασῶσαι·
3721 1857 3859 1914 ὣστε

2193 1947 2283 2002 καὶ
2319 1944 2390 2001 δι’
2419 1949 2494 2002 ὧν
2526 1948 2837 2004 ἀνεκαλέσω
2865 1951 2965 2018 τὴν
3014 1950 3197 2022 τομὴν
3254 1951 3357 2018 τὴν
3401 1947 3708 2021 πολλάκις,
3757 1949 3857 2005 ὑπὸ

2195 2040 2291 2090 σοῦ
2322 2035 2636 2112 λεχθεῖσαν,
2680 2035 2932 2112 οἰόμενος
2989 2037 3339 2112 ἐκφεύξεσηαι
3397 2045 3499 2108 τῆς
3563 2037 3716 2101 θείας
3765 2037 3858 2092 οὖ-

2194 2124 2312 2189 σίας
2339 2126 2438 2195 τὴν
2471 2125 2776 2201 ἀφαίρεσιν,
2809 2125 2925 2182 οὐδ’
2975 2123 3173 2195 οὕτως,
3224 2125 3586 2205 ἐκπέφευγας,
3635 2127 3713 2190 εἷς
3759 2127 3852 2196 τὴν

2194 2215 2362 2284 αὐτὴν
2419 2210 2662 2271 ἀσέϐειαν
2721 2214 3164 2290 περιπέπτωκας.
3222 2215 3382 2274 Ἀλλ’
3459 2215 3586 2281 ὅθεν
3645 2212 3853 2288 ἐξέϐην,

2193 2308 2274 2376 τῷ
2305 2303 2461 2380 λόγῳ
2491 2302 2657 2359 πάλιν
2709 2303 2982 2379 ἐπάνειμι.
3040 2305 3360 2380 ’Δπόκριναι
3411 2306 3526 2361 οῦν·
3579 2304 3687 2378 ὕλη
3737 2307 3855 2370 καθ’

2196 2393 2413 2461 ἑαυτὴν,
2446 2391 2567 2448 ἃνευ
2597 2400 2698 2464 τῆς
2727 2394 2864 2470 πρὸς
2915 2394 3046 2450 Θεὸν
3079 2395 3442 2470 συγκράσεως,
3505 2394 3659 2466 ἁπλῆ
3714 2395 3850 2451 ἐστιν

2194 2479 2232 2552 ἤ
2265 2481 2517 2544 σύνθετος
2545 2502 2560 2552 ;

2269 2575 2346 2631 M.
2383 2574 2665 2637 Σύνθετος.

2269 2663 2334 2720 Ο.
2369 2664 2455 2732 Ἐξ
2488 2660 2678 2717 ἁπλῶν
2713 2661 2770 2718 δὲ
2798 2663 2861 2719 τὸ
2891 2661 3144 2718 σύνθετον
3174 2662 3379 2739 γίνεται
3409 2681 3424 2734 ;

2268 2759 2339 2808 Μ.
2370 2751 2557 2813 Οὕτως
2589 2749 2726 2827 ἔχει.

2270 2844 2334 2899 Ο.
2371 2842 2436 2898 Εἴ
2463 2841 2642 2897 τοίνυν
2673 2840 2924 2906 σύνθετος
2955 2844 2990 2912 ἡ
3019 2839 3151 2913 ῦλη,
3211 2838 3383 2912 δῆλον
3436 2843 3512 2906 ὡς
3558 2843 3656 2898 ὑπό
3702 2861 3841 2903 τινος

2199 2931 2385 3004 ἑτέρου
2435 2932 2784 2995 συντέθειταιο
2844 2929 3024 2995 οὐδεὶς
3069 2931 3169 3008 γὰρ
3225 2929 3415 2987 ἓαυτὸν
3471 2933 3605 3008 πρὸς
3659 2931 3838 2985 σύνθε-

2198 3042 2280 3075 σιν
2315 3017 2456 3096 ἄγειο
2516 3025 2634 3084 πῶς
2694 3020 2784 3075 οῦν
2847 3021 2932 3090 ὑφ’
2986 3020 3171 3096 ἐτέρου
3230 3023 3551 3091 συντιθεῖσα,
3605 3018 3828 3093 ἄναρχός

2200 3108 2340 3165 ἐστιν
2367 3129 2382 3180 ;
2414 3109 2642 3173 ’Ἄλλως
2673 3131 2731 3165 τε
2758 3111 2826 3165 τὰ
2855 3109 3098 3176 σύνθετα,
3147 3110 3206 3165 ἐκ
3253 3109 3527 3186 διαφόρων
3571 3109 3820 3164 συντέθει-

2200 3221 2309 3269 ται,
2341 3201 2816 3276 προϋπαρχόντων
2847 3200 2943 3274 μὶν
2977 3200 3052 3262 ὡς
3082 3199 3146 3256 τὸ
3183 3198 3453 3272 ἤλεκτρον
3502 3201 3564 3256 τὸ
3605 3198 3662 3254 ἐκ
3695 3217 3831 3273 χρυ-

2201 3288 2320 3344 σίου
2405 3289 2493 3343 καὶ
2573 3288 2810 3365 ἀργύρου
2891 3289 3155 3345 συντεθέν*
3242 3290 3704 3364 συνθεωρούμενον
3759 3285 3832 3346 ὡς

2190 3377 2315 3448 ἥτις
2344 3377 2556 3454 κεφαλή
2591 3378 2643 3449 ἐξ
2671 3376 2872 3433 ὀστέων
2904 3379 2992 3434 καὶ
3037 3381 3278 3454 σαρκῶν,
3327 3376 3415 3433 καὶ
3465 3377 3694 3451 ῦμένων,
3741 3372 3831 3429 καὶ

2188 3467 2427 3540 νεόμωνο
2457 3471 2625 3522 ταῦτα
2653 3467 2758 3544 γὰρ
2818 3469 2930 3540 ἅμα
2991 3467 3214 3538 συνέστη
3276 3465 3512 3545 διάφορα
3558 3465 3701 3534 ὄντα,
3743 3460 3836 3518 καὶ

2191 3553 2447 3629 οὐδαμῶς
2497 3553 2721 3612 ἕκαστον
2780 3557 3094 3632 προϋπέστη
3149 3563 3248 3627 τῆς
3307 3555 3357 3630 ἐξ
3433 3555 3602 3611 αὐτῶν
3656 3546 3839 3608 ’συντεο

2193 3646 2376 3716 θείσης
2425 3645 2688 3724 κεφαλῆς·
2725 3649 2760 3716 ἡ
2811 3644 2917 3718 ὕλη
2977 3647 3072 3702 οὖν
3133 3646 3177 3702 εἰ
3237 3644 3493 3711 σύνθετός
3553 3645 3686 3716 ἐστι,
3751 3641 3842 3698 καί

2191 3736 2330 3806 αὖτή
2365 3735 2546 3791 οὐκέτι
2593 3733 2740 3791 ἔσται
2803 3735 2902 3810 μῐα
2955 3733 3130 3812 ἆρχή,
3190 3734 3338 3791 ἀλλά
3393 3733 3539 3791 πολὺ
3599 3733 3842 3803 πλείους,

2190 3825 2327 3895 αὖτή
2356 3827 2476 3882 καθ’
2507 3826 2703 3896 ἑαυτὴν
2733 3825 2984 3889 σύνθετος
3043 3824 3176 3881 οὖσα
3232 3825 3326 3882 καὶ
3385 3824 3515 3880 ἃνευ
3556 3831 3656 3893 τῆς
3710 3819 3842 3898 πρός

426 3913 757 3990 Composita
788 3916 885 3985 sit,
919 3921 978 3972 et
1025 3915 1153 3971 sine
1203 3914 1328 3970 ulla
1357 3929 1492 3970 cum
1541 3911 1659 3969 Deo
1709 3911 2082 3984 compositio-

2195 3917 2320 3972 θεὸν
2353 3915 2666 3980 συνθέσεως.

425 4021 523 4062 ne.

496 4097 568 4150 M.
591 4097 741 4168 Ergo
775 4089 1111 4168 simplicem
1142 4092 1294 4148 dicis
1326 4107 1455 4147 esse
1485 4090 1801 4162 materiam
1822 4091 1850 4145 ?

490 4183 555 4242 Ο.
589 4185 830 4239 Minime
891 4173 1232 4254 ’simpl'icem
1276 4195 1406 4236 esse
1455 4181 1548 4236 aio
1599 4180 1933 4248 materiam,
1982 4179 2085 4236 sed

420 4271 836 4332 demonstrare
869 4275 998 4330 volo
1032 4289 1162 4329 eam
1191 4257 1314 4327 non
1347 4287 1477 4327 esse
1505 4269 1730 4340 absque
1762 4269 1930 4325 i'nitio
1981 4277 2086 4325 ne-

419 4381 534 4435 que
567 4361 927 4432 increatam,
958 4354 1029 4419 ut
1057 4367 1122 4418 tu
1149 4363 1259 4428 ais,
1291 4367 1350 4416 et
1379 4375 1500 4415 non
1549 4361 1681 4415 sine
1727 4360 1850 4414 suis
1882 4359 2084 4431 quali-

418 4453 648 4508 tatibus
675 4471 710 4509 a
734 4455 855 4508 Deo
886 4453 1070 4508 fuisse
1115 4450 1488 4523 productam:
1541 4448 1929 4519 qualitatibus
1955 4450 2086 4520 ejus

416 4558 654 4613 semper
681 4542 1074 4608 variantibus,
1111 4541 1366 4612 aliisque
1399 4554 1534 4610 cum
1566 4538 1699 4592 aliis
1730 4539 2084 4608 permutatis

2263 4187 2339 4243 M.
2373 4183 2584 4255 Ἀπλῆν
2619 4182 2711 4240 οῦν
2745 4186 2851 4263 φῆς
2885 4187 3144 4255 εἶναιτὴν
3177 4183 3318 4254 ὕλην
3346 4203 3360 4254 ;

2262 4279 2326 4336 0.
2359 4276 2498 4353 Οὐχ]
2528 4274 2710 4342 ἁπλῆν
2745 4277 2876 4332 εἶναι
2909 4271 3058 4353 λέγω
3087 4278 3191 4347 τὴν
3222 4276 3381 4348 ὕλην,
3432 4273 3580 4332 ἀλλὰ
3628 4271 3841 4332 δεικνῦ-

2189 4387 2277 4420 ναι
2311 4365 2653 4440 βουλόμενος
2685 4364 2768 4421 ὅτι
2804 4364 2903 4421 οὐκ
2929 4363 3169 4441 ἄναρχός
3199 4363 3365 4436 ἐστιν,
3399 4361 3526 4420 οὐδὲ
3581 4363 3844 4439 ἀγένητος

2191 4455 2268 4512 ὡς
2325 4455 2388 4509 σὺ
2441 4457 2567 4532 φής·
2623 4453 2714 4510 καὶ
2771 4454 2855 4510 ’ὁτι
2917 4452 3009 4509 σὺν
3061 4460 3182 4517 ταῖς
3239 4452 3528 4524 ποιότησιν
3590 4450 3699 4510 ὑπὸ
3749 4456 3843 4509 τοῦ

2191 4548 2546 4626 Δημιουργοῦ
2598 4546 2887 4619 παρήχθη·
2947 4548 3056 4600 τῶν
3111 4543 3237 4619 περὶ
3296 4538 3468 4611 αὐτὴν
3527 4543 3841 4615 ποιοτήτων

416 4637 596 4704 prout
626 4627 813 4702 ipsius
841 4627 1098 4685 creatori
1131 4630 1248 4684 Deo
1279 4617 1592 4700 placuerit.
1647 4627 1789 4680 Nam
1844 4626 1892 4680 si
1925 4632 2082 4681 esset

2195 4617 2614 4705 ἄλλαττοιιένων
2647 4617 2726 4688 ἀεὶ
2756 4617 2848 4689 καὶ
2886 4617 3350 4706 μεταϐαλλουσῶν
3377 4629 3567 4705 ’ἄλλης
3613 4633 3695 4696 εἷς
3746 4630 3841 4687 ἄλ-

415 4705 690 4792 simplex,
723 4709 1038 4795 quomodo.
1070 4736 1139 4773 ex
1186 4733 1305 4772 uno
1357 4714 1637 4786 simplici,
1689 4715 1937 4770 materia
1985 4716 2078 4770 in—

417 4811 620 4884 quam,
656 4807 988 4881 composita
1020 4807 1234 4863 fierent
1264 4803 1558 4879 corpora?
1596 4806 1901 4870 Quomodo
1935 4807 2077 4861 item

417 4892 479 4956 in
513 4919 632 4958 uno
685 4885 966 4974 simpliéi,
1017 4898 1267 4954 materia
1313 4897 1561 4962 scilicet,
1616 4895 1731 4950 duo
1779 4897 2078 4952 contraria

420 4977 949 5064 deprehendimus,
978 4987 1423 5064 generationem
1469 4992 1527 5042 et
1575 4987 2020 5058 corruptionem
2051 4986 2079 5042 ?

414 5075 581 5148 Quod
613 5084 661 5138 si
695 5099 764 5138 ex
795 5079 924 5154 ipsa
975 5086 1115 5137 sunt
1144 5095 1416 5151 corpora,
1468 5075 1677 5133 eadem
1710 5094 1948 5148 quoque
2007 5094 2077 5134 ex

415 5189 477 5228 se
509 5173 641 5244 ipsa
685 5189 902 5243 corpus
953 5171 1100 5238 erit;
1150 5187 1290 5226 nam
1341 5167 1500 5240 quod
1549 5173 1641 5222 est
1684 5167 1953 5239 genitum
2007 5184 2077 5244 ex

418 5239 622 5332 aliq—uo
653 5239 924 5333 corpore,
977 5261 1174 5332 ipsum
1207 5239 1444 5331 quoque
1501 5273 1717 5328 corpus
1763 5262 1870 5312 est.
1919 5239 2075 5314 Ἰοδ

403 5350 578 5415 'Quod
610 5351 660 5405 si
690 5365 909 5422 corpus
940 5350 1194 5406 materia
1213 5355 1324 5416 est,
1357 5361 1494 5420 ergo
1527 5343 1877 5416 Composita.
1909 5347 2077 5412 Quod

414 5438 463 5492 si
497 5440 853 5512 composito,
880 5441 1008 5494 'non
1041 5444 1132 5495 est
1160 5437 1448 5507 increata,
1480 5442 1548 5493 ut
1576 5437 1690 5493 fuit
1711 5437 2081 5494 demonstra-

409 5529 557 5583 tum.

477 5728 496 5764 ί
526 5730 694 5785 Joan.
724 5748 836 5798 xiv,
874 5734 961 5786 11.
1034 5733 1056 5768 ²
1083 5733 1250 5788 Joan.
1284 5747 1396 5800 xvx,
1430 5733 1518 5788 15.
1593 5732 1614 5768 ⁸
1642 5731 1812 5788 Joan.
1847 5749 1892 5804 ι,
1936 5732 2024 5790 il.

2189 4716 2292 4793 λην
2348 4723 2474 4777 ὃταν
2533 4723 2841 4796 παρασταίη
2895 4727 2976 4794 τῷ
3031 4726 3201 4777 ταῦτα
3255 4719 3631 4799 παρἀγαγόντι
3709 4716 3840 4790 Θεῷ⁶

2188 4812 2233 4867 εἰ
2265 4815 2369 4887 γὰρ
2402 4802 2611 4875 ἁπλοῦς
2659 4811 2793 4882 ἐστι,
2851 4811 2971 4875 πῶς
3033 4810 3083 4885 ἐξ
3135 4812 3252 4874 ένὸς
3302 4809 3509 4881 ἁπλοῦ,
3571 4810 3720 4890 φημὶ
3775 4805 3838 4876 δὴ

2183 4909 2284 4970 τῆς
2333 4891 2592 4974 ὕλης,τὰ
2651 4901 2874 4958 σύνθετα
2926 4901 3113 4979 γέγονε
3163 4901 3430 4976 σώματας
3493 4903 3620 4964 Πῶς
3679 4897 3736 4956 δὲ
3789 4895 3838 4952 ἐν

2184 4995 2264 5063 τῷ
2295 4989 2687 5064 ἒνὶὰπλῷ,τῇ’
2742 4989 2865 5066 ὕλῃ,
2928 4988 3024 5046 δύο
3085 4990 3297 5047 ἐναντία
3355 4989 3700 5066 εὑρίσκεμεν,
3756 4987 3842 5064 γέ·-

2184 5076 2328 5132 νεσίν
2355 5099 2415 5133 τι
2459 5077 2551 5133 καὶ
2603 5077 2856 5156 φθοράν;
2915 5078 2979 5135 El
3032 5075 3091 5132 δὶ
3135 5076 3198 5151 ’ἐξ
3247 5078 3418 5148 αὖτῆς
3465 5079 3536 5134 τὰ
3593 5079 3838 5151 σώματα,

2187 5171 2348 5242 σῶμα
2377 5166 2429 5238 ἐξ
2455 5167 2623 5233 αὐτῆς
2653 5167 2742 5222 καὶ
2776 5165 2912 5238 αὕτη
2983 5165 3154 5223 ἔσται’
3206 5167 3269 5223 τὸ
3321 5168 3423 5244 γὰρ
3481 5168 3836 5244 γεγενημένον

2185 5253 2247 5311 ἔκ
2269 5277 2418 5319 τινος
2450 5257 2726 5329 σώματος,
2759 5261 2919 5330 σῶμα
2960 5255 3220 5332 ὑπάρχει·
3255 5255 3302 5312 εἴ
3335 5254 3394 5312 δέ
3447 5261 3608 5331 σῶμα
3638 5259 3675 5327 ἡ
3710 5253 3836 5324 ὕλη,

2183 5346 2276 5401 καὶ
2335 5347 2611 5410 σύνθετοςο
2672 5345 2921 5408 σύνθετος
2972 5342 3031 5401 δὲ
3075 5344 3452 5421 τυγχάνουσα,
3529 5345 3632 5401 οὐκ
3700 5339 3837 5402 ἔστιν

2185 5435 2468 5512 ἀγένητος,
2500 5435 2576 5498 ὡς
2608 5431 3013 5494 ἀποδέδεικται.
