4120 6374
355 427 496 501 1325

1132 429 1448 487 JOANNIS
1484 431 1728 487 ORTHO
1736 429 1919 491 DOXI,
1941 432 2030 505 ριξ

2155 431 2367 486 ΤΔΤΙΟ
2401 434 2555 488 CUM
2594 434 2747 488 MAN
2756 435 3015 490 ΙΟΗΕΟ.

3648 435 3790 520 ιββδ

428 554 503 611 Μ,
544 551 713 616 Πόθεν
766 552 857 606 οὗν
888 549 1042 605 νόσοι
1102 550 1192 607 καὶ
1251 553 1497 622 θάνατοι,
1559 551 1650 606 καὶ
1702 553 2021 606 τὰτοιαῦτα

2204 554 2272 606 Μ.
2315 553 2624 610 Undenam
2668 573 2803 629 ergo
2850 556 3064 623 morbi,
3094 559 3152 611 et
3198 561 3445 624 mortes,
3480 562 3538 611 et
3567 558 3791 627 hujus-

352 642 421 697 τὰ
449 642 589 696 κακᾶ
624 660 635 708 ;
671 638 735 694 Εἴ
766 641 870 715 γὰρ
907 640 982 712 μή
1019 639 1069 709 ἐξ
1131 640 1269 710 ὕλης
1329 639 1575 714 ἀνάρχου
1634 638 1726 693 καὶ
1758 638 2021 713 ἀγενήτου

354 730 443 785 καὶ
477 730 630 803 φύσει
660 737 831 799 κακῆς
890 733 1059 783 ταῦτα
1110 729 1392 806 τυγχάνει,
1429 731 1455 783 ὁ
1487 730 1614 790 Θεὸς
1648 728 1818 788 αἶ’τιος
1875 724 2024 781 ἔσται

353 827 453 888 τῆς
477 818 688 873 τούτων
718 820 978 892 γενέσεως
990 862 1001 872 .

427 927 491 983 0.
525 925 592 981 Τί
640 926 741 1000 γὰρ
789 924 926 980 κατὰ
981 924 1229 997 νομίζεις
1282 925 1378 987 τὰς
1410 923 1604 990 νόσους
1662 924 1753 979 καὶ
1808 923 1899 977 τὸν
1934 921 2025 986 θά-

353 1014 778 1083 νατον;Καίτοι
834 1018 1061 1078 θάνατος
1118 1015 1213 1086 μὲν
1269 1012 1553 1089 ἐλευθεροῖ
1608 1018 1706 1068 τοῦ
1766 1013 2024 1083 σώματος

352 1105 454 1172 τήν
507 1106 717 1178 ψυχὴν,
772 1104 858 1157 καὶ
918 1108 1017 1157 τοῦ
1076 1100 1281 1175 δεσμοῦ
1311 1110 1412 1171 τῆς
1469 1102 1608 1172 ὕλης
1662 1098 2023 1177 ἀπαλλάττεισ

354 1192 517 1253 νόσος
550 1190 608 1246 δὲ
650 1191 819 1247 πάλιν
876 1193 1032 1263 τήκει
1090 1192 1154 1247 τὸ
1204 1197 1385 1262 σῶμα,
1445 1191 1626 1266 ὥσπερ
1686 1190 1748 1245 σὺ
1779 1188 2026 1262 νομίζεις

314 1287 523 1357 ,σῶμα
579 1284 743 1336 κακὸν
808 1281 1058 1359 ὑπάρχον
1095 1300 1106 1313 ’
1163 1281 1437 1343 πολλάκις
1498 1278 1556 1335 δὲ
1614 1280 1702 1335 καὶ
1763 1278 2028 1352 ἁμαρτίας

360 1371 596 1446 ἐνεργεῖν
655 1371 862 1426 κωλυει
892 1374 926 1440 ἡ
957 1372 1136 1437 νόσος,
1172 1370 1231 1432 ἃς
1288 1366 1509 1445 ἔπραξεν
1557 1368 1617 1424 ἃν
1671 1369 1699 1423 ὁ
1748 1373 1947 1437 νοσῶν,
1984 1366 2031 1421 εἷ’

361 1461 440 1533 μή
472 1463 542 1533 τῇ
574 1462 718 1532 νόσῳ
750 1458 1047 1530 πεπήδετοο
1095 1456 1285 1520 ἄλλως
1331 1479 1390 1514 τε
1428 1458 1715 1535 ἀπόκριναί
1753 1478 1848 1530 μοι
1894 1477 2027 1511 πυν-

358 1550 673 1621 θανομένῳ,
708 1546 885 1619 δεῖτὴ
917 1550 1107 1603 κακίαν
1146 1553 1320 1621 μισεῖν
1358 1568 1370 1617 ;

442 1640 519 1695 Μ.
551 1638 684 1695 Ναί.

437 1732 499 1784 0.
538 1732 662 1793 Πῶς
698 1728 788 1781 οὖν
820 1727 1045 1797 ταύτην,
1070 1728 1138 1796 ἢν
1171 1730 1348 1799 μισεῖν
1375 1730 1718 1800 προσποιεὶς,
1757 1725 2028 1799 μεγίστως

359 1821 568 1889 τιμᾷς;
599 1816 795 1888 ὁμοίαν
848 1816 1015 1886 αὐτὴν
1068 1815 1239 1892 λέγων
1298 1819 1377 1887 τῷ
1433 1815 1625 1889 ἀγαθῷ
1683 1818 1819 1885 Θεῷ,
1855 1811 2028 1868 ἀίδιόν

359 1926 423 1960 τε
451 1905 544 1961 καὶ
580 1903 821 1981 ἄναρχον
854 1906 943 1960 καὶ
974 1906 1252 1981 ἀγένητον.

441 2019 515 2071 Μ.
575 2013 702 2088 Οὐχ
759 2012 956 2086 ομοίαν
1016 2014 1186 2080 αὐτὴν
1237 2015 1502 2083 ποιοῦμεν
1562 2015 1643 2081 τῷ
1674 2010 1856 2085 ἀγαθῴ
1889 2014 2027 2081 Θεῷ·

366 2100 596 2174 οἴδαμεν
634 2104 737 2177 γὰρ
769 2103 861 2156 τὸν
894 2103 1020 2157 Θεὸν
1048 2104 1141 2156 τὸν
1190 2100 1437 2175 ὕψιστον,
1474 2100 1696 2174 ἀγαθὸν,
1730 2096 2029 2175 φωτοειδῆ,

366 2191 803 2267 παντοκράτορα’
863 2190 913 2246 εἴ
965 2192 1055 2245 καὶ
1114 2190 1355 2265 ἄναρχος
1415 2188 1506 2244 οὖν
1568 2192 1602 2257 ἡ
1660 2188 1841 2259 κακία,
1886 2186 2035 2242 ἀλλᾶ

364 2279 516 2335 πολὺ
546 2280 643 2335 τοῦ
674 2284 808 2334 Θεοῦ
839 2277 1083 2338 άποδέει.

435 2461 500 2516 0.
531 2459 751 2520 Ἔοικας
799 2458 1010 2533 ἀγνοεῖν
1070 2457 1153 2512 ὅτι
1211 2458 1274 2512 τὸ
1333 2456 1534 2532 ἀγαθὸν
1588 2455 1681 2509 καὶ
1737 2453 2031 2532 φωτοειδὲς

353 2552 458 2603 τοῦ
491 2553 626 2603 Θεοῦ
658 2549 747 2602 καὶ
779 2548 855 2609 εἷς
900 2548 1028 2609 τοὺς
1088 2546 1275 2621 ἁγίους
1331 2545 1619 2621 ἀγγέλους,
1655 2544 1744 2598 καὶ
1776 2544 1854 2607 εἶς
1883 2546 2030 2617 ἡμᾶς

354 2637 489 2699 τοὺς
549 2638 912 2710 ἀνθρώπους,
971 2634 1096 2705 ἤτοι
1168 2636 1439 2710 χάρισμα,
1491 2633 1697 2707 φθάνει’
1760 2634 1788 2686 '6
1843 2632 2033 2703 μέντοι

355 2730 459 2795 τῆς
516 2726 661 2790 θείας
721 2724 930 2800 φύσεώς
989 2724 1099 2779 ἐστι
1157 2725 1655 2797 χαρακτηριστικὸν
1696 2723 1758 2776 τὸ
1789 2721 2029 2797 ἄναρχον

360 2816 455 2870 xvi
484 2815 769 2889 ἀγένητον,
811 2818 977 2869 τοῦτο
1025 2812 1077 2867 ἐν
1126 2810 1301 2867 οὐδενὶ
1362 2817 1471 2866 τῶν
1502 2808 1689 2865 ἄλλων
1752 2811 2032 2885 ὲνθεωρεῖ-

360 2924 474 2960 ται·
528 2902 573 2958 εί
631 2901 689 2959 δὲ
718 2907 784 2977 τῇ
844 2902 1004 2974 κακίᾳ
1058 2898 1221 2964 δίδως
1268 2901 1335 2955 τὰ
1387 2900 1592 2977 κυρίως
1650 2899 1739 2954 καὶ
1798 2901 2033 2973 πρώτως

366 2994 842 3069 χαρακτηριστικὰ
870 2996 969 3057 τῆς
1017 2991 1164 3055 Θείας
1222 2993 1457 3068 φύσεως,
1508 2993 1625 3051 πῶς
1678 2989 1788 3063 οὐχ
1840 2988 2031 3060 ὁμότι-

362 3104 467 3156 μος
493 3079 642 3138 ἔσται
688 3087 769 3154 τῷ
801 3086 968 3154 Θεῷς
1031 3080 1167 3137 Eine
1217 3078 1274 3135 δὲ
1308 3100 1402 3153 μοι
1456 3083 1562 3134 ποῦ
1620 3079 2033 3153 παντοκράτορα

359 3171 537 3246 λέγεις
568 3171 660 3227 τὸν
714 3172 869 3242 Θεὸν,
904 3169 953 3225 εἷ’
978 3192 1038 3245 γε
1064 3169 1201 3225 κατὰ
1259 3170 1317 3225 σὲ
1369 3175 1469 3238 τῆς
1525 3167 1666 3239 ὕλης
1716 3166 1808 3222 καὶ
1836 3172 1944 3222 τῶν
1979 3168 2030 3240 ἐξ

357 3262 529 3331 αὐτῆς
566 3259 720 3317 οὔπω
750 3261 1082 3336 κεκράτηκεν
1119 3278 1135 3332 ;

433 3447 504 3500 Μ.
537 3439 697 3498 ἈλΛ’
727 3432 879 3495 ἔσται
911 3438 1111 3513 καιρὸς
1142 3436 1234 3493 ὅτε
1263 3436 1355 3492 καὶ
1383 3435 1553 3506 αὐτῆς
1581 3436 1862 3511 κρατήσει.

435 3618 500 3675 Ο,
560 3617 768 3671 Οὐκοῦν
829 3613 983 3670 οὔπω
1038 3618 1133 3670 νῦν
1195 3612 1593 3689 παντοκράτωρ
1650 3611 1792 3668 ἐστίν
1827 3660 1842 3685 ,
1920 3612 2033 3667 ἐπεὶ

358 3704 517 3761 οὕπω
570 3706 869 3781 κεκράτηκε
918 3710 1018 3774 τῆς
1076 3700 1265 3757 ἀϊδίου
1318 3702 1467 3774 αὐτῷ
1533 3700 1799 3772 συνούσης
1856 3698 2033 3771 ὕλης·

352 3792 669 3867 ὕστερονδὲ
700 3794 727 3849 ὃ
764 3795 840 3867 μὴ
888 3798 979 3847 νῦν
1013 3786 1157 3867 ἔχει,
1216 3792 1647 3866 προσ-γενήσεται
1701 3789 1850 3861 αὐτῷ
1899 3789 2038 3845 κατᾶ

357 3883 440 3939 σε’
475 3881 701 3957 δυνάμει
731 3884 833 3959 γὰρ
867 3886 958 3938 νῦν
1015 3881 1414 3956 παντοκράτωρ
1474 3880 1761 3954 ὑπάρχων,
1796 3878 2035 3953 ὕστερων

357 3972 612 4049 ἐνέργεια
638 3975 944 4047 γενήσεται,
973 3972 1023 4042 ἐξ
1074 3969 1289 4033 ἁπλοῦς
1327 3967 1404 4031 εἷς
1436 3967 1763 4038 λελειότητα
1795 3966 2035 4043 ἐρχόμε-

356 4083 475 4125 νος.
509 4061 829 4137 Ἀπόκριναί
880 4082 975 4135 μοι
1024 4065 1142 4122 πῶς
1171 4063 1261 4114 νῦν
1291 4058 1392 4114 οὐκ
1449 4054 1560 4113 ἔστι
1617 4058 2036 4131 παντοκράτωρ,

360 4150 447 4214 ὦς
495 4153 569 4225 μὴ
633 4149 961 4225 δυνάμενος,
994 4151 1028 4221 ἢ
1058 4150 1132 4210 ὡς
1168 4150 1242 4222 μή
1281 4144 1621 4224 βουλόμενος
1655 4166 1669 4214 ;
1699 4146 1759 4203 Εἰ
1821 4148 1914 4219 μὲν
1966 4146 2039 4207 ὡς

361 4242 452 4312 μὴ
499 4238 828 4314 δυνάμενος,
888 4244 1004 4302 πῶς
1060 4237 1208 4300 ὅλως
1257 4236 1703 4311 παντοκράτωρς
1765 4237 1879 4310 χρή
1936 4234 2036 4310 γὰρ

356 4328 504 4383 εἶναι
555 4330 971 4403 παντοκράτορα
1027 4327 1161 4395 ἀεὶ,
1219 4328 1307 4381 καὶ
1368 4322 1821 4397 παντοδόναμον·
1884 4322 1930 4377 εί
1981 4320 2038 4377 δὲ

353 4416 447 4479 ὡς
484 4419 558 4490 μὴ
597 4414 937 4493 βουλόμενος
991 4419 1209 4491 πρῶτον
1276 4415 1370 4487 μὲν
1420 4413 1693 4487 βασκαίνει
1726 4416 1793 4486 τῇ
1848 4433 2037 4483 σωτη-

360 4504 459 4583 ρίᾳ
486 4511 593 4562 τῶν
628 4507 951 4581 ἀνθρώπων,
1004 4505 1192 4560 ἔπειτα
1224 4501 1281 4559 δὲ
1327 4503 1419 4558 καὶ
1477 4500 1649 4565 αἶ’τιος
1684 4505 1785 4572 της
1844 4501 2037 4564 κακίας

2137 640 2365 696 cemodi
2399 644 2556 719 mala
2584 644 2610 698 ‘I
2640 647 2782 699 Nam
2816 636 2876 698 si
2914 645 3040 700 haec
3094 662 3163 699 ex
3211 634 3463 700 materia
3492 638 3661 700 initio
3694 664 3792 702 ca-

2138 738 2327 797 rente,
2364 732 2645 800 increata,
2680 738 2739 788 et
2771 740 2978 806 suapte
3006 740 3220 789 natura
3238 735 3450 789 vitiosa
3480 751 3599 789 non
3634 742 3794 805 sunt,

2142 822 2296 875 Deus
2327 822 2538 877 horum
2572 840 2750 878 causa
2776 824 2908 880 erit.
3134 816 3137 819 ἰ
3588 818 3589 821 ¹

2210 911 2272 966 Ο.
2318 912 2431 966 Cur
2463 929 2595 966 vero
2632 920 2692 967 tu
2750 913 2907 968 mala
2938 932 3068 969 esse
3111 913 3369 986 judicas,
3428 914 3668 970 morbos
3730 932 3797 969 ac

2136 1005 2393 1055 mortem
2425 1001 2451 1055 ‘2
2477 1004 2628 1056 Mors
2651 1007 2809 1056 certe
2848 1003 3109 1057 animam
3143 1019 3393 1073 corpore
3415 996 3647 1070 liberat,
3682 1008 3741 1057 et
3767 1019 3800 1057 a

2138 1090 2403 1145 materias
2434 1090 2667 1145 vinculo
2700 1091 2907 1146 solvit:
2942 1092 3184 1147 morbus
3234 1092 3376 1146 item
3404 1108 3619 1162 corpus
3652 1107 3798 1146 con-

2138 1179 2344 1243 sumit,
2394 1181 2551 1250 quod
2607 1185 2668 1234 tu
2726 1196 2941 1251 corpus
2991 1182 3216 1235 malum
3270 1197 3398 1236 esse
3460 1179 3791 1237 existimas.

2138 1269 2300 1340 Smpe
2335 1270 2512 1323 etiam
2545 1275 2788 1340 peccata
2819 1270 3193 1324 committere
3225 1269 3501 1340 prohibet
3521 1269 3792 1336 morbus,

2138 1373 2270 1427 qua;
2302 1359 2507 1429 utique
2539 1375 2694 1430 aeger
2719 1357 3113 1427 admississet,
3145 1359 3260 1412 nisi
3290 1358 3497 1413 morbo
3530 1357 3787 1429 impedi-

2134 1452 2315 1501 retur.
2352 1448 2587 1519 Alioqui
2606 1447 2904 1519 responde
2928 1446 3076 1503 mihi
3106 1463 3118 1500 :
3153 1452 3466 1518 oportetne
3500 1444 3793 1502 malitiam

2138 1535 2335 1591 odisse
2359 1537 2385 1591 ?

2210 1626 2281 1679 M.
2311 1627 2455 1679 Vero
2484 1626 2753 1696 inquam.

2212 1714 2274 1768 Ο.
2310 1714 2423 1768 Cur
2454 1731 2590 1786 ergo
2640 1715 2815 1781 hanc,
2850 1731 3030 1785 quam
3074 1713 3275 1769 odisse
3317 1712 3586 1793 simulas,
3620 1712 3801 1789 pluri-

2140 1818 2304 1857 mum
2337 1803 2598 1858 houoras
2618 1804 2645 1857 ‘?
2674 1804 2814 1858 dum
2847 1820 2978 1859 eam
3004 1804 3263 1859 similem
3283 1790 3430 1858 dicis
3463 1790 3621 1861 bono
3658 1804 3798 1881 Deo,

2062 1917 2110 1981 Β
2142 1890 2571 1961 sempiternam
2603 1896 2780 1961 atque
2810 1891 3165 1946 increatam.

2213 2000 2283 2053 M.
2319 1999 2486 2054 Haud
2530 1998 2788 2054 similem
2840 2015 2971 2054 eam
3001 1998 3254 2054 facimus
3304 1997 3461 2059 bono
3493 1998 3612 2053 Deo
3644 2013 3657 2050 :
3693 2014 3800 2052 no-

2142 2089 2335 2142 vimus
2385 2089 2547 2142 enim
2608 2090 2792 2143 Deum
2834 2088 3218 2149 altissimum,
3259 2086 3505 2143 bonum.
3550 2087 3614 2141 in
3667 2086 3799 2140 luce

2141 2182 2496 2243 versantem,
2531 2178 3025 2247 omnipotentem.
3060 2178 3412 2246 Quanquam
3444 2174 3621 2247 igitur
3648 2174 3796 2230 abs-

2142 2282 2256 2337 que
2314 2267 2485 2320 initio
2548 2271 2637 2321 est
2691 2267 2949 2333 malitia,
2996 2270 3259 2323 attamen
3316 2265 3492 2336 longe
3550 2264 3799 2317 inferior

2143 2356 2261 2411 Deo
2280 2362 2388 2412 est.

2214 2450 2278 2503 Ο.
2324 2446 2558 2501 Nescire
2609 2444 2848 2512 videris,
2900 2444 3257 2510 bonitatem,
3314 2447 3371 2497 et
3413 2442 3617 2495 lumen
3677 2441 3802 2507 Dei,

2144 2536 2363 2591 sanctis
2396 2535 2622 2607 angelis
2655 2550 2894 2604 quoque
2942 2533 3233 2602 nobisque
3283 2531 3629 2586 hominibus
3661 2530 3802 2584 doni

2142 2625 2331 2678 instar
2357 2623 2787 2677 communicari
2816 2640 2829 2688 ;
2864 2621 2968 2675 sed
3010 2628 3210 2675 tamen
3243 2620 3415 2690 quod
3450 2620 3661 2673 divinas
3693 2636 3802 2673 na-

2140 2718 2287 2767 turae
2316 2711 2865 2765 characteristicum
2896 2716 3003 2771 est,
3038 2716 3102 2762 ut
3149 2708 3196 2762 si
3231 2724 3444 2778 nempe
3477 2709 3632 2762 Deus
3662 2707 3803 2762 abs-

2139 2818 2253 2873 que
2278 2801 2449 2855 initio
2484 2806 2542 2854 et
2580 2800 2900 2870 ingenitus,
2935 2798 2993 2851 id
3037 2798 3099 2852 in
3141 2798 3259 2852 alio
3308 2797 3550 2851 nemine
3594 2796 3800 2851 obser-

2136 2891 2279 2945 vari.
2310 2889 2475 2954 Quod
2508 2888 2556 2943 si
2581 2895 2640 2942 tu
2673 2888 2916 2942 malitiae
2966 2886 3240 2940 attribuis
3288 2902 3420 2955 quae
3452 2884 3802 2957 principali-

2141 2984 2230 3032 ter
2280 2978 2698 3048 praecipueque
2757 2975 3241 3030 charasteristica
3306 2974 3517 3028 divina)
3569 2980 3799 3029 natura:

2139 3073 2298 3135 sunt,
2334 3068 2547 3138 quidni
2578 3069 2705 3121 haec
2746 3068 2877 3137 pari
2930 3080 3065 3120 cum
3120 3067 3236 3119 Deo
3291 3066 3517 3120 honore
3548 3065 3668 3119 sit?
3698 3064 3802 3119 Dic

2138 3158 2285 3213 item
2316 3158 2463 3211 mihi
2496 3156 2881 3228 quandonam
2905 3155 3379 3225 omnipotentem
3410 3156 3597 3209 Deum
3614 3153 3800 3208 fuisse

2058 3269 2101 3337 ρ
2141 3249 2424 3337 afﬁrmes,
2476 3245 2775 3337 siquidem
2826 3249 2883 3299 te
2927 3244 3133 3337 judice
3180 3243 3449 3299 nondum
3489 3242 3801 3298 materiam

2142 3336 2393 3409 ejusque
2419 3336 2665 3390 effectus
2698 3333 2999 3405 superavit
3026 3332 3054 3387 ‘I

2212 3445 2287 3498 M.
2345 3441 2457 3497 Sed
2516 3447 2751 3514 tempus
2816 3439 3055 3510 aderit,
3107 3456 3245 3495 cum
3300 3439 3495 3511 ipsam
3546 3453 3798 3510 supera-

2141 3533 2251 3588 bit.

2214 3622 2278 3675 Ο.
2330 3622 2477 3691 Ergo
2527 3617 2798 3674 nondum
2847 3618 3226 3689 omnipotens
3291 3622 3400 3685 est,
3445 3616 3587 3687 quia
3632 3632 3801 3671 coex-

2142 3710 2455 3764 sistentem
2497 3709 2551 3762 ei
2583 3707 2894 3762 materiam
2960 3706 3231 3761 nondum
3291 3705 3641 3777 superavit:
3692 3704 3798 3759 sed

2143 3803 2350 3870 postea
2375 3796 2536 3868 quod
2585 3813 2746 3851 nunc
2794 3813 2916 3851 non
2954 3795 3155 3862 habet,
3208 3796 3260 3850 ei
3309 3794 3707 3866 superveniet,
3742 3798 3798 3849 te

2135 3887 2381 3960 judice:
2416 3902 2577 3941 nunc
2639 3886 2800 3940 enim
2849 3884 3030 3940 insita
3078 3891 3309 3940 tantum
3354 3884 3569 3938 virtute
3601 3883 3803 3939 omni-

2142 3982 2354 4049 potens
2400 3981 2510 4040 est,
2561 3980 2767 4045 postea
2798 3979 2857 4028 et
2885 3979 3021 4029 actu
3070 3974 3206 4029 talis
3256 3974 3388 4041 erit,
3440 3990 3511 4028 ex
3544 3971 3801 4043 simplici

2144 4067 2217 4123 ad
2240 4066 2669 4138 perfectionem
2726 4080 3099 4135 progressus.
3133 4063 3446 4135 Responde
3490 4062 3661 4129 mihi,
3695 4079 3802 4116 cur

2145 4154 2319 4210 modo
2354 4171 2474 4209 non
2508 4155 2581 4208 sit
2632 4154 3035 4225 omnipotens,
3088 4170 3231 4207 num
3280 4154 3421 4223 quia
3462 4153 3692 4223 nequit,
3725 4168 3802 4206 an

2144 4245 2285 4317 quia
2304 4260 2423 4299 non
2454 4243 2577 4298 vult
2604 4243 2632 4297 ‘?
2663 4244 2807 4297 Nam
2840 4242 2888 4297 si
2916 4242 3059 4314 quia
3087 4242 3316 4313 nequit,
3351 4241 3649 4312 quomodo
3681 4258 3806 4297 om-

2142 4335 2286 4390 nino
2319 4333 2396 4388 sit
2427 4332 2807 4403 omnipotens
2834 4331 2861 4387 ‘I
2908 4332 3153 4402 Oportet
3182 4331 3343 4386 enim
3397 4348 3534 4386 eum
3569 4348 3808 4402 semper

2145 4439 2274 4478 esse
2324 4422 2819 4492 omnipotentem,
2853 4425 2912 4474 et
2942 4421 3106 4474 omni
3151 4420 3204 4473 vi
3244 4419 3584 4491 prmditum.
3636 4419 3803 4485 Quod

2144 4512 2193 4566 si
2227 4513 2366 4583 quia
2404 4528 2526 4565 non
2558 4510 2705 4569 vult.
2737 4510 2931 4582 primo
2979 4509 3222 4580 quidem
3274 4508 3500 4564 invidet
3530 4508 3811 4563 humana:

362 4595 691 4671 εῷρίσκεταισ
743 4592 1043 4669 δυνάμενος
1106 4594 1225 4667 μὲν,
1263 4593 1338 4667 μή
1404 4592 1747 4669 βουλόμενος
1781 4589 1838 4645 δὲ
1867 4590 2030 4659 αὐτὴν

2155 4601 2345 4667 saluti,
2402 4600 2618 4656 deinde
2677 4604 2735 4654 et
2794 4598 3039 4654 malitiae
3098 4615 3278 4654 causa
3335 4615 3465 4653 esse
3514 4598 3810 4670 comperi-

365 4686 431 4740 ἀν
440 4685 584 4741 ελεῖν
595 4728 609 4755 ,

443 4866 521 4922 Μ.
554 4864 722 4929 Πόθεν
757 4864 850 4918 οὗν
880 4884 912 4918 τ
982 4861 1155 4932 κατὰ;

440 4959 505 5011 Ο.
562 4956 678 5011 Οὐκ
736 4951 1038 5023 ἀκολουθίᾳ
1087 4950 1195 5006 τινὶ
1254 4949 1452 5025 λογικῇ
1501 4951 1535 5018 ἡ
1569 4948 1837 5021 ἐρώτησις
1891 4949 2040 5021 παρὰ

364 5047 468 5098 σοῦ
524 5045 836 5119 γεγένηταυ
870 5045 984 5119 χρὴ
1042 5042 1143 5119 γὰρ
1203 5039 1404 5096 είδέναι
1460 5040 1505 5095 εἰ
1548 5032 1677 5095 ’ἔστι
1726 5039 1890 5094 κακὸν
1946 5039 2038 5094 καὶ

358 5130 418 5187 τί
449 5131 561 5188 ἐστι
593 5133 783 5187 κακόν·
817 5130 916 5207 εἴθ’
956 5129 1101 5187 οὕτω
1137 5137 1371 5203 ζητῆσαι
1403 5130 1567 5185 πόθεν
1597 5130 1931 5185 συνίσταται.

441 5318 521 5375 Μ,
555 5309 709 5366 Οὕτω
742 5311 1094 5384 ζητήσωμεν.

443 5403 508 5458 Ο.
542 5403 664 5457 Τῶν
697 5395 869 5454 ὄντων
902 5399 969 5454 τὰ
1001 5398 1096 5471 μὶν
1153 5396 1294 5453 ἔστιν
1349 5397 1527 5467 οὑσία,
1559 5397 1625 5452 τὰ
1671 5394 1729 5451 δὲ
1758 5396 1989 5467 ποιότης
2025 5438 2039 5464 ,

358 5490 434 5549 τὰ
464 5488 523 5546 δὲ
572 5489 831 5566 ἐνέργεια.
896 5486 998 5544 Καὶ
1050 5487 1233 5543 οὖσεία
1288 5489 1381 5561 μὲν
1442 5486 1583 5543 ἐστιν
1616 5484 1850 5561 ἐγὼ,σὺ’
1880 5483 2043 5539 ποιό-

358 5602 488 5651 της,
521 5579 740 5646 λευκὸν,
794 5576 990 5650 μέλαν,
1049 5575 1247 5653 γλυκὺ,
1278 5577 1497 5650 πικρὸν,
1526 5575 1617 5630 καί
1673 5575 1770 5629 ὅσα
1820 5578 2046 5629 τοιαῦτα

356 5691 424 5737 ¹εν
462 5668 944 5741 ὑποκειμέιμὲνοις
1002 5662 1219 5741 σώμασι
1255 5665 1629 5740 Θεωροόμεν-κο
1662 5661 2043 5734 ἐπιτηδειότης

356 5761 456 5829 δὲ,
486 5760 623 5837 πρὸς
652 5758 719 5831 ἢν
782 5758 1052 5837 πεφύκασι
1083 5758 1153 5814 τὰ
1203 5758 1471 5834 γεγονότα
1531 5757 1762 5832 σώματα
1820 5752 2046 5830 δυνάμει

2147 4695 2261 4757 tuc,
2294 4691 2435 4761 quia
2494 4706 2628 4745 cum
2674 4688 2885 4762 possit,
2956 4705 3079 4743 non
3128 4687 3253 4743 vult
3307 4688 3437 4742 eam
3483 4686 3556 4744 de
3613 4685 3811 4743 medio

2151 4780 2383 4836 tollere.

2219 4870 2292 4923 M.
2325 4866 2490 4923 Unde
2525 4866 2707 4941 igitur
2737 4866 2897 4921 mala
2924 4865 2952 4921 ?

2220 4958 2283 5011 Ο.
2328 4955 2497 5011 Haud
2540 4954 2819 5011 rationali
2868 4954 3307 5024 consequentia
3355 4967 3390 5007 a
3436 4956 3490 5006 te
3551 4952 3810 5008 interro-

2148 5050 2350 5119 gatum
2392 5050 2519 5099 est:
2564 5048 2799 5116 oportet
2849 5043 3013 5098 enim
3058 5057 3134 5097 an
3183 5042 3261 5096 sit
3298 5040 3545 5109 malum,
3580 5046 3638 5097 et
3668 5041 3810 5112 quid

2152 5136 2229 5191 sit
2276 5135 2452 5212 scire,
2504 5139 2631 5188 tum
2690 5131 2931 5189 demum
2982 5131 3296 5203 exquirere
3344 5129 3648 5186 undenam
3698 5147 3810 5186 ex-

2152 5224 2344 5279 sistat.

2225 5313 2296 5365 M.
2331 5313 2480 5367 Sane
2512 5311 2595 5365 ita
2624 5309 3030 5382 exquiramus.

2225 5401 2288 5456 0.
2324 5402 2462 5465 Quae
2518 5398 2800 5468 existunt,
2834 5398 3053 5470 partim
3107 5396 3442 5453 substantia
3472 5402 3631 5465 sunt,
3682 5416 3818 5471 par-

2157 5490 2264 5544 tim
2316 5487 2594 5561 qualitas,
2645 5489 2858 5559 partim
2907 5476 2992 5541 vis
3038 5488 3245 5542 activa.
3300 5487 3639 5543 Substantia
3678 5478 3822 5561 qui-

2158 5579 2314 5646 dem,
2349 5564 2544 5651 ego'et
2574 5583 2675 5632 tu:
2723 5576 3001 5647 qualitas,
3043 5576 3268 5643 album,
3305 5577 3562 5650 nigrum,
3617 5579 3814 5647 dulce,

2157 5684 2449 5736 amarum,
2509 5671 2563 5720 et
2622 5667 2795 5737 siqua
2854 5665 2970 5722 alia
3022 5666 3367 5737 hujusmodi
3417 5667 3479 5720 in
3533 5668 3817 5741 subjectis

2156 5756 2503 5830 corporibus
2529 5761 2896 5827 spectantur.
2947 5750 3247 5810 Idoneitas
3279 5754 3371 5810 cui
3406 5755 3639 5828 singula
3681 5774 3811 5812 cor-
