4120 6382
1946 447 2046 499 ΔΒ
2054 444 2292 498 DENDA
2302 485 2316 498 .

3710 447 3856 506 1&8

408 591 556 647 pora
601 581 741 629 sunt
788 581 948 643 nata,
1008 580 1074 630 ut
1122 574 1204 628 ita
1252 571 1660 645 potentialiter
1698 570 1855 626 sint:
1897 569 2059 626 velut

2197 570 2504 644 τυγχάνειν·
2537 569 2651 626 οἷον
2684 570 3010 643 ἐπιτηδείως
3035 594 3257 649 εχουσιν
3308 574 3364 628 αἱ
3414 578 3602 648 χεῖρες
3649 557 3856 648 τέχνας

414 684 630 722 manus
683 667 913 722 idonea)
963 672 1103 722 sunt
1163 665 1438 737 opiﬁciis,
1493 664 1695 736 lingua
1743 668 1807 718 ut
1857 663 2073 718 serviat

417 757 700 824 sermoni,
735 756 917 828 pedes
949 755 1332 821 ambulando,
1377 771 1526 826 puer
1555 753 1874 808 eruditioni
1924 769 2068 824 pue-

413 847 534 903 rili.
570 848 666 901 Vis
699 853 899 902 autem
932 846 1121 902 activa
1170 852 1258 902 est
1307 860 1568 916 congrua
1615 848 1845 898 natura:
1892 842 2068 907 actio,

412 937 503 993 vel
531 936 894 992 irrationalis
927 941 993 991 ut
1014 935 1170 1003 talis,
1195 935 1286 990 vel
1308 934 1618 990 rationalis
1649 939 1715 989 ut
1744 934 1886 988 item
1911 932 2067 988 talis.

413 1025 564 1093 Quid
597 1042 732 1099 ergo
765 1042 836 1080 ex
867 1024 1043 1080 dictis
1072 1024 1299 1079 malum
1336 1040 1465 1078 esse
1499 1021 1762 1077 deﬁnis?

481 1136 553 1192 Μ.
588 1134 1027 1205 Operationem.
1071 1135 1315 1188 Constat
1343 1138 1543 1187 autem
1592 1147 1829 1186 omnem
1863 1145 2067 1202 opera-

411 1224 634 1280 tionem
667 1240 796 1280 esse
833 1223 1229 1279 substantiam
1251 1221 1639 1294 operationis.

482 1333 548 1388 0.
607 1331 822 1402 Utique
873 1329 1069 1386 omnis
1120 1329 1206 1384 vis
1261 1329 1451 1385 activa
1499 1327 1910 1384 substantialis
1959 1331 2068 1383 est.

412 1419 525 1475 Sed
555 1436 756 1491 qumro
788 1435 823 1474 a
853 1425 930 1484 te,
965 1418 1194 1474 malitia
1243 1435 1378 1473 cum
1426 1419 1505 1474 sit
1551 1418 1636 1473 vis
1681 1418 1892 1484 activa,
1925 1432 2067 1472 num

414 1509 594 1565 etiam
627 1508 962 1563 substantia
991 1525 1120 1563 esse
1152 1513 1345 1580 potest
1376 1507 1404 1562 ?

485 1618 624 1673 107
666 1618 735 1670 M.
769 1617 856 1670 Ita
887 1616 1002 1671 aio.

487 1725 529 1779 0
571 1723 835 1777 Primum
895 1722 1137 1793 quidem
1194 1721 1556 1777 contradicis
1610 1721 1738 1781 tibi.
1799 1720 1939 1775 dum
1998 1737 2069 1776 ex

416 1813 749 1868 substantia
782 1813 908 1867 fieri
931 1811 1080 1867 dicis
1109 1812 1225 1866 vim
1257 1812 1504 1866 activam
1547 1827 1872 1881 rursusque
1914 1811 2068 1865 hanc

2183 656 2541 732 ἐργάζεσθαι,
2599 659 2822 736 γλῶσσα
2880 660 2937 718 δὶ
2997 662 3152 738 λόγῳ
3212 660 3507 735 διακονεῖν,
3564 660 3732 726 πόδες
3793 661 3857 718 δὲ

2181 747 2320 822 πρὸς
2374 745 2608 823 βάδισιν,
2668 748 2885 806 παιδίον
2947 749 3005 807 δὶ
3062 753 3200 824 πρὸς
3259 753 3496 826 μάθησιν
3559 754 3850 828 τεχνικήν·

2181 835 2418 910 ἐνέργεια
2485 835 2544 894 δέ
2600 838 2741 895 ἐστιν
2774 843 2810 910 ἡ
2848 845 2946 896 τοῦ
3002 843 3140 897 κατά
3198 842 3354 920 φύσιν
3409 841 3625 918 πρᾶξις,
3669 840 3708 912 ἢ
3750 844 3855 896 τοῦ

2180 923 2388 1002 ἀλόγου
2418 929 2493 990 ὡς
2514 927 2743 1004 ἀλόγου,
2773 932 2809 1002 ἢ
2836 934 2936 986 κοῦ
2967 930 3201 1006 λογικοῦ
3245 931 3323 993 ὡς
3355 930 3608 1008 λογικοῦ·
3651 931 3704 987 τί
3753 931 3852 987 οὗν

2178 1019 2287 1069 τῶν
2321 1015 2626 1090 εἰρημένων
2661 1018 2818 1095 ὁρίζῃ
2849 1020 2912 1075 τὸ
2942 1019 3108 1076 κακὸν
3142 1021 3277 1076 εἶναι
3303 1037 3318 1090 ;

2256 1125 2328 1180 Μ.
2365 1124 2688 1201 Ἐνέργειαν·
2749 1124 2922 1198 δῆλον
2973 1125 3032 1184 δὶ
3062 1129 3147 1184 ὅτι
3199 1132 3344 1183 πᾶσα
3401 1126 3638 1204 ἐνέργεια
3686 1126 3852 1184 οὖσία

2182 1208 2324 1267 ἐστὶν
2369 1211 2651 1291 ἐνεργείας.

2253 1318 2317 1374 0.
2379 1323 2529 1376 Πᾶσα
2599 1322 2696 1394 μὶν
2755 1319 3003 1398 ἐνεργεια
3078 1321 3232 1377 οὐσία
3317 1320 3458 1377 ἐστὶν
3519 1320 3795 1398 ἐνεργείας
3828 1338 3847 1358 ⁶

2180 1404 2370 1551 ἐρωτῶ
2401 1405 2458 1464 δέ
2491 1430 2566 1470 σε,
2597 1411 2632 1481 ἡ
2665 1410 2826 1466 κακία
2865 1409 3110 1488 ἐνέργεια
3158 1411 3312 1482 οὖσα,
3344 1410 3434 1467 καὶ
3493 1410 3650 1468 οὐσία
3706 1415 3850 1468 εἷναι

2216 1518 2401 1551 υναται
2431 1521 2446 1551 ι

2216 1518 2401 1553 υναται
2431 1521 2446 1552 ι

2250 1611 2320 1660 Μ.
2354 1603 2514 1660 Οὕτω
2544 1629 2618 1680 φη
2630 1607 2714 1680 μί.

2251 1715 2315 1770 Ο.
2351 1718 2578 1788 Πρῶτον
2639 1715 2734 1788 μὲν
2783 1713 3022 1778 ἐναντίος
3073 1719 3281 1787 σεαυτῷ
3341 1715 3630 1792 ὑπάρχεις,
3665 1716 3714 1791 ἐξ
3747 1717 3852 1774 οὖ-

2177 1801 2294 1864 σίας
2328 1805 2559 1878 γενέσθαι
2612 1805 2786 1880 λέγων
2847 1804 3138 1882 ἐνιργειαν,
3197 1804 3288 1860 καὶ
3349 1803 3517 1860 πάλιν
3579 1805 3679 1862 οὐκ
3712 1808 3847 1862 εἶναι

413 1917 534 1956 non
562 1916 693 1955 esse
725 1901 840 1954 vim
873 1900 1122 1956 activam
1155 1899 1302 1955 dicis
1329 1917 1341 1954 :
1374 1899 1533 1954 unde
1556 1905 1614 1954 et
1644 1915 1879 1954 summa
1911 1899 2068 1970 igno-

2197 1893 2275 1961 τὴν
2335 1892 2606 1969 ἐνέργειαν
2668 1896 3058 1970 ὑποτιθέμενος
3092 1913 3106 1927 ·
3168 1894 3290 1960 ὅθεν
3361 1895 3540 1967 πάσης
3606 1897 3844 1971 ἀμαθίας

413 1990 609 2045 rantia
639 1989 911 2045 laborare
942 1989 1102 2062 apud
1132 1989 1460 2045 dialectica,
1491 2005 1728 2061 quoque
1759 1989 2068 2061 imperitos

2197 1977 2496 2058 »περόολὴν
2525 1984 2615 2039 καὶ
2663 1984 2810 2059 παρὰ
2863 1990 2981 2049 τοῖς
3018 1982 3152 2060 ἄγαν
3185 1985 3434 2061 ἀπείροις
3493 1969 3846 2058 διαλεκτικῆς

412 2078 728 2134 videberis.
778 2080 986 2145 Quaaro
1039 2084 1238 2134 autem
1285 2095 1354 2135 ex
1396 2084 1476 2149 te,
1511 2095 1656 2134 num
1705 2078 1903 2134 omnis
1933 2095 2076 2151 ope-

415 2168 568 2223 ratio
599 2167 759 2224 mala
789 2167 919 2224 sit?

486 2275 558 2328 Μ.
590 2273 830 2330 Minime
860 2273 1151 2347 gentium.

490 2381 554 2436 0.
588 2381 776 2446 Quam
806 2396 942 2453 ergo
975 2379 1125 2435 dicis
1152 2378 1371 2435 malam
1408 2378 1817 2452 operationem
1845 2378 1874 2435 ?

487 2487 909 2552 Homicidium,
941 2486 1326 2552 adulterium,
1352 2486 1734 2559 injustitiam,
1768 2492 1827 2541 et
1857 2487 2077 2558 qumvis

419 2575 785 2647 bujusmodi.

486 2685 546 2739 0.
584 2684 641 2739 Si
682 2684 1091 2740 homicidium.
1130 2701 1199 2740 ex
1233 2686 1530 2741 sententia
1569 2690 1690 2752 tua,
1723 2683 2079 2740 naturaliter

415 2773 637 2828 malum
670 2781 778 2843 est,
803 2775 1042 2845 judices
1071 2775 1172 2846 qui
1207 2775 1470 2830 latrones
1502 2791 1570 2831 ac
1601 2775 1846 2830 sicarios
1890 2775 2077 2829 inter-

413 2861 645 2930 ﬁciunt,
693 2864 854 2918 male
903 2869 1104 2936 agunt.
1150 2866 1519 2936 Rursusque,
1553 2881 1659 2920 cur
1689 2865 1908 2936 aliquis
1939 2880 2075 2919 cum

412 2968 520 3008 sua
543 2969 727 3008 uxore
772 2969 900 3008 rem
951 2954 1178 3009 habens
1224 2971 1342 3009 non
1375 2959 1602 3025 peccat,
1629 2971 1764 3009 cum
1796 2954 1995 3010 aliena
2015 2953 2074 3008 id

411 3057 594 3112 agens
624 3049 850 3112 peccat.
885 3058 1020 3097 cum
1043 3049 1243 3098 tamen
1275 3042 1483 3097 eadem
1508 3044 1586 3098 sit
1613 3044 1766 3098 actio
1788 3044 1815 3098 ?
1844 3045 1991 3098 Puto
2018 3049 2075 3098 te

413 3129 486 3182 ob
519 3129 646 3184 haac
675 3131 764 3185 vel
796 3130 1102 3186 nolentem
1157 3131 1455 3197 conﬁteri,
1487 3132 1782 3188 actionem
1833 3148 2073 3187 omnem

411 3224 687 3274 neutram
716 3219 897 3274 veluti
931 3236 1084 3286 esse,
1104 3219 1492 3275 determinari
1514 3227 1714 3276 autem
1742 3221 1814 3276 ab
1846 3220 2074 3293 agentis

410 3306 734 3374 voluntate,
769 3313 837 3363 ut
868 3309 1050 3364 virtus
1080 3309 1357 3365 vitiumve
1391 3309 1640 3365 evadat:
1691 3327 1949 3381 namque
1980 3309 2063 3366 al-
2097 3341 2140 3408 ρ

410 3401 500 3451 ter
541 3401 948 3469 temperanter
984 3414 1119 3453 cum
1166 3414 1273 3454 sua
1310 3415 1516 3463 uxore,
1567 3398 1719 3454 alter
1765 3399 2065 3472 impudice

407 3500 542 3539 cum
575 3485 774 3540 aliena
810 3491 1100 3541 versatur.

474 3593 546 3647 Μ.
575 3593 880 3665 Cupiditas
912 3609 1112 3649 nonne
1142 3592 1303 3649 mala
1335 3598 1427 3650 est
1455 3593 1484 3650 ?

477 3703 541 3758 0.
577 3705 703 3758 Non
725 3703 942 3775 plane;
976 3720 1116 3759 nam
1157 3708 1215 3758 et
1257 3704 1383 3760 hinc
1433 3706 1704 3761 neutrius
1758 3705 2063 3778 qualitatis

406 3797 514 3859 est,
547 3793 798 3864 ﬁerique
827 3799 1022 3865 potest
1050 3799 1117 3848 ut
1151 3794 1331 3850 etiam
1380 3794 1693 3850 honestate
1743 3802 2065 3852 exornetur

402 3897 437 3937 a
468 3883 688 3938 mentis
743 3883 1194 3956 gubernatione.
1251 3884 1587 3956 Aliquando
1617 3891 1775 3942 certe
1806 3887 1881 3942 ad
1933 3904 2061 3942 rem

400 3973 716 4029 honestam
745 3973 936 4030 tendit
987 3974 1319 4047 cupiditas:
1378 3991 1639 4048 namque
1684 3975 1862 4032 allius
1910 3977 2060 4032 libe-

399 4078 604 4118 rorum
654 4079 854 4132 causa,
914 4063 1068 4120 alius
1123 4064 1465 4137 voluptatis,
1516 4066 1601 4121 rei
1659 4081 1928 4122 venereaa
1959 4066 2062 4122 dat

398 4167 663 4224 operam.

469 4260 540 4316 Μ.
565 4261 730 4315 Nunc
761 4261 909 4316 mihi
962 4261 1075 4317 hoc
1132 4260 1420 4326 edissere,
1479 4267 1681 4318 utrum
1736 4279 2056 4335 corporum

396 4350 697 4421 corruptio
729 4367 797 4406 ac
826 4350 1078 4424 putredo
1109 4368 1144 4407 a
1176 4351 1293 4407 Deo
1338 4349 1495 4407 bono
1527 4357 1587 4407 et
1616 4352 2054 4425 incorruptibili

395 4436 524 4492 sit?

465 4543 528 4612 Ο,
564 4545 803 4600 Locutio
835 4563 904 4601 ex
933 4548 1120 4618 aliquo
1151 4547 1542 4603 multifariam
1577 4547 1930 4605 adhibetur:
1965 4557 2056 4607 est

2182 2074 2248 2128 οὗ
2281 2071 2537 2154 διαφεόξη
2584 2077 2780 2132 νοσῶν·
2842 2076 3032 2152 ἐρωτῶ
3063 2074 3121 2132 δέ
3151 2097 3230 2149 σε,
3263 2078 3367 2152 ἆρα
3412 2081 3557 2133 πᾶσα
3604 2077 3844 2156 ἐνέργεια

2180 2166 2320 2235 κακή
2357 2183 2372 2234 ;

2250 2276 2326 2330 Μ.
2353 2271 2433 2330 Οὐ
2463 2274 2702 2338 πάντως.

2252 2387 2317 2437 0.
2353 2379 2517 2436 Ποίαν
2551 2379 2641 2437 οὖν
2675 2379 2850 2458 λέγεις
2879 2382 3051 2452 κακήν
3085 2381 3357 2459 ἐνέργειαν
3393 2400 3408 2451 ;

2253 2489 2333 2560 Μ,
2368 2487 2569 2558 Φόνον,
2602 2488 2880 2565 μοιχείαν,
2912 2485 3148 2559 ἀδικίαν,
3177 2488 3266 2543 καὶ
3299 2486 3400 2543 ὅσα
3427 2492 3678 2547 τοιαῦτα.

2251 2687 2317 2742 Ο.
2354 2685 2415 2738 Ei
2447 2685 2476 2739 6
2516 2683 2679 2763 φόνος
2734 2682 2872 2740 κατά
2920 2683 2978 2738 σὶ
3035 2681 3190 2758 φύσει
3247 2683 3438 2753 κακὸς,
3493 2684 3546 2738 οἱ
3595 2680 3840 2739 δικασταὶ

2177 2769 2570 2850 τυμϐορόχους
2629 2774 2718 2828 καὶ
2794 2769 3162 2848 ἀνδροφόνους
3238 2772 3604 2849 φονεύοντες,
3663 2777 3840 2838 κακῶς

2178 2867 2418 2917 ποιοῦσι·
2451 2863 2540 2918 καὶ
2572 2861 2759 2918 πάλιν·
2813 2863 2866 2917 τί
2927 2860 3132 2933 δήποτε
3162 2861 3190 2916 6
3225 2861 3319 2934 μὲν
3350 2865 3420 2935 τῇ
3483 2859 3597 2935 ἰδίᾳ
3625 2867 3835 2939 γαμετῇ

2181 2952 2516 3027 μιγνύμενος
2577 2952 2689 3027 οὐχ
2746 2953 3064 3025 ἁμαρτάνει,
3125 2950 3179 3006 ἐν
3239 2949 3510 3026 ἀλλοτρίᾳ
3566 2949 3624 3008 δὲ
3677 2959 3834 3009 τοῦτο

2178 3047 2354 3097 ποιῶν
2385 3042 2728 3117 ἁμαρτάνει;
2773 3042 2863 3096 καὶ
2919 3044 3087 3096 ταῦτα
3147 3046 3274 3114 μιᾶς
3334 3037 3607 3116 ἐνεργείας
3665 3041 3830 3113 οὔσης

2177 3139 2276 3201 τῆς
2313 3131 2528 3205 μίξεως·
2560 3131 2713 3206 οἶμαί
2772 3153 2829 3187 σε
2882 3129 2972 3186 διὰ
2998 3129 3209 3186 τούτων
3265 3129 3357 3185 καὶ
3421 3131 3607 3186 ἄκοντα
3653 3151 3817 3205 προσ-

2178 3219 2504 3296 ομολογεῖν,
2565 3223 2647 3276 δτι
2679 3227 2823 3276 πᾶσα
2878 3219 3118 3297 ἐνέργεια
3178 3218 3314 3292 μέση
3351 3217 3482 3274 ἐστί’
3530 3217 3822 3276 ποικίλλε-

2177 3331 2266 3367 ται
2299 3307 2358 3366 δὶ
2393 3314 2462 3385 τῇ
2513 3315 2711 3387 γνώμῃ
2757 3314 2856 3366 τοῦ
2891 3308 3196 3383 μετιόντος,
3229 3308 3395 3383 ἀρετή
3430 3310 3464 3378 ἢ
3497 3308 3655 3364 κακία
3679 3331 3831 3385 γινο-

2183 3399 2341 3473 μένη·
2372 3401 2400 3455 6
2435 3400 2529 3474 μὶν
2581 3400 2683 3475 γὰρ
2726 3397 3023 3479 σωφρόνως
3075 3402 3145 3474 τῇ
3197 3395 3308 3471 ίδίᾳ
3366 3397 3647 3475 μίγνυται,
3708 3399 3736 3454 6
3777 3395 3837 3454 δὶ

2173 3488 2492 3553 ἀκολάστως
2519 3493 2588 3564 τῇ
2617 3487 2910 3565 ἀλλοτρίᾳ.

2247 3599 2322 3654 Μ.
2346 3598 2411 3654 Ἦ
2441 3594 2704 3671 ἐπιθυμία
2735 3595 2836 3652 οὐκ
2865 3592 2977 3650 ἔστι
3010 3596 3151 3666 κακή
3189 3613 3204 3663 ;

2244 3705 2307 3762 Ο.
2343 3703 2420 3762 05
2451 3703 2688 3768 πάντως·
2746 3703 2882 3777 μέση
2943 3703 3048 3778 γάρ
3109 3700 3219 3756 ἐστι
3277 3699 3367 3756 καὶ
3425 3699 3585 3773 αὕτη·
3619 3700 3710 3756 καὶ
3742 3699 3830 3757 δυ-

2172 3795 2331 3850 νατὸν
2363 3793 2530 3864 αὐτὴν
2571 3795 2920 3867 κοσμηθῆναι
2950 3794 3020 3868 τῇ
3046 3795 3143 3846 τοῦ
3190 3793 3287 3846 νοῦ
3337 3789 3636 3863 ἐπιστασίᾳ.
3673 3787 3832 3864 Ἀμὲο

2174 3885 2258 3940 λει
2291 3885 2382 3940 καὶ
2412 3883 2597 3940 καλῶν
2656 3882 2800 3939 ἐστιν
2855 3882 3210 3956 ἐπιθυμῆσαι·
3254 3881 3283 3936 6
3309 3879 3404 3953 μὶν
3435 3881 3536 3957 γὰρ
3591 3879 3702 3935 ἐστι
3733 3902 3828 3960 φι-

2170 3973 2496 4050 λόπτωχος,
2530 3974 2558 4029 6
2607 3970 2666 4028 δὶ
2723 3971 3078 4048 φιλάργυρος·
3133 3971 3223 4026 καὶ
3285 3971 3313 4025 6
3369 3971 3467 4044 μὲν
3511 3968 3832 4034 παιδοπιίας

2171 4067 2334 4143 χάριν
2361 4069 2431 4142 τῇ
2465 4065 2608 4140 μίξει
2639 4066 2938 4142 κέχρηται,
2971 4064 3000 4120 6
3033 4060 3092 4120 δὶ
3122 4063 3284 4140 χάριν
3317 4059 3546 4134 ἡδονῆς.

2239 4267 2314 4322 Μ.
2347 4262 2526 4322 Τοῦτό
2589 4283 2684 4336 μοι
2743 4262 2882 4330 εῐπὶ,
2917 4260 2978 4316 ἐκ
3005 4264 3104 4317 τοῦ
3153 4260 3356 4336 ἀγαθὸῦ
3412 4260 3504 4316 καὶ
3552 4258 3826 4338 ἀφθάρτου

2165 4357 2298 4409 Θεοῦ
2328 4356 2363 4424 ἡ
2396 4352 2570 4430 φθορά
2597 4355 2706 4407 τῶν
2740 4350 3009 4427 σωμάτων
3042 4349 3136 4406 καὶ
3167 4353 3332 4424 σῆψις
3363 4347 3572 4424 ἐγένετο
3598 4368 3613 4422 ;

2236 4550 2310 4607 Ο.
2344 4550 2418 4607 T6
2477 4545 2536 4605 ἔκ
2593 4569 2744 4614 τινος
2797 4546 3108 4623 πολλαχῶς
3161 4543 3401 4623 λέγεται·
3463 4543 3576 4602 ἔστι
3624 4545 3727 4621 γάρ
3774 4545 3823 4619 ἐξ

393 4632 553 4687 enim
586 4633 746 4689 illius
777 4651 847 4690 ex
875 4653 968 4692 me
999 4636 1611 4706 consubstantialiter,
1648 4644 1740 4694 est
1783 4655 1853 4694 ex
1883 4639 2050 4697 fabro

2197 4642 2296 4711 μοῦ
2327 4639 2354 4693 6
2385 4633 2502 4701 υἱός
2557 4659 2660 4712 μοτ
2715 4637 3011 4712 ὁμοούσιος
3069 4635 3216 4710 ἐμοί·
3248 4635 3308 4692 ἐκ
3330 4639 3429 4690 τοῦ
3478 4636 3734 4700 τέκτονος
3761 4635 3820 4691 τὸ

385 4719 642 4794 lignario
673 4741 1007 4792 scamnum,
1032 4743 1102 4781 ex
1135 4731 1294 4781 terra
1333 4726 1582 4794 fructus,
1618 4744 1687 4781 ex
1738 4745 1875 4801 rege
1908 4745 2048 4785 cono

2200 4727 2385 4801 άθρον·
2421 4726 2480 4782 ἐκ
2521 4723 2578 4782 δὶ
2631 4734 2732 4796 τῆς
2788 4733 2891 4802 γῆς
2937 4726 2988 4781 οἱ
3019 4724 3242 4801 καρποί·
3279 4722 3341 4779 ἐκ
3394 4727 3493 4779 τοῦ
3555 4722 3820 4800 βασιλέως

389 4809 749 4870 ﬁscationes.
783 4817 898 4871 Nos
921 4832 1057 4888 ergo
1081 4831 1462 4887 nequaquam
1490 4832 1561 4870 ex
1593 4816 1694 4870 Dei
1719 4817 2054 4876 substantia

2198 4814 2480 4888 ημεόσεις·
2515 4818 2680 4889 ἡμεῖς
2727 4817 2913 4871 τοίνυν
2945 4813 3044 4870 οὐκ
3101 4812 3161 4870 ἐκ
3190 4817 3290 4880 τῆς
3321 4811 3508 4876 οὐσίας
3535 4817 3631 4868 τοῦ
3690 4815 3818 4869 Θεοῦ

386 4899 639 4958 dicimus
673 4904 798 4959 ﬁeri
834 4905 1305 4976 corruptionem,
1339 4905 1443 4960 sed
1486 4904 1787 4962 voluntate
1821 4908 1950 4979 ejus
1981 4926 2051 4966 ea

2197 4924 2335 4978 ηαμεν
2369 4905 2506 4960 εἶναι
2535 4906 2636 4974 τήν
2695 4904 2926 4984 φθορὰν,
2988 4901 3252 4980 βουλήσει
3286 4899 3342 4957 δὶ
3373 4901 3540 4957 αὐτοῦ
3599 4901 3817 4978 ἐνεργεῖ-

386 4989 513 5045 ﬁeri
546 5009 678 5063 qua;
710 4993 884 5049 nobis
916 4993 1086 5050 utilia
1129 4999 1284 5049 sunt.
1323 4995 1468 5049 Nam
1497 4994 1545 5049 si
1572 4996 1840 5066 quamvis
1897 4997 2046 5054 adeo

2197 5003 2282 5057 θαι
2343 4991 2693 5071 συμφέροντα
2724 4995 2885 5067 ἡμῖν.
2945 4990 3010 5050 Ei
3040 4993 3143 5068 γὰρ
3178 4995 3431 5068 φθαρτῶν
3491 4985 3664 5045 ὅντων
3716 4993 3816 5045 τῶν

380 5079 619 5151 fragiles
650 5099 744 5138 res
789 5084 1065 5140 humanas
1104 5083 1245 5149 sint,
1281 5089 1590 5155 tantopere
1621 5085 1695 5140 ob
1727 5085 1834 5141 has
1883 5087 2046 5144 insa-

2200 5083 2520 5158 ραγμάτων,
2581 5082 2726 5139 οὕτω
2783 5083 2910 5157 περὶ
2961 5081 3138 5138 αὐτῶν
3193 5083 3514 5155 μεμήναμεν
3563 5080 3640 5143 ὡς
3673 5078 3819 5135 δικα-

380 5169 600 5234 nimus,
635 5177 701 5226 ut
722 5173 901 5228 etiam
933 5174 1140 5229 litibus
1172 5191 1244 5229 ex
1272 5173 1448 5228 bellis
1482 5174 1698 5230 harum
1728 5191 1908 5232 causa
1938 5176 2037 5233 de-

2197 5174 2351 5249 τήρια
2379 5171 2468 5228 καὶ
2513 5171 2799 5247 πολέμους
2847 5173 2966 5227 κατ’
3021 5168 3293 5242 ἀλλήλων
3322 5174 3519 5239 κινεῖν,
3551 5168 3606 5225 τί
3633 5168 3734 5224 οὐκ
3761 5168 3817 5224 ἃν

377 5265 716 5329 certemus;
750 5263 895 5334 quid
949 5279 1188 5320 eramus
1236 5264 1423 5319 acturi
1471 5263 1519 5318 si
1576 5264 1730 5320 Deus
1788 5265 2042 5323 caducas

2197 5264 2539 5336 >λμήσαιμεν
2601 5262 2647 5316 εἰ
2705 5258 2949 5341 ἄφθαρτα
3003 5264 3173 5317 ταῦτα
3243 5260 3610 5336 παρήγαγεν;
3693 5262 3813 5321 Πῶς

375 5365 496 5405 non
523 5350 769 5408 fecisset
793 5352 821 5407 ?
845 5354 1149 5419 Quomodo
1181 5354 1360 5410 etiam
1393 5353 1751 5410 immortalis
1779 5355 1910 5411 vitae
1941 5356 2043 5414 do-

2197 5362 2211 5406 ι
2267 5353 2353 5408 καὶ
2418 5350 2669 5424 αἴσθησιν
2721 5349 3033 5427 ἐμέλλομεν
3068 5353 3169 5421 τῆς
3225 5347 3432 5426 δωρεᾶς
3495 5344 3690 5404 λαϐεῖν
3718 5355 3813 5419 τῆς

376 5453 520 5494 num
575 5440 1033 5509 aestimaremus,
1059 5459 1239 5516 quam
1283 5442 1458 5498 nobis
1491 5443 1594 5497 Dei
1626 5443 1886 5499 charitas
1917 5445 2040 5500 col-

2197 5441 2427 5518 ρθάρτυυ
2487 5445 2654 5513 ζωῆς,
2717 5441 2783 5511 ἢν
2839 5442 2978 5514 ἡμῖν
3041 5439 3482 5518 ἐφιλοτιμήσατο
3536 5439 3564 5493 6
3614 5437 3810 5515 Κύριος

374 5523 570 5582 latura
600 5534 712 5598 est,
749 5530 864 5585 nisi
899 5538 1076 5588 antea
1105 5531 1284 5587 vitam
1315 5532 1470 5587 hanc
1506 5532 1958 5604 corruptibilem
1982 5539 2041 5588 et

2197 5536 2331 5604 μῶν.
2364 5531 2410 5587 εί
2445 5533 2522 5606 μή
2577 5532 2846 5606 πρότερον
2882 5531 2934 5586 ἐν
2972 5529 3139 5606 πείρᾳ
3187 5527 3486 5606 γεγόναμεν
3512 5533 3615 5598 τῆς
3645 5539 3814 5605 φθαρ-

373 5615 765 5686 temporalem
825 5621 1050 5691 experti
1083 5638 1372 5688 essemus,
1402 5638 1581 5693 quam
1613 5640 1722 5679 nos
1744 5623 1870 5694 ipse
1898 5640 2034 5695 pru-

2197 5625 2244 5688 ἱς
2299 5621 2502 5692 ταύτης
2559 5622 2650 5677 καὶ
2711 5620 2982 5696 ἐπικήρου
3031 5623 3199 5690 ζωῆς,
3254 5617 3331 5680 εἷς
3361 5618 3429 5688 ἢν
3485 5619 3640 5690 ἡμᾶς
3677 5637 3810 5689 προ-

372 5700 583 5758 denter
623 5713 985 5778 praegustare
1030 5709 1273 5765 voluit?
1331 5710 1592 5782 Alioqui,
1652 5711 1700 5768 si
1733 5715 2033 5785 corruptio

2197 5711 2511 5785 (ωνίσασθαι
2549 5708 2736 5774 καλῶς
2795 5708 2942 5787 ἔχειν
2999 5707 3316 5783 ἐδοκίμασεν
3353 5705 3624 5777 ;Ἀλλως
3667 5726 3725 5762 τε
3755 5702 3810 5762 δὶ

374 5788 534 5843 mala
562 5796 671 5858 est,
698 5795 1000 5862 generatio
1035 5796 1162 5850 sine
1197 5797 1376 5853 dubio
1407 5799 1567 5856 bona
1597 5807 1705 5857 est.
1746 5803 1924 5874 Atqui
1969 5803 2032 5858 in

2241 5802 2277 5871 ἡ
2339 5800 2516 5878 φθορά
2570 5800 2762 5871 κακὸν,
2793 5802 2828 5872 ἡ
2861 5798 3068 5878 γίνεσις
3117 5799 3334 5860 πάντως
3387 5795 3613 5874 ἀγαθόν·
3667 5793 3811 5853 ἀλλὰ
