4120 6398
353 388 499 447 1329

1127 382 1438 443 JOANNIB
1471 386 1894 444 ORTHODOXI
1932 383 2362 455 DIBPUTATIO
2398 387 2549 445 CUM
2586 387 3004 444 MANICHBO.

3642 385 3783 443 1330

362 519 470 592 μὴν
504 516 629 591 περῖ
659 514 722 571 τὸ
756 513 888 570 αὐτὸ
920 514 1083 584 σῶμα
1111 511 1315 588 γένεσις
1375 512 1466 567 καὶ
1521 512 1717 589 φθορὰ,
1778 513 1880 567 οὐκ
1914 512 1993 585 ap.

2129 514 2339 571 eodem
2371 532 2616 587 corpore
2647 520 2771 571 tum
2810 513 3114 588 generatio
3155 517 3281 569 tum
3332 515 3632 587 corruptio
3668 518 3735 573 ﬁt
3768 534 3781 573 :

359 613 521 681 σῶμα
555 606 710 680 φύσει
742 606 932 671 κακὸν,
957 602 1031 665 ὡς
1068 603 1224 675 ὑμεῖς
1277 597 1717 657 διαϐεϐαιοῦσθαι
1749 603 1812 657 τὸ
1858 606 2017 674 σῶμα

356 702 459 763 τῆς
490 696 678 757 κακίας
711 696 847 749 εἶναι
880 691 1316 768 δογματίζοντες.
1348 694 1445 746 Διά
1498 691 1551 747 τί
1608 690 1665 747 δὲ
1723 692 1756 746 ἄ
1798 692 1889 754 μὶν
1921 713 2016 746 νο-

377 785 552 859 μίζεις
582 785 714 839 εἶναι
746 783 883 838 κακά
911 787 1018 837 τῶν
1052 783 1323 855 σωμάτων
1384 786 1606 856 θεωρεῖς
1663 802 1721 836 τε
1774 782 1863 836 καὶ
1923 780 2011 837 λέ-

360 895 499 950 γεις,
529 875 597 928 τὰ
649 872 705 928 δὲ
765 873 815 945 ἐξ
863 871 1039 927 αὐτῶν
1091 872 1267 946 ἀγαθά
1323 870 1733 947 παρατρέχειςς
1788 876 2007 943 Πρῶτον

361 965 457 1037 μὲν
486 963 588 1039 γὰρ
622 963 727 1018 ἀπὸ
756 967 863 1018 τῶν
898 960 956 1016 ἐκ
995 968 1101 1037 γῆς
1151 959 1557 1033 ἀναδιδομένων
1608 965 1829 1034 καρπῶν
1887 982 2008 1036 τρε-

355 1054 573 1127 φόμεθά
601 1073 660 1106 τε
688 1050 777 1106 καὶ
810 1050 1191 1123 συνιστάμεθα·
1256 1049 1316 1105 ἐκ
1370 1048 1427 1105 δὲ
1484 1050 1654 1105 λίθων
1683 1050 1771 1104 καὶ
1804 1050 2005 1120 ξύλων,

344 1139 532 1203 οἵκους
580 1140 1070 1212 κατασκευάζομεν,
1131 1137 1201 1194 δι’
1256 1141 1329 1194 ὧν
1396 1135 1612 1213 ’ὄμϐρου
1659 1138 1747 1194 καὶ
1805 1140 2005 1215 κρύους

351 1229 808 1305 ἐλευθερούμεθα·
834 1226 981 1283 ἀλλά
1009 1229 1097 1283 καὶ
1136 1232 1231 1284 τοῦ
1262 1228 1427 1298 ἡλίου
1474 1228 1537 1283 τὸ
1584 1226 1861 1291 καυσῶδες
1917 1228 2003 1284 ἐκ-

334 1320 630 1392 κλίνομεν,
663 1317 722 1372 ὅν
756 1317 819 1372 σὺ
852 1321 1148 1387 θεοποιῶν,
1183 1318 1284 1373 οὐκ
1313 1317 1573 1393 αἲσχύνῃ·
1606 1315 1820 1392 σιδήρῳ
1852 1315 1908 1372 δὲ
1938 1318 2000 1374 ού

340 1407 513 1481 μόνον
545 1409 643 1475 τὴν
665 1415 769 1483 γῆν
818 1406 1083 1481 ἀροῦμεν,
1114 1405 1262 1461 ἀλλά
1291 1406 1380 1461 καὶ
1412 1404 1716 1479 πολεμίους
1749 1405 1999 1471 ἐπιόντας

337 1496 752 1569 φυλαττόμεθα.
786 1495 847 1553 Εἰ
891 1493 949 1551 δὲ
998 1496 1215 1558 τούτοις
1271 1493 1668 1569 ἐλεγχόμενος,
1721 1493 1997 1567 ἐπιμένοις

337 1589 510 1659 σῆψιν
533 1585 623 1641 καὶ
658 1582 923 1641 δυσωδίαν
955 1579 1438 1658 προϐαλλόμενος,
1485 1582 1618 1644 ἴσως
1668 1583 1881 1659 ἀγνοεῖς
1912 1584 1995 1639 ’ὀτι

337 1675 410 1729 τά
439 1682 541 1744 τῆς
610 1678 796 1750 ψυχῆς
862 1673 1206 1749 μετασχόντα
1255 1671 1470 1746 μᾶλλον
1527 1683 1629 1741 την
1682 1675 1846 1746 σῆψιν
1906 1674 1993 1728 καὶ

339 1762 614 1820 δυσωδίαν
679 1764 984 1841 ὑφίσταται·
1046 1764 1247 1837 ἀγαθοῦ
1304 1767 1444 1818 Θεοῦ
1502 1759 1560 1816 δὲ
1607 1764 1726 1826 καθ’
1762 1763 1900 1836 ὑμᾶς
1957 1766 1992 1833 ἡ

2126 621 2247 660 non
2273 611 2361 660 est
2396 622 2531 678 ergo
2556 607 2822 678 corporis
2873 611 3086 660 natura
3138 603 3317 671 mala,
3352 605 3437 659 uti
3488 623 3588 661 vos
3646 624 3782 663 con~

2125 694 2391 761 tenditis,
2424 696 2523 766 qui
2557 714 2771 767 corpus
2801 696 2862 750 in
2896 697 3188 751 malarum
3217 711 3416 750 rerum
3443 695 3631 750 classe
3655 703 3775 752 sta-

2123 785 2307 839 tuitis.
2344 785 2458 838 Cur
2487 792 2684 839 autem
2720 792 2800 852 tu,
2834 802 2966 856 quae
3010 785 3168 840 mala
3213 785 3275 838 in
3311 785 3774 857 corporibusju-

2122 873 2305 934 dicas.
2333 875 2755 945 contemplaris
2783 881 2841 928 et
2891 876 3127 941 recitas,
3162 873 3319 928 bona
3344 879 3541 928 autem
3576 891 3645 928 ex
3677 875 3771 929 his

2119 964 2427 1018 manantia
2450 963 2788 1018 dissimulas
2811 964 2989 1018 ?Nam
3018 964 3209 1035 primo
3224 963 3464 1034 quidem
3479 964 3771 1019 fructibus

2119 1071 2188 1109 ex
2222 1060 2378 1108 terra
2401 1053 2793 1124 suppeditatis
2846 1055 3145 1108 nutrimur
3203 1059 3260 1107 et
3299 1070 3719 1108 conservamur
3758 1072 3769 1109 :

2116 1143 2414 1215 lapidibus
2448 1160 2513 1198 ac
2546 1144 2721 1216 lignis
2753 1143 2911 1197 aedes
2960 1144 3384 1208 construimus,
3446 1143 3662 1214 quibus
3694 1144 3767 1199 ab

2114 1234 2305 1287 imbre
2332 1238 2390 1288 et
2410 1232 2625 1304 frigore
2647 1232 3034 1304 protegimur,
3068 1232 3171 1286 sed
3223 1237 3280 1287 et
3307 1232 3583 1287 ardorem
3622 1234 3766 1289 solis

2112 1323 2386 1390 vitamus,
2422 1338 2599 1392 quem
2631 1326 2694 1377 tu
2724 1321 3002 1376 deiﬁcare
3042 1338 3163 1375 non
3222 1321 3562 1377 erubescis:
3604 1322 3763 1379 ferro

2111 1418 2309 1469 autem
2334 1428 2455 1466 non
2489 1410 2901 1466 tantummodo
2961 1416 3180 1465 terram
3239 1426 3499 1477 aramus,
3557 1427 3760 1466 verum

2110 1502 2289 1557 etiam
2316 1502 2612 1556 irruentes
2642 1501 2843 1555 hostes
2874 1499 3314 1571 propulsamus.
3348 1502 3465 1571 Age
3523 1516 3659 1556 vero
3714 1501 3762 1555 si

2108 1592 2201 1647 his
2224 1592 2546 1656 convictus,
2574 1590 2970 1646 nihilominus
3027 1592 3257 1661 perstas
3280 1587 3662 1660 putredinem
3696 1605 3762 1644 ac

2105 1680 2355 1736 fetorem
2386 1680 2677 1752 objiciens
2709 1700 2722 1748 ;
2749 1696 2825 1735 an
2856 1679 3113 1752 ignoras,
3176 1693 3245 1733 ea
3301 1693 3433 1747 quas
3482 1678 3755 1733 animum

2104 1771 2399 1837 afﬁciunt,
2431 1770 2730 1841 putredini
2763 1769 2953 1824 multo
2974 1768 3162 1839 magis
3188 1783 3255 1822 ac
3296 1766 3471 1848 fetori
3495 1782 3623 1822 esse
3646 1767 3749 1823 ob-

333 1856 410 1929 ψυ
474 1855 488 1874 ‘
569 1854 583 1874 ν
636 1853 648 1874 Ι
715 1852 739 1908 ἒ
814 1853 824 1871 Ι
863 1872 876 1885 ⁸
910 1853 939 1907 ὁ
970 1853 1002 1908 ἀ
1114 1852 1127 1869 λ
1232 1852 1259 1870 ν
1398 1853 1411 1870 η
1546 1850 1571 1872 ν
1756 1849 1765 1868 θ
1925 1852 1953 1871 τ’

418 1873 496 1928 χη
529 1874 683 1909 ουσια
742 1874 853 1907 στιν
1002 1864 1166 1927 γαθος
1198 1872 1288 1907 ουν
1322 1859 1450 1913 Θεος
1507 1872 1683 1914 αιτιος
1740 1850 1887 1907 ἐσται
1916 1873 1988 1907 ων

446 1945 496 1964 In
718 1948 746 1960 υ
859 1950 883 1962 -
1003 1945 1017 1964 I
1037 1946 1049 1964 Ι
1117 1943 1129 1963 1
1161 1963 1168 1964 ,
1206 1963 1212 1964 ,
1244 1963 1250 1964 ,
1309 1963 1314 1964 ,
1332 1943 1372 1964 ,,\
1414 1939 1438 1964 β
1487 1963 1506 1964 7
1565 1939 1644 1964 βΙη
1668 1963 1675 1964 ,

2117 1860 2279 1915 noxia
2303 1860 2330 1915 ‘I
2359 1860 2537 1930 Atqui
2595 1860 2657 1913 in
2708 1858 3007 1915 sententia
3053 1862 3266 1924 vestra,
3301 1856 3441 1912 boni
3479 1856 3577 1910 Dei
3612 1856 3753 1912 sub-

318 1945 576 2018 νομίζεις
606 1948 787 1999 κακῶν
816 1950 919 2014 τῆς
952 1943 1170 2017 σήψεώς
1200 1963 1259 1997 τε
1287 1943 1374 1998 καὶ
1411 1939 1701 2004 δυσωδίας.

394 2217 471 2269 Μ.
534 2210 601 2268 Εἰ
662 2212 738 2284 μή
790 2209 905 2267 ἔστι
960 2209 1120 2279 κακὰ,
1180 2207 1269 2265 διὰ
1322 2207 1377 2265 τί
1433 2211 1600 2284 νόμοι
1665 2210 1989 2280 κολάζουσιν

319 2299 462 2359 αὑτά
493 2322 508 2371 ;

389 2396 458 2448 Ο.
488 2393 665 2445 Τοῦτο
700 2388 940 2461 μάλιστα
970 2386 1189 2466 ἐλέγχει
1220 2390 1319 2458 τὴν
1381 2389 1480 2458 σὴν
1541 2383 1988 2467 φρενοϐλάϐειαν·

318 2479 370 2535 εἴ
398 2482 505 2555 γάρ
542 2480 619 2551 μή
654 2477 737 2556 ἐφ’
766 2482 901 2552 ἡμῖν
934 2481 1000 2548 ἦν
1032 2480 1099 2534 τὰ
1140 2479 1286 2533 κακά
1315 2479 1410 2533 καὶ
1474 2480 1845 2553 ἀγαθοποιεῖν,
1897 2479 1996 2534 οὐκ

322 2568 384 2624 ἄν
421 2568 684 2637 ἐκόλαζον
715 2567 847 2629 τοὺς
874 2568 1216 2643 κακούργους
1247 2569 1297 2621 οἱ
1352 2568 1539 2640 νόμοι,
1601 2567 1800 2631 οἷ’τινες
1852 2568 1987 2624 πολ-

320 2658 485 2721 λάκις
547 2657 612 2711 ού
674 2657 775 2724 τὴν
823 2656 1013 2727 πρᾶξιν
1068 2659 1391 2725 σκοποῦσιν,
1423 2655 1571 2710 ἀλλά
1621 2657 1718 2725 τήν
1754 2653 1987 2720 διάθεσιν

320 2751 424 2803 τοῦ
456 2744 755 2821 πράξαντος
788 2744 1150 2815 ἐξετάζουσινυ
1185 2746 1299 2799 οἷον
1331 2742 1516 2820 ἔρῥιψέ
1572 2766 1657 2806 τις
1688 2743 1847 2815 ξύλον
1901 2735 1989 2800 καῖ

316 2838 471 2891 ἄκων
506 2832 689 2889 ἀνεῖλέ
717 2854 862 2904 τινα,
922 2831 985 2887 ού
1042 2833 1281 2905 κρίνουσι
1343 2833 1512 2911 φόνου
1567 2833 1659 2887 τὸν
1694 2833 1988 2908 ἐργασάμε-

315 2944 431 2980 νον⁸
494 2922 665 2998 ἐμίγη
722 2944 805 2986 τις
856 2920 999 2977 ἄκων
1061 2921 1332 2999 ἀλλοτρίᾳ
1363 2923 1471 2977 τινὶ
1522 2922 1759 2998 γυναικὶ,
1810 2924 1988 2991 εὑρὼν

314 3014 492 3081 αὐτὴν
528 3012 615 3067 ἐπὶ
648 3010 844 3082 κλίνης
901 3012 1066 3066 αὑτοῦ
1122 3011 1504 3085 κοιμωμένην,
1567 3013 1641 3074 ὡς
1693 3016 1761 3086 τῇ
1790 3013 1984 3067 ἑαυτοῦ

317 3102 659 3178 μιγνύμενος
688 3105 927 3177 γαμετῇ,
970 3100 1280 3157 ἀπολύουσι
1341 3101 1545 3177 μοιχὸν
1597 3103 1690 3157 τὸν
1751 3123 1989 3177 κατηγο-

311 3193 602 3271 ρούμενον,
638 3192 685 3247 εἰ
716 3195 877 3247 τοῦτο
913 3189 1181 3268 δειχθείη.

375 3300 695 3374 Ἀπόκριναι
727 3297 783 3354 δὲ
819 3320 934 3372 μοι,
964 3297 1054 3354 διά.
1083 3298 1135 3354 τί
1170 3299 1261 3354 τὸν
1318 3298 1484 3371 ἣλιον
1516 3305 1907 3373 προσκυνεῖτε,

380 3398 448 3445 Μ.
481 3391 609 3447 Ὀτι
637 3391 867 3467 φωστήρ
900 3387 1011 3444 ἐστι
1043 3410 1141 3443 το)
1173 3390 1409 3463 κόσμου,
1457 3394 1554 3444 τοῦ
1583 3389 1789 3465 ἀγαθοῦ
1850 3390 1989 3445 Θεοῦ

292 3479 357 3555 γὲ
394 3501 491 3548 ννη
503 3500 595 3549 μα.

388 3570 453 3624 Ο.
490 3566 663 3638 Σῶμά
689 3565 832 3620 ἐστιν
864 3566 899 3635 ἢ
945 3566 1279 3639 ἀσώματος;

380 3662 451 3710 Μ.
491 3657 503 3676 ’
522 3654 857 3726 Ασώματος.

388 3747 457 3803 Ο.
501 3749 619 3806 [Ιῶς
652 3746 680 3800 ὁ
737 3743 1027 3816 ἀσώματος
1090 3749 1422 3816 σωματικῶς
1484 3746 1678 3818 ὁρᾶται
1716 3765 1729 3814 ;
1765 3747 1845 3803 Τὰ
1900 3748 1996 3819 μὲν

306 3835 420 3911 γὰρ
444 3835 708 3906 ἀσώματα
736 3838 950 3904 νοητῶς
984 3840 1287 3908 θεωρεῖται·
1328 3836 1355 3890 ὁ
1388 3832 1446 3890 δὲ
1488 3834 1655 3904 ἥλιος
1712 3835 1993 3906 αἰσθητιῖῐ)ς

313 3924 659 4003 ὀφθαλμοῖς,
692 3925 779 3979 καὶ
826 3930 1217 4000 περιγραπτοῖς
1278 3926 1491 3997 σώμασι
1550 3923 1990 3998 καταλαμϐάνε-

307 4034 429 4070 ταιο
466 4012 651 4076 ἃλλως
680 4015 739 4069 τέ
759 4013 870 4069 ἐστί
899 4036 951 4070 τι
982 4018 1090 4069 τῶν
1136 4014 1445 4088 ἀσωμάτων
1504 4016 1829 4088 σωματικὰς
1864 4014 1996 4093 ἔχον

317 4127 395 4161 πο
408 4105 627 4175 ιότητας
654 4124 668 4174 ;

392 4198 475 4254 Μ.
510 4196 586 4253 Οὐ
621 4196 849 4269 νομίζω.

397 4287 448 4343 Ο
500 4286 679 4343 Ἀλλά
714 4289 822 4358 μὴν
852 4287 880 4341 ό
913 4285 1077 4355 ἣλιος
1111 4286 1428 4359 σωματικὰς
1486 4282 1604 4363 ἔχει
1664 4288 1969 4357 ποιότητας

316 4373 535 4446 θερμός
565 4394 625 4428 τε
674 4376 778 4448 γάρ
833 4372 946 4429 ἐστι
1007 4372 1098 4428 καὶ
1155 4373 1341 4448 ξηρός·
1404 4375 1561 4430 αὗται
1619 4373 1675 4430 δὲ
1725 4378 1993 4448 σωμάτων

320 4462 647 4533 ποιότητες’
684 4467 844 4535 σῶμα
876 4461 977 4536 ἄρα
1004 4461 1114 4517 ἐστῖ
1174 4464 1264 4518 καὶ
1323 4465 1351 4518 ὁ
1410 4462 1597 4533 ἣλιος.
1634 4470 1755 4529 Πῶς
1812 4463 1867 4519 δέ
1900 4465 1998 4521 οὐκ

307 4551 596 4627 ἐρυθριᾶτε
628 4545 873 4613 σὲὅοντες
929 4549 990 4605 ὅν
1052 4557 1229 4624 μισεῖν
1292 4551 1555 4631 ὠφείλετε
1616 4554 1690 4617 ὡς
1746 4553 1987 4610 ἐναντίον

314 4646 594 4700 ποιοῦντα
622 4645 720 4696 τοῦ
752 4638 1028 4715 δόγματος
1053 4642 1206 4714 ὑμῶν
1242 4661 1255 4711 ;

399 4733 476 4789 Μ.
513 4730 610 4786 Διά
637 4730 692 4786 τί
723 4730 961 4786 ἐναντίον
987 4750 1001 4801 ;

403 4825 470 4885 Ο,
501 4823 712 4880 Ὅτιτά
742 4822 993 4895 σώματα,
1027 4818 1062 4876 δι’
1113 4829 1214 4892 τῆς
1272 4821 1463 4885 κακίας
1506 4824 1661 4898 ὑμεῖς
1722 4828 1853 4882 εἶναι
1895 4826 1985 4882 λέ-

314 4933 465 4989 γετε,
497 4911 681 4991 τρέφει
740 4932 799 4967 τε
855 4911 947 4967 καὶ
1009 4917 1318 4987 συγκροτεῖ.
1382 4915 1478 4967 Καὶ
1536 4914 1757 4977 τούτοις
1800 4914 1987 4979 οὐδεὶς

308 5000 553 5077 ἀντερεῖ,
595 5001 672 5074 μή
703 5004 773 5075 τῇ
805 5001 971 5075 πείρᾳ
1027 5001 1365 5076 μαχόμενος.
1433 5002 1567 5058 Εἰπὲ
1624 5001 1682 5059 δὲ
1742 5026 1836 5077 μοι
1894 5007 1981 5062 καὶ

319 5093 518 5161 τοῦτο,
548 5089 727 5166 κρίσιν
762 5090 1063 5167 ὁμολογεῖς
1100 5112 1115 5162 ς

400 5182 475 5240 Π.
509 5177 637 5236 Ναί.

396 5267 465 5329 Ο.
487 5266 586 5331 Τίς
615 5268 645 5323 ὁ
665 5264 893 5344 κρίνων,
924 5269 1018 5325 καὶ
1048 5268 1133 5333 τίς
1167 5270 1195 5325 ὁ
1223 5271 1549 5345 κρινόμενος
1582 5291 1597 5342 ;

394 5374 474 5434 M.
509 5375 688 5451 Κρίνει
725 5373 820 5448 μὶν
851 5376 879 5431 ὁ
939 5373 1165 5451 ἀγαθός,
1221 5376 1461 5451 κρίνεται
1523 5377 1581 5433 δὶ
1636 5381 1672 5449 ἡ
1730 5381 1985 5458 ἀμαρτήο

318 5483 467 5521 σασα
494 5467 640 5519 πᾶσα
667 5466 824 5540 ψυχή
836 5506 850 5522 .

386 5556 455 5610 Ο.
486 5551 652 5610 Ἀλλ’
683 5554 873 5611 ἑαυτὸν
926 5556 1315 5631 ἀμαρτήσαντα
1372 5556 1623 5628 κολάζων
1684 5560 1983 5636 εὑρίσκεται

319 5644 351 5700 6
384 5644 538 5714 Θεὸς,
571 5643 723 5720 εἴπερ
757 5644 816 5701 ἐκ
843 5651 944 5715 τῆς
974 5644 1161 5709 οὐσίας
1195 5647 1364 5717 αὐτῆς
1398 5646 1537 5703 ἐστιν
1590 5652 1625 5720 ἡ
1685 5651 1981 5726 κρινομένη

318 5732 503 5811 ψυχή·
535 5738 653 5800 πῶς
684 5734 741 5792 δέ
769 5733 1145 5813 κατακρίνεται
1203 5739 1239 5809 ἠ
1302 5739 1376 5813 μή
1439 5739 1697 5804 ἑκουσίως
1752 5739 1983 5819 ἐργασα-

2102 1950 2322 2005 stantia
2361 1955 2451 2004 est
2481 1949 2729 2005 anima:
2781 1966 2918 2020 ergo
2971 1948 3166 2003 bonus
3216 1948 3370 2001 Deus
3431 1962 3612 2002 causa
3643 1946 3756 2002 erit

2096 2040 2331 2106 horum,
2356 2056 2488 2110 quae
2535 2044 2796 2110 reputas,
2854 2037 3151 2092 malorum
3182 2036 3515 2108 putredinis
3548 2053 3616 2091 ac
3662 2036 3757 2091 fe-

2095 2130 2265 2185 toris.

2167 2219 2237 2272 M.
2273 2217 2329 2271 Si
2356 2216 2517 2271 mala
2546 2216 2609 2271 in
2663 2215 2887 2271 mundo
2915 2232 3036 2270 non
3085 2219 3245 2281 sunt,
3306 2230 3413 2269 cur
3457 2213 3621 2286 leges
3691 2231 3761 2271 ea

2096 2308 2356 2379 puniunt
2383 2306 2411 2360 ?

2169 2402 2233 2452 Ο.
2258 2397 2377 2451 Hoc
2409 2395 2663 2450 maxime
2710 2400 2874 2449 tuam
2909 2396 3175 2467 coarguit
3247 2394 3541 2450 insaniam
3573 2408 3585 2446 :
3620 2409 3761 2447 nam

2098 2487 2213 2542 nisi
2238 2485 2427 2541 nostri
2460 2484 2689 2540 arbitrii
2712 2491 2871 2540 esset
2906 2484 3059 2539 male
3093 2485 3179 2539 vel
3206 2484 3358 2540 bene
3390 2500 3562 2555 agere
3604 2482 3764 2536 haud

2096 2574 2251 2631 108
2305 2591 2448 2629 sane
2488 2574 2774 2645 punirent
2825 2573 3131 2629 maleficos
3187 2574 3366 2645 leges,
3419 2589 3548 2644 quae
3602 2588 3759 2642 saepe

2096 2664 2255 2719 haud
2287 2671 2484 2718 actum
2518 2668 2807 2733 spectant,
2832 2663 2935 2717 sed
2966 2664 3199 2735 agentis
3232 2662 3603 2734 propositum
3636 2661 3758 2715 dis-

2095 2754 2342 2826 quirunt
2367 2769 2379 2805 :
2407 2751 2608 2811 veluti.
2640 2751 2865 2819 lignum
2911 2751 3045 2821 quis
3069 2750 3754 2822 jecit.etinvitushomi-

2096 2859 2235 2898 nem
2276 2841 2539 2907 occidit;
2574 2857 2693 2894 non
2717 2841 3005 2895 damnant
3025 2841 3203 2895 caedis
3264 2841 3421 2911 leges
3464 2856 3597 2893 eum
3651 2839 3751 2909 qui

2095 2932 2254 2989 fecit.
2282 2932 2484 2985 Mistus
2530 2936 2621 2985 est
2651 2931 2869 3000 aliquis
2902 2930 3113 2985 alienas
3180 2929 3437 2993 mulieri,
3473 2945 3652 3001 quam
3688 2930 3748 2982 in

2098 3041 2203 3081 suo
2237 3023 2455 3078 lectulo
2488 3022 2788 3077 inventam
2822 3022 3046 3092 putavit
3086 3038 3215 3076 esse
3276 3020 3577 3091 propriam
3610 3036 3753 3073 uxo-

2098 3132 2224 3171 rem
2250 3132 2261 3168 :
2287 3114 2603 3169 absolvunt
2634 3129 2769 3168 eum
2797 3110 3076 3167 adulterii
3109 3110 3359 3166 crimine
3389 3110 3568 3183 leges,
3588 3110 3636 3164 si
3661 3126 3755 3164 res

2104 3204 2566 3259 demonstretur.

2170 3313 2464 3365 Praeterea
2496 3307 2789 3379 responde
2823 3307 2989 3370 mihi,
3024 3324 3130 3362 cur
3162 3307 3347 3362 solem
3381 3306 3641 3361 adoretis
3662 3305 3691 3360 ‘i

2170 3403 2241 3455 M.
2271 3400 2420 3466 Quia
2443 3400 2742 3455 luminare
2776 3397 2983 3453 mundi
3019 3404 3126 3466 est,
3156 3397 3297 3453 boni
3326 3398 3425 3452 Dei
3458 3396 3753 3469 genitura.

2172 3582 2233 3636 0.
2266 3580 2678 3651 Corporeusne
2717 3583 2824 3643 est,
2859 3593 2935 3631 an
2966 3576 3351 3647 incorporeus
3373 3574 3401 3629 ?

2169 3671 2239 3723 M.
2265 3670 2671 3740 Incorporeus.

2171 3760 2233 3813 Ο.
2270 3758 2574 3822 Quomodo
2610 3772 2992 3827 incorporeus
3024 3754 3413 3826 corporaliter
3442 3752 3754 3807 cernitur?

2101 3850 2365 3917 Namque
2414 3847 2762 3916 incorporea
2794 3852 2994 3899 mente
3042 3844 3537 3913 contemplamur.
3565 3842 3750 3897 solem

2102 3938 2470 3994 sensibiliter
2524 3936 2713 3991 oculis
2775 3943 2831 3989 et
2884 3935 3347 4004 circumscriptis
3405 3934 3753 4004 corporibus

2100 4026 2683 4098 comprehendimus.
2721 4028 2940 4079 Practer
2959 4024 3311 4095 quamqnod
3334 4032 3501 4077 estne
3525 4022 3753 4093 aliquid

2102 4118 2521 4187 incorporeum
2554 4132 2689 4169 cum
2721 4115 3021 4186 corporeis
3051 4113 3439 4185 qualitatibus
3469 4112 3496 4167 ?

2173 4208 2243 4262 M.
2279 4208 2402 4261 Non
2435 4210 2597 4275 puto.

2174 4298 2236 4352 0.
2272 4294 2449 4365 Atqui
2505 4293 2594 4348 sol
2646 4309 2962 4365 corporeas
3020 4293 3200 4347 habet
3240 4291 3605 4363 qualitates;
3667 4295 3757 4344 est

2102 4386 2266 4441 enim
2292 4382 2519 4439 calidus
2552 4382 2893 4453 aridusque,
2928 4400 3058 4453 qum
3092 4389 3232 4437 sunt
3262 4398 3575 4453 corporum
3607 4396 3757 4450 qua-

2102 4476 2339 4530 litates:
2376 4473 2666 4545 estigitur
2696 4489 2911 4544 corpus
2963 4472 3068 4526 sol.
3127 4474 3241 4526 Cur
3293 4488 3427 4526 vero
3490 4486 3610 4524 non
3653 4487 3756 4524 vos

2100 4564 2287 4637 pudet
2306 4562 2554 4618 adorare
2607 4578 2741 4615 eum
2774 4578 2950 4633 quem
2978 4560 3175 4616 odisse
3210 4560 3461 4624 debetis,
3494 4559 3635 4630 quia
3658 4575 3757 4613 ve-

2016 4637 2063 4701 Ῑ)
2097 4662 2218 4711 stro
2242 4651 2501 4724 dogmati
2534 4651 2837 4706 contraria
2882 4650 3024 4707 facit
3051 4650 3078 4705 ?

2170 4744 2242 4796 Μ.
2269 4743 2384 4796 Cur
2415 4740 2717 4796 contraria
2746 4740 2773 4795 ?

2169 4833 2231 4887 Ο.
2266 4831 2412 4897 Quia
2440 4847 2708 4901 corpora,
2748 4846 2881 4900 quas
2912 4846 3014 4883 vos
3066 4828 3311 4884 malitiae
3344 4844 3473 4883 esse
3533 4826 3753 4892 dicitis,

2096 4922 2288 4976 nutrit
2314 4926 2372 4975 et
2402 4920 2745 4992 compingit.
2778 4922 2970 4989 Atque
3020 4918 3113 4973 his
3170 4934 3345 4972 nemo
3377 4916 3753 4983 contradicit,

2098 5011 2244 5082 quin
2276 5011 2362 5065 rei
2393 5016 2650 5081 experta)
2682 5014 2991 5080 repugnet.
3027 5009 3146 5063 Hoc
3199 5007 3377 5061 etiam
3430 5005 3575 5061 mihi
3607 5004 3701 5060 dic
3738 5021 3750 5057 :

2088 5100 2389 5172 judicium
2421 5098 2545 5153 fore
2578 5098 2884 5154 conﬁteris
2915 5097 2943 5152 ‘2

2167 5190 2239 5245 M.
2274 5188 2586 5260 Equidem.

2169 5278 2235 5333 0.
2268 5277 2410 5342 Quis
2431 5276 2642 5348 judex,
2672 5281 2730 5331 et
2757 5275 2891 5346 quis
2912 5273 3219 5345 judicatus
3244 5272 3273 5329 ?

2169 5389 2240 5443 Μ.
2274 5387 2510 5443 Iudicat
2538 5387 2733 5443 bonus
2766 5387 2945 5457 Deus,
2970 5385 3279 5459 judicatur
3311 5384 3532 5456 quasvis
3551 5384 3759 5440 anima

2096 5478 2415 5549 peccatrix.

2168 5568 2230 5623 Ο.
2266 5568 2444 5638 Atqui
2469 5568 2731 5639 seipsum
2786 5571 3132 5638 peccantem
3166 5564 3570 5636 comperietur
3604 5566 3756 5620 Deus

2096 5656 2331 5729 punire,
2370 5657 2417 5711 si
2448 5662 2607 5712 certe
2640 5673 2709 5711 ex
2742 5656 2950 5711 eadem
2971 5655 3307 5711 substantia
3336 5661 3429 5711 est
3449 5671 3581 5725 qua:
3597 5654 3756 5727 judi-

2096 5750 2265 5802 catur
2294 5746 2513 5802 anima.
2537 5749 2653 5803 Cur
2676 5763 2816 5804 vero
2847 5745 3301 5814 condemnatur,
3322 5762 3455 5817 qum
3477 5743 3750 5801 involun-
