4120 6402
378 357 554 437 1331’

1909 354 2282 422 ωοκκω.

3689 358 3842 416 13η

376 506 530 563 taria
560 479 786 560 malum
818 503 1063 573 operata
1093 501 1183 554 est
1205 497 1485 554 ?Etenim
1543 489 1900 549 necessitate
1930 503 2036 543 na-

2169 486 2282 561 ιένη
2339 491 2402 546 τὸ
2457 479 2697 565 πονηρόν
2735 513 2749 561 ;
2783 491 3027 566 ’Δνᾶγκῃ
3069 489 3177 564 γὰρ
3226 489 3443 566 φύσεως
3470 487 3568 544 καὶ
3625 503 3842 564 προαι-

379 602 694 659 tuumnon
725 591 1028 646 voluntate
1060 589 1189 644 ﬁeri
1219 587 1378 643 mala
1398 581 1737 641 dicitis.Sed
1762 579 2046 651 quoniam

381 685 499 741 duo
549 679 848 754 principia
882 696 1011 734 esse
1042 677 1260 747 dicitis,
1296 678 1480 731 Deum
1515 690 1583 729 ac
1613 668 1929 726 materiam
1954 685 1968 734 ;
1993 671 2052 721 et

389 775 577 830 Deum
611 770 853 842 quidem
885 768 1134 833 bonum,
1165 766 1479 822 materiam
1513 762 1733 818 malam
1761 776 1774 824 ;
1809 761 1868 812 et
1900 756 2048 810 utri-

386 879 502 935 que
531 866 758 916 naturaa
792 862 1133 929 separatum
1175 856 1604 928 propriumque
1668 851 1863 904 locum
1895 845 2044 900 assi-

386 933 568 1026 gnare
599 948 929 1014 audetis,et
957 946 1105 1002 alias
1121 945 1214 1000 his
1245 943 1599 1000 connectitis
1630 933 2049 1005 fabulas,quod

390 1057 606 1113 nempe
636 1038 911 1105 materia,
943 1037 1075 1092 luce
1112 1037 1214 1092 Dei
1241 1036 1384 1100 visa,
1407 1049 1605 1089 amore
1636 1027 1923 1084 exarserit
1956 1030 2048 1080 at-

390 1147 505 1203 que
535 1129 609 1184 ad
639 1127 807 1183 illam
839 1126 1186 1193 accurrerit,
1243 1141 1423 1195 quam
1486 1124 1642 1177 Deus
1691 1131 1943 1172 cernens
1975 1112 2050 1167 ad

386 1224 688 1276 certamen
747 1221 1036 1288 paratam,
1099 1213 1448 1268 substantiae
1509 1207 1765 1283 propriae
1815 1208 2044 1275 partem

388 1308 709 1363 dissectam
770 1305 858 1359 illi
916 1302 1196 1375 injecerit
1241 1319 1254 1369 ;
1299 1317 1418 1372 qua
1476 1302 1736 1369 recepta,
1800 1305 2052 1362 corpora

388 1403 602 1453 cuncta
622 1395 829 1468 genuit
850 1393 1130 1460 materia;
1155 1392 1437 1463 quoniam
1462 1390 1640 1460 igitur
1660 1387 1786 1440 haec
1829 1381 2050 1446 dicitis,

388 1487 812 1543 refutationem
843 1485 1082 1538 brevem
1114 1481 1462 1536 eorumdem
1504 1478 1814 1533 faciemus.
1849 1471 2052 1526 Primo

391 1577 573 1649 igitur
601 1572 1028 1646 perpendenda
1069 1577 1159 1626 est
1215 1571 1390 1635 actio,
1451 1573 1651 1621 utrum
1711 1573 2053 1618 consonans

399 1679 856 1737 congruensque
887 1663 966 1716 sit
986 1660 1087 1716 Dei
1124 1666 1353 1714 naturae
1377 1676 1390 1713 :
1419 1657 1636 1712 deinde
1662 1649 1912 1708 actionis
1929 1663 2056 1702 sco-

398 1771 509 1826 pus
527 1735 556 1808 -ε
586 1752 845 1822 denique
878 1750 1036 1805 finis.
1083 1749 1400 1803 Videamus
1432 1747 1634 1815 itaque
1689 1742 1750 1796 in
1783 1740 1902 1795 Deo
1932 1735 2062 1808 pri-

401 1825 589 1909 mum,
623 1846 822 1896 utrum
857 1841 1227 1909 ejusnaturaa
1260 1841 1547 1908 congruat
1568 1830 1870 1905 quodipse
1889 1825 2058 1882 facit.
2088 1860 2134 1925 Β

398 1932 548 2006 Quid
583 1946 672 1994 est
701 1937 1030 1993 secundum
1061 1937 1166 1992 Dei
1200 1940 1475 1991 naturam
1507 1934 1535 1986 ‘I
1592 1934 1813 2000 Nempe
1874 1931 1940 1979 ut
1984 1923 2064 1978 sit

398 2031 724 2096 increatus,
755 2025 1255 2098 incorruptibilis,
1287 2025 1483 2079 bonus
1543 2025 1720 2092 atque
1767 2017 1966 2080 etiam,
1997 2017 2063 2066 ut

398 2137 499 2175 vos
531 2119 731 2174 dicitis
762 2116 1096 2183 Manichaai,
1121 2121 1187 2170 ut
1217 2116 1279 2169 in
1312 2113 1556 2186 proprio
1616 2110 1744 2164 loco
1803 2108 2061 2161 maneat.

398 2219 574 2290 Atqui
608 2217 787 2281 actio,
823 2216 886 2270 in
946 2219 1144 2270 vestra
1201 2209 1543 2284 hypothesi,
1604 2205 1918 2263 contraria"
1960 2203 2062 2257 Dei

401 2314 631 2364 naturae
663 2309 928 2380 apparet.
961 2305 1016 2359 Is
1040 2303 1202 2358 enim
1235 2315 1678 2373 quaqueversus
1701 2313 1735 2351 a
1766 2290 2064 2366 praedictis

403 2397 862 2454 damniﬁcatur:
923 2410 1118 2464 neque
1169 2393 1297 2464 jam
1331 2395 1536 2445 manet
1571 2404 1728 2443 unus
1763 2386 2065 2439 increatus

404 2487 622 2542 unicus
644 2484 745 2539 ille
772 2485 1094 2550 Deus,cum
1125 2483 1187 2536 in
1221 2481 1492 2548 duo,imo
1525 2483 1582 2533 et
1611 2475 2067 2548 pluraincreata

409 2576 725 2633 dividatur.
760 2577 961 2646 Neque
990 2574 1373 2644 incorruptus
1427 2573 1719 2632 remanet,
1743 2569 1944 2636 utpote
1977 2561 2067 2617 di-

407 2667 588 2722 visus.
621 2667 873 2736 Insuper
901 2679 976 2718 ne
1007 2661 1200 2718 bonus
1245 2660 1486 2732 quidem
1522 2675 1534 2712 :
1587 2655 1883 2729 quomodo
1907 2654 2066 2708 enim

408 2755 602 2812 bonus
635 2754 730 2819 sit,
766 2753 866 2825 qui
901 2753 1165 2823 seipsum
1183 2750 1416 2817 odiens,
1449 2754 1681 2822 partem
1742 2745 1831 2800 sui
1876 2741 2065 2797 hosti-

406 2844 518 2900 bus
551 2842 798 2916 prodit?
819 2843 1044 2896 Rursus
1077 2839 1376 2911 quomodo
1430 2838 1508 2893 sit
1553 2837 1768 2901 bonus,
1801 2833 1943 2888 dum
1975 2846 2069 2885 se-

407 2935 603 3006 ipsum
635 2931 878 3003 quidem
908 2930 1124 2985 liberat
1176 2930 1237 2983 in
1296 2927 1506 2983 mundi
1557 2926 1806 2995 factura,
1834 2937 2067 2976 verum-

407 3029 607 3079 tamen
641 3019 714 3076 ad
739 3021 825 3075 rei
857 3019 1025 3075 factas
1053 3019 1383 3089 perniciem
1410 3016 1469 3070 id
1495 3015 1679 3070 efﬁcit
1703 3011 1855 3068 ?Sed
1870 3025 2070 3081 neque

407 3110 653 3185 proprio
688 3111 749 3164 in
771 3109 900 3163 loco
931 3123 1176 3178 prorsus
1202 3107 1464 3177 perstitit
1489 3122 1502 3170 ;
1537 3103 1758 3159 etenim
1781 3118 1919 3172 pars
1942 3100 2072 3170 ejus

406 3201 482 3256 ad
503 3199 768 3255 materiaa
786 3198 985 3252 locum
1003 3193 1618 3251 transilivit.Secundo
1644 3194 1771 3247 loco
1795 3203 2072 3262 quaeren-

2155 580 2293 654 ρέσει
2323 579 2564 652 γίνεσθαί
2594 601 2726 656 φατε
2753 582 2822 635 τὰ
2850 581 3009 634 κακά·
3070 577 3201 634 ἀλλ’
3259 575 3450 647 ἐπειδὴ
3483 576 3588 633 δύο
3655 576 3844 652 ἀρχὰς

2153 669 2292 724 εἷναί
2319 691 2450 747 φατε
2478 672 2633 743 Θεὸν,
2664 670 2754 725 καὶ
2789 669 2955 737 ὕλην,
2989 669 3078 723 καὶ
3109 668 3203 723 τὸν
3269 669 3364 742 μέν
3426 669 3558 723 Θεὸν
3596 666 3840 742 ἀγαθὸν,

2151 758 2250 827 τήν
2280 755 2338 813 δὲ
2368 758 2505 829 ὕλην
2547 760 2821 835 πονηρὰν,
2853 758 2946 812 καὶ
3003 758 3200 832 ἑκάστῃ
3261 757 3418 835 φύσει
3468 753 3842 832 κεχωρισμέ-

2151 868 2242 902 νον
2273 847 2363 902 καὶ
2397 845 2673 917 ἰδιάζοντα
2701 848 2871 904 τόπον
2915 849 3192 926 ἀφορίζειν
3248 847 3513 920 τολμᾶτε,
3577 847 3678 902 καὶ
3715 845 3844 900 ἐτέ-

2156 956 2284 1010 ρους
2317 935 2374 991 δὲ
2403 937 2621 999 τούτοις
2667 936 3056 993 ἐπισυνάπτετε
3089 937 3318 1010 μύθους,
3353 936 3436 992 ὅτι
3494 936 3847 1010 Θεωρήσασα

2153 1028 2188 1094 ἠ
2223 1025 2328 1095 ὕλη
2361 1027 2424 1081 τὸ
2457 1032 2573 1104 φῶς
2594 1032 2691 1082 τοῦ
2719 1032 2876 1100 Θεοῦ,
2912 1027 2990 1089 εἰς
3047 1025 3226 1101 ἔρωτα
3277 1026 3437 1097 ἦλθε,
3470 1026 3563 1081 καὶ
3595 1025 3850 1100 ὥρμησε

2154 1115 2290 1190 πρὸς
2321 1117 2384 1170 τὸ
2416 1121 2551 1194 φῶς·
2588 1117 2655 1185 ἢν
2691 1113 2824 1172 ἰδὼν
2862 1119 2890 1172 ὁ
2923 1117 3126 1192 ἀγαθὸς
3180 1117 3313 1178 Θεὸς
3371 1117 3509 1192 πρὸς
3573 1114 3849 1187 πόλεμον

2155 1207 2732 1278 παρασκευαζομένην,
2763 1214 2864 1276 τῆς
2912 1206 3114 1268 οἰκείας
3143 1205 3335 1268 οὐσίας
3398 1207 3564 1280 μέρος
3630 1205 3850 1259 ἀποτε-

2161 1292 2301 1366 μὼν,
2333 1289 2568 1350 ἐπέϐαλε
2595 1296 2792 1371 ταύτῃ⁹
2855 1297 2890 1365 ἡ
2954 1293 3013 1351 δὲ
3071 1291 3320 1351 λαϐοῦσα
3353 1294 3615 1370 ἐγέννησε
3664 1295 3852 1348 πάντα

2156 1385 2224 1438 τά
2253 1385 2500 1456 σώματαο
2555 1383 2671 1440 ἐπεὶ
2730 1383 2819 1440 οὖν
2879 1388 3050 1440 ταῦτά
3106 1405 3262 1464 φατε,
3319 1384 3646 1458 ἀνατροπὴν
3709 1381 3846 1438 τού-

2160 1493 2268 1527 των
2326 1473 2595 1547 σύντομον
2655 1476 3024 1548 ποιησόμεθα.
3085 1479 3314 1550 Πρῶτον
3373 1473 3469 1527 οὖν
3518 1473 3851 1543 ἐξεταστέον

2158 1563 2258 1630 τήν
2290 1563 2508 1637 πρᾶξιν,
2542 1563 2588 1618 εἰ
2619 1564 2969 1639 ἁρμόττουσα
3016 1565 3106 1618 καὶ
3169 1562 3528 1634 κατάλληΑός
3589 1561 3714 1617 ἐστι
3775 1563 3847 1634 τῇ

2163 1650 2319 1729 φύσει
2347 1655 2445 1706 τοῦ
2491 1656 2648 1708 Θεοῦο
2683 1655 2800 1707 εἶτα
2837 1659 2940 1722 τῆς
2990 1653 3239 1728 πράξεως
3283 1653 3379 1708 τὸν
3431 1650 3671 1710 σκοπόν⁹
3728 1653 3851 1705 εἶτα

2162 1741 2226 1796 τὸ
2252 1739 2430 1804 τέλος.
2466 1738 2719 1815 Εἵδωμεν
2753 1744 2935 1797 τοίνυν
2968 1742 3057 1798 ἐπὶ
3120 1746 3258 1797 Θεοῦ
3313 1745 3560 1817 πρῶτον,
3629 1740 3677 1795 εἰ
3736 1741 3846 1817 ἁρ-

2169 1829 2353 1904 μόττει
2383 1833 2451 1904 τῇ
2483 1835 2580 1885 τοῦ
2603 1835 2743 1885 Θεοῦ
2775 1831 2930 1910 φύσει
2965 1831 3030 1886 τὸ
3080 1831 3327 1906 πραχθὲν
3389 1831 3480 1886 ὑπ’
3511 1829 3718 1888 αὐτοῦ.
3779 1829 3848 1888 Τί

2166 1927 2349 1984 τοίνυν
2377 1929 2512 1983 κατὰ
2547 1928 2704 2007 φύσιν
2734 1928 2845 1985 ἐστὶ
2875 1935 2955 2002 τῷ
2987 1933 3103 2002 Θεῷ
3139 1949 3153 2000 ;
3188 1928 3462 2000 Δηλονότι
3517 1931 3584 1984 τὸ
3646 1928 3849 2005 ἀγένη-

2166 2039 2258 2073 τον
2293 2018 2382 2072 καὶ
2413 2018 2477 2072 τὸ
2500 2015 2911 2096 ἄφθαρτον,καὶ
2955 2021 3018 2075 τὸ
3080 2020 3307 2096 ἀγαθὸν,
3357 2018 3448 2074 καὶ
3507 2019 3635 2074 καθ’
3702 2019 3848 2090 ὑμᾶς

2171 2108 2540 2180 Μανιχαίους,
2573 2108 2662 2163 καὶ
2695 2107 2747 2163 ἐν
2779 2114 2857 2182 τῷ
2898 2109 3088 2182 οἰκείῳ
3121 2114 3304 2183 μεῖναι
3358 2108 3536 2182 τόπῳ.
3606 2107 3771 2166 Ἀλλ’
3808 2110 3842 2178 ἡ

2170 2208 2363 2280 πρᾶξις
2420 2207 2556 2261 κατὰ
2614 2208 2715 2275 τὴν
2781 2209 2939 2280 ὑμῶν
3002 2208 3256 2271 ὑπόθεσιν
3307 2205 3523 2262 ἐναντία
3578 2206 3844 2282 τῇφύσει

2172 2292 2466 2350 δείκνυται⁶
2520 2295 2844 2369 λυμαίνεται
2931 2299 3034 2373 γὰρ
3117 2303 3249 2353 πᾶσι
3325 2303 3445 2360 τοῖς
3496 2295 3842 2371 εἰρημένοις·

2171 2383 2296 2439 οὕτε
2326 2385 2426 2458 γὰρ
2462 2387 2540 2447 εἷς
2593 2385 2854 2460 ἀγένητος
2914 2386 3156 2459 διαμένει
3204 2386 3231 2441 6
3282 2387 3357 2448 εἷς
3419 2383 3625 2461 ἀγαθὸς
3686 2387 3839 2456 Θεὸς,

2170 2476 2296 2530 ’ὁταν
2332 2474 2408 2536 εἰς
2443 2473 2540 2529 δύο
2591 2476 2625 2545 ἢ
2687 2464 2777 2531 καὶ
2838 2473 3015 2531 πλείω
3075 2470 3308 2552 ἀγὲνητα
3360 2469 3639 2550 διαιρεθῇ.
3703 2474 3837 2533 Οῧτε

2171 2563 2391 2638 ἀγαθός·
2423 2568 2530 2618 ποῦ
2579 2566 2678 2640 γὰρ
2711 2565 2911 2642 ἀγαθὸς
2971 2567 3000 2622 6
3059 2566 3245 2620 ἐαυτὸν
3303 2561 3600 2640 ἐχθράνας,
3656 2565 3685 2620 6
3742 2563 3836 2638 μέ-

2173 2675 2267 2729 ρος
2298 2674 2350 2709 τι
2382 2655 2574 2710 ἑαυτοῦ
2607 2654 2858 2730 προδοὺς
2885 2662 3004 2720 τοῖς
3027 2657 3323 2729 πολεμίοις
3351 2674 3365 2725 ς
3400 2660 3514 2712 Ποῦ
3547 2653 3598 2710 δ’
3658 2657 3718 2712 ἂν
3750 2654 3828 2725 εἴη

2175 2743 2398 2818 ἀγαθὸς,
2432 2745 2620 2800 ἑαυτὸν
2660 2746 2754 2819 μὶν
2812 2744 3112 2821 ἐλευθερῶν
3169 2743 3259 2801 διὰ
3313 2752 3414 2815 τῆς
3471 2749 3570 2800 τοῦ
3628 2745 3829 2818 κόσμου

2174 2836 2484 2902 ποιήσεως,
2517 2833 2600 2889 ἐπ’
2623 2834 2838 2910 ὀλέθρῳ
2879 2833 2936 2890 δὲ
2967 2840 3074 2890 τῶν
3107 2834 3644 2910 δημιουργηθέντων
3671 2838 3826 2889 τοῦτο

2174 2926 2351 2976 ποιῶν
2387 2942 2399 2991 ;
2433 2921 2562 2978 ἀλλ’
2588 2923 2709 2979 οὕτε
2740 2923 2790 2980 ἐν
2825 2925 3012 2998 οἰκείῳ
3041 2924 3198 2998 τόπῳ
3259 2923 3499 2999 διέμεινε
3528 2925 3820 2990 παντελῶς,

2181 3011 2438 3082 μετέπεσε
2465 3013 2565 3086 γὰρ
2592 3009 2757 3068 αὺτοῦ
2795 3015 2960 3088 μέρος
3019 3013 3107 3068 ἐπὶ
3161 3015 3252 3068 τὸν
3293 3015 3464 3069 τόπον
3519 3021 3619 3084 τῆς
3673 3011 3813 3081 ὅλης⁶

2179 3098 2438 3175 Δεύτερον
2475 3101 2739 3173 ζητητέον
2779 3102 2830 3159 εἰ
2857 3109 2938 3176 τῷ
2997 3095 3187 3178 σκοπῷ
3244 3103 3557 3167 ἀκόλουθός
3603 3102 3726 3158 ἐστιν
3775 3102 3807 3169 ἠ

2186 3189 2398 3262 πρᾶξις.
2432 3189 2523 3255 Τίς
2548 3193 2640 3246 οὗν
2699 3195 2726 3247 6
2787 3191 3250 3264 σκοπόςςΔῆλον
3303 3195 3387 3249 ὃτι
3445 3197 3481 3265 ἡ
3543 3189 3818 3264 νίκηδδεῑ-

411 3290 555 3346 dum
585 3293 902 3354 est,utrum
925 3287 1080 3342 actio
1112 3285 1320 3341 tendat
1349 3285 1421 3341 ad
1456 3300 1700 3356 scopum
1733 3259 1904 3338 :nam
1919 3284 2061 3335 certt

2189 3259 2376 3333 κνυται
2407 3275 2464 3334 δὲ
2492 3281 2582 3336 καὶ
2603 3281 2655 3336 ἐν
2699 3287 2778 3354 τῷ
2811 3288 3002 3357 σκοπῷ
3027 3259 3034 3264 1
3058 3259 3300 3339 ἐναντίον
3355 3259 3566 3360 ἔχουσα
3618 3259 3670 3353 ἡ-
3701 3285 3824 3358 πρᾶ-

412 3383 577 3452 patet
607 3393 733 3432 rem
758 3377 989 3432 unitam
1019 3375 1329 3431 fortiorem
1370 3389 1501 3430 esse
1533 3372 1802 3445 partibus
1825 3370 1947 3426 suis
1973 3387 1986 3436 ;
2021 3381 2081 3430 et

414 3468 568 3524 109
589 3483 724 3523 eum
748 3467 849 3538 qui
883 3467 945 3521 in
977 3465 1223 3538 propria
1243 3470 1458 3521 natura
1475 3461 2079 3536 perstat,validiorem

417 3558 522 3614 illo
554 3573 684 3612 esse
707 3557 808 3628 qui
840 3572 911 3611 ex
934 3571 1042 3611 sua
1061 3559 1276 3610 natura
1305 3555 1486 3610 fuerit
1507 3553 1876 3608 demutatus:
1901 3549 2075 3606 deni-

423 3663 538 3720 que
568 3647 671 3719 qui
703 3645 1024 3719 propriain
1039 3644 1178 3700 sede
1211 3650 1434 3712 manet,
1461 3641 1906 3698 firmioremillo
1921 3655 2073 3708 esse,

420 3746 520 3818 qui
541 3743 614 3801 ad
645 3744 823 3801 aliam
844 3743 1170 3800 translatus
1202 3741 1559 3808 fuerit.Quid
1583 3758 1720 3814 ergo
1744 3755 2072 3813 congruum

417 3837 900 3907 conveniensque
930 3847 1109 3906 scopo
1142 3833 1282 3889 est?
1310 3836 1530 3904 Nempe
1557 3831 1739 3887 robur
1767 3847 1941 3886 suum
1963 3848 2070 3903 po-

417 3927 535 3981 tius
565 3937 938 3996 conservare,
964 3941 1145 3996 quam
1177 3922 1564 3978 distrahendo
1597 3921 1896 3976 infirmius
1943 3920 2074 3976 red-

417 4015 579 4072 dere.
613 4015 934 4071 Videamus
957 4020 1011 4070 et
1043 4013 1309 4081 tertium,
1365 4016 1567 4066 utrum
1615 4027 1832 4081 nempe
1889 4026 2069 4081 scopo

419 4105 571 4160 actio
602 4103 980 4176 respondeat.
1013 4105 1347 4168 Quamnam
1388 4102 1568 4173 igitur
1615 4099 1856 4155 ﬁnalem
1886 4099 2066 4154 victo-

416 4194 522 4248 ria;
553 4195 878 4249 utilitatem
910 4208 1043 4248 esse
1075 4192 1272 4246 dicitis
1294 4191 1320 4245 ‘?
1351 4192 1516 4245 Certe
1549 4193 1652 4244 aut
1672 4189 1946 4244 essentia)
1963 4189 2066 4242 Dei

412 4284 927 4340 conservationem
986 4298 1116 4336 esse
1147 4280 1262 4335 dic:
1289 4281 1378 4334 iis.
1416 4287 1518 4334 aut
1560 4295 1633 4332 ne
1664 4278 1904 4350 proprio
1937 4279 2065 4333 loco

413 4371 748 4439 decederet,
773 4376 877 4428 aut
900 4376 971 4425 ut
1000 4370 1407 4426 destrueretur
1441 4367 1690 4423 materia
1716 4368 1806 4422 vel
1838 4369 1899 4422 in
1941 4383 2067 4422 me-

410 4460 529 4516 lius
561 4466 1023 4517 converteretur.
1039 4462 1317 4515 Attamen
1343 4457 1647 4514 contraria
1667 4457 1763 4512 his
1787 4462 2066 4528 reputare

407 4551 561 4605 actio
592 4550 819 4605 suadet.
854 4551 1000 4605 Nam
1032 4559 1227 4620 neque
1259 4549 1363 4602 Dei
1413 4547 1676 4603 essentia
1725 4547 1788 4601 in
1820 4561 1927 4601 sua
1956 4563 2061 4602 na-

2192 3366 2292 3436 ξις·
2356 3365 2526 3438 δῆλον
2575 3371 2676 3447 γάρ
2733 3373 2818 3428 ὃτι
2877 3373 3273 3447 ὁνῆνωμένος,
3331 3379 3430 3429 τοῦ
3495 3373 3828 3449 μερισθέντος

2189 3455 2565 3534 ἰσχυρότερος·
2599 3460 2690 3516 καὶ
2723 3463 2751 3517 6
2777 3463 2914 3518 κατὰ
2943 3469 3122 3540 φύσιν,
3152 3467 3248 3518 τοῦ
3297 3463 3445 3539 παρὰ
3491 3463 3652 3543 φύσιν
3707 3480 3826 3538 τρα-

2184 3550 2372 3611 πέντος
2405 3548 2796 3628 δυνατώτερος’
2828 3555 2919 3609 καὶ
2951 3555 2979 3609 6
3027 3553 3079 3609 έν
3147 3555 3224 3626 τῷ
3257 3552 3382 3627 ἰδίῳ
3431 3553 3588 3628 τόπῳ
3642 3551 3828 3628 μένων,

2183 3643 2278 3693 τοῦ
2311 3640 2708 3713 μεταπεσόντος
2737 3642 2812 3705 εἷς
2835 3640 3019 3719 ἓτερον
3049 3644 3238 3701 τόπον.
3281 3645 3346 3701 Τί
3379 3644 3471 3700 οῦν
3531 3643 3825 3701 ἀκόλουθον

2182 3737 2270 3794 καὶ
2294 3737 2578 3814 πρεπῶδες
2599 3745 2678 3813 τῷ
2709 3746 2898 3815 σκοπῷ
2930 3764 2944 3813 ;
2971 3745 3207 3818 τηρῆσαι
3241 3740 3458 3816 μᾶλλον
3490 3743 3590 3812 τῆν
3650 3741 3828 3817 Dixin,

2181 3828 2270 3883 καὶ
2303 3830 2377 3901 μή
2402 3832 2470 3903 τῇ
2505 3827 2777 3885 διαστάσει
2808 3831 3188 3908 ἀσθενεστέραν
3248 3832 3452 3904 ταύτην·
3508 3839 3710 3891 ποιεῖν.
3741 3829 3828 3888 Εἲ-

2182 3919 2361 3992 δωμεν
2404 3915 2461 3974 δὲ
2491 3920 2580 3976 καὶ
2601 3921 2664 3975 τὸ
2688 3920 2869 3995 τρίτον
2900 3921 2950 3977 εἴ
2977 3920 3336 3994 κατάλληλος
3355 3928 3436 3996 τῷ
3465 3922 3612 3979 τέλει
3645 3925 3678 3993 ἡ
3703 3923 3828 3998 πρᾶ-

2179 4009 2280 4080 ξις.
2315 4008 2384 4066 Τί
2415 4010 2506 4064 οὗν
2537 4010 2601 4065 τὸ
2630 4009 2690 4065 ἐκ
2717 4017 2820 4080 τῆς
2847 4011 3006 4082 νίκης
3033 4012 3193 4076 τέλος
3243 4011 3375 4087 φατέ
3403 4032 3418 4082 ς
3479 4011 3516 4082 ἢ
3571 4012 3673 4087 γὰρ
3731 4010 3826 4080 τήν

2179 4096 2427 4175 φυλακὴν
2459 4106 2558 4169 τῆς
2591 4102 2896 4163 συστάσεως
2929 4105 3027 4156 τοῦ
3059 4107 3193 4157 Θεοῦ
3242 4102 3416 4177 ἐρεῖτε
3463 4101 3768 4172 παντελῶς,
3793 4098 3828 4169 ἦ

2175 4189 2275 4256 τήν
2309 4188 2614 4264 ἐλευθερίαν
2648 4187 2685 4258 ἤ
2715 4189 2778 4245 τὸ
2794 4194 2896 4246 τοῦ
2929 4191 3134 4246 οἰκείου
3164 4191 3337 4246 τόπου
3372 4179 3448 4266 μῆ
3479 4197 3824 4266 μεταστῆναι,

2176 4277 2209 4347 ἢ
2246 4275 2338 4332 ἵνα
2367 4279 2623 4353 ἀναιρεθῇ
2645 4281 2681 4349 ἡ
2714 4278 2845 4350 ὕλη,
2879 4281 2913 4350 ἢ
2943 4278 3037 4335 ’ίνα
3071 4276 3395 4356 μεταϐληθῇ
3426 4266 3609 4338 ἐπὶτὸ
3645 4279 3826 4357 κρεῖτ-

2172 4383 2284 4420 τον⁸
2319 4365 2446 4422 ἀλλ’
2483 4371 2517 4438 ἡ
2573 4372 2766 4444 πρᾶξις
2817 4369 2880 4425 τὸ
2941 4368 3183 4426 ἐναντίον
3232 4370 3451 4434 τούτοις
3509 4370 3824 4448 ὑπαγορεύει

2172 4462 2334 4512 νοεῖν.
2377 4453 2515 4514 Οὔτε
2544 4459 2650 4534 γὰρ
2671 4461 2706 4529 ἡ
2733 4459 2985 4523 σύστασις
3015 4465 3113 4516 τοῦ
3145 4465 3279 4516 Θεοῦ
3327 4460 3380 4516 ἐν
3423 4466 3504 4534 τῷ
3551 4463 3691 4517 κατὰ
3725 4460 3821 4540 φύ-

2174 4565 2255 4600 σιν
2291 4545 2546 4620 διέμεινε,
2578 4545 2944 4624 προδοθέντος
2969 4553 3067 4605 τοῦ
3093 4551 3310 4626 μέρους·
3368 4551 3496 4607 ὀὕτε
3525 4557 3560 4622 ὴ
3614 4551 3823 4608 ἐλευθε-

402 4643 534 4693 tura
572 4637 853 4708 perstitit,
901 4641 1068 4707 parte
1126 4637 1443 4706 projecta;
1507 4649 1705 4706 neque
1751 4635 2061 4690 incolumis

2178 4634 2287 4709 ρία,
2319 4634 2608 4692 ἐδούλευσε
2637 4640 2741 4714 γὰρ
2770 4643 2841 4713 τῇ
2878 4640 3082 4713 γενέσει
3134 4644 3233 4696 τοῦ
3263 4637 3497 4714 κόσμου,
3557 4640 3608 4712 ἐξ
3641 4643 3825 4698 ἑαυτοῦ

405 4727 652 4784 libertas
687 4726 820 4794 fuit,
852 4725 1065 4779 mundi
1124 4725 1283 4778 enim
1344 4724 1616 4778 inserviit
1670 4722 2062 4795 generationi,

397 4833 628 4900 partem
687 4825 779 4880 sui
815 4821 1106 4880 creaturis
1131 4821 1486 4893 impertiens
1520 4839 1534 4877 :
1569 4837 1768 4892 neque
1826 4821 2067 4877 demum

395 4918 455 4973 in
491 4916 731 4990 proprio
757 4931 819 4970 se
853 4912 1156 4970 continuit
1181 4911 1335 4980 loco,
1365 4917 1532 4982 parte
1557 4911 1744 4982 ipsius
1771 4910 1846 4966 ad
1876 4913 2064 4966 mate-

395 5008 546 5064 riam
577 5004 888 5062 translata.
926 5005 1129 5074 Neque
1159 5000 1427 5057 materiai
1485 5006 1700 5057 natura
1755 5007 2064 5074 perempta

392 5097 508 5153 fuit
543 5101 646 5152 aut
675 5100 942 5150 mutata:
976 5092 1202 5148 mansit
1231 5091 1393 5147 enim
1453 5090 1745 5162 quidquid
1804 5097 1932 5146 erat
1987 5091 2060 5147 ab

395 5188 568 5244 initio
598 5184 1072 5242 indemutabile:
1109 5184 1193 5238 ita
1221 5189 1288 5237 ut
1316 5199 1467 5238 vana
1516 5197 1961 5254 quaqueversus
1992 5199 2060 5239 ac

385 5279 550 5336 fatua
581 5282 868 5349 appareat
893 5277 1020 5330 hanc
1052 5290 1183 5344 qum
1217 5265 1442 5328 a'vobis
1473 5271 1689 5328 fabula;
1736 5268 1926 5327 instar
1946 5272 2056 5342 hy~

384 5371 528 5442 poth
545 5367 665 5422 esis
691 5365 988 5421 fabricata
1017 5369 1126 5418 est.
1162 5361 1324 5417 Licet
1346 5377 1480 5417 vero
1511 5363 1690 5418 etiam
1741 5379 1811 5416 ex
1843 5376 2060 5432 opera-

387 5456 675 5522 tionibus,
711 5460 771 5510 et
801 5471 870 5509 ex
899 5468 1104 5516 causa,
1138 5456 1196 5506 et
1225 5467 1294 5505 ex
1343 5451 1512 5516 locis,
1546 5468 1694 5522 quos
1739 5450 2057 5522 subjunge-

391 5559 547 5609 mus,
605 5547 814 5597 vestras
870 5539 1335 5611 irreligiositatis
1394 5539 1826 5596 absurditatem
1893 5554 2054 5592 coar-

391 5645 592 5704 gnere.
610 5633 690 5684 Ex
715 5629 1062 5702 operatione
1093 5628 1334 5698 quidem
1357 5629 1441 5685 sic
1459 5629 1728 5685 funditus
1745 5626 2047 5683 evertitur.

2180 4726 2342 4801 μέρος
2374 4731 2490 4790 τοῖς
2519 4724 3011 4804 δημιουργηθεῖσιν
3043 4727 3234 4792 ἐνθείς·
3268 4729 3391 4786 οὕτε
3423 4728 3481 4786 δὲ
3530 4731 3582 4786 ἐν
3612 4736 3696 4805 τῷ
3744 4729 3826 4785 οἰ-

2172 4821 2306 4896 κείῳ
2331 4821 2569 4897 διέμεινε
2592 4825 2770 4899 τόπῳ,
2800 4826 3160 4901 μεταστάντος
3188 4833 3285 4883 τοῦ
3320 4830 3520 4906 μέρους
3585 4830 3672 4887 ἐπὶ
3730 4832 3821 4900 τὴν

2173 4911 2336 4984 ὕλην.
2370 4912 2508 4971 Οὔτε
2540 4911 2652 4986 δέὴ
2686 4914 2845 4988 φύσις
2868 4923 2968 4987 τῆς
2999 4917 3137 4988 ὕλης
3159 4915 3390 4995 ἀνῃρέθη
3423 4917 3461 4990 ἤ
3488 4916 3822 4993 μετεϐλήθη·

2172 4999 2351 5078 ἔμεινε
2380 5005 2481 5080 γὰρ
2515 5004 2546 5059 6'
2575 5007 2641 5075 ἧν
2667 5005 2717 5076 ἐξ
2750 5007 2933 5083 ἀρχῆς
2989 5007 3420 5084 ἀμετάτρεπτον·
3468 5010 3541 5073 ὥς
3579 5032 3641 5087 γε
3693 5033 3823 5086 μαν-

2168 5093 2402 5169 ταχόθεν
2436 5091 2612 5150 ἕωλον
2666 5095 2755 5150 καὶ
2816 5101 3004 5169 μωρὰν
3057 5095 3363 5152 δείκνυσθαι
3393 5099 3494 5168 τὴν
3551 5099 3820 5169 ὑπόθεσιν,

2169 5183 2234 5252 ἢν
2275 5181 2706 5257 μυθολογοῦντες
2765 5186 3114 5256 συνεθήκατε,
3175 5181 3286 5241 ἔστι
3347 5183 3405 5241 δὶ
3460 5175 3674 5252 καῖ’έῇ
3720 5189 3822 5244 τ’ῶν

2167 5270 2448 5347 ἐνεργειῶν
2481 5275 2571 5327 καὶ
2599 5268 2700 5343 τῆς
2733 5269 2910 5335 αἰτίας
2943 5273 3046 5329 κάκ
3074 5267 3180 5329 τῶν
3218 5277 3423 5345 τόπων,
3458 5273 3532 5331 ὧν
3570 5273 3820 5334 ὑποτίθε-

2171 5382 2285 5432 μεν,
2317 5369 2417 5431 τῆς
2451 5357 2698 5424 ἀσεϐείας
2744 5363 2901 5436 ὑμῶν
2959 5362 3172 5440 ἐλέγξαι
3214 5365 3276 5420 τὸ
3325 5365 3556 5424 ἄτοπον.
3601 5370 3696 5424 Ἑν
3731 5368 3822 5443 μὶν

2165 5449 2257 5506 οὖν
2287 5458 2388 5521 τῆς
2437 5451 2708 5528 ἐνεργείας
2759 5452 3170 5528 ἀνατρεπτικῶς
3217 5453 3426 5518 οὕτως(
3475 5451 3542 5514 Εἰ
3593 5457 3818 5513 ἐναντίαι

2162 5541 2216 5593 αἱ
2240 5541 2447 5617 φύσεις,
2480 5541 2694 5596 ἐναντία
2723 5541 2813 5596 καὶ
2869 5540 3132 5619 ἐνέργεια.
3185 5541 3254 5599 Εἰ
3311 5544 3402 5599 οῦν
3454 5547 3489 5616 ἡ
3549 5550 3648 5602 τοῦ
3695 5548 3822 5603 Θεοῦ

2166 5627 2405 5703 ἐνέργεια
2429 5632 2696 5700 ποιητικῆ
2731 5628 3120 5707 ὁμολογεῖται,
3168 5634 3204 5703 ἡ
3228 5640 3330 5702 τῆς
3382 5632 3524 5707 ὕλης
3547 5635 3819 5708 παθητική

389 5721 448 5775 Si
479 5719 793 5775 contraria:
823 5721 966 5773 sunt
995 5720 1246 5784 naturae,
1279 5718 1579 5775 contraria
1607 5733 1846 5790 quoque
1901 5733 2046 5787 ope-

2169 5717 2321 5774 ἴσταιο
2352 5719 2399 5777 εἰ
2433 5717 2492 5775 δὲ
2521 5723 2705 5793 τοῦτο,
2747 5721 3031 5780 ὑπόκειται
3089 5720 3194 5800 ἂρα
3239 5723 3320 5799 τῷ
3375 5730 3496 5800 Θεῷ
3551 5727 3645 5784 καὶ
3704 5724 3821 5784 δου-
