4120 6408
329 354 473 415 1&3

1107 352 1415 411 JOANNIS
1449 354 1863 412 oamonoxr
1902 354 1971 425 ni

2083 351 2338 425 anno
2374 355 2528 411 cum
2567 353 2983 414 muromuro.

3622 363 3773 435 ωε

314 475 490 535 λεύει·
525 478 626 535 οὐκ
654 478 755 554 ἄρα
807 474 1072 554 άγένητός
1130 475 1293 533 ἐστιν·
1342 476 1529 541 άλλῶς
1558 499 1617 533 τε
1647 475 1705 533 δὶ
1729 473 1765 546 ἤ
1796 477 1851 531 αἶ
1884 473 1971 530 δός

2103 477 2275 532 ratio.
2310 478 2367 534 Si
2395 496 2531 553 ergo
2581 480 2685 536 Dei
2734 482 3144 554 operationem
3192 485 3440 561 activam
3474 486 3754 557 fatemur,

319 574 600 640 ποιοῦσιν,
634 569 669 637 ἢ
725 568 780 623 αἱ
840 567 937 623 δύο
995 566 1328 642 πάσχουσιν,
1362 568 1396 637 ἢ
1448 570 1483 637 ἡ
1519 569 1613 641 μὲν
1656 570 1825 635 ποιεῖ,
1858 567 1893 634 ἣ
1928 563 1984 619 δὲ

318 661 546 734 πάσχει,
580 658 615 727 ἢ
649 658 805 713 αὐταὶ
848 658 1129 733 πάσχουσι
1184 657 1275 713 καὶ
1325 662 1592 712 ποιοῦσιν·
1646 654 1773 711 ἀλλ’
1812 654 1861 710 εἷ’
1892 654 1985 727 μὶν

316 747 381 803 αἶ’
403 746 499 803 δύο
530 753 780 815 ποιοῦσι,
840 747 955 812 θεοὶ
1013 744 1246 817 ἔσονται,
1304 746 1358 803 εἷ’
1409 768 1472 821 γε
1527 748 1588 802 τὸ
1642 750 1817 799 ποιεῖν
1851 747 1984 799 Θεοῦ

324 837 529 909 μελέτη
577 839 653 908 (1)
697 836 788 891 καὶ
848 835 987 906 ὕλης
1042 835 1390 899 ἐπινοεῖςθαι·
1434 836 1479 891 εἰ
1539 833 1596 891 δὲ
1650 836 1980 910 ποέσχουσιν

318 925 651 1003 ἀμφότεραι,
685 922 855 980 ἄλλαι
895 919 1107 979 ἔσονται
1157 925 1211 979 αἰ
1263 922 1379 996 δύο,
1411 926 1500 980 καὶ
1542 923 1724 1001 ἕτερος
1759 926 1786 979 6
1817 945 1979 994 ποιη-

314 1016 420 1084 τῆς
453 1016 839 1086 ζητηθήσεται.
876 1015 941 1070 Εἰ
1000 1013 1058 1069 δὲ
1110 1017 1145 1085 ἡ
1201 1015 1297 1087 μὶν
1330 1016 1554 1091 πάσχει,
1587 1017 1621 1084 ἠ
1657 1012 1713 1069 δὲ
1744 1019 1911 1068 ποιεῖ·
1945 1015 1979 1083 ἡ

319 1104 419 1177 μὶν
471 1107 763 1179 πάσχουσα
816 1106 1041 1178 γενητή,
1070 1106 1105 1173 ἡ
1139 1102 1197 1159 δὲ
1250 1108 1482 1159 ποιοῦσα
1533 1104 1809 1177 άγὲνητος·
1845 1102 1889 1158 εἰ
1926 1100 1981 1157 δὲ

312 1194 372 1247 αἱ
402 1192 498 1248 δύο
531 1195 807 1269 πάσχουσι
857 1193 947 1248 καὶ
998 1198 1239 1262 ποιοῦσι,
1286 1196 1416 1249 καθὸ
1468 1195 1562 1267 μὲν
1596 1197 1835 1261 ποιοῦσι,
1869 1192 1981 1255 θεοὶ

311 1281 552 1352 ἔσονται,
586 1283 722 1346 καθὸ
755 1282 812 1338 δὲ
845 1283 1174 1358 πάσχουσιν,
1226 1282 1373 1338 ὕλαι·
1417 1285 1472 1338 αἱ
1520 1280 1673 1337 αὐταὶ
1705 1279 1796 1336 οὖν
1831 1279 1980 1335 ἔσον-

310 1392 406 1426 ται
457 1372 568 1426 θεοὶ
626 1372 716 1425 καὶ
775 1371 922 1443 ὕλαι,
980 1370 1202 1446 γενηταὶ
1260 1370 1349 1427 καὶ
1400 1371 1676 1445 ἀγένητοι.
1729 1373 1830 1427 Κᾶν
1879 1373 1979 1435 τῆς

314 1460 500 1523 αἰτίας
535 1459 593 1515 δὲ
623 1459 841 1537 ἐλέγχει
870 1465 1032 1516 τοῦτο
1066 1462 1228 1533 ὑμᾶς·
1288 1462 1340 1516 τί
1400 1462 1462 1515 τὸ
1514 1459 1685 1515 αἴτιον
1719 1464 1813 1513 τοῦ
1847 1459 1977 1515 εἶναι

313 1553 420 1621 τήν
453 1550 592 1623 ὕλην
624 1554 795 1621 κακὴν
832 1552 1199 1625 ὑποτίθεμεν;
1262 1559 1331 1608 Ἥ
1388 1552 1491 1627 γὰρ
1538 1549 1681 1606 διότι
1719 1551 1979 1625 άγένητος

315 1642 409 1697 καὶ
448 1642 623 1717 ἀρχὴ,
672 1642 708 1712 ἢ
762 1639 901 1697 διότι
954 1639 1084 1711 ὕλη,
1132 1641 1167 1712 ἢ
1217 1639 1357 1697 διότι
1391 1646 1572 1714 σῶμα,
1603 1638 1639 1710 ἤ
1674 1637 1811 1695 διότι
1846 1638 1980 1695 διαι-

317 1736 495 1806 ρεῖται
524 1732 612 1786 καὶ
668 1726 1069 1804 μεταϐάλλεται
1096 1754 1110 1803 ;
1162 1729 1321 1789 ’Λλλ’
1347 1732 1392 1787 εί
1429 1732 1524 1806 μὲν
1572 1728 1710 1785 διότι
1743 1730 1832 1785 καὶ
1863 1731 1978 1806 άγὲ-

314 1842 483 1913 νητὸς
509 1822 599 1875 καὶ
633 1821 803 1897 ἀρχὴ,
847 1822 933 1913 καὶ
970 1822 998 1877 6
1030 1823 1159 1913 Θεὸς
1202 1825 1471 1883 τοιοῦτος·
1506 1820 1551 1875 εἷ
1585 1818 1642 1875 δὲ
1673 1818 1820 1913 διότι
1843 1819 1974 1890 ὕλη,
2007 1849 2054 1913 Β

312 1910 423 1983 ὕλη
458 1911 516 1967 δὶ
542 1912 995 1987 προσαγορεύεται
1049 1912 1138 1967 διὰ
1182 1914 1244 1967 τὸ
1299 1913 1616 1976 ὑποκεῖσθαι
1662 1910 1736 1973 εἷς
1768 1911 1971 1985 γένεσιν

308 2004 422 2055 τῶν
449 2002 499 2071 ἐξ
530 2000 719 2070 αὐτῆς,
752 1998 842 2056 διὰ
869 2006 1031 2056 τοῦτο
1062 2002 1197 2057 κατᾶ
1246 2003 1346 2071 τὴν
1393 2001 1561 2069 αὐτὴν
1594 1999 1843 2055 ὑπόθεσιν
1877 1999 1976 2054 οὐκ

308 2089 511 2165 ἀγαθὸς
567 2091 595 2144 6
650 2090 801 2151 Θεός·
866 2090 1149 2145 ὑπόκειται
1219 2089 1321 2165 γάρ
1379 2090 1455 2151 είς
1503 2088 1709 2164 γένεσιν
1764 2093 1871 2142 τῶν
1923 2088 1973 2161 ἐξ

303 2178 475 2232 αὐτοῦ
506 2181 699 2255 ψυχῶν
757 2180 847 2233 καὶ
906 2178 1174 2254 ἀγγέλων,
1238 2180 1312 2241 ὡς
1368 2179 1525 2251 ὑμεῖς
1579 2179 1637 2232 οἲ
1668 2182 1971 2252 Μανιχαῖοι

306 2264 693 2343 δογματίζετε.
729 2268 795 2325 Ei’
827 2265 884 2323 δὲ
911 2267 1052 2326 διότι
1109 2273 1289 2341 σῶμα,
1346 2268 1478 2344 οὐχὶ
1532 2268 1667 2336 αὐτή
1702 2266 1849 2320 αἰτία
1876 2264 1974 2320 τοῖ’)

308 2356 452 2411 εἶναι
486 2360 667 2429 σῶμα,
699 2354 828 2410 ἀλλ’
859 2356 887 2410 6
919 2355 1067 2417 Θεός·
1102 2354 1156 2411 εἷ’
1205 2377 1269 2431 γε
1298 2355 1405 2430 πρὸ
1434 2359 1531 2409 τοῦ
1564 2349 1861 2427 ἐμϐάλλειν
1910 2354 1974 2408 τὸ

307 2445 364 2520 ἐξ
394 2446 559 2501 αὐτοῦ
596 2446 761 2519 μέρος
788 2449 856 2519 τῇ
892 2444 1022 2520 ὕλῃ,
1083 2447 1186 2501 οὐκ
1216 2445 1283 2515 ἦν
1332 2449 1510 2517 σῶμα·
1550 2445 1593 2499 εἰ
1637 2442 1693 2498 δὲ
1722 2442 1861 2498 διότι
1893 2440 1973 2497 δι-

310 2541 551 2613 αιρεῖται
581 2535 669 2590 καὶ
706 2530 1105 2608 μεταϐάλλεται
1137 2536 1164 2589 6
1197 2537 1326 2596 Θεὸς
1379 2536 1498 2598 καθ’
1552 2535 1691 2606 ὑμᾶς
1732 2538 1848 2593 τοῖς
1880 2532 1973 2587 αὐ-

306 2631 430 2687 τοῖς
478 2623 807 2699 ἐνεχόμενος
854 2629 1045 2685 κακοῖς
1098 2619 1273 2677 ἔσται·
1323 2622 1371 2677 εἴ
1424 2622 1527 2698 γὰρ
1573 2620 1863 2696 διαιρεῖται
1896 2620 1975 2683 εἴς

310 2713 550 2789 γενέσεις
596 2710 842 2787 ἀγγέλων
891 2711 982 2765 καὶ
1034 2715 1253 2786 ψυχῶν,
1295 2709 1442 2779 πλὴν
1494 2708 1551 2765 δὲ
1600 2710 1650 2780 ἐξ
1704 2710 1868 2764 αὐτοῦ
1910 2708 1972 2764 οὗ

312 2802 452 2872 υεοῖ,
514 2799 685 2865 δῆλον
737 2802 821 2855 ὃτι
866 2800 928 2854 οὐ
982 2800 1147 2872 μόνον
1200 2798 1511 2875 διαιρεῖται,
1546 2798 1691 2853 ἀλλὰ
1721 2799 1809 2853 καὶ
1845 2820 1975 2872 μετ-

312 2888 552 2962 εϐΛήθη.
587 2891 649 2949 Et
682 2889 739 2946 δὲ
768 2892 833 2947 οὐ
880 2890 1041 2946 τοῦτό
1099 2912 1232 2969 φατε
1283 2890 1458 2946 αἴτιον
1509 2890 1644 2945 εἶναι
1675 2894 1772 2944 τοῦ
1802 2891 1973 2957 κακὴν

316 2984 584 3057 ὑπάρχειν
644 2982 745 3050 τὴν
797 2980 962 3051 ὕλην,
1013 2978 1163 3035 ἀλλᾶ
1234 2982 1298 3035 τὸ
1363 2980 1567 3049 ταύτην
1624 2979 1977 3053 ἁμαρτάνειν,-

312 3068 494 3127 ἰστέον
525 3071 600 3132 ὡς
633 3067 784 3124 οὐδὲν
844 3074 953 3124 τῶν
1010 3070 1147 3126 κατὰ
1199 3068 1355 3147 φύσιν
1387 3068 1438 3142 ἐξ
1483 3069 1719 3145 ἀνάγκης
1748 3068 1971 3143 γινομέο

307 3182 441 3229 νων,
491 3160 793 3233 ἁμάρτημα
838 3160 1122 3235 τυγχάνει·
1170 3164 1315 3214 πᾶσα
1350 3160 1452 3234 γάρ
1483 3158 1720 3233 ἁμαρτία
1753 3158 1812 3212 ἐκ
1841 3178 1971 3232 προ-

306 3248 569 3323 αιρέσεως
622 3248 842 3323 γίνεται·
904 3251 938 3318 ἡ
1001 3246 1057 3302 δὲ
1114 3247 1431 3316 προαίρεσις
1489 3245 1549 3301 ἐκ
1600 3251 1806 3321 ψυχῆς·
1842 3249 1876 3315 ἡ
1915 3244 1971 3300 δε

308 3343 466 3415 ψυχή
500 3338 655 3394 οὐσία
685 3342 819 3394 Θεοῦ
850 3339 967 3393 καθ’
1021 3338 1182 3411 ὑμᾶς·
1236 3336 1295 3393 ἐκ
1343 3341 1478 3393 Θεοῦ
1509 3334 1612 3409 ἄρα
1642 3338 1676 3405 ἡ
1710 3335 1970 3409 ἁμαρτία,

311 3430 404 3485 καὶ
438 3428 537 3483 οὐκ
592 3427 649 3482 ἐκ
700 3432 800 3493 τῆς
858 3426 1020 3496 ὕλης,
1082 3429 1216 3482 κατᾶ
1265 3427 1329 3482 τὸ
1389 3427 1561 3499 ὑμῶν,
1622 3420 1973 3480 άσεϐεστατον

313 3518 513 3594 δόγμα.
550 3517 667 3573 Κάκ
692 3522 802 3571 τῶν
836 3516 1018 3570 τόπων
1077 3515 1135 3572 δὲ
1190 3519 1263 3571 ὧν
1328 3518 1483 3588 ὑμεῖς
1530 3518 1848 3578 ὑποτίθεσθε
1878 3516 1968 3569 τὸν

316 3609 413 3679 μὲν
445 3611 523 3678 τῷ
555 3610 690 3675 Θεῷ,
720 3606 811 3659 τὸν
858 3602 916 3659 δὲ
962 3608 1031 3677 τῇ
1082 3604 1188 3678 ὕλῃ
1244 3604 1665 3679 προσνεμοντες,
1695 3606 1833 3677 ὑμᾶς
1866 3606 1972 3658 ἀπ-

296 3693 454 3769 ελέγξ
478 3724 503 3748 ι)
541 3692 714 3767 μηδὲν
749 3691 1198 3769 δογματίζοντας.
1236 3693 1294 3749 bi
1324 3695 1425 3767 γάρ
1455 3695 1722 3766 ἀγένητος
1752 3694 1779 3747 6
1814 3694 1964 3753 Θεὸς»

294 3785 389 3841 καὶ
425 3787 458 3854 ἡ
494 3783 622 3853 ὕλη·
680 3783 903 3845 ἕκαστος
955 3781 1011 3838 δὲ
1068 3782 1120 3838 ἐν
1181 3783 1336 3856 τόπῳ
1364 3783 1625 3857 τυγχάνει
1658 3784 1775 3841 καθ’
1807 3784 1966 3855 ὑμᾶς·

303 3875 334 3929 6
367 3872 424 3927 δὲ
452 3872 625 3935 τόπος
653 3868 835 3944 ἕτερός
865 3872 976 3926 ἐστι
1021 3873 1139 3927 κατ’
1189 3871 1371 3926 οὐσίαν
1402 3876 1510 3926 τῶν
1545 3870 1595 3925 ἐν
1630 3870 1778 3942 αὐτῷ
1812 3891 1967 3943 περι-

307 3966 614 4038 εχομένων,
650 3956 986 4034 συμϐήσεται
1016 3963 1142 4023 τοὺς
1174 3960 1373 4022 τόπους
1407 3963 1799 4034 συναγενήτους
1832 3960 1965 4014 εἴιαι

304 4059 424 4115 τοῖς
456 4052 547 4107 σὺν
579 4052 790 4109 αὐτοῖς.
852 4052 941 4106 καὶ
992 4051 1166 4113 οὕτως
1216 4050 1277 4105 οὐ
1318 4047 1414 4105 δύο
1444 4050 1511 4104 τά
1539 4050 1773 4126 ἀγένητα
1820 4049 1968 4105 ἀλλά

302 4143 556 4213 τέσσαρα,
590 4141 738 4207 Θεὸν,
786 4143 873 4195 καὶ
925 4140 1085 4211 ὕλην,
1129 4141 1219 4195 καὶ
1269 4140 1518 4214 ἑκάτερον
1549 4141 1641 4195 τὸν
1671 4141 1838 4194 τόπον
1873 4139 1961 4194 εὐ-

301 4234 512 4307 ρησεις.
547 4231 609 4288 Εἰ
642 4229 699 4285 δὲ
743 4230 871 4293 τοὺς
923 4231 1123 4289 τόπους
1171 4226 1571 4304 πρεσϐυτέρους
1605 4230 1737 4303 φατὶ
1766 4234 1873 4284 τῶν
1908 4228 1963 4283 ἐν

299 4320 506 4386 αὐτοῖς,
541 4318 721 4375 οὐκετι
750 4320 779 4374 6
809 4320 940 4383 Θεὸς
968 4318 1057 4373 καὶ
1090 4318 1196 4389 ὕλη
1244 4318 1504 4392 ἀγένητοι
1547 4313 1785 4389 ἔσονται,
1820 4316 1965 4372 ἀλλὰ

305 4408 521 4482 μᾶλλον
581 4409 635 4463 οἱ
690 4407 902 4464 τούτων
963 4407 1417 4483 προϋπάρχοντες
1470 4406 1653 4463 τόποι·
1703 4407 1748 4463 εί
1782 4405 1839 4462 δὲ
1869 4409 1960 4462 τὸν

304 4498 434 4553 Θεὸν
465 4499 555 4552 καὶ
600 4498 700 4565 τήν
750 4495 891 4567 ὅλην
942 4496 1049 4570 πρὸ
1106 4501 1216 4552 τῶν
1272 4498 1453 4551 τόπων
1507 4496 1640 4551 εἶναι
1673 4518 1827 4573 φατε,
1860 4498 1962 4571 ἀρα

2097 568 2360 622 materia)
2395 570 2660 640 Operatio
2692 572 2925 641 passiva
2957 573 3087 628 erit.
3124 573 3179 628 Si
3226 558 3305 629 ita
3339 558 3447 643 εει,
3482 577 3753 648 subjacet

2096 672 2232 727 ergo
2264 657 2382 712 Deo
2412 660 2707 730 servitque
2738 661 3008 716 materia.
3033 663 3159 716 Jam
3192 664 3240 717 si
3272 664 3542 735 subjacet
3569 674 3749 738 atque

2097 747 2299 814 servit,
2332 764 2453 801 non
2486 754 2576 802 est
2621 754 2779 803 certe
2829 749 3110 807 increata.
3146 753 3459 820 Praeterea,
3498 756 3586 810 vel
3617 758 3748 811 duas

2095 841 2321 891 naturae
2352 843 2555 909 agunt,
2588 838 2677 892 vel
2710 838 2841 893 duae
2897 841 3243 911 patiuntur;
3278 844 3368 897 vel
3399 843 3517 900 alia
3546 846 3665 918 agit
3695 853 3754 901 et

2095 926 2211 981 alia
2240 927 2483 997 patitur,
2516 928 2606 981 vel
2656 929 2844 983 ambae
2896 930 3203 1005 patiuntur
3234 937 3291 987 et
3321 940 3520 1004 agunt.
3558 935 3666 991 Sed
3703 937 3751 991 si

2093 1016 2224 1070 duaa
2256 1022 2458 1089 agunt,
2484 1017 2563 1070 dii
2589 1023 2799 1084 erunt;
2826 1019 3122 1089 siquidem
3146 1038 3317 1093 agere
3351 1024 3452 1078 Dei
3484 1025 3749 1081 ofﬁcium

2094 1110 2201 1171 est,
2235 1106 2619 1176 materiaeque
2656 1124 2858 1163 curam
2889 1126 3114 1181 gerere.
3149 1112 3315 1176 Quod
3348 1112 3395 1167 si
3427 1114 3618 1169 ambae
3647 1132 3748 1187 pa-

2092 1194 2340 1264 tiuntur,
2376 1195 2622 1251 diversa)
2672 1202 2851 1251 erunt
2897 1204 3169 1269 utraque,
3222 1205 3281 1259 et
3327 1202 3479 1256 alius
3519 1210 3752 1259 creator

2092 1291 2411 1355 quaaretur.
2448 1284 2503 1338 Si
2530 1302 2811 1357 vero‘una
2842 1286 3064 1357 patitur
3094 1294 3153 1341 et
3182 1306 3303 1344 una
3341 1290 3479 1364 agit,
3513 1293 3747 1364 patiens

2092 1373 2335 1444 quidem
2368 1379 2585 1442 creata,
2636 1392 2817 1447 agens
2857 1376 3142 1437 increata.
3176 1379 3443 1449 Denique
3476 1381 3524 1435 si
3555 1382 3745 1437 ambae

2092 1468 2150 1517 et
2178 1468 2362 1535 agunt
2393 1468 2451 1517 et
2480 1464 2809 1533 patiuntur,
2844 1470 3143 1535 quatenus
3175 1464 3381 1539 agunt,
3410 1468 3491 1522 dii
3531 1477 3743 1537 erunt;

2091 1558 2385 1622 quatenus
2416 1553 2747 1623 patiuntur,
2778 1553 3065 1609 materiae.
3098 1554 3334 1609 Eaedem
3377 1571 3512 1628 ergo
3545 1566 3742 1629 erunt,

2090 1642 2169 1696 dii
2204 1646 2261 1696 et
2282 1643 2786 1709 materiae,creataa
2812 1648 2871 1697 et
2893 1643 3281 1700 increatze.Ex
3306 1661 3483 1701 causa
3506 1664 3745 1719 quoque

2089 1731 2538 1804 redarguimini.
2598 1734 2783 1797 Quam
2845 1732 2918 1787 ob
2978 1750 3217 1788 causam
3267 1736 3581 1790 materiam
3613 1754 3744 1792 esse

2089 1821 2342 1876 dicimus
2373 1821 2591 1876 malam
2613 1821 2640 1875 ?
2688 1823 2908 1892 Nempe
2952 1822 3041 1877 vel
3092 1823 3232 1893 quia
3264 1824 3531 1879 increata
3564 1831 3657 1881 est
3687 1832 3746 1881 et

2086 1910 2469 1981 principium,
2502 1911 2591 1965 vel
2621 1912 2760 1982 quia
2789 1912 3062 1979 materia,
3094 1913 3182 1967 vel
3214 1914 3355 1983 quia
3380 1931 3615 1985 corpus.
3651 1916 3745 1970 vel

2084 2000 2225 2071 quia
2256 1998 2537 2055 dividitur
2559 2006 2617 2055 et
2638 2000 3005 2055 immutatur.
3030 2003 3207 2072 Atqui
3235 2003 3283 2057 si
3312 2004 3453 2073 quia
3478 2003 3745 2061 increata

2086 2095 2175 2143 est
2203 2096 2262 2144 et
2290 2089 2673 2160 principium,
2706 2091 2858 2143 Deus
2908 2107 3140 2161 quoque
3194 2091 3328 2145 talis
3369 2098 3475 2145 est.
3513 2093 3569 2146 Si
3602 2095 3745 2164 quia

2085 2178 2354 2243 materia,
2380 2179 2631 2232 materia
2657 2184 2855 2232 autem
2879 2178 3215 2249 appellatur
3244 2186 3560 2251 propterea
3582 2183 3740 2253 quod

2084 2267 2341 2322 obnoxia
2371 2272 2460 2321 est
2488 2267 2825 2339 generando
2847 2285 2917 2321 ex
2938 2285 3020 2329 se.
3046 2268 3177 2322 ideo
3212 2276 3452 2339 propter
3472 2272 3743 2327 eamdem

2084 2356 2465 2428 hypothesim
2514 2373 2588 2411 ne
2639 2357 2791 2410 Deus
2843 2356 3081 2426 quidem
3124 2356 3317 2411 bonus
3351 2359 3483 2423 erit,
3516 2361 3657 2429 quia
3687 2368 3747 2415 et

2084 2447 2209 2518 ipse
2243 2446 2534 2501 obnoxius
2571 2451 2659 2500 est
2688 2445 3071 2517 producendo
3106 2464 3175 2501 ex
3204 2464 3266 2501 se
3298 2448 3527 2502 animas
3553 2454 3611 2502 et
3631 2465 3743 2503 an-

2069 2528 2268 2607 gelos,
2301 2541 2366 2589 ut
2396 2540 2679 2601 vestrum,
2710 2553 2741 2589 ο
2775 2536 3101 2597 Manichzei,
3127 2536 3338 2607 dogma
3370 2544 3477 2591 est.
3512 2538 3566 2591 Si
3601 2538 3744 2608 quia

2084 2630 2174 2679 est
2202 2641 2437 2695 corpus,
2472 2642 2590 2678 non
2643 2629 2733 2678 est
2780 2624 3033 2695 ipsamet
3077 2641 3255 2680 causa
3286 2632 3351 2679 ut
3396 2644 3611 2697 corpus
3642 2629 3740 2694 sit,

2083 2712 2187 2767 sed
2236 2714 2428 2779 Deus;
2480 2713 2702 2766 etenim
2752 2720 3074 2783 antequam
3118 2714 3437 2784 projiceret
3475 2716 3743 2785 particu-

2082 2802 2201 2857 lam
2234 2803 2320 2856 sui
2357 2802 2417 2856 in
2451 2802 2784 2858 materiam.
2821 2819 2890 2856 ea
2931 2820 3144 2873 corpus
3176 2820 3294 2857 non
3327 2810 3472 2857 erat.
3510 2804 3565 2858 Si
3597 2807 3742 2876 quia

2082 2892 2366 2947 dividitur
2393 2897 2452 2945 et
2480 2891 2852 2957 immutatur,
2885 2892 3040 2946 Deus
3089 2892 3148 2946 in
3201 2893 3504 2948 sententia
3549 2901 3743 2950 vestra

2083 2982 2295 3037 iisdem
2330 2981 2504 3035 malis
2552 2981 2664 3034 erit
2708 2980 3040 3036 obnoxius:
3089 2997 3227 3036 nam
3271 2982 3319 3036 si
3360 2982 3645 3038 dividitur
3676 2984 3738 3039 in

2082 3071 2431 3143 angelorum
2462 3075 2639 3141 atque
2670 3071 3005 3125 animarum
3040 3071 3509 3141 procreationes,
3546 3088 3741 3144 neque

2086 3167 2284 3216 tamen
2318 3177 2388 3214 ex
2419 3177 2488 3214 eo
2521 3160 2879 3230 proveniunt
2926 3159 3029 3225 dii,
3074 3160 3445 3230 exploratum
3486 3166 3577 3216 est
3604 3180 3741 3219 cum

2086 3266 2206 3304 non
2258 3249 2451 3303 solum
2501 3248 2703 3315 dividi,
2754 3265 2957 3303 verum
3013 3249 3189 3309 etiam
3241 3265 3369 3304 esse
3429 3257 3739 3308 mutatum.

2082 3340 2248 3406 Quod
2281 3340 2327 3394 si
2360 3339 2619 3410 denique
2671 3339 2828 3394 haud
2878 3339 3032 3395 hanc
3075 3357 3205 3395 esse
3255 3357 3493 3396 causam
3543 3342 3740 3398 dicitis

2082 3446 2189 3484 cur
2220 3431 2377 3485 mala
2408 3429 2484 3483 sit
2516 3429 2782 3484 materia.
2814 3428 2917 3482 sed
2950 3430 3089 3498 quia
3123 3429 3247 3483 haec
3281 3438 3504 3500 peccat.
3540 3433 3727 3487 scien~

2082 3519 2222 3574 dum
2257 3525 2365 3577 est.
2401 3519 2552 3573 nihil
2584 3518 2740 3588 quod
2796 3518 2854 3571 in
2902 3535 3101 3571 rerum
3152 3526 3366 3573 natura
3399 3522 3734 3575 necessario

2084 3610 2204 3668 ﬁat,
2241 3625 2370 3663 esse
2408 3615 2735 3678 peccatum.
2771 3609 3035 3678 Namque
3089 3624 3266 3662 omne
3319 3617 3626 3678 peccatum
3661 3610 3734 3664 li-

2080 3697 2223 3751 bera
2253 3697 2541 3751 electione
2576 3698 2658 3751 fit.
2696 3696 2914 3752 Electio
2966 3703 3166 3751 autem
3233 3695 3306 3751 ab
3357 3698 3559 3752 anima
3592 3705 3720 3765 est;

2080 3786 2279 3840 anima
2357 3792 2553 3839 autem
2600 3785 2932 3841 substantia
2983 3787 3103 3847 Dei,
3156 3794 3221 3840 ut
3260 3803 3359 3841 vos
3400 3786 3627 3843 dicitis:
3664 3806 3733 3843 ex

2085 3877 2197 3929 Deo
2250 3875 2427 3945 igitur
2472 3881 2801 3944 peccatum,
2853 3881 2911 3929 et
2960 3892 3077 3928 non
3131 3891 3197 3929 ex
3252 3876 3519 3939 materia,
3566 3879 3735 3943 juxta

2078 3972 2337 4020 vestrum
2367 3965 2855 4019 scelesti<simum
2886 3965 3097 4036 dogma
3146 3970 3261 4038 Age
3289 3984 3422 4021 vero
3456 3968 3631 4021 etiam
3665 3985 3734 4023 ex

2078 4055 2246 4113 locis.
2277 4071 2425 4125 quos
2457 4070 2556 4108 vos
2599 4054 2812 4124 partim
2867 4055 2980 4108 Deo
3034 4056 3246 4124 partim
3292 4057 3556 4110 materia;
3587 4057 3730 4111 assi-

2076 4145 2288 4217 gnatis,
2324 4160 2637 4215 coarguam
2691 4160 2790 4197 vos
2839 4143 2989 4197 nihil
3036 4144 3279 4198 omnino
3332 4144 3548 4200 dicere.
3588 4146 3731 4200 Nam

2079 4235 2125 4289 si
2155 4235 2308 4289 Deus
2339 4234 2638 4287 increatus
2688 4239 2796 4298 est,
2832 4232 2970 4287 item
3004 4240 3062 4287 et
3091 4234 3379 4299 materia;
3413 4241 3730 4305 utrumque

2075 4329 2274 4393 autem
2306 4324 2367 4376 in
2401 4323 2529 4375 loco
2556 4339 2682 4387 suo,
2716 4328 2782 4376 ut
2829 4339 2929 4375 vos
2975 4321 3193 4387 dicitis,
3228 4328 3381 4387 stat;
3430 4323 3595 4377 locus
3625 4339 3733 4379 au—

2079 4420 2191 4469 tem
2227 4413 2457 4467 diversa
2488 4416 2701 4466 natura
2733 4416 2824 4466 est
2852 4410 2924 4465 ab
2956 4411 3027 4465 iis
3068 4412 3169 4481 qui
3215 4428 3283 4466 eo
3322 4412 3733 4480 continentur,

2075 4518 2452 4572 consequens
2473 4500 2587 4554 erit
2616 4505 2681 4554 ut
2705 4499 2818 4554 loci
2842 4500 3063 4570 pariter
3084 4500 3207 4554 sint
3233 4501 3480 4556 increati
3504 4518 3515 4555 :
3551 4507 3729 4572 atque

305 4590 409 4644 οὐκ
435 4590 571 4658 ἦσαν
605 4587 1014 4662 κεχωρισμένοι
1070 4588 1200 4649 Θεὸς
1244 4587 1334 4643 καὶ
1374 4586 1505 4658 ὕλη,
1536 4586 1663 4643 ἀλλ’
1693 4586 1745 4642 ἐν
1780 4585 1925 4657 άλλη

2083 4593 2160 4646 ita
2190 4608 2310 4645 non
2340 4590 2480 4651 duo,
2512 4589 2616 4644 sed
2649 4594 2903 4659 quatuor
2942 4605 3071 4643 esse
3124 4590 3409 4653 increata,
3444 4591 3627 4644 Deum
3657 4606 3726 4645 ac

305 4676 429 4742 λοις
462 4679 740 4753 ὑπῆρχον.
775 4676 836 4731 οὐ
867 4678 972 4753 γάρ
1002 4677 1070 4747 ἦν
1106 4673 1259 4731 οὔπω
1288 4677 1463 4739 τύπος
1494 4678 1523 4731 6
1556 4674 1839 4751 διορίζων·
1872 4677 1961 4730 καὶ

304 4767 480 4831 οὕτως
530 4770 558 4824 6
615 4774 717 4837 τῆς
767 4769 895 4844 παρ’
954 4768 1107 4841 ὑμῶν
1168 4766 1546 4837 ἐναντιότητος
1579 4767 1963 4836 διαλυθήσεται

305 4856 496 4934 λόγος.
528 4858 610 4915 Οὗ
642 4857 748 4933 γάρ
810 4856 862 4912 ἰν
922 4855 1199 4927 ἀλλήλοις
1229 4860 1263 4927 ἡ
1297 4857 1455 4934 φύσις
1512 4857 1834 4935 ὑφίστασθαι
1868 4856 1962 4911 δύ-

302 4970 457 5005 ναται
508 4957 616 5007 τῶν
661 4948 939 5004 ἐναντίων·
997 4949 1135 5004 ὥστε
1181 4950 1522 5023 πανταχόθεν
1569 4950 1720 5021 ὑμῶν
1756 4947 1967 5018 ἀπελή-

304 5036 532 5112 λεγκται
584 5041 619 5107 ἡ
683 5036 944 5109 μυθώδης
1000 5037 1376 5113 τερατολογία·
1443 5040 1518 5111 μὴ
1570 5034 1710 5110 ὕμᾶς
1741 5037 1965 5098 ἑαυτούς

300 5147 362 5182 τε
388 5126 480 5182 καὶ
514 5127 733 5201 ἑτέρους
760 5132 878 5190 τοῖς
917 5135 1019 5197 τῆς
1068 5123 1315 5191 ἀσεϐείας
1367 5126 1722 5203 περιπείρητε
1753 5124 1967 5202 δόγμα-

306 5236 414 5286 σιν,
457 5214 606 5273 ἀλλὰ
647 5214 1096 5292 προσδραμόντες
1122 5222 1204 5291 τῷ
1261 5217 1401 5297 φωτὶ
1426 5225 1526 5286 τῆς
1559 5216 1841 5287 ἀληθείας,
1872 5216 1965 5271 τὸν

307 5304 469 5386 ζόφον
496 5312 566 5377 τῆ
625 5306 842 5383 ἀγνοίας
902 5306 1235 5384 ἐκκαθάρατε
1291 5312 1399 5364 τῶν
1452 5311 1672 5383 ψυχῶν·
1716 5306 1971 5382 αὐτεξου-

2076 4682 2411 4749 materiam,
2462 4686 2887 4753 etutrumque
2941 4679 3160 4746 locum,
3196 4696 3325 4734 esse
3369 4681 3725 4751 comperies.

2075 4771 2240 4838 Quod
2273 4772 2321 4825 si
2370 4771 2530 4825 locos
2588 4769 2786 4823 dicitis
2844 4785 2973 4823 esse
3031 4769 3401 4838 antiquiores
3433 4769 3611 4825 rebus
3644 4768 3726 4826 ibi

2076 4860 2545 4933 comprehensis,
2581 4858 2736 4913 haud
2762 4859 2889 4929 jam
2924 4859 3074 4913 Deus
3108 4864 3167 4912 et
3198 4858 3447 4913 materia
3480 4858 3729 4913 increati

2078 4957 2272 5017 erunt,
2293 4950 2396 5006 sed
2428 4950 2466 5003 ii
2501 4949 2697 5021 potius
2719 4948 2821 5019 qui
2848 4954 2984 5002 ante
3007 4948 3166 5018 ipsos
3199 4946 3564 5001 exsistebant
3590 4946 3724 5004 loci.

2078 5042 2257 5096 Secus
2290 5054 2449 5103 vero,
2485 5038 2531 5093 si
2565 5040 2751 5093 Deum
2799 5054 2865 5092 ac
2914 5035 3225 5091 materiam
3259 5041 3395 5090 ante
3434 5035 3594 5093 locos
3624 5052 3728 5092 ex-

2036 5130 2299 5186 'stitisse
2358 5128 2590 5193 dicatis,
2666 5144 2802 5200 ergo
2850 5142 2973 5181 non
3022 5129 3192 5180 erant
3269 5123 3412 5179 olim
3473 5124 3732 5196 separati

2077 5221 2233 5275 Deus
2264 5235 2331 5275 ac
2357 5217 2627 5285 materia,
2654 5216 2760 5273 sed
2801 5214 3053 5271 invicem
3100 5211 3574 5273 coexsistebant:
3606 5230 3730 5275 non

2077 5310 2237 5366 enim
2269 5308 2464 5365 adhuc
2521 5312 2649 5363 erat
2702 5305 3126 5363 discriminans
3181 5301 3369 5361 locus.
3420 5306 3613 5375 Atque
3651 5303 3739 5363 ita

1899 5545 2125 5603 NOTIE.

376 5695 455 5770 (1)
486 5694 745 5754 Dubium
774 5694 839 5754 in
875 5696 1009 5767 cod,
1040 5695 1419 5756 vocabulum.
