4120 6426
337 343 479 419 1335

1892 333 2262 408 spuma.

3628 339 3773 399 1836

337 492 532 545 vestra
577 485 649 544 de
699 503 905 544 rerum
953 482 1349 559 repugnantia
1406 480 1678 537 doctrina
1749 477 1994 536 corruit.
2031 493 2044 544 Α

2156 474 2323 546 ιότητι
2379 475 2482 551 γὰρ
2540 472 2631 529 καὶ
2684 473 2788 528 οὐκ
2843 470 3051 547 ἀνάγκῃ
3089 467 3313 559 φύσεως
3367 466 3657 545 ἄνθρωποι
3705 468 3771 524 τὸ

337 580 572 634 Naturae
619 578 782 633 enim
831 576 1146 633 contrariae
1197 573 1450 628 invicem
1489 569 1849 626 coexsistere
1885 584 1987 623 ne-

2102 562 2295 620 δοκοῦν
2329 563 2382 619 έν
2417 562 2617 638 αἱρέσει
2651 560 2980 634 ποιούμεθα.
3012 558 3206 621 Τέλος.

339 671 586 739 queunt.
619 668 811 736 Atque
842 667 926 720 ita
953 666 1313 736 portentosae
1363 664 1573 714 vestrae
1619 657 1834 713 fabulae
1885 671 2330 728 quaqueversus
2371 653 2790 726 exploduntur.
2843 653 2924 706 Ne
2974 650 3175 720 itaque
3226 653 3454 704 vosmet
3499 648 3771 720 aliosque

338 758 542 829 impiis
571 756 942 830 dogmatibus
974 771 1082 810 ceu
1115 753 1303 824 spinis
1356 749 1718 822 implicetis;
1772 747 1877 803 sed
1935 747 2009 802 ad
2072 745 2334 801 veritatis
2391 745 2586 800 lucem
2633 746 3046 815 properantes,
3101 740 3354 795 inscitiae
3395 740 3673 830 tenebras
3700 755 3772 795 ex

339 847 653 902 animabus
681 846 890 901 vestris
921 844 1144 917 pellite.
1197 842 1432 897 Etenim
1490 840 1677 894 libero
1739 837 2006 906 arbitrio,
2067 852 2190 892 non
2247 840 2474 891 naturae
2532 833 2912 901 necessitate,
2945 847 3055 885 nos
3086 830 3364 886 homines
3390 829 3548 902 quod
3578 829 3770 885 visum

339 935 538 1006 tuerit,
571 935 910 992 faciendum
943 933 1239 1006 eligimus.
1273 931 1548 1004 Explicit.

341 1129 3769 1166 ψ

604 1361 606 1364 '
703 1325 1504 1456 ΙΩΑΝΝΟΥ
1603 1324 1953 1456 ΤΟΥ
2054 1293 3404 1453 ΔΑΜΑΣΚΗΝΟΥ(“)

593 1615 1185 1710 ΔΙΑΛΕΞΙΣ
1231 1588 1311 1660 (δ)
1423 1609 2275 1707 ΣΑΡΡΑΚΗΝΟΥ
2391 1608 2606 1704 ΚΑΙ
2722 1607 3596 1705 ΧΡΙΣΤΙιΔιΝΟΥ.Δ

1041 1862 1159 1993 s.
1260 1858 1980 1985 JOANNIS
2083 1827 3072 1981 DAMASGENI

906 2119 1588 2209 DISPUTATIO
1678 2118 2232 2207 SABACENI
2325 2116 2466 2206 ET

2565 2115 3162 2204 CHRISTIAN
3174 2114 3238 2204 1.

1514 2481 1619 2549 (Ex
1649 2477 1800 2535 Bibl.
1831 2477 2221 2534 Gallandiana
2250 2483 2291 2534 t.
2321 2480 2469 2552 XIII,
2499 2484 2646 2552 272.)

430 2878 834 2950 Interrogatus
885 2876 1257 2933 Christianus
1306 2893 1342 2932 a
1389 2876 1796 2932 SARACENO:
1829 2875 2014 2940 Quem
2045 2877 2092 2942 B

361 2967 450 3022 ais
476 2983 720 3022 causam
754 2983 884 3022 esse
914 2965 1052 3021 boni
1085 2965 1297 3021 malive
1317 2965 1345 3020 τ

431 3056 904 3111 CHRISTIANUS
928 3055 1240 3128 respondit
1263 3071 1276 3108 :
1300 3055 1579 3111 Omnium
1601 3054 1895 3108 bonorum
1923 3070 2023 3109 ne-

357 3144 585 3200 minem
617 3143 868 3199 dicimus
901 3160 1030 3199 esse
1064 3159 1306 3200 causam
1353 3149 1571 3216 prmter
1600 3159 1779 3214 quam
1810 3145 2016 3213 Deum,

357 3233 503 3290 mali
534 3249 672 3288 vero
704 3249 826 3288 non
855 3233 1023 3289 item.

428 3325 500 3378 Et
526 3322 903 3394 respondens
935 3322 1180 3379 SARAC.
1213 3321 1334 3378 ait:
1380 3323 1565 3388 Quem
1598 3320 1747 3376 dicis
1777 3337 2020 3377 causam

360 3428 492 3469 esse
523 3412 821 3468 malorum
841 3411 868 3467 ‘I

429 3501 700 3558 CHRIST.
735 3503 881 3557 Eum
914 3501 1145 3557 scilicet
1175 3501 1275 3573 qui
1318 3517 1391 3556 ex
1423 3499 1722 3556 sententia
1751 3515 1860 3556 sua
1888 3498 2017 3554 dia-

358 3591 534 3650 holus
567 3595 678 3661 est,
711 3608 780 3647 ac
811 3608 921 3647 nos
950 3591 1130 3646 etiam
1159 3591 1454 3646 homines.

435 3683 689 3740 SABAC.
718 3682 900 3754 Cujus
931 3682 1017 3738 rei
1051 3682 1284 3756 gratia?

437 3771 707 3827 CHRIST.
741 3773 990 3844 Propter
1019 3771 1276 3827 liberum
1308 3770 1644 3827 arbitrium.

437 3861 688 3916 SARAC.
724 3861 875 3927 Quid
900 3878 1036 3934 ergo
1060 3861 1088 3916 ‘2
1118 3860 1390 3916 Liberine
1414 3877 1476 3917 es
1498 3860 1753 3929 arbitrii,
1777 3865 1836 3916 et
1864 3877 2020 3932 qua)-

362 3967 599 4022 cunque
629 3951 714 4006 vis
744 3967 918 4024 agere
951 3951 1112 4007 vales
1135 3951 1163 4007 ?

435 4043 704 4098 CHRIST.
740 4045 823 4097 Ex
853 4043 1088 4099 duobus
1119 4043 1282 4113 solis,
1319 4043 1382 4098 in
1413 4042 1529 4100 alio
1564 4043 1855 4099 formatus
1895 4060 2017 4098 non

362 4129 448 4186 fui
477 4147 512 4186 a
538 4133 656 4187 Deo
689 4131 842 4186 liber
870 4133 1137 4187 arbitrio.

437 4221 685 4276 SARAC.
720 4223 859 4287 Qum
891 4228 1031 4276 sunt
1059 4221 1186 4276 hinc
1207 4221 1234 4275 ?

439 4309 710 4366 CHRIST.
746 4311 908 4366 Bona
937 4327 1119 4384 agens
1152 4327 1271 4365 non
1309 4313 1482 4365 timeo
1507 4311 1714 4384 iugem,
1741 4311 1887 4382 quin
1913 4328 2021 4384 po-

365 4398 484 4454 tius
515 4405 574 4454 et
600 4399 941 4456 mercedem
986 4405 1046 4456 et
1090 4401 1562 4456 misericordiam
1595 4417 1629 4455 a
1658 4401 1776 4456 Deo
1809 4417 2015 4457 conse-

369 4503 561 4559 quor:
595 4490 754 4544 haud
785 4489 960 4545 aliter
989 4491 1169 4546 etiam
1213 4489 1486 4547 diabolus
1522 4493 1738 4564 (fuisset
1765 4507 2021 4546 consecu-

371 4576 498 4648 tus).
532 4578 768 4632 Primus
818 4580 994 4634 homo
1035 4581 1208 4636 liberi
1253 4581 1482 4636 arbitrii
1529 4581 1819 4636 formatus
1867 4587 1958 4636 est
1987 4596 2023 4635 a

373 4667 514 4733 Deo,
547 4673 605 4722 et
635 4670 934 4738 peccavit;
967 4677 1123 4726 Deus
1153 4688 1287 4726 vero
1340 4671 1410 4726 de
1456 4671 1696 4743 pr0prio
1729 4676 1884 4726 statu
1918 4670 2022 4726 de-

373 4755 632 4812 turbavit
663 4773 818 4813 eum.
859 4765 934 4814 At
961 4760 1212 4815 fortasse
1257 4759 1436 4815 etiam
1489 4759 1651 4814 dicas
1682 4760 1828 4814 mihi
1861 4761 2020 4833 obji-

373 4846 586 4902 ciendo
614 4864 626 4901 :
659 4849 940 4913 Quaenam
973 4855 1114 4904 sunt
1143 4867 1274 4920 quin
1309 4849 1454 4904 mihi
1485 4849 1750 4920 loqueris
1780 4849 1936 4906 bona
1965 4855 2026 4905 et

370 4937 577 4992 mala?
626 4939 773 4992 Ecce
823 4939 934 5007 sol,
982 4940 1127 4994 luna
1177 4944 1236 4993 et
1284 4939 1472 4994 stellae
1523 4939 1694 4995 bonae
1725 4941 2024 4996 suntzfac

368 5040 557 5082 unum
589 5041 658 5083 ex
689 5027 802 5082 bis.
828 5029 952 5083 Non
983 5033 1298 5100 propterea
1327 5029 1571 5099 praadixi
1605 5029 1710 5084 tibi
1741 5029 2023 5086 adversus

368 5113 664 5184 homines,
697 5133 914 5188 operor
958 5117 1117 5173 bona
1160 5123 1218 5173 et
1259 5118 1436 5174 mala.
1489 5121 1649 5175 Bona
1679 5125 1820 5175 sunt
1847 5120 2026 5192 igitur

367 5205 473 5262 Dei
497 5205 850 5279 gloriﬁcatio
883 5212 943 5262 et
971 5209 1198 5263 oratio:
1229 5209 1388 5263 mala
1417 5214 1616 5265 autem
1663 5215 1803 5265 sunt
1831 5210 2022 5265 forni-

366 5295 542 5363 catio,
567 5295 815 5351 furtum.
831 5297 1324 5369 Quandoquidem
1348 5299 1646 5369 quomodo
1668 5299 1756 5355 ais
1776 5304 1842 5354 tu
1866 5298 2026 5354 mala

2197 2873 2542 2950 Ἐρωτισθεὶς
2585 2877 2612 2930 6
2644 2876 2971 2951 Χριστιανὸς
3020 2875 3168 2952 παρὰ
3227 2877 3660 2934 ΣΑΡΠΝΟΥΔΚ
3689 2881 3785 2953 (c),

2125 2973 2249 3034 τινα
2279 2967 2460 3042 λέγεις
2483 2962 2654 3021 αἴτιον
2683 2965 2856 3021 καλοῦ
2876 2966 2967 3020 καὶ
2992 2969 3162 3021 κακοῦ
3188 2986 3203 3035 ς
3236 2966 3474 3042 Ἀπορία

2197 3067 2243 3120 Ο
2297 3059 2732 3116 ΧΡΙΣΤΙΑΝΟΣ
2820 3057 2990 3111 εἶπεν
3077 3056 3298 3110 Πάντων
3377 3059 3489 3111 τῶν
3573 3056 3776 3131 ἀγαθῶν

2127 3149 2324 3208 οὐδένα
2380 3147 2553 3226 φαμὲν
2611 3144 2784 3201 αἷίτιον
2846 3146 2978 3200 εἶναι
3026 3145 3072 3200 εἶ
3127 3147 3202 3218 μή
3260 3145 3353 3200 τὸν
3411 3147 3556 3215 Θεὸν,
3607 3149 3772 3200 κακοῦ

2129 3240 2186 3297 δὶ
2217 3237 2301 3296 οἷ’).

2204 3328 2306 3388 Καὶ
2367 3323 2686 3401 ἀποκριθεὶς
2745 3324 2774 3378 6
2835 3326 3084 3382 ΣΑΡΑΚ.
3163 3324 3330 3379 εἶπενο
3415 3325 3554 3381 Τίνα
3609 3321 3780 3398 λέγεις

2128 3418 2302 3476 αἴτιον
2327 3419 2468 3472 εἶναι
2494 3418 2602 3470 τῶν
2633 3417 2814 3468 κακῶν
2841 3432 2856 3482 ;

2200 3510 2244 3567 Ο
2286 3509 2513 3564 ΧΡΙΣΤ.
2542 3503 2650 3561 Τὸν
2681 3503 2786 3557 ἀπὸ
2811 3502 3043 3579 γνώμης
3066 3497 3194 3558 ὅντα
3221 3497 3483 3558 διάϐολον
3504 3499 3784 3572 δηλονότι,

2127 3598 2219 3655 καὶ
2249 3601 2399 3672 ἡμᾶς
2428 3595 2557 3660 τοὺς
2579 3593 2920 3670 ἀνθρώπους,

2200 3691 2244 3747 Ο
2279 3691 2536 3745 ΣΑΡΔΚ.
2575 3685 2746 3760 Χάριν
2771 3681 2918 3744 τίνος
2945 3701 2958 3751 ;

2198 3781 2244 3835 0
2274 3779 2497 3834 ΧΡΙΣΤ.
2535 3775 2634 3829 Διὰ
2662 3773 2724 3828 τὸ
2753 3771 3120 3842 αὐτεξούσιον.

2198 3869 2243 3926 Ο
2275 3868 2528 3923 ΣΑΡΑΚ.
2581 3864 2646 3918 Τί
2697 3860 2830 3934 οῦνς
2883 3859 3228 3933 αὐτεξούσιος
3259 3863 3328 3932 εἴ,
3357 3860 3448 3916 καὶ
3481 3859 3580 3916 ὅσα
3611 3858 3784 3926 θελεις

2129 3955 2350 4013 δύνασαι
2381 3960 2556 4010 ποιεῖν
2585 3978 2600 4021 ς

2199 4050 2244 4105 Ο
2276 4049 2503 4103 ΧΡΙΣΤ.
2537 4045 2636 4100 Ἐκ
2694 4039 2791 4097 δύο
2849 4039 3052 4115 μόνων,
3086 4040 3142 4098 ἐν
3181 4039 3342 4116 ἄλλῳ
3374 4041 3435 4098 οὖ
3466 4040 3786 4115 πέπλασμαι

2132 4135 2236 4191 ὑπὸ
2267 4138 2405 4190 Θεοῦ
2435 4131 2836 4205 αὐτεξεούσιος.

2199 4230 2245 4283 Ο
2274 4228 2521 4281 ΣΑΡΑΚ.
2556 4226 2697 4276 Ποῖα
2718 4224 2889 4276 ταῦτα
2915 4240 2928 4290 ;

2202 4315 2246 4371 Ο
2276 4313 2511 4370 ΧΡΙΣΤ.
2545 4311 2628 4368 Τὰ
2659 4309 2800 4365 κακὰ
2835 4309 2929 4384 μὶν
2981 4310 3234 4386 πράττων
3269 4309 3332 4365 οὐ
3363 4306 3641 4388 φοϐοῦμαι
3697 4311 3786 4365 τὸν

2128 4403 2323 4477 νόμον,
2381 4400 2529 4457 ἀλλὰ
2584 4399 2675 4454 καὶ
2728 4403 3005 4472 τιμῶμαι,
3062 4399 3154 4454 καὶ
3219 4397 3481 4473 ἐλεοῦμαι
3533 4400 3636 4455 ὑπὸ
3692 4403 3788 4454 τοῦ

2131 4495 2286 4547 Θεοῦ.
2335 4490 2582 4564 Ὁμοίως
2633 4487 2720 4542 καὶ
2784 4487 2812 4541 6
2869 4481 3155 4549 διάϐολος.
3218 4491 3444 4560 Πρῶτος
3503 4485 3790 4563 ἄνθρωπος

2130 4579 2472 4653 αὐτεξούσιος
2521 4575 2828 4633 πέπλασται
2893 4575 2996 4631 ὑπὸ
3051 4574 3149 4631 τοῦ
3199 4580 3338 4632 Θεοῦ
3390 4576 3480 4632 καὶ
3534 4577 3788 4652 ἡμάρτη-

2131 4691 2236 4741 σεν,
2294 4669 2384 4724 καὶ
2442 4669 2470 4723 6
2525 4667 2656 4728 Θεὸς
2709 4672 2812 4735 τῆς
2869 4663 3011 4727 ἰδίας
3061 4665 3263 4736 τάξεως
3325 4664 3542 4736 ἐξέωσεν
3600 4665 3784 4723 αὐτὸν.

2131 4757 2290 4817 Ἀλλ’
2320 4758 2451 4822 ἴσως
2491 4756 2581 4811 καὶ
2640 4754 2818 4831 λέγεις
2881 4776 2973 4827 μοι
3031 4752 3351 4830 ἀντιλέγων·
3417 4757 3556 4812 Ποῖά
3586 4755 3722 4811 εἰσιν
3753 4755 3784 4812 ἃ

2131 4847 2308 4925 λὲγεις
2344 4868 2438 4921 μοι
2468 4845 2610 4901 καλὰ
2654 4845 2745 4900 καὶ
2799 4844 2978 4914 κακὴ
3155 4841 3301 4902 ’ἰδοὺ
3349 4842 3536 4918 ἥλιος,
3576 4843 3782 4917 σελήνη

2129 4939 2220 4994 καὶ
2247 4938 2464 5013 ἀστέρες
2493 4933 2655 4990 καλοί
2682 4933 2835 4989 εἰσιν·
2867 4932 3102 5004 ποίησον
3129 4931 3182 4989 ἓν
3243 4933 3303 4989 ἐκ
3346 4934 3577 4989 τούτων·
3727 4933 3787 4989 οὐ

2130 5028 2327 5084 τούτου
2384 5027 2546 5102 χάριν
2623 5022 2882 5099 προλέγω
2965 5045 3049 5078 σοι
3127 5024 3264 5080 κατά
3315 5028 3424 5080 τῶν
3484 5023 3788 5100 ἀνθρώπων

2133 5117 2432 5195 ἐργάζομαι
2461 5113 2606 5171 κάλὰ
2633 5113 2725 5168 καὶ
2753 5115 2893 5168 κακὰ
3098 5111 3316 5170 Καλλὸν
3355 5113 3474 5187 μὲν,
3507 5115 3624 5169 οἷόν
3657 5114 3792 5184 ἐστι,

2134 5205 2428 5280 δοξολογία
2484 5207 2619 5259 Θεοῦ
2674 5201 2763 5256 καὶ
2823 5204 3132 5278 προσευχή.
3192 5204 3349 5260 Κακὰ
3404 5199 3484 5274 δὲ,
3542 5203 3792 5279 πορνεία,

2133 5295 2354 5371 κλεψίαο
2417 5293 2533 5350 ἐπεὶ
2587 5293 2663 5356 ὡς
2726 5291 2906 5368 λέγεις
2963 5291 3026 5346 σὺ
3083 5293 3221 5369 καγὰ
3274 5291 3365 5348 καὶ
3401 5293 3542 5348 κακὰ
3568 5291 3631 5349 ἐκ
3661 5297 3794 5350 Θεοῦ

1742 5443 1978 5497 VARI/{‘3
2020 5443 2311 5498 LECTION
2318 5443 2418 5497 ES.

439 5558 514 5629 (a)
546 5558 714 5629 Hunc
743 5558 1004 5629 primum
1035 5575 1269 5613 versum
1301 5559 1374 5613 de
1424 5563 1626 5614 nostro
1677 5559 2066 5629 ascripsimus
2113 5559 2309 5614 Graece
2361 5562 2420 5613 et
2460 5556 2682 5611 Latine.
2715 5555 2798 5624 (h)
2826 5555 2928 5629 ‘Ex
2959 5552 3089 5629 cod.
3123 5570 3234 5629 ms.
3269 5554 3791 5629 Bibl._Yindobon.

370 5622 455 5705 (_cl
476 5622 619 5705 Vide
643 5622 1071 5705 "Le'quienium
1102 5646 1162 5684 n.
1198 5634 1255 5705 7,
1284 5632 1498 5705 p_._lif.)7_.
1557 5631 1637 5705 _(d)
1687 5622 1856 5705 Forte
1911 5629 2221 5705 ἀπόκρισις,
2274 5629 2605 5702 responsio.
2639 5622 2916 5700 (ογΚάλὰ.
2951 5625 3012 5696 (f)
3046 5626 3329 5698 Lequien.
3361 5626 3452 5680 καὶ
3484 5628 3511 5681 6
3545 5629 3702 5686 ΣΑΡ.
3730 5631 3798 5686 Ει

368 5695 496 5753 SAR.
532 5700 605 5771 (g)
643 5695 828 5755 ΧΡΙΣ.
863 5700 1145 5769 Lequien.
1177 5695 1262 5771 (h)
1284 5695 1370 5755 “Τὸ
1399 5695 1762 5774 ἀνθρώπινον.
1792 5701 1878 5756 Id.
