4120 6398
337 370 481 450 1337

1344 392 1769 450 DIBPUTATIO
1802 389 2166 446 SABACENI
2204 389 2297 443 ΕΤ
2333 388 2772 445 CHRISTIANI.

3618 385 3762 443 4338

338 516 507 586 εἶναις
543 512 905 587 Εὗρεθήσεται
939 513 967 567 6
1000 510 1132 574 Θεὸς
1163 516 1299 569 κατὰ
1354 517 1412 571 σὲ
1468 514 1675 587 ἄδικος,
1730 517 1862 589 ὅπερ
1897 512 1995 568 οὐκ

2114 512 2381 584 bonaque
2414 532 2482 569 ex
2514 517 2631 570 Deo
2663 532 2791 571 esse
2812 514 2840 569 ?
2867 514 3208 570 Invenietur
3245 516 3398 570 Deus
3428 514 3758 570 secundum

340 602 510 660 ἔστιν.
545 601 697 658 Ἐπεὶ
729 603 833 676 γὰρ
894 602 922 655 6
979 601 1106 663 Θεὸς
1164 606 1509 678 προσέταξεν,
1569 606 1644 667 ὡς
1695 604 1757 659 σὺ
1806 604 2005 676 λέγεις,

337 694 436 748 τὸν
502 692 703 765 πόρνον
758 690 1061 765 πορνεύειν,
1118 692 1207 746 καὶ
1275 696 1367 748 τὸν
1424 694 1667 761 κλέπτην
1727 693 2005 759 κλέπτειν,

341 782 433 838 καῖ
479 780 571 834 τὸν
633 776 966 855 ἀνδροφόνον
1027 778 1402 859 ἀνδροφονεῖν,
1464 784 1604 855 ἄξιοί
1652 784 1783 839 εἶσιν
1813 788 2005 855 τιμῆς.

338 871 406 925 τὸ
462 870 562 945 γάρ
629 866 848 941 θέλημα
904 873 1002 924 τοῦ
1058 876 1192 926 Θεοῦ
1265 872 1547 943 ἐποίησαν.
1608 874 2008 949 Εὐρεθήσονται

340 958 434 1015 καὶ
490 960 542 1013 οἱ
600 957 890 1031 νομοθέται
950 981 1046 1014 σου
1101 959 1339 1033 ψευδεῖς,
1397 962 1489 1017 καί
1544 964 1611 1018 τὰ
1673 957 1861 1037 βιϐλία
1914 981 2009 1015 σου

340 1045 781 1123 ψευδεπίγραφα,
842 1046 1031 1117 ἐπειδὴ
1092 1053 1490 1121 προστάττουσι
1547 1054 1639 1106 τὸν
1686 1051 1887 1127 πόρνον
1920 1050 2008 1105 καὶ

338 1137 435 1192 τὸν
496 1135 739 1205 κλέπτην
801 1132 1046 1210 δέρεσθαι
1125 1142 1465 1210 ποιήσαντας
1517 1141 1580 1194 τὸ
1642 1139 1861 1212 Θέλημα
1912 1144 2009 1194 τοῦ

339 1230 503 1295 Θεοῦ,
562 1224 652 1279 καὶ
718 1224 811 1278 τὸν
891 1224 1224 1305 ἀνδροφόνον
1305 1229 1734 1299 ἀποκτανθῆναι,
1788 1230 1846 1283 ’ὸν
1901 1223 2010 1284 ἔδει

336 1317 671 1390 τιμηθῆναι,
703 1310 893 1384 ἐπειδὴ
925 1316 988 1370 τὸ
1021 1315 1242 1391 θέλημα
1264 1322 1358 1372 τοῦ
1389 1323 1522 1374 Θεοῦ
1554 1317 1829 1387 ἐποίησεν.

418 1495 486 1552 Ὀ
520 1491 579 1550 δὲ
638 1498 899 1554 ΣΑΡΔΚ.
959 1494 1059 1559 Τίς
1119 1518 1277 1571 φησι,
1328 1495 1558 1552 πλάττει
1610 1496 1677 1551 τὰ
1728 1496 1902 1573 βρέφη
1953 1496 2007 1551 έν

340 1581 593 1647 κοιλίαις
624 1589 731 1641 τῶν
775 1590 1086 1662 γυναικῶν;
1144 1587 1307 1641 τοῦτο
1356 1588 1461 1662 γάρ
1512 1580 1924 1660 προϐάλλονται
1957 1586 2009 1639 οἱ

350 1672 702 1750 Σαῤῥακηνοὶ
733 1676 870 1752 πρὸς
891 1678 1038 1750 ἡμᾶς
1063 1671 1369 1751 πρόϐλημα
1402 1674 1732 1743 δεινότατον,
1761 1676 2011 1739 Θέλοντες

345 1761 633 1836 ἀποδεῖξαι
689 1765 779 1821 τὸν
841 1767 971 1821 Θεὸν
1030 1766 1205 1822 αἴτιον
1257 1772 1357 1824 τοῦ
1416 1772 1607 1824 κακοῦ.
1642 1766 1706 1823 Εἰ
1738 1769 1837 1843 γὰρ
1869 1767 2008 1821 ἀπο-

2114 607 2171 657 te
2202 603 2459 674 injustus
2486 621 2497 657 :
2530 605 2686 675 quod
2719 604 2923 675 utique
2954 621 3074 658 non
3116 611 3224 661 est.
3258 605 3545 669 Quoniam
3600 606 3762 660 enim

2122 694 2271 746 Deus
2302 695 2603 765 praecepit,
2636 700 2703 748 ut
2734 700 2793 749 tu
2834 695 3057 764 inquis,
3105 695 3529 749 fornicatorem
3576 695 3763 749 forni—

2117 782 2240 835 cari
2276 788 2333 834 et
2360 782 2550 837 furem
2582 783 2765 837 furari
2800 790 2859 837 et
2889 784 3250 839 homicidam
3296 784 3519 839 caedem
3550 783 3763 849 facere,

2118 871 2392 926 mercede
2426 871 2585 943 digni
2618 878 2752 927 sunt
2794 874 3159 945 hujusmodi,
3210 874 3577 929 voluntatem
3612 874 3772 928 enim

2120 960 2221 1015 Dei
2252 960 2540 1015 fecerunt.
2576 962 2964 1016 Invenientur
2994 980 3230 1033 quoque
3283 963 3653 1034 legislatores
3684 962 3770 1016 tui

2120 1051 2457 1116 mendaces,
2492 1057 2549 1104 et
2576 1051 2708 1105 libri
2744 1053 2826 1105 tui
2875 1052 3030 1119 falsi,
3083 1052 3568 1123 quandoquidem
3600 1068 3769 1106 man-

2120 1140 2262 1195 dant
2291 1140 2713 1195 fornicatorem
2759 1145 2817 1195 et
2864 1140 3055 1195 furem
3087 1142 3395 1209 excoriari,
3430 1142 3529 1213 qui
3564 1146 3763 1195 tamen

2120 1231 2219 1285 Dei
2247 1230 2610 1285 voluntatem
2652 1229 2959 1285 fecerunt:
3011 1230 3370 1285 homicidam
3403 1246 3638 1302 quoque
3670 1230 3766 1284 in-

2119 1322 2329 1389 terﬁci,
2365 1338 2541 1392 quem
2574 1321 2821 1392 praemio
2853 1321 3143 1375 cumulari
3176 1320 3506 1392 oportebat,
3549 1320 3768 1392 quippe

2120 1411 2220 1482 qui
2252 1412 2617 1466 voluntatem
2648 1411 2751 1465 Dei
2782 1410 3007 1466 fecerit.

2192 1502 2437 1556 SABAC.
2476 1501 2591 1568 Ait,
2621 1501 2755 1572 quis
2786 1500 3005 1555 format
3029 1499 3289 1554 infantes
3322 1499 3383 1555 in
3414 1500 3599 1555 uteris
3642 1516 3775 1554 mu-

2120 1589 2333 1645 lierum
2356 1591 2383 1644 ?
2412 1590 2571 1644 istud
2602 1607 2777 1661 porro
2836 1590 3127 1661 objiciunt
3166 1590 3443 1644 Saraceni
3492 1587 3773 1643 adversus

2120 1697 2230 1735 nos
2288 1686 2572 1752 tanquam
2629 1685 3047 1747 argumentum
3105 1679 3586 1744 invictissimum,
3650 1693 3767 1749 quo

2118 1769 2431 1826 ostendere
2462 1770 2756 1837 nituntur,
2790 1771 2975 1824 Deum
3006 1769 3147 1823 mali
3180 1786 3309 1823 esse
3353 1773 3676 1823 auctorem.
3713 1767 3770 1820 Si

340 1856 553 1930 κριθεὶς
586 1856 759 1932 Λέγω,
791 1855 876 1911 ὅτι
927 1857 954 1911 6
1000 1857 1129 1919 Θεὸς
1183 1855 1409 1912 πλάττει
1469 1857 1535 1911 τὰ
1595 1857 1767 1934 βρέφη
1802 1855 1852 1911 έν
1886 1878 2000 1911 κοι-

2121 1862 2281 1915 enim
2336 1859 2707 1931 respondens
2757 1860 2940 1927 dicas,
2992 1860 3176 1913 Deum
3228 1874 3355 1913 esse
3406 1858 3506 1929 qui
3553 1857 3773 1913 format

340 1941 493 2007 λίαις
516 1950 805 2021 γυναικῶν,
855 1946 969 2023 ἐρεῖ
1014 1948 1043 2002 6
1090 1948 1429 2023 Σαρακηνός·
1463 1945 1602 2003 Ἰδοὺ
1635 1949 1663 2002 6
1694 1948 1825 2010 Θεὸς
1876 1948 1996 2002 σύν-

337 2034 504 2110 εργός
534 2035 748 2109 ἐστιτῷ
779 2036 987 2111 πόρνῳ,
1020 2037 1111 2092 καὶ
1140 2042 1217 2110 τῷ
1250 2042 1457 2113 μοιχῷ.

412 2125 460 2180 Ο
491 2125 709 2183 ΧΡΙΣΤ.
763 2127 905 2201 Πρὸς
959 2130 1128 2182 ταῦτα
1180 2127 1551 2203 ἀποκρίνεται”
1586 2124 1858 2200 Οὐδαμῶς
1908 2125 1994 2181 εὐ-

333 2211 509 2287 ρίσκω
545 2215 680 2287 μετὰ
708 2216 806 2284 τήν
856 2216 1082 2292 πρώτην
1140 2211 1418 2290 ἑϐδομάδα
1472 2224 1572 2286 τῆς
1632 2216 1997 2289 κοσμοποιίας

329 2302 436 2371 τήν
498 2306 715 2382 Γραφήν
771 2304 1037 2379 λέγουσαν
1097 2304 1355 2361 πλάττειν
1415 2312 1508 2361 τὸν
1566 2308 1695 2362 Θεὸν
1728 2306 1763 2375 ἢ
1798 2306 1996 2375 κτίζειν

330 2410 416 2450 τι.
460 2390 525 2449 Εἰ
575 2389 633 2448 δὲ
680 2390 973 2471 ἀμφιϐαλῇ
1022 2395 1147 2471 περὶ
1190 2395 1409 2466 τούτου,
1459 2393 1606 2471 δείξῃ
1635 2398 1766 2470 [σοι]
1794 2396 1996 2469 κτίσμα

335 2482 372 2551 ἢ
410 2479 640 2557 πλάσμα
684 2482 1079 2556 οἱονδηποτοῦν
1129 2488 1189 2559 (ι)
1243 2486 1378 2560 μετὰ
1422 2488 1523 2556 τὴν
1571 2487 1795 2561 πρώτην
1838 2481 1995 2541 ἐϐδο-

342 2569 492 2645 μάδα
549 2572 872 2648 γιγνόμενον
936 2576 1037 2629 ὑπὸ
1106 2579 1203 2629 τοῦ
1262 2579 1417 2629 Θεοῦ·
1478 2573 1739 2648 οὐδαμῶς
1796 2575 1994 2631 τούτου

340 2658 623 2732 ὑποδεῖξαι
832 2662 1011 2719 Πάντα
1064 2666 1169 2739 γὰρ
1224 2665 1292 2719 τὰ
1343 2664 1512 2740 ὁρατᾶ
1568 2662 1837 2737 κτίσματα
1892 2666 1991 2733 τήν

338 2752 571 2825 πρώτην
624 2748 905 2826 ἑϐδομάδα
954 2754 1259 2831 γεγόνασιν.
1316 2753 1585 2831 Ἒπλασεν
1635 2755 1734 2831 γὰρ
1786 2760 1813 2809 ὸ
1863 2756 1994 2817 Θεὸς

336 2841 435 2896 τὸν
467 2837 753 2918 ἄνθρωπον
794 2844 895 2912 τήν
941 2830 1167 2919 πρώτὴν
1217 2830 1516 2917 ἐϐδδμάδα,
1547 2845 1636 2899 καὶ
1669 2830 1994 2920 προσέταξεν

339 2928 501 2985 αὐτὸν
553 2937 740 3009 γεννᾷν
799 2934 888 2987 καὶ
961 2936 1266 3009 γεννᾶσθαι,
1328 2932 1517 2991 εἴπών.
1579 2958 1607 2985 ‹‹
1669 2933 1989 3007 Αὐξάνεσθε,

338 3020 433 3074 καὶ
491 3021 853 3093 πληθύνεσθε,
911 3022 1001 3078 καὶ
1060 3021 1394 3098 πληρώσατε
1465 3025 1567 3093 τήν
1624 3027 1746 3099 γῆν.
1804 3048 1833 3075 ››
1896 3023 1991 3079 Καὶ

339 3107 530 3179 ἐπειδή
592 3104 844 3187 ἔμψυχος
904 3112 970 3182 ἧν
1032 3113 1059 3167 ὁ
1114 3111 1397 3189 ἅνθρωπος
1466 3109 1716 3189 ἔμψυχον
1779 3114 1994 3189 σπέρμα

340 3194 514 3272 ἔχων,
548 3198 598 3254 έν
654 3203 722 3274 τῇ
782 3198 899 3272 ῒδίᾳ
949 3204 1158 3277 γυναικὶ
1221 3201 1398 3275 σπορά
1445 3202 1682 3278 ἀνεφύει.
1713 3210 1871 3257 Ὥστε
1902 3201 1996 3257 ἅν-

341 3298 567 3364 θρωπος
618 3287 904 3367 ἄνθρωπον
954 3296 1130 3367 γεννᾷ,
1200 3293 1438 3367 καθάπερ
1485 3294 1519 3362 ἡ
1573 3294 1756 3370 Γραφή
1830 3293 1998 3369 λέγει.

344 3399 374 3429 ιι
406 3376 587 3452 Ἀδὰμ
635 3380 739 3455 γὰρ
798 3381 1053 3456 ἐγέννησε
1101 3382 1195 3436 τὸν
1248 3383 1370 3451 Σέθ,
1420 3383 1511 3437 καὶ
1542 3383 1570 3436 6
1604 3383 1707 3447 Σέθ
1756 3381 2010 3457 ἐγέννησε

344 3467 439 3522 τὸν
496 3468 689 3538 Ἐνὼς,
759 3471 847 3524 καὶ
922 3472 1093 3533 Ἐνὼς
1159 3470 1409 3547 ἐγέννησε
1473 3472 1565 3526 τὸν
1634 3476 1859 3540 Καϊνὰν,
1916 3473 2003 3527 καὶ

349 3555 548 3610 Καϊνὰν
581 3555 829 3631 ἐγέννησε
879 3559 972 3611 τὸν
1023 3558 1356 3629 Μαλαλεήλ,
1388 3560 1476 3613 καὶ
1525 3558 1830 3627 Μαλαλεήλ
1865 3556 2008 3635 ἐγέν-

347 3664 483 3713 νησε
512 3644 601 3699 τὸν
639 3646 841 3720 Ἑνώχ.
878 3670 905 3696 ››
940 3646 1040 3702 Καὶ
1084 3645 1183 3700 οὐκ
1229 3649 1399 3715 εἶπεν,
1434 3649 1489 3700 '0
1534 3649 1663 3711 Θεὸς
1686 3642 1889 3703 ἔπλασε
1912 3651 2005 3704 τὸν

346 3736 487 3805 Σὴθ,
541 3738 569 3807 ἢ
612 3737 704 3791 τὸν
750 3737 943 3807 Ἐνὼς,
994 3736 1029 3807 ἢ
1075 3735 1248 3795 ἄλλον
1291 3739 1429 3792 τινιίι⁸
1462 3740 1552 3793 καὶ
1584 3738 1818 3793 ἐντεῦθεν
1849 3740 2010 3816 γινώ-

347 3845 575 3898 σκομεν,
624 3826 709 3879 δτι
763 3826 1074 3899 μονώτατος
1117 3826 1424 3881 πέπλασται
1482 3828 1509 3882 ὁ
1563 3826 1738 3899 Ἀδὰμ
1779 3829 1881 3882 ὑπὸ
1910 3833 2007 3883 τοῦ

345 3920 507 3985 Θεοῦ,
569 3916 621 3969 οἳ
688 3937 747 3971 τε
815 3917 930 3989 μετ’
994 3916 1198 3972 ἐκεῖνον
1268 3922 1529 3992 γεννῶται
1596 3919 1685 3972 καὶ
1744 3923 2001 3994 γεννῶσιν

340 3998 450 4066 ἕως
515 4008 615 4060 τοῦ
681 4006 974 4081 παρόντος.
1043 4006 1147 4062 Καὶ
1211 4006 1383 4068 οὕτῶς
1449 4008 1635 4082 χάριτι
1687 4011 1784 4062 τοῦ
1816 4009 2004 4063 Θεοῦὸ

343 4093 557 4167 κόσμος
605 4095 934 4151 συνίσταται.
996 4094 1222 4164 Ἐπειδή
1301 4096 1391 4151 καὶ
1449 4102 1591 4151 πᾶσα
1651 4096 1851 4172 βοτάνη
1913 4099 2001 4153 καὶ

345 4184 514 4260 φυτὸν
547 4184 833 4260 προστάξει
886 4190 983 4240 τοῦ
1042 4190 1176 4241 Θεοῦ
1244 4186 1349 4241 ἀπὸ
1402 4186 1525 4241 τότε
1553 4191 1712 4261 γεννᾷ
1742 4188 1830 4242 καὶ
1890 4210 2004 4264 γεν-

337 4278 519 4334 νᾶται.
551 4278 693 4352 Ἔφη
728 4279 829 4353 γάρ
877 4278 905 4332 6
964 4276 1113 4341 Θεός’
1180 4302 1207 4328 ‹‹
1270 4275 1637 4346 Βλαστησάτω
1668 4281 1701 4347 ἡ
1738 4285 1808 4353 γῆ
1848 4279 2005 4353 βοτά.

337 4382 439 4432 νην
493 4359 721 4439 χόρτου.
758 4389 786 4415 ››
836 4366 987 4421 Κατὰ
1039 4367 1101 4420 τὸ
1159 4364 1481 4442 πρόσταγμα
1529 4366 1693 4421 αὐτοῦ
1739 4363 2003 4439 ἐϐλάστη-

342 4471 433 4505 σεν
466 4447 688 4507 ἕκαστον
720 4451 958 4530 δένδρον,
1011 4453 1157 4517 εἶδος
1207 4459 1281 4528 (lc)
1341 4456 1574 4531 βοτάνης
1624 4456 1713 4510 καὶ
1747 4461 1916 4535 φυτοῦ
1949 4457 2001 4512 έν

340 4539 517 4615 ἑαυτῷ
564 4538 682 4617 ἔχει
734 4545 1109 4619 σπερματικήν
1160 4542 1412 4619 δύναμιν.
1465 4550 1525 4602 Ἠ
1574 4547 1750 4621 σπορᾶ
1781 4545 1837 4602 δὲ
1867 4569 1993 4601 παν-

2118 1950 2376 2005 infantes
2426 1950 2485 2003 in
2513 1950 2698 2003 uteris
2728 1948 3071 2015 mulierum,
3122 1952 3353 2019 regeret
3402 1947 3770 2002 Saracenus:

2104 2042 2253 2111 Ergo
2289 2042 2442 2095 Deus
2475 2045 2830 2110 cooperatur
2859 2056 2993 2093 cum
3026 2037 3385 2092 fornicatore
3416 2042 3476 2091 et
3515 2036 3765 2091 mcecho.

2175 2129 2452 2185 CHRIST.
2488 2127 2671 2200 Igitur
2707 2128 2780 2183 ad
2833 2129 2959 2182 11ωο
2989 2125 3351 2197 respondet:
3386 2124 3556 2180 Nullo
3590 2124 3768 2180 modo

2100 2220 2343 2293 invenio
2386 2222 2521 2290 post
2565 2219 2819 2288 primam
2868 2215 3305 2272 hebdomadam
3357 2232 3475 2285 qua
3503 2213 3765 2269 mundus

2104 2313 2295 2367 factus
2328 2313 2436 2377 est,
2484 2308 2851 2380 Scripturam
2901 2311 3290 2370 asserentem,
3344 2304 3505 2375 quod
3552 2304 3767 2359 formet

2104 2400 2259 2455 Deus
2288 2398 2379 2453 vel
2410 2403 2571 2453 creet
2599 2397 2946 2468 quidquam.
2981 2395 3148 2460 Quod
3182 2396 3228 2449 si
3253 2394 3353 2448 illo
3380 2410 3501 2448 non
3533 2393 3772 2463 acquie-

2104 2494 2231 2545 scat
2260 2489 2419 2544 circa
2458 2490 2591 2554 hoc,
2642 2486 2919 2543 ostendat
2965 2484 3378 2553 (Christianus)
3430 2488 3764 2538 creaturam

2102 2580 2193 2633 vel
2225 2580 2575 2650 ﬁgmentum
2618 2576 3017 2648 quodcunque
3049 2581 3185 2649 post
3231 2574 3487 2646 primam
3536 2571 3760 2628 hebdo-

2102 2667 2343 2725 madam
2397 2684 2431 2721 a
2479 2668 2596 2720 Deo
2654 2682 2783 2720 esse
2838 2665 3182 2719 nullatenus
3227 2663 3482 2718 ostendi.
3547 2664 3765 2717 Omnes

2105 2758 2266 2813 enim
2298 2755 2565 2810 visibiles
2598 2760 2885 2810 creaturae
2936 2754 3130 2824 prima
3177 2750 3553 2806 hebdomada
3587 2751 3765 2806 exsti-

2104 2852 2323 2903 terunt.
2360 2845 2657 2900 Formavit
2687 2844 2847 2897 enim
2880 2844 3033 2897 Deus
3066 2843 3373 2897 hominem
3406 2841 3600 2911 prima
3630 2840 3769 2894 heb-

2101 2935 2397 2999 domada;
2433 2934 2605 3005 eique
2648 2932 2949 2988 mandavit
2996 2937 3063 2986 ut
3092 2932 3359 3003 gigneret
3408 2935 3466 2984 et
3494 2930 3764 3002 gignere-

2100 3032 2221 3096 tur,
2251 3024 2601 3095 T’inquiens:
2646 3044 2673 3071 ‹‹
2724 3022 2982 3076 Crescite
3036 3026 3093 3074 et
3148 3020 3657 3091 multiplicamini,
3711 3025 3769 3074 et

2101 3115 2331 3186 replete
2362 3111 2630 3167 terram‘.
2661 3136 2687 3161 ››
2720 3113 2790 3165 Et
2811 3111 3096 3181 quoniam
3130 3109 3410 3164 animalis
3444 3114 3568 3164 erat
3595 3110 3768 3164 homo

2113 3204 2374 3260 animale
2403 3218 2607 3257 semen
2639 3200 2957 3266 habens,in
2990 3200 3232 3270 propria
3261 3216 3446 3253 uxore
3488 3198 3772 3254 sementis

2117 3293 2509 3367 germinabat.
2553 3290 2951 3356 Quamobrem
3002 3290 3179 3344 homo
3229 3288 3533 3343 hominem
3566 3289 3774 3360 gignit,

2117 3390 2185 3440 ut
2210 3384 2513 3454 Scriptura
2541 3382 2722 3437 dicit:
2758 3401 2782 3432 α
2818 3380 3005 3436 Adam
3039 3379 3199 3434 enim
3252 3380 3459 3451 genuit
3507 3379 3668 3446 Seth,
3719 3384 3778 3433 et

2118 3475 2254 3530 Seth
2312 3473 2517 3546 genuit
2572 3474 2748 3537 Enos,
2810 3475 2867 3524 et
2923 3471 3079 3523 Enos
3144 3469 3350 3540 genuit
3406 3469 3658 3531 Kainan,
3716 3474 3777 3522 et

2118 3565 2347 3619 Kainan
2398 3562 2596 3634 genuit
2634 3559 2921 3624 Malaleel,
2957 3564 3014 3611 et
3061 3557 3324 3612 Malaleel
3360 3558 3565 3629 genuit
3591 3559 3770 3624 Jaret,

2114 3653 2278 3709 Jaret
2307 3658 2505 3707 autem
2537 3650 2742 3721 genuit
2771 3647 3015 3703 Enoch’.
3055 3667 3079 3697 ι
3116 3649 3296 3701 Porro
3328 3663 3448 3701 non
3481 3646 3667 3700 dixit:
3702 3648 3773 3701 Et

2113 3748 2271 3797 Deus
2302 3740 2578 3795 formavit
2631 3739 2767 3793 Seth
2818 3738 2909 3791 vel
2958 3738 3132 3803 Enos,
3184 3735 3275 3789 vel
3322 3735 3507 3791 alium
3558 3750 3770 3805 quem-

2114 3832 2295 3903 piam.
2334 3833 2479 3885 Hinc
2511 3829 2889 3902 agnoscimus
2920 3844 3108 3881 unum
3152 3843 3395 3896 prorsus
3444 3826 3765 3879 formatum

2112 3923 2297 3976 fuisse
2330 3921 2517 3976 Adam
2550 3936 2584 3974 a
2610 3921 2766 3973 Deo:
2801 3917 2901 3988 qui
2934 3934 3068 3971 vero
3101 3921 3235 3987 post
3264 3915 3437 3969 illum
3470 3921 3628 3979 sunt,
3670 3932 3771 3986 ge-

2113 4016 2401 4066 nerantur
2453 4015 2511 4063 et
2557 4013 2848 4081 generant
2886 4022 3074 4075 usque
3123 4005 3184 4059 in
3217 4020 3480 4075 praesens
3511 4009 3767 4075 tempus,

2112 4108 2289 4172 atque
2304 4101 2414 4155 hoc
2430 4099 2605 4153 modo
2621 4114 2688 4152 ex
2718 4096 2816 4151 Dei
2850 4095 3141 4150 beneﬁcio
3170 4094 3431 4148 mundus
3454 4109 3767 4148 conserva-

2110 4196 2226 4244 tur.
2261 4188 2537 4253 Quinimo
2570 4186 2748 4241 etiam
2780 4184 2975 4239 omnis
3015 4184 3199 4237 herba
3242 4188 3300 4237 et
3337 4182 3542 4253 planta
3583 4182 3760 4253 jussu

2110 4281 2212 4337 Dei
2245 4298 2311 4335 ex
2344 4296 2412 4334 eo
2445 4285 2708 4349 tempore
2738 4281 2983 4349 generat
3012 4279 3071 4329 et
3099 4279 3437 4346 generatur.
3471 4274 3569 4327 Ait
3599 4273 3759 4327 enim

2109 4374 2298 4426 Deus:
2356 4392 2383 4419 «
2441 4369 2744 4424 Germinet
2786 4373 2944 4422 terra
2991 4365 3238 4419 herbam
3289 4364 3409 4417 feni
3454 4361 3496 4429 3,
3531 4384 3551 4409 ιι
3588 4367 3765 4432 atque

2099 4464 2274 4536 juxta
2305 4464 2663 4532 praeceptum
2681 4458 2811 4528 ejus
2827 4455 3432 4529 germinavitomnem
3466 4451 3762 4518 arborem,

2110 4562 2168 4610 et
2199 4552 2428 4624 species
2462 4548 2745 4619 quaelibet
2792 4546 2989 4600 herbae
3020 4545 3109 4599 vel
3161 4544 3401 4614 plantae,
3454 4542 3515 4595 in
3550 4546 3765 4595 semet-

335 4632 431 4693 τὸς
464 4638 635 4711 φυτοῦ
666 4633 755 4688 καὶ
810 4635 1046 4710 βοτάνης
1091 4633 1342 4711 ἔμψυχός
1387 4634 1551 4705 ἐστιν,
1587 4636 1709 4705 ἥτις
1735 4635 1786 4691 ἐν
1815 4642 1884 4712 τῇ
1914 4643 1984 4715 γῇ

2114 4660 2229 4716 psa
2255 4640 2434 4694 habet
2462 4638 2577 4691 vim
2636 4636 3054 4691 sementinam.
3109 4632 3405 4688 Sementis
3437 4648 3614 4702 porro
3670 4646 3774 4683 cu-

337 4721 503 4778 πάλιν
556 4723 638 4800 ἐφ’
682 4724 877 4788 εαυτῆς
932 4724 1227 4793 πίπτουσα,
1272 4723 1309 4793 ἤ
1358 4726 1446 4779 καὶ
1498 4726 1598 4779 ὑπὸ
1638 4726 1814 4781 ἄλλου
1846 4750 1995 4783 σπει-

340 4814 572 4887 ρομένη,
611 4812 921 4890 βλαστάνει“
979 4814 1055 4887 μὴ
1107 4813 1459 4887 πλαττομένη
1514 4812 1621 4869 ὑπό
1648 4837 1816 4883 τινος,
1850 4815 1996 4873 ἀλλὰ

338 4907 420 4976 τῷ
472 4904 677 4978 πρώτῳ
722 4903 1101 4979 προστάγματι
1150 4909 1245 4959 τοῦ
1293 4909 1426 4959 Θεοῦ
1478 4904 1879 4970 ὑπακούσαντος
1912 4911 1993 4973 (l).

336 4990 483 5047 Ἰδοὺ
515 4993 644 5069 ἐγὼ,
694 4993 832 5048 καθὰ
880 4993 1072 5069 πρώην
1122 4990 1279 5070 ἔφην,
1331 4993 1673 5063 αὐτεξούσιος
1723 4994 1795 5049 ὢν
1828 4996 1879 5052 ἐν
1914 4999 1996 5061 οἷς

346 5080 535 5152 μόνοις
586 5087 843 5157 προεῖπα,
914 5083 1053 5136 ὅπου
1116 5081 1204 5137 ἐὰν
1275 5080 1500 5157 σπείρω,
1562 5082 1657 5137 κᾶν
1727 5085 1803 5147 εἰς
1855 5085 1994 5142 ἰδίαν

411 5259 433 5295 ί
464 5261 607 5319 Gen.
640 5277 681 5331 ι,
712 5261 799 5317 28.
831 5261 853 5296 ³
880 5262 1023 5321 Gen.
1055 5277 1108 5329 v,
1142 5264 1174 5319 3
1207 5260 1375 5337 seqq.
1408 5262 1431 5299 ³
1462 5265 1603 5321 Gen.
1635 5281 1676 5334 ι,
1711 5268 1798 5322 11.

2100 4731 2290 4805 jusvis
2317 4729 2534 4801 plantae
2567 4726 2657 4781 vel
2702 4725 2899 4779 herbae
2944 4723 3223 4778 animalis
3275 4727 3401 4786 est;
3453 4737 3583 4791 quas
3632 4735 3765 4772 rur-

2110 4840 2210 4879 sus
2240 4822 2302 4875 in
2334 4825 2553 4873 terram
2589 4834 2694 4888 per
2725 4832 2785 4870 se
2831 4814 3135 4879 decidens,
3185 4812 3275 4867 vel
3326 4812 3502 4866 etiam
3536 4809 3607 4863 ab
3642 4807 3759 4862 alio

2109 4918 2236 4969 sata
2266 4909 2581 4983 germinat,
2611 4924 2731 4961 non
2762 4906 3017 4960 formata
3047 4920 3082 4958 a
3129 4918 3451 4974 quoquam,
3503 4898 3605 4953 sed
3634 4897 3756 4968 pri-

2107 5019 2221 5058 mm
2254 5000 2356 5055 Dei
2381 4996 2640 5070 jussioni
2674 5012 2900 5050 morem
2932 5010 3161 5065 gerens.
3196 4994 3341 5046 Ecce
3391 5006 3515 5061 ego,
3550 5002 3756 5058 quem-

2106 5088 2430 5146 admodum
2460 5092 2638 5142 antea
2668 5084 2955 5152 dixeram,
2979 5081 3167 5136 libero
3198 5077 3482 5151 przeditus
3512 5074 3757 5132 arbitrio

1703 5449 1939 5507 VARIIE
1997 5450 2398 5508 LECTIONES.

407 5600 468 5671 (ἰ)
500 5598 897 5676 Lequienius:
931 5595 975 5651 εἷ
1009 5593 1066 5651 δὲ
1096 5597 1318 5672 ἀπορεῖς
1348 5599 1486 5675 πρὸς
1529 5603 1714 5676 τοῦτο,
1768 5599 1938 5674 δεῖξον
1984 5603 2213 5676 πλάσμα
2255 5605 2290 5673 ἤ

2341 5601 2514 5658 κτίσιν
2563 5602 2922 5657 οἱαντιναοῦν.
2957 5602 3057 5657 Sin
3088 5617 3222 5656 vero
3251 5601 3322 5656 de
3354 5602 3467 5657 hoc
3497 5600 3757 5669 dubitas,

338 5670 969 5749 ostende‘hgmentum
1001 5670 1705 5749 aut_creat_uram‘ullam.
1736 5677 1808 5749 (j)
1840 5670 2197 5749 Lequienius
2223 5694 2235 5733 :
2268 5670 2414 5731 ἆλλά
2445 5673 2502 5731 δὲ
2528 5670 2929 5749 ἀποδειχθῆναι
2958 5677 3120 5749 τοῦτο
3153 5672 3215 5749 οῦ
3248 5670 3490 5749 δύναται.
3524 5675 3595 5749 (k)
3622 5676 3757 5744 Leq.

339 5742 548 5819 ὁμοίως
578 5740 646 5814 δή
666 5740 768 5797 ῐιαὶ
805 5742 1007 5818 βοτάνη
1042 5743 1130 5798 καὶ
1170 5745 1335 5819 φυτὸν
1368 5744 1420 5817 ἐξ
1472 5745 1684 5803 ἑαυτοῦ.
1739 5740 2022 5807 Similiter
2062 5757 2122 5806 et
2169 5750 2354 5806 herba
2397 5755 2455 5805 et
2500 5749 2705 5821 planta
2730 5740 3052 5821 'éx'seipsa.
3078 5748 3143 5819 (l)
3176 5748 3345 5802 Forte
3392 5740 3757 5802 ὑπακοῦσασᾱ.
