  <div class='ocr_page' id='page_1' title='image "/cluster/home/n/w/nwhite01/storage/ocr_20150623/96:no.3/coo.31924054870005/685.png"; bbox 0 0 4120 6374; ppageno 0'>
   <div class='ocr_carea' id='block_1_1' title="bbox 411 324 2038 404">
    <p class='ocr_par' dir='ltr' id='par_1_1' title="bbox 411 324 2038 392">
     <span class='ocr_line' id='line_1_1' title="bbox 411 324 2038 392; baseline 0.005 -8"><span class='ocrx_word' id='word_1_1' title='bbox 411 324 554 386; x_wconf 80' lang='grc'>1389</span> <span class='ocrx_word' id='word_1_2' title='bbox 589 353 593 358; x_wconf 89' lang='grc'><strong>·</strong></span> <span class='ocrx_word' id='word_1_3' title='bbox 1939 326 2038 392; x_wconf 66' lang='grc' dir='ltr'><strong>ΑΒ</strong></span> 
     </span>
    </p>
   </div>
   <div class='ocr_carea' id='block_1_2' title="bbox 2234 324 3861 404">
    <p class='ocr_par' dir='ltr' id='par_1_2' title="bbox 2234 325 3861 404">
     <span class='ocr_line' id='line_1_2' title="bbox 2234 325 3861 404; baseline 0 -20"><span class='ocrx_word' id='word_1_4' title='bbox 2234 327 2307 384; x_wconf 44' lang='lat' dir='ltr'>ra.</span> <span class='ocrx_word' id='word_1_5' title='bbox 3710 325 3861 404; x_wconf 53' lang='lat'>1310</span> 
     </span>
    </p>
   </div>
   <div class='ocr_carea' id='block_1_3' title="bbox 409 449 2036 528">
    <p class='ocr_par' dir='ltr' id='par_1_3' title="bbox 409 449 2036 525">
     <span class='ocr_line' id='line_1_3' title="bbox 409 449 2036 525; baseline 0 -17"><span class='ocrx_word' id='word_1_6' title='bbox 409 453 473 509; x_wconf 91' lang='lat' dir='ltr'>in</span> <span class='ocrx_word' id='word_1_7' title='bbox 497 452 573 512; x_wconf 80' lang='lat' dir='ltr'>iis</span> <span class='ocrx_word' id='word_1_8' title='bbox 604 451 895 510; x_wconf 80' lang='lat' dir='ltr'>duntaxat</span> <span class='ocrx_word' id='word_1_9' title='bbox 920 467 1053 524; x_wconf 73' lang='lat' dir='ltr'>quae</span> <span class='ocrx_word' id='word_1_10' title='bbox 1086 451 1365 525; x_wconf 69' lang='lat' dir='ltr'>prmfatus</span> <span class='ocrx_word' id='word_1_11' title='bbox 1411 468 1543 508; x_wconf 90' lang='lat' dir='ltr'>sum</span> <span class='ocrx_word' id='word_1_12' title='bbox 1571 467 1584 519; x_wconf 93' lang='lat'><strong>;</strong></span> <span class='ocrx_word' id='word_1_13' title='bbox 1635 449 1978 524; x_wconf 86' lang='lat' dir='ltr'>ubicunque</span> <span class='ocrx_word' id='word_1_14' title='bbox 2012 468 2036 508; x_wconf 92' lang='lat' dir='ltr'>s</span> 
     </span>
    </p>
   </div>
   <div class='ocr_carea' id='block_1_4' title="bbox 2226 449 3853 528">
    <p class='ocr_par' dir='ltr' id='par_1_4' title="bbox 2226 449 3853 528">
     <span class='ocr_line' id='line_1_4' title="bbox 2226 449 3853 528; baseline 0.001 -23"><span class='ocrx_word' id='word_1_15' title='bbox 2226 455 2434 520; x_wconf 80' lang='grc' dir='ltr'>υναῖκα,</span> <span class='ocrx_word' id='word_1_16' title='bbox 2493 452 2588 507; x_wconf 73' lang='grc' dir='ltr'>κᾶν</span> <span class='ocrx_word' id='word_1_17' title='bbox 2650 452 2727 522; x_wconf 74' lang='grc' dir='ltr'>εἷς</span> <span class='ocrx_word' id='word_1_18' title='bbox 2779 449 3080 527; x_wconf 74' lang='grc' dir='ltr'>ἀλλοτρίαν</span> <span class='ocrx_word' id='word_1_19' title='bbox 3135 454 3205 526; x_wconf 82' lang='grc' dir='ltr'>τῇ</span> <span class='ocrx_word' id='word_1_20' title='bbox 3259 449 3474 524; x_wconf 66' lang='grc' dir='ltr'>ἐξουσίᾳ</span> <span class='ocrx_word' id='word_1_21' title='bbox 3525 472 3635 528; x_wconf 88' lang='grc' dir='ltr'>μου</span> <span class='ocrx_word' id='word_1_22' title='bbox 3693 453 3853 528; x_wconf 64' lang='grc' dir='ltr'>χρώ-</span> 
     </span>
    </p>
   </div>
   <div class='ocr_carea' id='block_1_5' title="bbox 413 537 2040 617">
    <p class='ocr_par' dir='ltr' id='par_1_5' title="bbox 413 541 2040 613">
     <span class='ocr_line' id='line_1_5' title="bbox 413 541 2040 613; baseline -0.002 -16"><span class='ocrx_word' id='word_1_23' title='bbox 413 542 663 608; x_wconf 90' lang='lat' dir='ltr'>minem,</span> <span class='ocrx_word' id='word_1_24' title='bbox 697 542 814 596; x_wconf 84' lang='lat' dir='ltr'>sive</span> <span class='ocrx_word' id='word_1_25' title='bbox 847 543 905 596; x_wconf 92' lang='lat' dir='ltr'>in</span> <span class='ocrx_word' id='word_1_26' title='bbox 937 543 1240 613; x_wconf 80' lang='lat' dir='ltr'>propriam</span> <span class='ocrx_word' id='word_1_27' title='bbox 1273 558 1516 596; x_wconf 86' lang='lat' dir='ltr'>uxorem</span> <span class='ocrx_word' id='word_1_28' title='bbox 1549 542 1668 596; x_wconf 86' lang='lat' dir='ltr'>sive</span> <span class='ocrx_word' id='word_1_29' title='bbox 1700 542 1760 595; x_wconf 90' lang='lat' dir='ltr'>in</span> <span class='ocrx_word' id='word_1_30' title='bbox 1793 541 2040 595; x_wconf 87' lang='lat' dir='ltr'>alienam</span> 
     </span>
    </p>
   </div>
   <div class='ocr_carea' id='block_1_6' title="bbox 2230 537 3857 617">
    <p class='ocr_par' dir='ltr' id='par_1_6' title="bbox 2230 537 3857 617">
     <span class='ocr_line' id='line_1_6' title="bbox 2230 537 3857 617; baseline 0.001 -22"><span class='ocrx_word' id='word_1_31' title='bbox 2230 561 2364 609; x_wconf 88' lang='grc' dir='ltr'>ενος,</span> <span class='ocrx_word' id='word_1_32' title='bbox 2426 537 2818 597; x_wconf 72' lang='grc' dir='ltr'>ἀναϐλαστάνει</span> <span class='ocrx_word' id='word_1_33' title='bbox 2869 542 2959 596; x_wconf 84' lang='grc' dir='ltr'>καὶ</span> <span class='ocrx_word' id='word_1_34' title='bbox 3008 540 3210 617; x_wconf 86' lang='grc' dir='ltr'>γίνεται</span> <span class='ocrx_word' id='word_1_35' title='bbox 3263 546 3342 613; x_wconf 84' lang='grc' dir='ltr'>τῷ</span> <span class='ocrx_word' id='word_1_36' title='bbox 3398 542 3605 616; x_wconf 85' lang='grc' dir='ltr'>πρώτῳ</span> <span class='ocrx_word' id='word_1_37' title='bbox 3671 562 3857 615; x_wconf 82' lang='grc' dir='ltr'>προσ-</span> 
     </span>
    </p>
   </div>
   <div class='ocr_carea' id='block_1_7' title="bbox 415 629 2042 704">
    <p class='ocr_par' dir='ltr' id='par_1_7' title="bbox 415 630 2042 703">
     <span class='ocr_line' id='line_1_7' title="bbox 415 630 2042 703; baseline -0.002 -17"><span class='ocrx_word' id='word_1_38' title='bbox 415 647 548 687; x_wconf 88' lang='lat' dir='ltr'>meo</span> <span class='ocrx_word' id='word_1_39' title='bbox 580 647 726 686; x_wconf 89' lang='lat' dir='ltr'>usus</span> <span class='ocrx_word' id='word_1_40' title='bbox 758 631 1364 694; x_wconf 89' lang='lat' dir='ltr'>arbitrio,succrescit</span> <span class='ocrx_word' id='word_1_41' title='bbox 1395 637 1452 686; x_wconf 89' lang='lat' dir='ltr'>et</span> <span class='ocrx_word' id='word_1_42' title='bbox 1479 631 1776 703; x_wconf 80' lang='lat' dir='ltr'>germinat</span> <span class='ocrx_word' id='word_1_43' title='bbox 1807 648 1913 702; x_wconf 90' lang='lat' dir='ltr'>per</span> <span class='ocrx_word' id='word_1_44' title='bbox 1933 630 2042 684; x_wconf 90' lang='lat' dir='ltr'>obe</span> 
     </span>
    </p>
   </div>
   <div class='ocr_carea' id='block_1_8' title="bbox 2231 629 3858 704">
    <p class='ocr_par' dir='ltr' id='par_1_8' title="bbox 2231 629 3858 704">
     <span class='ocr_line' id='line_1_8' title="bbox 2231 629 3858 704; baseline 0.002 -21"><span class='ocrx_word' id='word_1_45' title='bbox 2231 629 2416 703; x_wconf 80' lang='grc' dir='ltr'>ἱγματι</span> <span class='ocrx_word' id='word_1_46' title='bbox 2462 637 2559 687; x_wconf 85' lang='grc' dir='ltr'>τοῦ</span> <span class='ocrx_word' id='word_1_47' title='bbox 2604 635 2737 688; x_wconf 90' lang='grc' dir='ltr'>Θεοῦ</span> <span class='ocrx_word' id='word_1_48' title='bbox 2785 630 3086 688; x_wconf 71' lang='grc' dir='ltr'>ὑπακούσα.</span> <span class='ocrx_word' id='word_1_49' title='bbox 3137 631 3257 704; x_wconf 83' lang='grc' dir='ltr'>Οὐχ</span> <span class='ocrx_word' id='word_1_50' title='bbox 3311 629 3394 685; x_wconf 80' lang='grc' dir='ltr'>ὅτι</span> <span class='ocrx_word' id='word_1_51' title='bbox 3444 632 3535 686; x_wconf 87' lang='grc' dir='ltr'>καὶ</span> <span class='ocrx_word' id='word_1_52' title='bbox 3587 655 3688 687; x_wconf 84' lang='grc' dir='ltr'>νυν</span> <span class='ocrx_word' id='word_1_53' title='bbox 3731 634 3858 697; x_wconf 81' lang='grc' dir='ltr'>καθ’</span> 
     </span>
    </p>
   </div>
   <div class='ocr_carea' id='block_1_9' title="bbox 415 719 2042 796">
    <p class='ocr_par' dir='ltr' id='par_1_9' title="bbox 415 720 2037 791">
     <span class='ocr_line' id='line_1_9' title="bbox 415 720 2037 791; baseline -0.001 -16"><span class='ocrx_word' id='word_1_54' title='bbox 415 720 704 776; x_wconf 89' lang='lat' dir='ltr'>dientiam</span> <span class='ocrx_word' id='word_1_55' title='bbox 735 721 940 790; x_wconf 74' lang='lat' dir='ltr'>primm</span> <span class='ocrx_word' id='word_1_56' title='bbox 975 721 1077 775; x_wconf 88' lang='lat' dir='ltr'>Dei</span> <span class='ocrx_word' id='word_1_57' title='bbox 1101 721 1382 791; x_wconf 78' lang='lat' dir='ltr'>jussioni.</span> <span class='ocrx_word' id='word_1_58' title='bbox 1419 722 1545 775; x_wconf 87' lang='lat' dir='ltr'>Non</span> <span class='ocrx_word' id='word_1_59' title='bbox 1578 720 1738 790; x_wconf 90' lang='lat' dir='ltr'>quod</span> <span class='ocrx_word' id='word_1_60' title='bbox 1787 720 1878 774; x_wconf 90' lang='lat' dir='ltr'>vel</span> <span class='ocrx_word' id='word_1_61' title='bbox 1913 737 2037 774; x_wconf 91' lang='lat' dir='ltr'>nun</span> 
     </span>
    </p>
   </div>
   <div class='ocr_carea' id='block_1_10' title="bbox 2224 719 3851 796">
    <p class='ocr_par' dir='ltr' id='par_1_10' title="bbox 2224 719 3851 796">
     <span class='ocr_line' id='line_1_10' title="bbox 2224 719 3851 796; baseline 0.002 -23"><span class='ocrx_word' id='word_1_62' title='bbox 2224 721 2409 790; x_wconf 72' lang='grc' dir='ltr'>ιάστην</span> <span class='ocrx_word' id='word_1_63' title='bbox 2470 720 2682 795; x_wconf 79' lang='grc' dir='ltr'>ἡμέραν</span> <span class='ocrx_word' id='word_1_64' title='bbox 2759 719 2985 776; x_wconf 82' lang='grc' dir='ltr'>πλάττει</span> <span class='ocrx_word' id='word_1_65' title='bbox 3064 720 3091 774; x_wconf 98' lang='lat'>6</span> <span class='ocrx_word' id='word_1_66' title='bbox 3172 720 3302 782; x_wconf 85' lang='grc' dir='ltr'>Θεὸς</span> <span class='ocrx_word' id='word_1_67' title='bbox 3371 721 3459 775; x_wconf 86' lang='grc' dir='ltr'>καὶ</span> <span class='ocrx_word' id='word_1_68' title='bbox 3531 720 3851 796; x_wconf 71' lang='grc' dir='ltr'>ἐργάζεται·</span> 
     </span>
    </p>
   </div>
   <div class='ocr_carea' id='block_1_11' title="bbox 412 805 2039 886">
    <p class='ocr_par' dir='ltr' id='par_1_11' title="bbox 412 809 2039 882">
     <span class='ocr_line' id='line_1_11' title="bbox 412 809 2039 882; baseline -0.002 -17"><span class='ocrx_word' id='word_1_69' title='bbox 412 809 680 882; x_wconf 78' lang='lat' dir='ltr'>quotidie</span> <span class='ocrx_word' id='word_1_70' title='bbox 703 809 920 864; x_wconf 79' lang='lat' dir='ltr'>formet</span> <span class='ocrx_word' id='word_1_71' title='bbox 950 811 1104 864; x_wconf 87' lang='lat' dir='ltr'>Deus</span> <span class='ocrx_word' id='word_1_72' title='bbox 1137 815 1195 864; x_wconf 90' lang='lat' dir='ltr'>et</span> <span class='ocrx_word' id='word_1_73' title='bbox 1225 810 1818 880; x_wconf 88' lang='lat' dir='ltr'>operetur;quoniam</span> <span class='ocrx_word' id='word_1_74' title='bbox 1860 810 1920 863; x_wconf 91' lang='lat' dir='ltr'>in</span> <span class='ocrx_word' id='word_1_75' title='bbox 1953 810 2039 880; x_wconf 85' lang='lat' dir='ltr'>pri</span> 
     </span>
    </p>
   </div>
   <div class='ocr_carea' id='block_1_12' title="bbox 2223 805 3850 886">
    <p class='ocr_par' dir='ltr' id='par_1_12' title="bbox 2223 805 3850 886">
     <span class='ocr_line' id='line_1_12' title="bbox 2223 805 3850 886; baseline 0.001 -23"><span class='ocrx_word' id='word_1_76' title='bbox 2223 807 2366 878; x_wconf 81' lang='grc' dir='ltr'>τειδή</span> <span class='ocrx_word' id='word_1_77' title='bbox 2399 810 2450 864; x_wconf 79' lang='grc' dir='ltr'>ἐν</span> <span class='ocrx_word' id='word_1_78' title='bbox 2481 815 2548 884; x_wconf 79' lang='grc' dir='ltr'>τῇ</span> <span class='ocrx_word' id='word_1_79' title='bbox 2598 813 2791 886; x_wconf 72' lang='grc' dir='ltr'>πρώτῃ</span> <span class='ocrx_word' id='word_1_80' title='bbox 2843 805 3108 882; x_wconf 70' lang='grc' dir='ltr'>ἑϐδομάδι</span> <span class='ocrx_word' id='word_1_81' title='bbox 3169 833 3196 860; x_wconf 91' lang='grc'><em>‹‹</em></span> <span class='ocrx_word' id='word_1_82' title='bbox 3230 809 3483 880; x_wconf 82' lang='grc' dir='ltr'>ἐποίησεν</span> <span class='ocrx_word' id='word_1_83' title='bbox 3518 811 3546 864; x_wconf 93' lang='lat'>6</span> <span class='ocrx_word' id='word_1_84' title='bbox 3578 811 3720 875; x_wconf 85' lang='grc' dir='ltr'>Θεὸς</span> <span class='ocrx_word' id='word_1_85' title='bbox 3754 811 3850 866; x_wconf 89' lang='grc' dir='ltr'>τὸν</span> 
     </span>
    </p>
   </div>
   <div class='ocr_carea' id='block_1_13' title="bbox 412 897 2039 976">
    <p class='ocr_par' dir='ltr' id='par_1_13' title="bbox 412 897 2039 956">
     <span class='ocr_line' id='line_1_13' title="bbox 412 897 2039 956; baseline -0.001 -2"><span class='ocrx_word' id='word_1_86' title='bbox 412 915 512 956; x_wconf 87' lang='lat' dir='ltr'>ma</span> <span class='ocrx_word' id='word_1_87' title='bbox 560 898 932 954; x_wconf 87' lang='lat' dir='ltr'>hebdomada</span> <span class='ocrx_word' id='word_1_88' title='bbox 988 897 1131 953; x_wconf 88' lang='lat' dir='ltr'>fecit</span> <span class='ocrx_word' id='word_1_89' title='bbox 1169 901 1321 953; x_wconf 84' lang='lat' dir='ltr'>Deus</span> <span class='ocrx_word' id='word_1_90' title='bbox 1370 900 1584 954; x_wconf 73' lang='lat' dir='ltr'>cmlum</span> <span class='ocrx_word' id='word_1_91' title='bbox 1615 905 1674 954; x_wconf 90' lang='lat' dir='ltr'>et</span> <span class='ocrx_word' id='word_1_92' title='bbox 1707 906 1920 954; x_wconf 87' lang='lat' dir='ltr'>terram</span> <span class='ocrx_word' id='word_1_93' title='bbox 1939 899 2039 952; x_wconf 91' lang='lat' dir='ltr'>uni</span> 
     </span>
    </p>
   </div>
   <div class='ocr_carea' id='block_1_14' title="bbox 2226 897 3853 976">
    <p class='ocr_par' dir='ltr' id='par_1_14' title="bbox 2226 899 3853 976">
     <span class='ocr_line' id='line_1_14' title="bbox 2226 899 3853 976; baseline 0.002 -22"><span class='ocrx_word' id='word_1_94' title='bbox 2226 899 2406 970; x_wconf 63' lang='lat' dir='ltr'>ipuvbv</span> <span class='ocrx_word' id='word_1_95' title='bbox 2460 904 2548 955; x_wconf 87' lang='lat' dir='ltr'>xui</span> <span class='ocrx_word' id='word_1_96' title='bbox 2605 903 2705 971; x_wconf 72' lang='grc' dir='ltr'>τήν</span> <span class='ocrx_word' id='word_1_97' title='bbox 2755 908 2859 976; x_wconf 75' lang='grc' dir='ltr'>γῆς</span> <span class='ocrx_word' id='word_1_98' title='bbox 2910 902 3000 955; x_wconf 91' lang='lat' dir='ltr'>xui</span> <span class='ocrx_word' id='word_1_99' title='bbox 3049 902 3144 955; x_wconf 88' lang='grc' dir='ltr'>τὸν</span> <span class='ocrx_word' id='word_1_100' title='bbox 3197 900 3487 972; x_wconf 70' lang='grc' dir='ltr'>σύμπαντα</span> <span class='ocrx_word' id='word_1_101' title='bbox 3541 901 3766 974; x_wconf 78' lang='grc' dir='ltr'>κόσμον</span> 
     </span>
    </p>
   </div>
   <div class='ocr_carea' id='block_1_15' title="bbox 413 986 2040 1065">
    <p class='ocr_par' dir='ltr' id='par_1_15' title="bbox 413 987 2040 1059">
     <span class='ocr_line' id='line_1_15' title="bbox 413 987 2040 1059; baseline 0.001 -19"><span class='ocrx_word' id='word_1_102' title='bbox 413 1003 770 1058; x_wconf 81' lang='lat' dir='ltr'>versumque</span> <span class='ocrx_word' id='word_1_103' title='bbox 801 987 1092 1041; x_wconf 90' lang='lat' dir='ltr'>mundum</span> <span class='ocrx_word' id='word_1_104' title='bbox 1127 1003 1233 1041; x_wconf 87' lang='lat' dir='ltr'>sex</span> <span class='ocrx_word' id='word_1_105' title='bbox 1266 987 1499 1056; x_wconf 90' lang='lat' dir='ltr'>diebus,</span> <span class='ocrx_word' id='word_1_106' title='bbox 1529 987 1783 1059; x_wconf 88' lang='lat' dir='ltr'>septima</span> <span class='ocrx_word' id='word_1_107' title='bbox 1812 1002 1947 1042; x_wconf 90' lang='lat' dir='ltr'>vero</span> <span class='ocrx_word' id='word_1_108' title='bbox 1978 1004 2040 1042; x_wconf 91' lang='lat' dir='ltr'>re</span> 
     </span>
    </p>
   </div>
   <div class='ocr_carea' id='block_1_16' title="bbox 2225 986 3852 1065">
    <p class='ocr_par' dir='ltr' id='par_1_16' title="bbox 2225 986 3852 1065">
     <span class='ocr_line' id='line_1_16' title="bbox 2225 986 3852 1065; baseline 0.001 -21"><span class='ocrx_word' id='word_1_109' title='bbox 2225 989 2435 1064; x_wconf 69' lang='grc' dir='ltr'>μέραις,</span> <span class='ocrx_word' id='word_1_110' title='bbox 2494 991 2584 1046; x_wconf 80' lang='grc' dir='ltr'>καὶ</span> <span class='ocrx_word' id='word_1_111' title='bbox 2659 991 2728 1065; x_wconf 56' lang='lat' dir='ltr'>vi</span> <span class='ocrx_word' id='word_1_112' title='bbox 2798 986 3008 1063; x_wconf 73' lang='grc' dir='ltr'>ἑϐδόμη</span> <span class='ocrx_word' id='word_1_113' title='bbox 3068 990 3396 1046; x_wconf 74' lang='grc' dir='ltr'>κατέπαυσεν</span> <span class='ocrx_word' id='word_1_114' title='bbox 3458 991 3565 1047; x_wconf 81' lang='grc' dir='ltr'>ἀπὸ</span> <span class='ocrx_word' id='word_1_115' title='bbox 3617 993 3852 1046; x_wconf 83' lang='grc' dir='ltr'>πὰντων</span> 
     </span>
    </p>
   </div>
   <div class='ocr_carea' id='block_1_17' title="bbox 412 1074 2039 1155">
    <p class='ocr_par' dir='ltr' id='par_1_17' title="bbox 412 1076 2039 1149">
     <span class='ocr_line' id='line_1_17' title="bbox 412 1076 2039 1149; baseline -0.001 -17"><span class='ocrx_word' id='word_1_116' title='bbox 412 1077 634 1148; x_wconf 82' lang='lat' dir='ltr'>quievit</span> <span class='ocrx_word' id='word_1_117' title='bbox 659 1076 730 1132; x_wconf 89' lang='lat' dir='ltr'>ab</span> <span class='ocrx_word' id='word_1_118' title='bbox 763 1077 1044 1132; x_wconf 90' lang='lat' dir='ltr'>omnibus</span> <span class='ocrx_word' id='word_1_119' title='bbox 1078 1077 1362 1148; x_wconf 81' lang='lat' dir='ltr'>operibus</span> <span class='ocrx_word' id='word_1_120' title='bbox 1409 1078 1531 1134; x_wconf 84' lang='lat' dir='ltr'>suis</span> <span class='ocrx_word' id='word_1_121' title='bbox 1584 1094 1715 1148; x_wconf 68' lang='lat' dir='ltr'>qua)</span> <span class='ocrx_word' id='word_1_122' title='bbox 1761 1094 2039 1149; x_wconf 80' lang='lat' dir='ltr'>aggressu</span> 
     </span>
    </p>
   </div>
   <div class='ocr_carea' id='block_1_18' title="bbox 2226 1074 3853 1155">
    <p class='ocr_par' dir='ltr' id='par_1_18' title="bbox 2226 1074 3853 1155">
     <span class='ocr_line' id='line_1_18' title="bbox 2226 1074 3853 1155; baseline 0.001 -23"><span class='ocrx_word' id='word_1_123' title='bbox 2226 1083 2279 1133; x_wconf 76' lang='grc' dir='ltr'>ὒν</span> <span class='ocrx_word' id='word_1_124' title='bbox 2340 1074 2514 1155; x_wconf 78' lang='grc' dir='ltr'>ἔργων</span> <span class='ocrx_word' id='word_1_125' title='bbox 2575 1079 2760 1147; x_wconf 82' lang='grc' dir='ltr'>αὐτοῦ,</span> <span class='ocrx_word' id='word_1_126' title='bbox 2820 1076 3020 1155; x_wconf 78' lang='grc' dir='ltr'>ᾔρξατο</span> <span class='ocrx_word' id='word_1_127' title='bbox 3060 1084 3263 1134; x_wconf 80' lang='grc' dir='ltr'>ποιεῖν.</span> <span class='ocrx_word' id='word_1_128' title='bbox 3311 1103 3338 1131; x_wconf 88' lang='grc'>››</span> <span class='ocrx_word' id='word_1_129' title='bbox 3406 1081 3588 1142; x_wconf 86' lang='grc' dir='ltr'>καθὼς</span> <span class='ocrx_word' id='word_1_130' title='bbox 3651 1081 3752 1136; x_wconf 84' lang='grc' dir='ltr'>καὶ</span> <span class='ocrx_word' id='word_1_131' title='bbox 3815 1081 3853 1151; x_wconf 78' lang='grc' dir='ltr'>ἠ</span> 
     </span>
    </p>
   </div>
   <div class='ocr_carea' id='block_1_19' title="bbox 408 1166 2035 1246">
    <p class='ocr_par' dir='ltr' id='par_1_19' title="bbox 408 1166 2033 1240">
     <span class='ocr_line' id='line_1_19' title="bbox 408 1166 2033 1240; baseline -0.001 -17"><span class='ocrx_word' id='word_1_132' title='bbox 408 1173 499 1223; x_wconf 88' lang='lat' dir='ltr'>est</span> <span class='ocrx_word' id='word_1_133' title='bbox 545 1167 743 1224; x_wconf 84' lang='lat' dir='ltr'>facere</span> <span class='ocrx_word' id='word_1_134' title='bbox 772 1166 814 1236; x_wconf 85' lang='grc'>⁴,</span> <span class='ocrx_word' id='word_1_135' title='bbox 850 1189 878 1218; x_wconf 86' lang='grc'><strong>››</strong></span> <span class='ocrx_word' id='word_1_136' title='bbox 915 1167 1424 1239; x_wconf 79' lang='lat' dir='ltr'>quemadmodum</span> <span class='ocrx_word' id='word_1_137' title='bbox 1477 1184 1716 1240; x_wconf 90' lang='lat' dir='ltr'>quoque</span> <span class='ocrx_word' id='word_1_138' title='bbox 1766 1168 2033 1239; x_wconf 86' lang='lat' dir='ltr'>Scriptur</span> 
     </span>
    </p>
   </div>
   <div class='ocr_carea' id='block_1_20' title="bbox 1183 1166 2810 1246">
    <p class='ocr_par' dir='ltr' id='par_1_20' title="bbox 1183 1168 2810 1246">
     <span class='ocr_line' id='line_1_20' title="bbox 1183 1168 2810 1246; baseline 0.003 -24"><span class='ocrx_word' id='word_1_139' title='bbox 1183 1168 1424 1224; x_wconf 91' lang='lat' dir='ltr'>modum</span> <span class='ocrx_word' id='word_1_140' title='bbox 1477 1184 1716 1240; x_wconf 89' lang='lat' dir='ltr'>quoque</span> <span class='ocrx_word' id='word_1_141' title='bbox 1766 1168 2070 1239; x_wconf 80' lang='lat' dir='ltr'>Scriptura</span> <span class='ocrx_word' id='word_1_142' title='bbox 2175 1169 2362 1246; x_wconf 77' lang='grc' dir='ltr'>Γραφή</span> <span class='ocrx_word' id='word_1_143' title='bbox 2397 1174 2663 1246; x_wconf 88' lang='grc' dir='ltr'>μαρτυρεῖ</span> <span class='ocrx_word' id='word_1_144' title='bbox 2693 1191 2810 1243; x_wconf 86' lang='grc' dir='ltr'>μοι.</span> 
     </span>
    </p>
   </div>
   <div class='ocr_carea' id='block_1_21' title="bbox 405 1256 860 1312">
    <p class='ocr_par' dir='ltr' id='par_1_21' title="bbox 405 1256 860 1312">
     <span class='ocr_line' id='line_1_21' title="bbox 405 1256 860 1312; baseline -0.002 0"><span class='ocrx_word' id='word_1_145' title='bbox 405 1256 555 1312; x_wconf 87' lang='lat' dir='ltr'>mihi</span> <span class='ocrx_word' id='word_1_146' title='bbox 589 1261 860 1312; x_wconf 78' lang='lat' dir='ltr'>testatur.</span> 
     </span>
    </p>
   </div>
   <div class='ocr_carea' id='block_1_22' title="bbox 477 1343 2104 1425">
    <p class='ocr_par' dir='ltr' id='par_1_22' title="bbox 477 1345 2070 1417">
     <span class='ocr_line' id='line_1_22' title="bbox 477 1345 2070 1417; baseline 0 -18"><span class='ocrx_word' id='word_1_147' title='bbox 477 1346 835 1401; x_wconf 77' lang='lat' dir='ltr'>SARAC.Ait</span> <span class='ocrx_word' id='word_1_148' title='bbox 868 1347 1021 1400; x_wconf 90' lang='lat' dir='ltr'>Deus</span> <span class='ocrx_word' id='word_1_149' title='bbox 1054 1345 1128 1400; x_wconf 91' lang='lat' dir='ltr'>ad</span> <span class='ocrx_word' id='word_1_150' title='bbox 1153 1346 1492 1402; x_wconf 87' lang='lat' dir='ltr'>Jeremiam:</span> <span class='ocrx_word' id='word_1_151' title='bbox 1527 1367 1554 1396; x_wconf 84' lang='grc'><strong>‹‹</strong></span> <span class='ocrx_word' id='word_1_152' title='bbox 1583 1347 1918 1417; x_wconf 82' lang='lat' dir='ltr'>Antequam</span> <span class='ocrx_word' id='word_1_153' title='bbox 1949 1345 2070 1400; x_wconf 91' lang='lat' dir='ltr'>for-</span> 
     </span>
    </p>
   </div>
   <div class='ocr_carea' id='block_1_23' title="bbox 2224 1343 3851 1425">
    <p class='ocr_par' dir='ltr' id='par_1_23' title="bbox 2245 1343 3851 1425">
     <span class='ocr_line' id='line_1_23' title="bbox 2245 1343 3851 1425; baseline 0.002 -23"><span class='ocrx_word' id='word_1_154' title='bbox 2245 1346 2308 1402; x_wconf 90' lang='grc' dir='ltr'>Ὁ</span> <span class='ocrx_word' id='word_1_155' title='bbox 2367 1343 2424 1402; x_wconf 78' lang='grc' dir='ltr'>δὶ</span> <span class='ocrx_word' id='word_1_156' title='bbox 2482 1349 2929 1405; x_wconf 80' lang='grc' dir='ltr'><strong>ΣΑΡΑΚΗΝΟΣ.</strong></span> <span class='ocrx_word' id='word_1_157' title='bbox 2984 1347 3158 1418; x_wconf 83' lang='grc' dir='ltr'>Φησὶν</span> <span class='ocrx_word' id='word_1_158' title='bbox 3207 1349 3234 1403; x_wconf 88' lang='lat'>6</span> <span class='ocrx_word' id='word_1_159' title='bbox 3281 1349 3413 1411; x_wconf 84' lang='grc' dir='ltr'>Θεὸς</span> <span class='ocrx_word' id='word_1_160' title='bbox 3472 1349 3611 1424; x_wconf 80' lang='grc' dir='ltr'>πρὸς</span> <span class='ocrx_word' id='word_1_161' title='bbox 3679 1351 3851 1425; x_wconf 89' lang='grc' dir='ltr'>Ἰερε-</span> 
     </span>
    </p>
   </div>
   <div class='ocr_carea' id='block_1_24' title="bbox 406 1434 2033 1510">
    <p class='ocr_par' dir='ltr' id='par_1_24' title="bbox 406 1435 2033 1502">
     <span class='ocr_line' id='line_1_24' title="bbox 406 1435 2033 1502; baseline 0 -12"><span class='ocrx_word' id='word_1_162' title='bbox 406 1451 638 1491; x_wconf 89' lang='lat' dir='ltr'>marem</span> <span class='ocrx_word' id='word_1_163' title='bbox 667 1441 724 1490; x_wconf 90' lang='lat' dir='ltr'>te</span> <span class='ocrx_word' id='word_1_164' title='bbox 756 1451 828 1491; x_wconf 83' lang='lat' dir='ltr'>ex</span> <span class='ocrx_word' id='word_1_165' title='bbox 857 1440 1027 1490; x_wconf 84' lang='lat' dir='ltr'>utero</span> <span class='ocrx_word' id='word_1_166' title='bbox 1058 1435 1192 1490; x_wconf 85' lang='lat' dir='ltr'>novi</span> <span class='ocrx_word' id='word_1_167' title='bbox 1226 1440 1304 1502; x_wconf 92' lang='lat' dir='ltr'>te,</span> <span class='ocrx_word' id='word_1_168' title='bbox 1339 1440 1394 1491; x_wconf 91' lang='lat' dir='ltr'>et</span> <span class='ocrx_word' id='word_1_169' title='bbox 1422 1452 1493 1490; x_wconf 84' lang='lat' dir='ltr'>ex</span> <span class='ocrx_word' id='word_1_170' title='bbox 1523 1436 1769 1491; x_wconf 84' lang='lat' dir='ltr'>matrice</span> <span class='ocrx_word' id='word_1_171' title='bbox 1802 1435 2033 1490; x_wconf 83' lang='lat' dir='ltr'>sanctiii</span> 
     </span>
    </p>
   </div>
   <div class='ocr_carea' id='block_1_25' title="bbox 2226 1434 3853 1510">
    <p class='ocr_par' dir='ltr' id='par_1_25' title="bbox 2226 1434 3853 1510">
     <span class='ocr_line' id='line_1_25' title="bbox 2226 1434 3853 1510; baseline 0.005 -21"><span class='ocrx_word' id='word_1_172' title='bbox 2226 1434 2328 1494; x_wconf 85' lang='grc' dir='ltr'>ίαν·</span> <span class='ocrx_word' id='word_1_173' title='bbox 2370 1457 2390 1484; x_wconf 77' lang='grc' dir='ltr'><strong>α</strong></span> <span class='ocrx_word' id='word_1_174' title='bbox 2425 1437 2537 1510; x_wconf 83' lang='grc' dir='ltr'>Πρὸ</span> <span class='ocrx_word' id='word_1_175' title='bbox 2582 1441 2680 1491; x_wconf 89' lang='grc' dir='ltr'>τοῦ</span> <span class='ocrx_word' id='word_1_176' title='bbox 2742 1438 2836 1510; x_wconf 74' lang='grc' dir='ltr'>μὲν</span> <span class='ocrx_word' id='word_1_177' title='bbox 2888 1437 3092 1492; x_wconf 82' lang='grc' dir='ltr'>πλάσαι</span> <span class='ocrx_word' id='word_1_178' title='bbox 3153 1458 3210 1492; x_wconf 88' lang='grc' dir='ltr'>σε</span> <span class='ocrx_word' id='word_1_179' title='bbox 3254 1436 3315 1492; x_wconf 78' lang='grc' dir='ltr'>ἐκ</span> <span class='ocrx_word' id='word_1_180' title='bbox 3356 1438 3570 1503; x_wconf 70' lang='grc' dir='ltr'>κοιλίας</span> <span class='ocrx_word' id='word_1_181' title='bbox 3605 1438 3853 1506; x_wconf 81' lang='grc' dir='ltr'>ἐπίστα-</span> 
     </span>
    </p>
   </div>
   <div class='ocr_carea' id='block_1_26' title="bbox 406 1521 3246 1601">
    <p class='ocr_par' dir='ltr' id='par_1_26' title="bbox 406 1521 3246 1601">
     <span class='ocr_line' id='line_1_26' title="bbox 406 1521 3246 1601; baseline -0.001 -21"><span class='ocrx_word' id='word_1_182' title='bbox 406 1524 530 1582; x_wconf 84' lang='lat' dir='ltr'>cavi</span> <span class='ocrx_word' id='word_1_183' title='bbox 556 1530 610 1580; x_wconf 91' lang='lat' dir='ltr'>te</span> <span class='ocrx_word' id='word_1_184' title='bbox 641 1525 680 1578; x_wconf 77' lang='grc'><strong>⁸.</strong></span> <span class='ocrx_word' id='word_1_185' title='bbox 715 1545 745 1575; x_wconf 88' lang='grc'><strong>››</strong></span> <span class='ocrx_word' id='word_1_186' title='bbox 2178 1521 2275 1596; x_wconf 91' lang='grc' dir='ltr'>μαί</span> <span class='ocrx_word' id='word_1_187' title='bbox 2307 1544 2383 1593; x_wconf 90' lang='grc' dir='ltr'>σε,</span> <span class='ocrx_word' id='word_1_188' title='bbox 2416 1524 2504 1580; x_wconf 80' lang='grc' dir='ltr'>καὶ</span> <span class='ocrx_word' id='word_1_189' title='bbox 2535 1521 2597 1580; x_wconf 85' lang='grc' dir='ltr'>ἐκ</span> <span class='ocrx_word' id='word_1_190' title='bbox 2629 1526 2840 1599; x_wconf 76' lang='grc' dir='ltr'>μήτρας</span> <span class='ocrx_word' id='word_1_191' title='bbox 2872 1523 3074 1601; x_wconf 71' lang='grc' dir='ltr'>ἡγίακπὶ</span> <span class='ocrx_word' id='word_1_192' title='bbox 3105 1545 3182 1584; x_wconf 88' lang='grc' dir='ltr'>σε,</span> <span class='ocrx_word' id='word_1_193' title='bbox 3218 1549 3246 1578; x_wconf 89' lang='grc'><strong>››</strong></span> 
     </span>
    </p>
   </div>
   <div class='ocr_carea' id='block_1_27' title="bbox 477 1611 2104 1690">
    <p class='ocr_par' dir='ltr' id='par_1_27' title="bbox 477 1611 2070 1684">
     <span class='ocr_line' id='line_1_27' title="bbox 477 1611 2070 1684; baseline -0.003 -14"><span class='ocrx_word' id='word_1_194' title='bbox 477 1613 747 1670; x_wconf 79' lang='lat' dir='ltr'>CHRIST.</span> <span class='ocrx_word' id='word_1_195' title='bbox 781 1611 1115 1684; x_wconf 87' lang='lat' dir='ltr'>Cujuslibet</span> <span class='ocrx_word' id='word_1_196' title='bbox 1144 1613 1406 1668; x_wconf 90' lang='lat' dir='ltr'>hominis</span> <span class='ocrx_word' id='word_1_197' title='bbox 1459 1630 1528 1668; x_wconf 84' lang='lat' dir='ltr'>ex</span> <span class='ocrx_word' id='word_1_198' title='bbox 1575 1618 1742 1668; x_wconf 87' lang='lat' dir='ltr'>utero</span> <span class='ocrx_word' id='word_1_199' title='bbox 1792 1612 2070 1669; x_wconf 86' lang='lat' dir='ltr'>formavit</span> 
     </span>
    </p>
   </div>
   <div class='ocr_carea' id='block_1_28' title="bbox 2219 1611 3846 1690">
    <p class='ocr_par' dir='ltr' id='par_1_28' title="bbox 2244 1611 3846 1690">
     <span class='ocr_line' id='line_1_28' title="bbox 2244 1611 3846 1690; baseline 0.002 -21"><span class='ocrx_word' id='word_1_200' title='bbox 2244 1614 2307 1669; x_wconf 88' lang='grc' dir='ltr'>Ὁ</span> <span class='ocrx_word' id='word_1_201' title='bbox 2339 1615 2575 1671; x_wconf 87' lang='grc' dir='ltr'>ΧΡΙΣΤ.</span> <span class='ocrx_word' id='word_1_202' title='bbox 2613 1614 2816 1676; x_wconf 85' lang='grc' dir='ltr'>Παντὸς</span> <span class='ocrx_word' id='word_1_203' title='bbox 2846 1611 3041 1690; x_wconf 77' lang='grc' dir='ltr'>ἀνδρὸς</span> <span class='ocrx_word' id='word_1_204' title='bbox 3075 1613 3134 1669; x_wconf 82' lang='grc' dir='ltr'>ἐκ</span> <span class='ocrx_word' id='word_1_205' title='bbox 3163 1613 3379 1677; x_wconf 81' lang='grc' dir='ltr'>κοιλίας</span> <span class='ocrx_word' id='word_1_206' title='bbox 3411 1614 3645 1671; x_wconf 68' lang='grc' dir='ltr'>ἔπλασεν</span> <span class='ocrx_word' id='word_1_207' title='bbox 3686 1619 3788 1690; x_wconf 89' lang='lat' dir='ltr'>(m)</span> <span class='ocrx_word' id='word_1_208' title='bbox 3818 1618 3846 1672; x_wconf 89' lang='lat'>6</span> 
     </span>
    </p>
   </div>
   <div class='ocr_carea' id='block_1_29' title="bbox 406 1696 2033 1779">
    <p class='ocr_par' dir='ltr' id='par_1_29' title="bbox 406 1700 2028 1762">
     <span class='ocr_line' id='line_1_29' title="bbox 406 1700 2028 1762; baseline -0.001 -5"><span class='ocrx_word' id='word_1_209' title='bbox 406 1704 561 1758; x_wconf 86' lang='lat' dir='ltr'>Deus</span> <span class='ocrx_word' id='word_1_210' title='bbox 583 1701 904 1762; x_wconf 84' lang='lat' dir='ltr'>animalem</span> <span class='ocrx_word' id='word_1_211' title='bbox 928 1718 995 1757; x_wconf 87' lang='lat' dir='ltr'>ac</span> <span class='ocrx_word' id='word_1_212' title='bbox 1013 1702 1412 1758; x_wconf 90' lang='lat' dir='ltr'>sementinam</span> <span class='ocrx_word' id='word_1_213' title='bbox 1442 1701 1717 1757; x_wconf 89' lang='lat' dir='ltr'>virtutem</span> <span class='ocrx_word' id='word_1_214' title='bbox 1745 1701 1817 1756; x_wconf 86' lang='lat' dir='ltr'>ab</span> <span class='ocrx_word' id='word_1_215' title='bbox 1841 1700 2028 1756; x_wconf 83' lang='lat' dir='ltr'>Adam</span> 
     </span>
    </p>
   </div>
   <div class='ocr_carea' id='block_1_30' title="bbox 2217 1696 3844 1779">
    <p class='ocr_par' dir='ltr' id='par_1_30' title="bbox 2219 1696 3844 1779">
     <span class='ocr_line' id='line_1_30' title="bbox 2219 1696 3844 1779; baseline 0.002 -23"><span class='ocrx_word' id='word_1_216' title='bbox 2219 1702 2303 1766; x_wconf 87' lang='grc' dir='ltr'>εὸς</span> <span class='ocrx_word' id='word_1_217' title='bbox 2361 1703 2460 1772; x_wconf 77' lang='grc' dir='ltr'>τὴν</span> <span class='ocrx_word' id='word_1_218' title='bbox 2519 1696 2771 1778; x_wconf 79' lang='grc' dir='ltr'>ἔμψυχον</span> <span class='ocrx_word' id='word_1_219' title='bbox 2832 1703 2921 1757; x_wconf 79' lang='grc' dir='ltr'>καὶ</span> <span class='ocrx_word' id='word_1_220' title='bbox 2989 1704 3366 1778; x_wconf 76' lang='grc' dir='ltr'>σπερματικὴν</span> <span class='ocrx_word' id='word_1_221' title='bbox 3427 1702 3664 1779; x_wconf 75' lang='grc' dir='ltr'>δύναμιν</span> <span class='ocrx_word' id='word_1_222' title='bbox 3732 1704 3844 1762; x_wconf 81' lang='grc' dir='ltr'>ἀπὸ</span> 
     </span>
    </p>
   </div>
   <div class='ocr_carea' id='block_1_31' title="bbox 404 1788 2031 1870">
    <p class='ocr_par' dir='ltr' id='par_1_31' title="bbox 404 1791 2031 1864">
     <span class='ocr_line' id='line_1_31' title="bbox 404 1791 2031 1864; baseline -0.001 -17"><span class='ocrx_word' id='word_1_223' title='bbox 404 1797 581 1864; x_wconf 87' lang='lat' dir='ltr'>atque</span> <span class='ocrx_word' id='word_1_224' title='bbox 610 1791 915 1862; x_wconf 86' lang='lat' dir='ltr'>deinceps.</span> <span class='ocrx_word' id='word_1_225' title='bbox 949 1791 1135 1848; x_wconf 83' lang='lat' dir='ltr'>Adam</span> <span class='ocrx_word' id='word_1_226' title='bbox 1168 1793 1328 1848; x_wconf 89' lang='lat' dir='ltr'>enim</span> <span class='ocrx_word' id='word_1_227' title='bbox 1360 1793 1422 1847; x_wconf 91' lang='lat' dir='ltr'>in</span> <span class='ocrx_word' id='word_1_228' title='bbox 1454 1798 1656 1847; x_wconf 88' lang='lat' dir='ltr'>ventre</span> <span class='ocrx_word' id='word_1_229' title='bbox 1706 1791 1933 1848; x_wconf 85' lang='lat' dir='ltr'>habens</span> <span class='ocrx_word' id='word_1_230' title='bbox 1967 1792 2031 1846; x_wconf 90' lang='lat' dir='ltr'>Se</span> 
     </span>
    </p>
   </div>
   <div class='ocr_carea' id='block_1_32' title="bbox 2213 1788 3840 1870">
    <p class='ocr_par' dir='ltr' id='par_1_32' title="bbox 2213 1788 3840 1870">
     <span class='ocr_line' id='line_1_32' title="bbox 2213 1788 3840 1870; baseline 0.001 -22"><span class='ocrx_word' id='word_1_231' title='bbox 2213 1788 2355 1866; x_wconf 48' lang='grc' dir='ltr'>Ἀδὰμ</span> <span class='ocrx_word' id='word_1_232' title='bbox 2384 1793 2470 1847; x_wconf 88' lang='lat' dir='ltr'>xui</span> <span class='ocrx_word' id='word_1_233' title='bbox 2505 1792 2754 1863; x_wconf 81' lang='grc' dir='ltr'>καθεξῆς.</span> <span class='ocrx_word' id='word_1_234' title='bbox 2818 1789 3000 1866; x_wconf 77' lang='grc' dir='ltr'>Ἀδὰμ</span> <span class='ocrx_word' id='word_1_235' title='bbox 3050 1793 3151 1869; x_wconf 80' lang='grc' dir='ltr'>γὰρ</span> <span class='ocrx_word' id='word_1_236' title='bbox 3215 1793 3265 1848; x_wconf 86' lang='grc' dir='ltr'>ἐν</span> <span class='ocrx_word' id='word_1_237' title='bbox 3315 1791 3504 1866; x_wconf 76' lang='grc' dir='ltr'>κοιλίᾳ</span> <span class='ocrx_word' id='word_1_238' title='bbox 3534 1789 3715 1870; x_wconf 75' lang='grc' dir='ltr'>ἔχων,</span> <span class='ocrx_word' id='word_1_239' title='bbox 3747 1794 3840 1850; x_wconf 82' lang='grc' dir='ltr'>τὸν</span> 
     </span>
    </p>
   </div>
   <div class='ocr_carea' id='block_1_33' title="bbox 403 1836 2030 1961">
    <p class='ocr_par' dir='ltr' id='par_1_33' title="bbox 403 1836 2030 1954">
     <span class='ocr_line' id='line_1_33' title="bbox 404 1836 2030 1864; baseline -0.001 -15"><span class='ocrx_word' id='word_1_240' title='bbox 404 1836 581 1864; x_wconf 59' lang='grc' dir='ltr'><strong>...νυ</strong></span> <span class='ocrx_word' id='word_1_241' title='bbox 611 1836 915 1862; x_wconf 40' lang='lat' dir='ltr'>“nam...</span> <span class='ocrx_word' id='word_1_242' title='bbox 949 1836 1135 1848; x_wconf 59' lang='grc' dir='ltr'><strong>μη...</strong></span> <span class='ocrx_word' id='word_1_243' title='bbox 1360 1836 1422 1847; x_wconf 86' lang='lat'>...</span> <span class='ocrx_word' id='word_1_244' title='bbox 1465 1836 1656 1847; x_wconf 65' lang='grc' dir='ltr'>.νη-,ν</span> <span class='ocrx_word' id='word_1_245' title='bbox 1708 1836 1933 1848; x_wconf 61' lang='grc' dir='ltr'>-.υ-νην</span> <span class='ocrx_word' id='word_1_246' title='bbox 1967 1836 2030 1846; x_wconf 66' lang='grc' dir='ltr'>,η</span> 
     </span>
     <span class='ocr_line' id='line_1_34' title="bbox 403 1881 2024 1954; baseline 0 -18"><span class='ocrx_word' id='word_1_247' title='bbox 403 1881 572 1942; x_wconf 85' lang='lat' dir='ltr'>thum</span> <span class='ocrx_word' id='word_1_248' title='bbox 603 1881 828 1954; x_wconf 81' lang='lat' dir='ltr'>genuit,</span> <span class='ocrx_word' id='word_1_249' title='bbox 864 1885 929 1935; x_wconf 91' lang='lat' dir='ltr'>ut</span> <span class='ocrx_word' id='word_1_250' title='bbox 962 1881 1244 1952; x_wconf 69' lang='lat' dir='ltr'>praafatus</span> <span class='ocrx_word' id='word_1_251' title='bbox 1275 1898 1431 1949; x_wconf 90' lang='lat' dir='ltr'>sum,</span> <span class='ocrx_word' id='word_1_252' title='bbox 1465 1881 1677 1936; x_wconf 88' lang='lat' dir='ltr'>Sethus</span> <span class='ocrx_word' id='word_1_253' title='bbox 1721 1897 1857 1936; x_wconf 90' lang='lat' dir='ltr'>vero</span> <span class='ocrx_word' id='word_1_254' title='bbox 1902 1883 2024 1936; x_wconf 91' lang='lat' dir='ltr'>Eno</span> 
     </span>
    </p>
   </div>
   <div class='ocr_carea' id='block_1_34' title="bbox 2216 1836 3843 1961">
    <p class='ocr_par' dir='ltr' id='par_1_34' title="bbox 2216 1836 3843 1957">
     <span class='ocr_line' id='line_1_35' title="bbox 2217 1836 3839 1870; baseline 0.001 -22"><span class='ocrx_word' id='word_1_255' title='bbox 2217 1836 2355 1866; x_wconf 53' lang='grc' dir='ltr'><strong>.-.τ</strong></span> <span class='ocrx_word' id='word_1_256' title='bbox 2386 1836 2470 1847; x_wconf 68' lang='grc' dir='ltr'><strong>η...</strong></span> <span class='ocrx_word' id='word_1_257' title='bbox 2507 1836 2754 1863; x_wconf 58' lang='grc' dir='ltr'><strong>..ηηννμ</strong></span> <span class='ocrx_word' id='word_1_258' title='bbox 2834 1836 3000 1866; x_wconf 57' lang='grc' dir='ltr'>.-πμ</span> <span class='ocrx_word' id='word_1_259' title='bbox 3064 1836 3150 1869; x_wconf 57' lang='grc' dir='ltr'>ιη.</span> <span class='ocrx_word' id='word_1_260' title='bbox 3215 1836 3262 1848; x_wconf 67' lang='grc' dir='ltr'><strong>ν.</strong></span> <span class='ocrx_word' id='word_1_261' title='bbox 3319 1836 3504 1866; x_wconf 69' lang='grc' dir='ltr'><strong>..ν-...τ</strong></span> <span class='ocrx_word' id='word_1_262' title='bbox 3534 1836 3715 1870; x_wconf 51' lang='grc' dir='ltr'>νυν,</span> <span class='ocrx_word' id='word_1_263' title='bbox 3758 1836 3839 1850; x_wconf 70' lang='grc' dir='ltr'>η,</span> 
     </span>
     <span class='ocr_line' id='line_1_36' title="bbox 2216 1880 3843 1957; baseline 0.002 -23"><span class='ocrx_word' id='word_1_264' title='bbox 2216 1882 2295 1950; x_wconf 79' lang='grc' dir='ltr'>ιήθ</span> <span class='ocrx_word' id='word_1_265' title='bbox 2339 1880 2616 1956; x_wconf 75' lang='grc' dir='ltr'>ἐγέννησεν</span> <span class='ocrx_word' id='word_1_266' title='bbox 2651 1883 2725 1944; x_wconf 86' lang='grc' dir='ltr'>ὡς</span> <span class='ocrx_word' id='word_1_267' title='bbox 2757 1886 3044 1957; x_wconf 79' lang='grc' dir='ltr'>προεῖπον,</span> <span class='ocrx_word' id='word_1_268' title='bbox 3092 1882 3182 1938; x_wconf 84' lang='grc' dir='ltr'>καὶ</span> <span class='ocrx_word' id='word_1_269' title='bbox 3229 1884 3344 1952; x_wconf 81' lang='grc' dir='ltr'>Σὴθ</span> <span class='ocrx_word' id='word_1_270' title='bbox 3388 1884 3480 1938; x_wconf 89' lang='grc' dir='ltr'>τὸν</span> <span class='ocrx_word' id='word_1_271' title='bbox 3515 1884 3718 1954; x_wconf 85' lang='grc' dir='ltr'>Ἐνὼς,</span> <span class='ocrx_word' id='word_1_272' title='bbox 3751 1885 3843 1939; x_wconf 80' lang='lat' dir='ltr'>xui</span> 
     </span>
    </p>
   </div>
   <div class='ocr_carea' id='block_1_35' title="bbox 403 1966 2030 2048">
    <p class='ocr_par' dir='ltr' id='par_1_35' title="bbox 403 1970 2030 2042">
     <span class='ocr_line' id='line_1_37' title="bbox 403 1970 2030 2042; baseline -0.001 -16"><span class='ocrx_word' id='word_1_273' title='bbox 403 1987 555 2030; x_wconf 87' lang='lat' dir='ltr'>sum.</span> <span class='ocrx_word' id='word_1_274' title='bbox 591 1973 660 2025; x_wconf 89' lang='lat' dir='ltr'>Et</span> <span class='ocrx_word' id='word_1_275' title='bbox 688 1970 879 2042; x_wconf 87' lang='lat' dir='ltr'>quivis</span> <span class='ocrx_word' id='word_1_276' title='bbox 911 1971 1088 2026; x_wconf 91' lang='lat' dir='ltr'>homo</span> <span class='ocrx_word' id='word_1_277' title='bbox 1117 1988 1254 2028; x_wconf 90' lang='lat' dir='ltr'>cum</span> <span class='ocrx_word' id='word_1_278' title='bbox 1295 1976 1434 2028; x_wconf 85' lang='lat' dir='ltr'>ante</span> <span class='ocrx_word' id='word_1_279' title='bbox 1482 1971 1700 2026; x_wconf 90' lang='lat' dir='ltr'>habeat</span> <span class='ocrx_word' id='word_1_280' title='bbox 1752 1970 1813 2024; x_wconf 92' lang='lat' dir='ltr'>in</span> <span class='ocrx_word' id='word_1_281' title='bbox 1866 1977 2030 2026; x_wconf 85' lang='lat' dir='ltr'>ventr</span> 
     </span>
    </p>
   </div>
   <div class='ocr_carea' id='block_1_36' title="bbox 2213 1966 3840 2048">
    <p class='ocr_par' dir='ltr' id='par_1_36' title="bbox 2213 1968 3840 2048">
     <span class='ocr_line' id='line_1_38' title="bbox 2213 1968 3840 2048; baseline 0.001 -23"><span class='ocrx_word' id='word_1_282' title='bbox 2213 1990 2401 2030; x_wconf 76' lang='grc' dir='ltr'>ιιαστος</span> <span class='ocrx_word' id='word_1_283' title='bbox 2435 1968 2721 2045; x_wconf 79' lang='grc' dir='ltr'>ἄνθρωπος</span> <span class='ocrx_word' id='word_1_284' title='bbox 2751 1972 3009 2047; x_wconf 76' lang='grc' dir='ltr'>προέχων</span> <span class='ocrx_word' id='word_1_285' title='bbox 3060 1970 3112 2026; x_wconf 85' lang='grc' dir='ltr'>ἐν</span> <span class='ocrx_word' id='word_1_286' title='bbox 3160 1975 3229 2045; x_wconf 80' lang='grc' dir='ltr'>τῇ</span> <span class='ocrx_word' id='word_1_287' title='bbox 3277 1970 3464 2048; x_wconf 79' lang='grc' dir='ltr'>κοιλίᾳ</span> <span class='ocrx_word' id='word_1_288' title='bbox 3494 1971 3664 2045; x_wconf 82' lang='grc' dir='ltr'>αὐτοῦ</span> <span class='ocrx_word' id='word_1_289' title='bbox 3697 1972 3840 2048; x_wconf 81' lang='grc' dir='ltr'>υἱὸν,</span> 
     </span>
    </p>
   </div>
   <div class='ocr_carea' id='block_1_37' title="bbox 402 2060 2029 2138">
    <p class='ocr_par' dir='ltr' id='par_1_37' title="bbox 402 2060 2029 2133">
     <span class='ocr_line' id='line_1_39' title="bbox 402 2060 2029 2133; baseline 0 -17"><span class='ocrx_word' id='word_1_290' title='bbox 402 2060 596 2124; x_wconf 79' lang='lat' dir='ltr'>ﬁlium</span> <span class='ocrx_word' id='word_1_291' title='bbox 629 2076 804 2116; x_wconf 89' lang='lat' dir='ltr'>suum</span> <span class='ocrx_word' id='word_1_292' title='bbox 834 2060 1040 2133; x_wconf 76' lang='lat' dir='ltr'>gignit,</span> <span class='ocrx_word' id='word_1_293' title='bbox 1077 2060 1356 2132; x_wconf 81' lang='lat' dir='ltr'>ﬁliusque</span> <span class='ocrx_word' id='word_1_294' title='bbox 1389 2061 1569 2116; x_wconf 88' lang='lat' dir='ltr'>etiam</span> <span class='ocrx_word' id='word_1_295' title='bbox 1601 2077 1791 2131; x_wconf 90' lang='lat' dir='ltr'>usque</span> <span class='ocrx_word' id='word_1_296' title='bbox 1824 2061 1885 2116; x_wconf 91' lang='lat' dir='ltr'>in</span> <span class='ocrx_word' id='word_1_297' title='bbox 1918 2078 2029 2133; x_wconf 71' lang='lat' dir='ltr'>pra:</span> 
     </span>
    </p>
   </div>
   <div class='ocr_carea' id='block_1_38' title="bbox 2212 2060 3839 2138">
    <p class='ocr_par' dir='ltr' id='par_1_38' title="bbox 2212 2060 3839 2138">
     <span class='ocr_line' id='line_1_40' title="bbox 2212 2060 3839 2138; baseline 0.001 -24"><span class='ocrx_word' id='word_1_298' title='bbox 2212 2060 2264 2114; x_wconf 86' lang='lat' dir='ltr'>ui</span> <span class='ocrx_word' id='word_1_299' title='bbox 2297 2060 2324 2114; x_wconf 89' lang='lat'>6</span> <span class='ocrx_word' id='word_1_300' title='bbox 2356 2060 2473 2122; x_wconf 82' lang='grc' dir='ltr'>υἱὸς</span> <span class='ocrx_word' id='word_1_301' title='bbox 2507 2060 2762 2134; x_wconf 73' lang='grc' dir='ltr'>ἐγέννησε</span> <span class='ocrx_word' id='word_1_302' title='bbox 2791 2061 2880 2115; x_wconf 79' lang='grc' dir='ltr'>καὶ</span> <span class='ocrx_word' id='word_1_303' title='bbox 2941 2065 3002 2114; x_wconf 81' lang='grc' dir='ltr'>νᾶ</span> <span class='ocrx_word' id='word_1_304' title='bbox 3059 2066 3137 2122; x_wconf 88' lang='grc' dir='ltr'>(η)</span> <span class='ocrx_word' id='word_1_305' title='bbox 3189 2063 3311 2136; x_wconf 84' lang='lat' dir='ltr'>(sic)</span> <span class='ocrx_word' id='word_1_306' title='bbox 3366 2062 3535 2138; x_wconf 74' lang='grc' dir='ltr'>μέχρι</span> <span class='ocrx_word' id='word_1_307' title='bbox 3563 2065 3675 2136; x_wconf 63' lang='grc' dir='ltr'>τοῦ,</span> <span class='ocrx_word' id='word_1_308' title='bbox 3700 2083 3839 2138; x_wconf 85' lang='grc' dir='ltr'>παρ-</span> 
     </span>
    </p>
   </div>
   <div class='ocr_carea' id='block_1_39' title="bbox 402 2146 2029 2227">
    <p class='ocr_par' dir='ltr' id='par_1_39' title="bbox 402 2150 2029 2222">
     <span class='ocr_line' id='line_1_41' title="bbox 402 2150 2029 2222; baseline 0 -16"><span class='ocrx_word' id='word_1_309' title='bbox 402 2167 541 2206; x_wconf 85' lang='lat' dir='ltr'>sens</span> <span class='ocrx_word' id='word_1_310' title='bbox 579 2157 832 2222; x_wconf 84' lang='lat' dir='ltr'>tempus.</span> <span class='ocrx_word' id='word_1_311' title='bbox 863 2150 1020 2206; x_wconf 89' lang='lat' dir='ltr'>Illud</span> <span class='ocrx_word' id='word_1_312' title='bbox 1051 2167 1188 2206; x_wconf 89' lang='lat' dir='ltr'>vero</span> <span class='ocrx_word' id='word_1_313' title='bbox 1216 2168 1228 2204; x_wconf 87' lang='lat'><strong>:</strong></span> <span class='ocrx_word' id='word_1_314' title='bbox 1261 2172 1286 2204; x_wconf 74' lang='grc' dir='ltr'>α</span> <span class='ocrx_word' id='word_1_315' title='bbox 1313 2153 1396 2204; x_wconf 84' lang='lat' dir='ltr'>Ex</span> <span class='ocrx_word' id='word_1_316' title='bbox 1422 2150 1672 2208; x_wconf 87' lang='lat' dir='ltr'>matrice</span> <span class='ocrx_word' id='word_1_317' title='bbox 1707 2152 2029 2206; x_wconf 60' lang='lat' dir='ltr'>sanctiﬁcai</span> 
     </span>
    </p>
   </div>
   <div class='ocr_carea' id='block_1_40' title="bbox 2208 2146 3835 2227">
    <p class='ocr_par' dir='ltr' id='par_1_40' title="bbox 2209 2147 3835 2227">
     <span class='ocr_line' id='line_1_42' title="bbox 2209 2147 3835 2227; baseline 0.002 -26"><span class='ocrx_word' id='word_1_318' title='bbox 2209 2170 2353 2212; x_wconf 89' lang='grc' dir='ltr'>ντος.</span> <span class='ocrx_word' id='word_1_319' title='bbox 2385 2149 2458 2204; x_wconf 90' lang='grc' dir='ltr'>Τὸ</span> <span class='ocrx_word' id='word_1_320' title='bbox 2507 2147 2584 2219; x_wconf 71' lang='grc' dir='ltr'>δὲ,</span> <span class='ocrx_word' id='word_1_321' title='bbox 2639 2176 2665 2202; x_wconf 90' lang='grc'><em>‹‹</em></span> <span class='ocrx_word' id='word_1_322' title='bbox 2699 2152 2795 2204; x_wconf 82' lang='grc' dir='ltr'>Ἐκ</span> <span class='ocrx_word' id='word_1_323' title='bbox 2850 2151 3060 2224; x_wconf 69' lang='grc' dir='ltr'>μήτρας</span> <span class='ocrx_word' id='word_1_324' title='bbox 3089 2150 3297 2227; x_wconf 18' lang='grc' dir='ltr'>ἡγὶακά,</span> <span class='ocrx_word' id='word_1_325' title='bbox 3320 2173 3398 2222; x_wconf 90' lang='grc' dir='ltr'>σε,</span> <span class='ocrx_word' id='word_1_326' title='bbox 3436 2151 3700 2224; x_wconf 76' lang='grc' dir='ltr'>»νόησον</span> <span class='ocrx_word' id='word_1_327' title='bbox 3737 2153 3835 2221; x_wconf 76' lang='grc' dir='ltr'>τήν</span> 
     </span>
    </p>
   </div>
   <div class='ocr_carea' id='block_1_41' title="bbox 402 2204 2029 2315">
    <p class='ocr_par' dir='ltr' id='par_1_41' title="bbox 402 2239 2029 2311">
     <span class='ocr_line' id='line_1_43' title="bbox 402 2239 2029 2311; baseline -0.001 -17"><span class='ocrx_word' id='word_1_328' title='bbox 402 2245 460 2294; x_wconf 88' lang='lat' dir='ltr'>te</span> <span class='ocrx_word' id='word_1_329' title='bbox 487 2257 500 2296; x_wconf 88' lang='lat'><strong>:</strong></span> <span class='ocrx_word' id='word_1_330' title='bbox 532 2262 560 2291; x_wconf 86' lang='grc'>››</span> <span class='ocrx_word' id='word_1_331' title='bbox 597 2240 660 2296; x_wconf 92' lang='lat' dir='ltr'>in</span> <span class='ocrx_word' id='word_1_332' title='bbox 690 2256 758 2294; x_wconf 92' lang='lat' dir='ltr'>eo</span> <span class='ocrx_word' id='word_1_333' title='bbox 787 2239 980 2311; x_wconf 85' lang='lat' dir='ltr'>cogita</span> <span class='ocrx_word' id='word_1_334' title='bbox 1022 2239 1188 2298; x_wconf 88' lang='lat' dir='ltr'>illam</span> <span class='ocrx_word' id='word_1_335' title='bbox 1243 2256 1374 2310; x_wconf 81' lang='lat' dir='ltr'>quae</span> <span class='ocrx_word' id='word_1_336' title='bbox 1407 2255 1612 2294; x_wconf 87' lang='lat' dir='ltr'>revera</span> <span class='ocrx_word' id='word_1_337' title='bbox 1641 2245 1886 2311; x_wconf 79' lang='lat' dir='ltr'>generat</span> <span class='ocrx_word' id='word_1_338' title='bbox 1916 2240 2029 2294; x_wconf 80' lang='lat' dir='ltr'>ﬁlio</span> 
     </span>
    </p>
   </div>
   <div class='ocr_carea' id='block_1_42' title="bbox 2212 2204 3839 2315">
    <p class='ocr_par' dir='ltr' id='par_1_42' title="bbox 2212 2204 3839 2315">
     <span class='ocr_line' id='line_1_44' title="bbox 2319 2204 3826 2227; baseline 0 -2"><span class='ocrx_word' id='word_1_339' title='bbox 2319 2204 2350 2212; x_wconf 26' lang='grc' dir='ltr'>’ί</span> <span class='ocrx_word' id='word_1_340' title='bbox 2572 2204 2584 2219; x_wconf 80' lang='grc'><em>⁷</em></span> <span class='ocrx_word' id='word_1_341' title='bbox 2850 2204 2860 2224; x_wconf 80' lang='grc' dir='ltr'><strong>Ι</strong></span> <span class='ocrx_word' id='word_1_342' title='bbox 2914 2204 2984 2222; x_wconf 65' lang='grc' dir='ltr'>Τ</span> <span class='ocrx_word' id='word_1_343' title='bbox 3047 2204 3058 2212; x_wconf 85' lang='grc'><em>’</em></span> <span class='ocrx_word' id='word_1_344' title='bbox 3113 2204 3152 2227; x_wconf 75' lang='grc' dir='ltr'><strong>ΙΙ</strong></span> <span class='ocrx_word' id='word_1_345' title='bbox 3244 2204 3398 2224; x_wconf 27' lang='grc' dir='ltr'>ή⁷.⁷“⁷</span> <span class='ocrx_word' id='word_1_346' title='bbox 3537 2204 3688 2224; x_wconf 26' lang='grc' dir='ltr'><strong><em>ήι’“⁷</em></strong></span> <span class='ocrx_word' id='word_1_347' title='bbox 3755 2204 3826 2221; x_wconf 28' lang='grc' dir='ltr'>ἽΙ⁷</span> 
     </span>
     <span class='ocr_line' id='line_1_45' title="bbox 2212 2239 3839 2315; baseline 0.002 -23"><span class='ocrx_word' id='word_1_348' title='bbox 2212 2260 2346 2302; x_wconf 89' lang='grc' dir='ltr'>ντως</span> <span class='ocrx_word' id='word_1_349' title='bbox 2378 2245 2646 2315; x_wconf 80' lang='grc' dir='ltr'>γεννῶσαν</span> <span class='ocrx_word' id='word_1_350' title='bbox 2705 2241 2769 2294; x_wconf 71' lang='grc' dir='ltr'>τὰ</span> <span class='ocrx_word' id='word_1_351' title='bbox 2817 2239 2974 2295; x_wconf 81' lang='grc' dir='ltr'>τὲκνα</span> <span class='ocrx_word' id='word_1_352' title='bbox 3029 2245 3126 2295; x_wconf 91' lang='grc' dir='ltr'>τοῦ</span> <span class='ocrx_word' id='word_1_353' title='bbox 3184 2245 3340 2311; x_wconf 74' lang='grc' dir='ltr'>Θεοῦ,</span> <span class='ocrx_word' id='word_1_354' title='bbox 3388 2241 3524 2298; x_wconf 84' lang='grc' dir='ltr'>κατᾶ</span> <span class='ocrx_word' id='word_1_355' title='bbox 3554 2243 3658 2311; x_wconf 68' lang='grc' dir='ltr'>τὴν</span> <span class='ocrx_word' id='word_1_356' title='bbox 3697 2262 3839 2315; x_wconf 86' lang='grc' dir='ltr'>μαρ-</span> 
     </span>
    </p>
   </div>
   <div class='ocr_carea' id='block_1_43' title="bbox 403 2326 2030 2408">
    <p class='ocr_par' dir='ltr' id='par_1_43' title="bbox 403 2327 2030 2400">
     <span class='ocr_line' id='line_1_46' title="bbox 403 2327 2030 2400; baseline 0.001 -17"><span class='ocrx_word' id='word_1_357' title='bbox 403 2327 526 2393; x_wconf 88' lang='lat' dir='ltr'>dei,</span> <span class='ocrx_word' id='word_1_358' title='bbox 551 2329 725 2400; x_wconf 83' lang='lat' dir='ltr'>juxta</span> <span class='ocrx_word' id='word_1_359' title='bbox 767 2329 957 2383; x_wconf 87' lang='lat' dir='ltr'>sancti</span> <span class='ocrx_word' id='word_1_360' title='bbox 1005 2328 1307 2400; x_wconf 81' lang='lat' dir='ltr'>Evangelii</span> <span class='ocrx_word' id='word_1_361' title='bbox 1337 2329 1749 2396; x_wconf 88' lang='lat' dir='ltr'>testimonium</span> <span class='ocrx_word' id='word_1_362' title='bbox 1781 2345 1793 2382; x_wconf 88' lang='lat'><strong>:</strong></span> <span class='ocrx_word' id='word_1_363' title='bbox 1825 2351 1853 2378; x_wconf 77' lang='grc' dir='ltr'>α</span> <span class='ocrx_word' id='word_1_364' title='bbox 1891 2331 2030 2394; x_wconf 74' lang='lat' dir='ltr'>Quot</span> 
     </span>
    </p>
   </div>
   <div class='ocr_carea' id='block_1_44' title="bbox 2204 2326 3831 2408">
    <p class='ocr_par' dir='ltr' id='par_1_44' title="bbox 2208 2326 3831 2408">
     <span class='ocr_line' id='line_1_47' title="bbox 2208 2326 3831 2408; baseline 0.001 -25"><span class='ocrx_word' id='word_1_365' title='bbox 2208 2329 2362 2403; x_wconf 88' lang='grc' dir='ltr'>υρίαν</span> <span class='ocrx_word' id='word_1_366' title='bbox 2416 2333 2512 2384; x_wconf 89' lang='grc' dir='ltr'>τοῦ</span> <span class='ocrx_word' id='word_1_367' title='bbox 2571 2328 2725 2407; x_wconf 80' lang='grc' dir='ltr'>ἁγίου</span> <span class='ocrx_word' id='word_1_368' title='bbox 2783 2329 3147 2406; x_wconf 80' lang='grc' dir='ltr'>Εὐαγγελίου.</span> <span class='ocrx_word' id='word_1_369' title='bbox 3215 2333 3431 2388; x_wconf 78' lang='grc' dir='ltr'>‹‹”Οσοι</span> <span class='ocrx_word' id='word_1_370' title='bbox 3482 2326 3831 2408; x_wconf 21' lang='grc' dir='ltr'>γιὰρνέλαὸον</span> 
     </span>
    </p>
   </div>
   <div class='ocr_carea' id='block_1_45' title="bbox 400 2416 2027 2496">
    <p class='ocr_par' dir='ltr' id='par_1_45' title="bbox 400 2417 2027 2490">
     <span class='ocr_line' id='line_1_48' title="bbox 400 2417 2027 2490; baseline 0.001 -18"><span class='ocrx_word' id='word_1_371' title='bbox 400 2422 547 2488; x_wconf 89' lang='lat' dir='ltr'>quot</span> <span class='ocrx_word' id='word_1_372' title='bbox 577 2417 740 2478; x_wconf 84' lang='lat' dir='ltr'>enim</span> <span class='ocrx_word' id='word_1_373' title='bbox 769 2422 1130 2488; x_wconf 89' lang='lat' dir='ltr'>receperunt</span> <span class='ocrx_word' id='word_1_374' title='bbox 1156 2434 1314 2485; x_wconf 88' lang='lat' dir='ltr'>eum,</span> <span class='ocrx_word' id='word_1_375' title='bbox 1347 2417 1564 2488; x_wconf 88' lang='lat' dir='ltr'>inquit,</span> <span class='ocrx_word' id='word_1_376' title='bbox 1612 2417 1778 2472; x_wconf 89' lang='lat' dir='ltr'>dedit</span> <span class='ocrx_word' id='word_1_377' title='bbox 1828 2418 1913 2473; x_wconf 87' lang='lat' dir='ltr'>eis</span> <span class='ocrx_word' id='word_1_378' title='bbox 1962 2435 2027 2490; x_wconf 87' lang='lat' dir='ltr'>po</span> 
     </span>
    </p>
   </div>
   <div class='ocr_carea' id='block_1_46' title="bbox 2206 2416 3833 2496">
    <p class='ocr_par' dir='ltr' id='par_1_46' title="bbox 2212 2416 3833 2496">
     <span class='ocr_line' id='line_1_49' title="bbox 2212 2416 3833 2496; baseline 0.002 -25"><span class='ocrx_word' id='word_1_379' title='bbox 2212 2417 2361 2487; x_wconf 84' lang='grc' dir='ltr'>ὐτὸν,</span> <span class='ocrx_word' id='word_1_380' title='bbox 2420 2418 2605 2496; x_wconf 80' lang='grc' dir='ltr'>φησὶν,</span> <span class='ocrx_word' id='word_1_381' title='bbox 2665 2416 2861 2474; x_wconf 84' lang='grc' dir='ltr'>ἔδωκεν</span> <span class='ocrx_word' id='word_1_382' title='bbox 2921 2419 3106 2481; x_wconf 78' lang='grc' dir='ltr'>αὐτοῖς</span> <span class='ocrx_word' id='word_1_383' title='bbox 3165 2418 3404 2494; x_wconf 80' lang='grc' dir='ltr'>ἐξουσίαν</span> <span class='ocrx_word' id='word_1_384' title='bbox 3457 2419 3641 2475; x_wconf 69' lang='grc' dir='ltr'>’τέκνα</span> <span class='ocrx_word' id='word_1_385' title='bbox 3701 2423 3833 2475; x_wconf 83' lang='grc' dir='ltr'>Θεοῦ</span> 
     </span>
    </p>
   </div>
   <div class='ocr_carea' id='block_1_47' title="bbox 401 2504 2028 2588">
    <p class='ocr_par' dir='ltr' id='par_1_47' title="bbox 401 2504 2028 2574">
     <span class='ocr_line' id='line_1_50' title="bbox 401 2504 2028 2574; baseline 0.001 -14"><span class='ocrx_word' id='word_1_386' title='bbox 401 2511 678 2562; x_wconf 83' lang='lat' dir='ltr'>testatem</span> <span class='ocrx_word' id='word_1_387' title='bbox 711 2505 867 2562; x_wconf 79' lang='lat' dir='ltr'>filios</span> <span class='ocrx_word' id='word_1_388' title='bbox 903 2505 1002 2562; x_wconf 71' lang='grc' dir='ltr'>ἀ)θί</span> <span class='ocrx_word' id='word_1_389' title='bbox 1037 2506 1190 2561; x_wconf 82' lang='lat' dir='ltr'>fieri.</span> <span class='ocrx_word' id='word_1_390' title='bbox 1238 2506 1346 2571; x_wconf 89' lang='lat' dir='ltr'>Qui</span> <span class='ocrx_word' id='word_1_391' title='bbox 1393 2504 1650 2561; x_wconf 90' lang='lat' dir='ltr'>credunt</span> <span class='ocrx_word' id='word_1_392' title='bbox 1678 2507 1739 2561; x_wconf 90' lang='lat' dir='ltr'>in</span> <span class='ocrx_word' id='word_1_393' title='bbox 1783 2523 1941 2574; x_wconf 91' lang='lat' dir='ltr'>eum,</span> <span class='ocrx_word' id='word_1_394' title='bbox 1975 2507 2028 2563; x_wconf 89' lang='lat' dir='ltr'>in</span> 
     </span>
    </p>
   </div>
   <div class='ocr_carea' id='block_1_48' title="bbox 2204 2504 3831 2588">
    <p class='ocr_par' dir='ltr' id='par_1_48' title="bbox 2204 2507 3831 2588">
     <span class='ocr_line' id='line_1_51' title="bbox 2204 2507 3831 2588; baseline 0.002 -27"><span class='ocrx_word' id='word_1_395' title='bbox 2204 2507 2438 2577; x_wconf 61' lang='lat' dir='ltr'>‘EVéO’Odt,</span> <span class='ocrx_word' id='word_1_396' title='bbox 2487 2512 2604 2569; x_wconf 85' lang='grc' dir='ltr'>τοῖς</span> <span class='ocrx_word' id='word_1_397' title='bbox 2660 2507 3003 2564; x_wconf 71' lang='grc' dir='ltr'>πιστεύουσιν</span> <span class='ocrx_word' id='word_1_398' title='bbox 3057 2508 3131 2571; x_wconf 78' lang='grc' dir='ltr'>εἰς</span> <span class='ocrx_word' id='word_1_399' title='bbox 3183 2509 3368 2580; x_wconf 77' lang='grc' dir='ltr'>αὐτὸν,</span> <span class='ocrx_word' id='word_1_400' title='bbox 3426 2509 3616 2588; x_wconf 82' lang='grc' dir='ltr'>φησὶν,</span> <span class='ocrx_word' id='word_1_401' title='bbox 3652 2507 3706 2564; x_wconf 70' lang='grc' dir='ltr'>οἶ</span> <span class='ocrx_word' id='word_1_402' title='bbox 3737 2509 3831 2564; x_wconf 77' lang='grc' dir='ltr'>οὐκ</span> 
     </span>
    </p>
   </div>
   <div class='ocr_carea' id='block_1_49' title="bbox 400 2594 2027 2676">
    <p class='ocr_par' dir='ltr' id='par_1_49' title="bbox 400 2594 2027 2667">
     <span class='ocr_line' id='line_1_52' title="bbox 400 2594 2027 2667; baseline 0 -17"><span class='ocrx_word' id='word_1_403' title='bbox 400 2595 568 2666; x_wconf 89' lang='lat' dir='ltr'>quit;</span> <span class='ocrx_word' id='word_1_404' title='bbox 603 2595 704 2666; x_wconf 89' lang='lat' dir='ltr'>qui</span> <span class='ocrx_word' id='word_1_405' title='bbox 731 2612 853 2650; x_wconf 90' lang='lat' dir='ltr'>non</span> <span class='ocrx_word' id='word_1_406' title='bbox 885 2611 955 2651; x_wconf 83' lang='lat' dir='ltr'>ex</span> <span class='ocrx_word' id='word_1_407' title='bbox 989 2594 1400 2667; x_wconf 87' lang='lat' dir='ltr'>sanguinibus,</span> <span class='ocrx_word' id='word_1_408' title='bbox 1435 2611 1629 2666; x_wconf 91' lang='lat' dir='ltr'>neque</span> <span class='ocrx_word' id='word_1_409' title='bbox 1659 2612 1730 2650; x_wconf 81' lang='lat' dir='ltr'>ex</span> <span class='ocrx_word' id='word_1_410' title='bbox 1764 2595 2027 2651; x_wconf 89' lang='lat' dir='ltr'>voluntat</span> 
     </span>
    </p>
   </div>
   <div class='ocr_carea' id='block_1_50' title="bbox 2202 2594 3829 2676">
    <p class='ocr_par' dir='ltr' id='par_1_50' title="bbox 2202 2594 3829 2676">
     <span class='ocr_line' id='line_1_53' title="bbox 2202 2594 3829 2676; baseline 0.001 -26"><span class='ocrx_word' id='word_1_411' title='bbox 2202 2597 2224 2668; x_wconf 77' lang='grc' dir='ltr'>ξ</span> <span class='ocrx_word' id='word_1_412' title='bbox 2256 2596 2525 2669; x_wconf 74' lang='grc' dir='ltr'>αἱμάτων,</span> <span class='ocrx_word' id='word_1_413' title='bbox 2561 2594 2685 2652; x_wconf 74' lang='grc' dir='ltr'>οὐδὲ</span> <span class='ocrx_word' id='word_1_414' title='bbox 2734 2595 2793 2652; x_wconf 81' lang='grc' dir='ltr'>ἐκ</span> <span class='ocrx_word' id='word_1_415' title='bbox 2838 2595 3153 2671; x_wconf 75' lang='grc' dir='ltr'>θελήματος</span> <span class='ocrx_word' id='word_1_416' title='bbox 3196 2595 3411 2676; x_wconf 81' lang='grc' dir='ltr'>ἀνδρὸς,</span> <span class='ocrx_word' id='word_1_417' title='bbox 3444 2596 3573 2654; x_wconf 83' lang='grc' dir='ltr'>ἀλλ’</span> <span class='ocrx_word' id='word_1_418' title='bbox 3609 2597 3669 2655; x_wconf 59' lang='lat' dir='ltr'>Ex</span> <span class='ocrx_word' id='word_1_419' title='bbox 3698 2603 3829 2655; x_wconf 90' lang='grc' dir='ltr'>Θεοῦ</span> 
     </span>
    </p>
   </div>
   <div class='ocr_carea' id='block_1_51' title="bbox 399 2675 2026 2763">
    <p class='ocr_par' dir='ltr' id='par_1_51' title="bbox 399 2682 1917 2756">
     <span class='ocr_line' id='line_1_54' title="bbox 399 2682 1917 2756; baseline 0.002 -20"><span class='ocrx_word' id='word_1_420' title='bbox 399 2684 533 2750; x_wconf 92' lang='lat' dir='ltr'>viri,</span> <span class='ocrx_word' id='word_1_421' title='bbox 566 2684 670 2740; x_wconf 88' lang='lat' dir='ltr'>sed</span> <span class='ocrx_word' id='word_1_422' title='bbox 701 2701 771 2739; x_wconf 88' lang='lat' dir='ltr'>ex</span> <span class='ocrx_word' id='word_1_423' title='bbox 807 2685 922 2739; x_wconf 91' lang='lat' dir='ltr'>Deo</span> <span class='ocrx_word' id='word_1_424' title='bbox 954 2685 1079 2740; x_wconf 90' lang='lat' dir='ltr'>nati</span> <span class='ocrx_word' id='word_1_425' title='bbox 1113 2689 1252 2740; x_wconf 89' lang='lat' dir='ltr'>sunt</span> <span class='ocrx_word' id='word_1_426' title='bbox 1281 2682 1302 2717; x_wconf 82' lang='grc'><strong>⁶</strong></span> <span class='ocrx_word' id='word_1_427' title='bbox 1335 2705 1363 2732; x_wconf 91' lang='grc'><strong>››</strong></span> <span class='ocrx_word' id='word_1_428' title='bbox 1395 2702 1504 2756; x_wconf 89' lang='lat' dir='ltr'>per</span> <span class='ocrx_word' id='word_1_429' title='bbox 1531 2684 1917 2755; x_wconf 88' lang='lat' dir='ltr'>baptismum.</span> 
     </span>
    </p>
   </div>
   <div class='ocr_carea' id='block_1_52' title="bbox 1740 2675 3367 2763">
    <p class='ocr_par' dir='ltr' id='par_1_52' title="bbox 1740 2675 3367 2763">
     <span class='ocr_line' id='line_1_55' title="bbox 1740 2675 3367 2763; baseline 0.002 -23"><span class='ocrx_word' id='word_1_430' title='bbox 1740 2702 1917 2740; x_wconf 88' lang='lat' dir='ltr'>mum.</span> <span class='ocrx_word' id='word_1_431' title='bbox 2172 2685 2533 2763; x_wconf 75' lang='grc' dir='ltr'>ἐγεννήθησαν</span> <span class='ocrx_word' id='word_1_432' title='bbox 2569 2711 2595 2738; x_wconf 85' lang='grc'><strong>››</strong></span> <span class='ocrx_word' id='word_1_433' title='bbox 2629 2683 2718 2740; x_wconf 74' lang='grc' dir='ltr'>διὰ</span> <span class='ocrx_word' id='word_1_434' title='bbox 2746 2690 2844 2746; x_wconf 84' lang='grc' dir='ltr'>τοῦ</span> <span class='ocrx_word' id='word_1_435' title='bbox 2880 2675 3303 2760; x_wconf 43' lang='grc' dir='ltr'>βαπτίσματοςξ</span> <span class='ocrx_word' id='word_1_436' title='bbox 3361 2675 3367 2686; x_wconf 61' lang='grc'><em>’</em></span> 
     </span>
    </p>
   </div>
   <div class='ocr_carea' id='block_1_53' title="bbox 472 2772 2099 2854">
    <p class='ocr_par' dir='ltr' id='par_1_53' title="bbox 472 2773 2067 2845">
     <span class='ocr_line' id='line_1_56' title="bbox 472 2773 2067 2845; baseline 0.001 -17"><span class='ocrx_word' id='word_1_437' title='bbox 472 2773 988 2828; x_wconf 81' lang='lat' dir='ltr'>ADVERSARIUS.</span> <span class='ocrx_word' id='word_1_438' title='bbox 1025 2775 1253 2845; x_wconf 77' lang='lat' dir='ltr'>Ergone</span> <span class='ocrx_word' id='word_1_439' title='bbox 1299 2779 1436 2828; x_wconf 89' lang='lat' dir='ltr'>ante</span> <span class='ocrx_word' id='word_1_440' title='bbox 1470 2773 1770 2840; x_wconf 86' lang='lat' dir='ltr'>Christum</span> <span class='ocrx_word' id='word_1_441' title='bbox 1804 2780 1932 2829; x_wconf 90' lang='lat' dir='ltr'>erat</span> <span class='ocrx_word' id='word_1_442' title='bbox 1960 2773 2067 2830; x_wconf 91' lang='lat' dir='ltr'>ba-</span> 
     </span>
    </p>
   </div>
   <div class='ocr_carea' id='block_1_54' title="bbox 2197 2772 3824 2854">
    <p class='ocr_par' dir='ltr' id='par_1_54' title="bbox 2241 2772 3824 2854">
     <span class='ocr_line' id='line_1_57' title="bbox 2241 2772 3824 2854; baseline 0.001 -22"><span class='ocrx_word' id='word_1_443' title='bbox 2241 2775 2302 2832; x_wconf 76' lang='grc' dir='ltr'>Ὀ</span> <span class='ocrx_word' id='word_1_444' title='bbox 2334 2772 2390 2829; x_wconf 76' lang='grc' dir='ltr'>δὲ</span> <span class='ocrx_word' id='word_1_445' title='bbox 2424 2777 2806 2846; x_wconf 78' lang='grc' dir='ltr'>ΕΝΑΝἸῚΟΣ,</span> <span class='ocrx_word' id='word_1_446' title='bbox 2837 2776 2925 2830; x_wconf 83' lang='grc' dir='ltr'>καὶ</span> <span class='ocrx_word' id='word_1_447' title='bbox 2986 2777 3054 2845; x_wconf 79' lang='grc' dir='ltr'>ἦν</span> <span class='ocrx_word' id='word_1_448' title='bbox 3088 2778 3194 2850; x_wconf 84' lang='grc' dir='ltr'>πρὸ</span> <span class='ocrx_word' id='word_1_449' title='bbox 3225 2779 3468 2850; x_wconf 81' lang='grc' dir='ltr'>Χριστοῦ</span> <span class='ocrx_word' id='word_1_450' title='bbox 3503 2777 3824 2854; x_wconf 75' lang='grc' dir='ltr'>βάπτισμαε</span> 
     </span>
    </p>
   </div>
   <div class='ocr_carea' id='block_1_55' title="bbox 402 2862 2029 2943">
    <p class='ocr_par' dir='ltr' id='par_1_55' title="bbox 402 2862 2029 2934">
     <span class='ocr_line' id='line_1_58' title="bbox 402 2862 2029 2934; baseline 0.001 -16"><span class='ocrx_word' id='word_1_451' title='bbox 402 2862 668 2934; x_wconf 84' lang='lat' dir='ltr'>ptisma?</span> <span class='ocrx_word' id='word_1_452' title='bbox 697 2863 982 2918; x_wconf 86' lang='lat' dir='ltr'>Jeremias</span> <span class='ocrx_word' id='word_1_453' title='bbox 1015 2863 1175 2917; x_wconf 91' lang='lat' dir='ltr'>enim</span> <span class='ocrx_word' id='word_1_454' title='bbox 1207 2868 1344 2917; x_wconf 88' lang='lat' dir='ltr'>ante</span> <span class='ocrx_word' id='word_1_455' title='bbox 1394 2863 1693 2918; x_wconf 84' lang='lat' dir='ltr'>Christum</span> <span class='ocrx_word' id='word_1_456' title='bbox 1743 2870 1920 2919; x_wconf 86' lang='lat' dir='ltr'>natus</span> <span class='ocrx_word' id='word_1_457' title='bbox 1954 2872 2029 2919; x_wconf 72' lang='lat' dir='ltr'>esi</span> 
     </span>
    </p>
   </div>
   <div class='ocr_carea' id='block_1_56' title="bbox 1695 2862 3322 2943">
    <p class='ocr_par' dir='ltr' id='par_1_56' title="bbox 1743 2864 3322 2943">
     <span class='ocr_line' id='line_1_59' title="bbox 1743 2864 3322 2943; baseline 0.002 -25"><span class='ocrx_word' id='word_1_458' title='bbox 1743 2870 1920 2919; x_wconf 88' lang='lat' dir='ltr'>natus</span> <span class='ocrx_word' id='word_1_459' title='bbox 1954 2872 2061 2921; x_wconf 88' lang='lat' dir='ltr'>est.</span> <span class='ocrx_word' id='word_1_460' title='bbox 2171 2865 2198 2918; x_wconf 88' lang='lat'>6</span> <span class='ocrx_word' id='word_1_461' title='bbox 2230 2866 2334 2940; x_wconf 76' lang='grc' dir='ltr'>γὰρ</span> <span class='ocrx_word' id='word_1_462' title='bbox 2366 2864 2632 2939; x_wconf 77' lang='grc' dir='ltr'>Ἱερεμίας</span> <span class='ocrx_word' id='word_1_463' title='bbox 2663 2864 2770 2942; x_wconf 88' lang='grc' dir='ltr'>πρὸ</span> <span class='ocrx_word' id='word_1_464' title='bbox 2799 2869 3032 2941; x_wconf 85' lang='grc' dir='ltr'>Χριστοῦ</span> <span class='ocrx_word' id='word_1_465' title='bbox 3053 2871 3322 2943; x_wconf 79' lang='grc' dir='ltr'>γεννᾶται.</span> 
     </span>
    </p>
   </div>
   <div class='ocr_carea' id='block_1_57' title="bbox 473 2953 2100 3035">
    <p class='ocr_par' dir='ltr' id='par_1_57' title="bbox 473 2953 2062 3025">
     <span class='ocr_line' id='line_1_60' title="bbox 473 2953 2062 3025; baseline 0.001 -17"><span class='ocrx_word' id='word_1_466' title='bbox 473 2953 749 3010; x_wconf 82' lang='lat' dir='ltr'>CHRIST.</span> <span class='ocrx_word' id='word_1_467' title='bbox 783 2955 920 3010; x_wconf 88' lang='lat' dir='ltr'>Erat</span> <span class='ocrx_word' id='word_1_468' title='bbox 950 2954 1158 3024; x_wconf 88' lang='lat' dir='ltr'>utique</span> <span class='ocrx_word' id='word_1_469' title='bbox 1193 2954 1367 3025; x_wconf 79' lang='lat' dir='ltr'>juxta</span> <span class='ocrx_word' id='word_1_470' title='bbox 1416 2955 1828 3009; x_wconf 90' lang='lat' dir='ltr'>testimonium</span> <span class='ocrx_word' id='word_1_471' title='bbox 1873 2956 2062 3010; x_wconf 88' lang='lat' dir='ltr'>sancti</span> 
     </span>
    </p>
   </div>
   <div class='ocr_carea' id='block_1_58' title="bbox 2194 2953 3821 3035">
    <p class='ocr_par' dir='ltr' id='par_1_58' title="bbox 2242 2957 3821 3035">
     <span class='ocr_line' id='line_1_61' title="bbox 2242 2957 3821 3035; baseline -0.001 -22"><span class='ocrx_word' id='word_1_472' title='bbox 2242 2957 2304 3013; x_wconf 87' lang='grc' dir='ltr'>Ὀ</span> <span class='ocrx_word' id='word_1_473' title='bbox 2334 2959 2572 3013; x_wconf 77' lang='grc' dir='ltr'>ΧΡΙΣΤ.</span> <span class='ocrx_word' id='word_1_474' title='bbox 2633 2958 2752 3025; x_wconf 82' lang='grc' dir='ltr'>Ἦν,</span> <span class='ocrx_word' id='word_1_475' title='bbox 2810 2957 2949 3012; x_wconf 80' lang='grc' dir='ltr'>κατᾶ</span> <span class='ocrx_word' id='word_1_476' title='bbox 3003 2959 3102 3026; x_wconf 80' lang='grc' dir='ltr'>τήν</span> <span class='ocrx_word' id='word_1_477' title='bbox 3168 2957 3465 3032; x_wconf 81' lang='grc' dir='ltr'>μαρτυρίαν</span> <span class='ocrx_word' id='word_1_478' title='bbox 3521 2963 3618 3016; x_wconf 89' lang='grc' dir='ltr'>τοῦ</span> <span class='ocrx_word' id='word_1_479' title='bbox 3675 2958 3821 3035; x_wconf 79' lang='grc' dir='ltr'>ἁγίου</span> 
     </span>
    </p>
   </div>
   <div class='ocr_carea' id='block_1_59' title="bbox 397 3041 2024 3124">
    <p class='ocr_par' dir='ltr' id='par_1_59' title="bbox 397 3041 2024 3116">
     <span class='ocr_line' id='line_1_62' title="bbox 397 3041 2024 3116; baseline 0.001 -19"><span class='ocrx_word' id='word_1_480' title='bbox 397 3042 665 3114; x_wconf 81' lang='lat' dir='ltr'>Apostoli</span> <span class='ocrx_word' id='word_1_481' title='bbox 695 3041 946 3097; x_wconf 90' lang='lat' dir='ltr'>dicentis</span> <span class='ocrx_word' id='word_1_482' title='bbox 985 3042 1134 3097; x_wconf 89' lang='lat' dir='ltr'>alios</span> <span class='ocrx_word' id='word_1_483' title='bbox 1165 3059 1272 3114; x_wconf 88' lang='lat' dir='ltr'>per</span> <span class='ocrx_word' id='word_1_484' title='bbox 1318 3043 1562 3104; x_wconf 85' lang='lat' dir='ltr'>nubem.</span> <span class='ocrx_word' id='word_1_485' title='bbox 1595 3045 1745 3098; x_wconf 87' lang='lat' dir='ltr'>alios</span> <span class='ocrx_word' id='word_1_486' title='bbox 1796 3061 1928 3099; x_wconf 88' lang='lat' dir='ltr'>vero</span> <span class='ocrx_word' id='word_1_487' title='bbox 1961 3063 2024 3116; x_wconf 87' lang='lat' dir='ltr'>pe</span> 
     </span>
    </p>
   </div>
   <div class='ocr_carea' id='block_1_60' title="bbox 2196 3041 3823 3124">
    <p class='ocr_par' dir='ltr' id='par_1_60' title="bbox 2196 3044 3823 3124">
     <span class='ocr_line' id='line_1_63' title="bbox 2196 3044 3823 3124; baseline 0 -22"><span class='ocrx_word' id='word_1_488' title='bbox 2196 3045 2513 3102; x_wconf 72' lang='grc' dir='ltr'>Αποστόλου</span> <span class='ocrx_word' id='word_1_489' title='bbox 2545 3044 2865 3108; x_wconf 58' lang='grc' dir='ltr'>φάσκοντος</span> <span class='ocrx_word' id='word_1_490' title='bbox 2914 3047 2998 3100; x_wconf 82' lang='grc' dir='ltr'>ὅτι</span> <span class='ocrx_word' id='word_1_491' title='bbox 3041 3047 3094 3100; x_wconf 77' lang='grc' dir='ltr'>οἱ</span> <span class='ocrx_word' id='word_1_492' title='bbox 3147 3049 3240 3121; x_wconf 74' lang='grc' dir='ltr'>μὲν</span> <span class='ocrx_word' id='word_1_493' title='bbox 3293 3044 3383 3102; x_wconf 83' lang='grc' dir='ltr'>διὰ</span> <span class='ocrx_word' id='word_1_494' title='bbox 3408 3047 3664 3124; x_wconf 71' lang='grc' dir='ltr'>νεφέλης,</span> <span class='ocrx_word' id='word_1_495' title='bbox 3693 3050 3743 3102; x_wconf 79' lang='grc' dir='ltr'>οἱ</span> <span class='ocrx_word' id='word_1_496' title='bbox 3769 3044 3823 3102; x_wconf 77' lang='grc' dir='ltr'>δὲ</span> 
     </span>
    </p>
   </div>
   <div class='ocr_carea' id='block_1_61' title="bbox 399 3130 2026 3212">
    <p class='ocr_par' dir='ltr' id='par_1_61' title="bbox 399 3130 2026 3206">
     <span class='ocr_line' id='line_1_64' title="bbox 399 3130 2026 3206; baseline 0.001 -20"><span class='ocrx_word' id='word_1_497' title='bbox 399 3147 564 3186; x_wconf 87' lang='lat' dir='ltr'>mare</span> <span class='ocrx_word' id='word_1_498' title='bbox 595 3130 779 3192; x_wconf 85' lang='lat' dir='ltr'>fuisse</span> <span class='ocrx_word' id='word_1_499' title='bbox 811 3130 1155 3201; x_wconf 85' lang='lat' dir='ltr'>baptizatos.</span> <span class='ocrx_word' id='word_1_500' title='bbox 1190 3133 1259 3185; x_wconf 91' lang='lat' dir='ltr'>Et</span> <span class='ocrx_word' id='word_1_501' title='bbox 1291 3132 1575 3187; x_wconf 90' lang='lat' dir='ltr'>Dominus</span> <span class='ocrx_word' id='word_1_502' title='bbox 1616 3133 1676 3187; x_wconf 89' lang='lat' dir='ltr'>in</span> <span class='ocrx_word' id='word_1_503' title='bbox 1730 3134 2026 3206; x_wconf 82' lang='lat' dir='ltr'>Evangelii</span> 
     </span>
    </p>
   </div>
   <div class='ocr_carea' id='block_1_62' title="bbox 2189 3130 3816 3212">
    <p class='ocr_par' dir='ltr' id='par_1_62' title="bbox 2189 3130 3816 3212">
     <span class='ocr_line' id='line_1_65' title="bbox 2189 3130 3816 3212; baseline 0.002 -24"><span class='ocrx_word' id='word_1_504' title='bbox 2189 3135 2262 3189; x_wconf 73' lang='grc' dir='ltr'>ῑιὰ</span> <span class='ocrx_word' id='word_1_505' title='bbox 2289 3133 2567 3204; x_wconf 71' lang='grc' dir='ltr'>θαλάσσης</span> <span class='ocrx_word' id='word_1_506' title='bbox 2621 3130 3047 3206; x_wconf 77' lang='grc' dir='ltr'>ἐϐαπτίσθησαν.</span> <span class='ocrx_word' id='word_1_507' title='bbox 3106 3136 3206 3193; x_wconf 84' lang='grc' dir='ltr'>Καὶ</span> <span class='ocrx_word' id='word_1_508' title='bbox 3259 3137 3287 3190; x_wconf 90' lang='lat'>6</span> <span class='ocrx_word' id='word_1_509' title='bbox 3332 3135 3537 3211; x_wconf 80' lang='grc' dir='ltr'>Κύριος</span> <span class='ocrx_word' id='word_1_510' title='bbox 3566 3136 3615 3192; x_wconf 76' lang='grc' dir='ltr'>ἐν</span> <span class='ocrx_word' id='word_1_511' title='bbox 3649 3137 3816 3212; x_wconf 72' lang='grc' dir='ltr'>Εὐαγ-</span> 
     </span>
    </p>
   </div>
   <div class='ocr_carea' id='block_1_63' title="bbox 396 3196 2023 3302">
    <p class='ocr_par' dir='ltr' id='par_1_63' title="bbox 396 3219 2023 3292">
     <span class='ocr_line' id='line_1_66' title="bbox 396 3219 2023 3292; baseline 0.001 -18"><span class='ocrx_word' id='word_1_512' title='bbox 396 3219 482 3274; x_wconf 88' lang='lat' dir='ltr'>ait</span> <span class='ocrx_word' id='word_1_513' title='bbox 505 3235 518 3273; x_wconf 92' lang='lat'>:</span> <span class='ocrx_word' id='word_1_514' title='bbox 545 3242 571 3268; x_wconf 77' lang='grc' dir='ltr'><strong><em>υ</em></strong></span> <span class='ocrx_word' id='word_1_515' title='bbox 607 3219 726 3274; x_wconf 85' lang='lat' dir='ltr'>Nisi</span> <span class='ocrx_word' id='word_1_516' title='bbox 761 3220 895 3290; x_wconf 88' lang='lat' dir='ltr'>quis</span> <span class='ocrx_word' id='word_1_517' title='bbox 929 3227 1208 3274; x_wconf 80' lang='lat' dir='ltr'>nascatur</span> <span class='ocrx_word' id='word_1_518' title='bbox 1249 3237 1318 3275; x_wconf 90' lang='lat' dir='ltr'>ea</span> <span class='ocrx_word' id='word_1_519' title='bbox 1349 3238 1503 3292; x_wconf 85' lang='lat' dir='ltr'>aqua</span> <span class='ocrx_word' id='word_1_520' title='bbox 1553 3228 1606 3276; x_wconf 88' lang='lat' dir='ltr'>et</span> <span class='ocrx_word' id='word_1_521' title='bbox 1653 3222 1886 3292; x_wconf 91' lang='lat' dir='ltr'>spiritu,</span> <span class='ocrx_word' id='word_1_522' title='bbox 1937 3241 2023 3278; x_wconf 89' lang='lat' dir='ltr'>no:</span> 
     </span>
    </p>
   </div>
   <div class='ocr_carea' id='block_1_64' title="bbox 2189 3196 3816 3302">
    <p class='ocr_par' dir='ltr' id='par_1_64' title="bbox 2189 3196 3816 3302">
     <span class='ocr_line' id='line_1_67' title="bbox 2189 3196 3816 3302; baseline 0.001 -24"><span class='ocrx_word' id='word_1_523' title='bbox 2189 3221 2380 3299; x_wconf 58' lang='grc' dir='ltr'>(ελίοις</span> <span class='ocrx_word' id='word_1_524' title='bbox 2413 3196 2598 3302; x_wconf 30' lang='grc' dir='ltr'>φησυίνο</span> <span class='ocrx_word' id='word_1_525' title='bbox 2652 3248 2680 3276; x_wconf 91' lang='grc'>‹‹</span> <span class='ocrx_word' id='word_1_526' title='bbox 2715 3225 2836 3280; x_wconf 73' lang='grc' dir='ltr'>Ἐἆν</span> <span class='ocrx_word' id='word_1_527' title='bbox 3020 3247 3105 3288; x_wconf 93' lang='grc' dir='ltr'>τις</span> <span class='ocrx_word' id='word_1_528' title='bbox 3148 3230 3383 3300; x_wconf 78' lang='grc' dir='ltr'>γεννηθῇ</span> <span class='ocrx_word' id='word_1_529' title='bbox 3417 3196 3491 3280; x_wconf 64' lang='lat'>61’</span> <span class='ocrx_word' id='word_1_530' title='bbox 3520 3196 3707 3288; x_wconf 79' lang='grc' dir='ltr'>ῦδατος</span> <span class='ocrx_word' id='word_1_531' title='bbox 3730 3196 3816 3282; x_wconf 72' lang='lat' dir='ltr'>xui</span> 
     </span>
    </p>
   </div>
   <div class='ocr_carea' id='block_1_65' title="bbox 397 3309 2024 3391">
    <p class='ocr_par' dir='ltr' id='par_1_65' title="bbox 397 3310 2024 3384">
     <span class='ocr_line' id='line_1_68' title="bbox 397 3310 2024 3384; baseline 0.002 -19"><span class='ocrx_word' id='word_1_532' title='bbox 397 3310 766 3384; x_wconf 85' lang='lat' dir='ltr'>ingredietur</span> <span class='ocrx_word' id='word_1_533' title='bbox 795 3327 1042 3382; x_wconf 87' lang='lat' dir='ltr'>regnum</span> <span class='ocrx_word' id='word_1_534' title='bbox 1063 3311 1390 3366; x_wconf 76' lang='lat' dir='ltr'>omlorum7.</span> <span class='ocrx_word' id='word_1_535' title='bbox 1414 3335 1441 3362; x_wconf 90' lang='grc'>››</span> <span class='ocrx_word' id='word_1_536' title='bbox 1461 3312 1739 3383; x_wconf 88' lang='lat' dir='ltr'>Adeoque</span> <span class='ocrx_word' id='word_1_537' title='bbox 1762 3314 2024 3370; x_wconf 81' lang='lat' dir='ltr'>Abrahar</span> 
     </span>
    </p>
   </div>
   <div class='ocr_carea' id='block_1_66' title="bbox 2183 3309 3810 3391">
    <p class='ocr_par' dir='ltr' id='par_1_66' title="bbox 2183 3309 3810 3391">
     <span class='ocr_line' id='line_1_69' title="bbox 2183 3309 3810 3391; baseline 0.002 -24"><span class='ocrx_word' id='word_1_538' title='bbox 2183 3313 2497 3387; x_wconf 68' lang='grc' dir='ltr'>πνεύματος,</span> <span class='ocrx_word' id='word_1_539' title='bbox 2532 3313 2593 3370; x_wconf 77' lang='grc' dir='ltr'>οὐ</span> <span class='ocrx_word' id='word_1_540' title='bbox 2629 3314 2704 3387; x_wconf 77' lang='grc' dir='ltr'>μὴ</span> <span class='ocrx_word' id='word_1_541' title='bbox 2741 3314 2958 3390; x_wconf 78' lang='grc' dir='ltr'>εἶσέΛθῃ</span> <span class='ocrx_word' id='word_1_542' title='bbox 3008 3314 3085 3378; x_wconf 78' lang='grc' dir='ltr'>είς</span> <span class='ocrx_word' id='word_1_543' title='bbox 3133 3317 3231 3386; x_wconf 79' lang='grc' dir='ltr'>τήν</span> <span class='ocrx_word' id='word_1_544' title='bbox 3271 3309 3552 3391; x_wconf 84' lang='grc' dir='ltr'>βασιλείαν</span> <span class='ocrx_word' id='word_1_545' title='bbox 3586 3321 3689 3374; x_wconf 81' lang='grc' dir='ltr'>τῶν</span> <span class='ocrx_word' id='word_1_546' title='bbox 3718 3316 3810 3371; x_wconf 82' lang='grc' dir='ltr'>οὖ-</span> 
     </span>
    </p>
   </div>
   <div class='ocr_carea' id='block_1_67' title="bbox 400 3400 2027 3479">
    <p class='ocr_par' dir='ltr' id='par_1_67' title="bbox 400 3401 2027 3472">
     <span class='ocr_line' id='line_1_70' title="bbox 400 3401 2027 3472; baseline 0.002 -17"><span class='ocrx_word' id='word_1_547' title='bbox 400 3407 460 3455; x_wconf 91' lang='lat' dir='ltr'>et</span> <span class='ocrx_word' id='word_1_548' title='bbox 488 3403 648 3456; x_wconf 87' lang='lat' dir='ltr'>Isaac</span> <span class='ocrx_word' id='word_1_549' title='bbox 682 3405 740 3456; x_wconf 92' lang='lat' dir='ltr'>et</span> <span class='ocrx_word' id='word_1_550' title='bbox 769 3401 946 3456; x_wconf 84' lang='lat' dir='ltr'>Jacob</span> <span class='ocrx_word' id='word_1_551' title='bbox 979 3401 1297 3472; x_wconf 69' lang='lat' dir='ltr'>cwterique</span> <span class='ocrx_word' id='word_1_552' title='bbox 1344 3407 1481 3456; x_wconf 89' lang='lat' dir='ltr'>ante</span> <span class='ocrx_word' id='word_1_553' title='bbox 1513 3402 1808 3458; x_wconf 87' lang='lat' dir='ltr'>Christum</span> <span class='ocrx_word' id='word_1_554' title='bbox 1845 3404 2027 3458; x_wconf 86' lang='lat' dir='ltr'>sancti</span> 
     </span>
    </p>
   </div>
   <div class='ocr_carea' id='block_1_68' title="bbox 2177 3400 3804 3479">
    <p class='ocr_par' dir='ltr' id='par_1_68' title="bbox 2177 3400 3804 3479">
     <span class='ocr_line' id='line_1_71' title="bbox 2177 3400 3804 3479; baseline 0.001 -22"><span class='ocrx_word' id='word_1_555' title='bbox 2177 3407 2366 3460; x_wconf 73' lang='grc' dir='ltr'>οανῶν.</span> <span class='ocrx_word' id='word_1_556' title='bbox 2401 3427 2429 3455; x_wconf 81' lang='grc'><strong>››</strong></span> <span class='ocrx_word' id='word_1_557' title='bbox 2481 3409 2639 3458; x_wconf 78' lang='grc' dir='ltr'>Ὥστε</span> <span class='ocrx_word' id='word_1_558' title='bbox 2687 3405 2715 3458; x_wconf 89' lang='lat'>6</span> <span class='ocrx_word' id='word_1_559' title='bbox 2764 3400 3024 3479; x_wconf 73' lang='grc' dir='ltr'>Ἀϐραὰμ</span> <span class='ocrx_word' id='word_1_560' title='bbox 3074 3405 3165 3460; x_wconf 80' lang='grc' dir='ltr'>καὶ</span> <span class='ocrx_word' id='word_1_561' title='bbox 3211 3406 3394 3462; x_wconf 75' lang='grc' dir='ltr'>Ἰσαὰκ</span> <span class='ocrx_word' id='word_1_562' title='bbox 3451 3409 3544 3462; x_wconf 89' lang='grc' dir='ltr'><strong>καί</strong></span> <span class='ocrx_word' id='word_1_563' title='bbox 3607 3401 3804 3478; x_wconf 72' lang='grc' dir='ltr'>Ἰακὼϐ,</span> 
     </span>
    </p>
   </div>
   <div class='ocr_carea' id='block_1_69' title="bbox 399 3490 2026 3573">
    <p class='ocr_par' dir='ltr' id='par_1_69' title="bbox 399 3490 2026 3566">
     <span class='ocr_line' id='line_1_72' title="bbox 399 3490 2026 3566; baseline 0.001 -20"><span class='ocrx_word' id='word_1_564' title='bbox 399 3490 500 3561; x_wconf 89' lang='lat' dir='ltr'>qui</span> <span class='ocrx_word' id='word_1_565' title='bbox 535 3490 784 3562; x_wconf 87' lang='lat' dir='ltr'>ingressi</span> <span class='ocrx_word' id='word_1_566' title='bbox 814 3495 954 3545; x_wconf 91' lang='lat' dir='ltr'>sunt</span> <span class='ocrx_word' id='word_1_567' title='bbox 1003 3507 1251 3563; x_wconf 89' lang='lat' dir='ltr'>regnum</span> <span class='ocrx_word' id='word_1_568' title='bbox 1293 3492 1600 3552; x_wconf 67' lang='lat' dir='ltr'>caelorum.</span> <span class='ocrx_word' id='word_1_569' title='bbox 1634 3493 1750 3548; x_wconf 88' lang='lat' dir='ltr'>nisi</span> <span class='ocrx_word' id='word_1_570' title='bbox 1783 3493 2026 3566; x_wconf 87' lang='lat' dir='ltr'>baptizal</span> 
     </span>
    </p>
   </div>
   <div class='ocr_carea' id='block_1_70' title="bbox 2182 3490 3809 3573">
    <p class='ocr_par' dir='ltr' id='par_1_70' title="bbox 2182 3491 3809 3573">
     <span class='ocr_line' id='line_1_73' title="bbox 2182 3491 3809 3573; baseline 0.001 -27"><span class='ocrx_word' id='word_1_571' title='bbox 2182 3491 2254 3546; x_wconf 84' lang='grc' dir='ltr'>ιαὶ</span> <span class='ocrx_word' id='word_1_572' title='bbox 2315 3493 2367 3546; x_wconf 73' lang='grc' dir='ltr'>οἱ</span> <span class='ocrx_word' id='word_1_573' title='bbox 2426 3491 2616 3547; x_wconf 82' lang='grc' dir='ltr'>λοιποὶ</span> <span class='ocrx_word' id='word_1_574' title='bbox 2670 3493 2776 3567; x_wconf 87' lang='grc' dir='ltr'>πρὸ</span> <span class='ocrx_word' id='word_1_575' title='bbox 2829 3495 3065 3569; x_wconf 87' lang='grc' dir='ltr'>Χριστοῦ</span> <span class='ocrx_word' id='word_1_576' title='bbox 3119 3495 3262 3570; x_wconf 77' lang='grc' dir='ltr'>ἅγιοι</span> <span class='ocrx_word' id='word_1_577' title='bbox 3311 3496 3695 3573; x_wconf 72' lang='grc' dir='ltr'>εἰσερχόμενοι</span> <span class='ocrx_word' id='word_1_578' title='bbox 3741 3495 3809 3556; x_wconf 70' lang='grc' dir='ltr'>εὶς</span> 
     </span>
    </p>
   </div>
   <div class='ocr_carea' id='block_1_71' title="bbox 394 3578 2021 3659">
    <p class='ocr_par' dir='ltr' id='par_1_71' title="bbox 394 3578 2021 3650">
     <span class='ocr_line' id='line_1_74' title="bbox 394 3578 2021 3650; baseline 0.002 -16"><span class='ocrx_word' id='word_1_579' title='bbox 394 3578 673 3648; x_wconf 87' lang='lat' dir='ltr'>fuissent,</span> <span class='ocrx_word' id='word_1_580' title='bbox 704 3597 826 3634; x_wconf 92' lang='lat' dir='ltr'>non</span> <span class='ocrx_word' id='word_1_581' title='bbox 877 3581 1082 3650; x_wconf 90' lang='lat' dir='ltr'>utique</span> <span class='ocrx_word' id='word_1_582' title='bbox 1132 3581 1386 3636; x_wconf 87' lang='lat' dir='ltr'>salutem</span> <span class='ocrx_word' id='word_1_583' title='bbox 1435 3581 1691 3637; x_wconf 83' lang='lat' dir='ltr'>fuissent</span> <span class='ocrx_word' id='word_1_584' title='bbox 1729 3585 2021 3638; x_wconf 83' lang='lat' dir='ltr'>consecuti</span> 
     </span>
    </p>
   </div>
   <div class='ocr_carea' id='block_1_72' title="bbox 2188 3578 3815 3659">
    <p class='ocr_par' dir='ltr' id='par_1_72' title="bbox 2188 3579 3815 3659">
     <span class='ocr_line' id='line_1_75' title="bbox 2188 3579 3815 3659; baseline 0.004 -25"><span class='ocrx_word' id='word_1_585' title='bbox 2188 3583 2264 3652; x_wconf 77' lang='grc' dir='ltr'>τήν</span> <span class='ocrx_word' id='word_1_586' title='bbox 2328 3579 2608 3658; x_wconf 85' lang='grc' dir='ltr'>βασιλείαν</span> <span class='ocrx_word' id='word_1_587' title='bbox 2667 3587 2774 3637; x_wconf 83' lang='grc' dir='ltr'>τῶν</span> <span class='ocrx_word' id='word_1_588' title='bbox 2835 3582 3102 3659; x_wconf 85' lang='grc' dir='ltr'>οὐρανῶν,</span> <span class='ocrx_word' id='word_1_589' title='bbox 3158 3583 3208 3640; x_wconf 76' lang='grc' dir='ltr'>εἴ</span> <span class='ocrx_word' id='word_1_590' title='bbox 3258 3587 3333 3656; x_wconf 81' lang='grc' dir='ltr'>μή</span> <span class='ocrx_word' id='word_1_591' title='bbox 3377 3582 3815 3655; x_wconf 20' lang='grc' dir='ltr'>πιτθοεϐαπτίσθη-</span> 
     </span>
    </p>
   </div>
   <div class='ocr_carea' id='block_1_73' title="bbox 399 3668 2026 3750">
    <p class='ocr_par' dir='ltr' id='par_1_73' title="bbox 399 3668 2026 3744">
     <span class='ocr_line' id='line_1_76' title="bbox 399 3668 2026 3744; baseline 0.003 -21"><span class='ocrx_word' id='word_1_592' title='bbox 399 3669 672 3724; x_wconf 87' lang='lat' dir='ltr'>Testatur</span> <span class='ocrx_word' id='word_1_593' title='bbox 703 3668 760 3723; x_wconf 90' lang='lat' dir='ltr'>id</span> <span class='ocrx_word' id='word_1_594' title='bbox 787 3686 920 3723; x_wconf 90' lang='lat' dir='ltr'>vero</span> <span class='ocrx_word' id='word_1_595' title='bbox 958 3670 1032 3740; x_wconf 90' lang='lat' dir='ltr'>Sp</span> <span class='ocrx_word' id='word_1_596' title='bbox 1061 3671 1210 3725; x_wconf 89' lang='lat' dir='ltr'>ritus</span> <span class='ocrx_word' id='word_1_597' title='bbox 1261 3676 1501 3727; x_wconf 91' lang='lat' dir='ltr'>sanctus</span> <span class='ocrx_word' id='word_1_598' title='bbox 1535 3671 1814 3744; x_wconf 90' lang='lat' dir='ltr'>inquiens</span> <span class='ocrx_word' id='word_1_599' title='bbox 1841 3691 1853 3727; x_wconf 90' lang='lat'><strong>:</strong></span> <span class='ocrx_word' id='word_1_600' title='bbox 1893 3696 1917 3724; x_wconf 79' lang='grc' dir='ltr'>σι</span> <span class='ocrx_word' id='word_1_601' title='bbox 1948 3673 2026 3728; x_wconf 86' lang='lat' dir='ltr'>Ah</span> 
     </span>
    </p>
   </div>
   <div class='ocr_carea' id='block_1_74' title="bbox 2187 3668 3814 3750">
    <p class='ocr_par' dir='ltr' id='par_1_74' title="bbox 2187 3669 3814 3750">
     <span class='ocr_line' id='line_1_77' title="bbox 2187 3669 3814 3750; baseline 0.004 -26"><span class='ocrx_word' id='word_1_602' title='bbox 2187 3672 2410 3737; x_wconf 72' lang='lat' dir='ltr'>ruv,06x</span> <span class='ocrx_word' id='word_1_603' title='bbox 2467 3669 2524 3726; x_wconf 81' lang='grc' dir='ltr'>ἂν</span> <span class='ocrx_word' id='word_1_604' title='bbox 2585 3673 2869 3742; x_wconf 82' lang='grc' dir='ltr'>ἐσώζοντο.</span> <span class='ocrx_word' id='word_1_605' title='bbox 2937 3679 3210 3748; x_wconf 81' lang='grc' dir='ltr'>Μαρτυρεῖ</span> <span class='ocrx_word' id='word_1_606' title='bbox 3267 3672 3324 3730; x_wconf 74' lang='grc' dir='ltr'>δὲ</span> <span class='ocrx_word' id='word_1_607' title='bbox 3381 3678 3444 3731; x_wconf 89' lang='grc' dir='ltr'>τὸ</span> <span class='ocrx_word' id='word_1_608' title='bbox 3504 3681 3721 3750; x_wconf 79' lang='grc' dir='ltr'>Πνεῦμα</span> <span class='ocrx_word' id='word_1_609' title='bbox 3759 3675 3814 3730; x_wconf 85' lang='grc' dir='ltr'>τὸ</span> 
     </span>
    </p>
   </div>
   <div class='ocr_carea' id='block_1_75' title="bbox 397 3756 2024 3841">
    <p class='ocr_par' dir='ltr' id='par_1_75' title="bbox 397 3756 2023 3835">
     <span class='ocr_line' id='line_1_78' title="bbox 397 3756 2023 3835; baseline 0.002 -23"><span class='ocrx_word' id='word_1_610' title='bbox 397 3756 642 3812; x_wconf 86' lang='lat' dir='ltr'>alienati</span> <span class='ocrx_word' id='word_1_611' title='bbox 674 3763 814 3811; x_wconf 90' lang='lat' dir='ltr'>sunt</span> <span class='ocrx_word' id='word_1_612' title='bbox 843 3765 1182 3828; x_wconf 87' lang='lat' dir='ltr'>peccatores</span> <span class='ocrx_word' id='word_1_613' title='bbox 1213 3777 1246 3814; x_wconf 90' lang='lat' dir='ltr'>a</span> <span class='ocrx_word' id='word_1_614' title='bbox 1275 3760 1524 3827; x_wconf 71' lang='lat' dir='ltr'>vulva&#39;,»</span> <span class='ocrx_word' id='word_1_615' title='bbox 1557 3762 1667 3816; x_wconf 89' lang='lat' dir='ltr'>hoc</span> <span class='ocrx_word' id='word_1_616' title='bbox 1697 3769 1788 3816; x_wconf 90' lang='lat' dir='ltr'>est</span> <span class='ocrx_word' id='word_1_617' title='bbox 1807 3780 1841 3818; x_wconf 90' lang='lat' dir='ltr'>a</span> <span class='ocrx_word' id='word_1_618' title='bbox 1861 3763 2023 3835; x_wconf 88' lang='lat' dir='ltr'>bapti</span> 
     </span>
    </p>
   </div>
   <div class='ocr_carea' id='block_1_76' title="bbox 2188 3756 3815 3841">
    <p class='ocr_par' dir='ltr' id='par_1_76' title="bbox 2188 3761 3815 3841">
     <span class='ocr_line' id='line_1_79' title="bbox 2188 3761 3815 3841; baseline 0.002 -25"><span class='ocrx_word' id='word_1_619' title='bbox 2188 3761 2338 3837; x_wconf 78' lang='grc' dir='ltr'>ίγιον,</span> <span class='ocrx_word' id='word_1_620' title='bbox 2368 3761 2550 3837; x_wconf 76' lang='grc' dir='ltr'>λέγον¹</span> <span class='ocrx_word' id='word_1_621' title='bbox 2589 3787 2615 3812; x_wconf 88' lang='grc'>‹‹</span> <span class='ocrx_word' id='word_1_622' title='bbox 2647 3761 3190 3839; x_wconf 74' lang='grc' dir='ltr'>’Δπηλλοτρώθησαν</span> <span class='ocrx_word' id='word_1_623' title='bbox 3254 3765 3305 3818; x_wconf 79' lang='grc' dir='ltr'>οἱ</span> <span class='ocrx_word' id='word_1_624' title='bbox 3356 3766 3681 3841; x_wconf 76' lang='grc' dir='ltr'>ἁμαρτωλοὶ</span> <span class='ocrx_word' id='word_1_625' title='bbox 3715 3766 3815 3820; x_wconf 83' lang='grc' dir='ltr'>ἀπὸ</span> 
     </span>
    </p>
   </div>
   <div class='ocr_carea' id='block_1_77' title="bbox 401 3846 2028 3930">
    <p class='ocr_par' dir='ltr' id='par_1_77' title="bbox 401 3846 2028 3922">
     <span class='ocr_line' id='line_1_80' title="bbox 401 3846 2028 3922; baseline 0.004 -21"><span class='ocrx_word' id='word_1_626' title='bbox 401 3853 610 3901; x_wconf 77' lang='lat' dir='ltr'>amate.</span> <span class='ocrx_word' id='word_1_627' title='bbox 639 3846 1038 3911; x_wconf 89' lang='lat' dir='ltr'>Quomobrem</span> <span class='ocrx_word' id='word_1_628' title='bbox 1073 3849 1673 3916; x_wconf 66' lang='lat' dir='ltr'>confitemur,omnes</span> <span class='ocrx_word' id='word_1_629' title='bbox 1705 3869 1805 3907; x_wconf 81' lang='lat' dir='ltr'>eos</span> <span class='ocrx_word' id='word_1_630' title='bbox 1836 3853 1935 3922; x_wconf 89' lang='lat' dir='ltr'>qui</span> <span class='ocrx_word' id='word_1_631' title='bbox 1965 3869 2028 3907; x_wconf 90' lang='lat' dir='ltr'>ve</span> 
     </span>
    </p>
   </div>
   <div class='ocr_carea' id='block_1_78' title="bbox 2191 3846 3818 3930">
    <p class='ocr_par' dir='ltr' id='par_1_78' title="bbox 2191 3849 3818 3930">
     <span class='ocr_line' id='line_1_81' title="bbox 2191 3849 3818 3930; baseline 0.001 -24"><span class='ocrx_word' id='word_1_632' title='bbox 2191 3854 2403 3923; x_wconf 73' lang='grc' dir='ltr'>ιήτρας,</span> <span class='ocrx_word' id='word_1_633' title='bbox 2439 3877 2466 3903; x_wconf 91' lang='grc'><strong>››</strong></span> <span class='ocrx_word' id='word_1_634' title='bbox 2497 3853 2644 3907; x_wconf 85' lang='grc' dir='ltr'>τοῦτ’</span> <span class='ocrx_word' id='word_1_635' title='bbox 2686 3849 2796 3907; x_wconf 83' lang='grc' dir='ltr'>ἔστι</span> <span class='ocrx_word' id='word_1_636' title='bbox 2856 3855 2956 3922; x_wconf 75' lang='grc' dir='ltr'>τῆς</span> <span class='ocrx_word' id='word_1_637' title='bbox 3015 3858 3112 3908; x_wconf 90' lang='grc' dir='ltr'>τοῦ</span> <span class='ocrx_word' id='word_1_638' title='bbox 3169 3854 3566 3930; x_wconf 86' lang='grc' dir='ltr'>βαπτίσματος.</span> <span class='ocrx_word' id='word_1_639' title='bbox 3626 3856 3818 3930; x_wconf 82' lang='grc' dir='ltr'>Χάριτι</span> 
     </span>
    </p>
   </div>
   <div class='ocr_carea' id='block_1_79' title="bbox 398 3935 2025 4016">
    <p class='ocr_par' dir='ltr' id='par_1_79' title="bbox 398 3935 2025 4013">
     <span class='ocr_line' id='line_1_82' title="bbox 398 3935 2025 4013; baseline 0.004 -23"><span class='ocrx_word' id='word_1_640' title='bbox 398 3935 604 3991; x_wconf 87' lang='lat' dir='ltr'>salvati</span> <span class='ocrx_word' id='word_1_641' title='bbox 638 3942 777 4000; x_wconf 80' lang='lat' dir='ltr'>sunt</span> <span class='ocrx_word' id='word_1_642' title='bbox 806 3937 895 3990; x_wconf 90' lang='lat' dir='ltr'>vel</span> <span class='ocrx_word' id='word_1_643' title='bbox 927 3937 1261 4007; x_wconf 79' lang='lat' dir='ltr'>salvantur,</span> <span class='ocrx_word' id='word_1_644' title='bbox 1299 3957 1405 4010; x_wconf 90' lang='lat' dir='ltr'>per</span> <span class='ocrx_word' id='word_1_645' title='bbox 1456 3940 1817 4013; x_wconf 86' lang='lat' dir='ltr'>baptismum</span> <span class='ocrx_word' id='word_1_646' title='bbox 1850 3942 2025 3997; x_wconf 79' lang='lat' dir='ltr'>salvat</span> 
     </span>
    </p>
   </div>
   <div class='ocr_carea' id='block_1_80' title="bbox 2194 3935 3821 4016">
    <p class='ocr_par' dir='ltr' id='par_1_80' title="bbox 2197 3940 3821 4016">
     <span class='ocr_line' id='line_1_83' title="bbox 2197 3940 3821 4016; baseline 0.002 -21"><span class='ocrx_word' id='word_1_647' title='bbox 2197 3940 2358 3996; x_wconf 77' lang='grc' dir='ltr'>ούτου</span> <span class='ocrx_word' id='word_1_648' title='bbox 2391 3942 2804 4016; x_wconf 79' lang='grc' dir='ltr'>ὁμολογοῦμεν,</span> <span class='ocrx_word' id='word_1_649' title='bbox 2855 3942 2938 3997; x_wconf 79' lang='grc' dir='ltr'>’ὁτι</span> <span class='ocrx_word' id='word_1_650' title='bbox 2997 3943 3189 4005; x_wconf 81' lang='grc' dir='ltr'>πάντες</span> <span class='ocrx_word' id='word_1_651' title='bbox 3247 3944 3298 3998; x_wconf 79' lang='grc' dir='ltr'>οἱ</span> <span class='ocrx_word' id='word_1_652' title='bbox 3359 3947 3616 4008; x_wconf 69' lang='grc' dir='ltr'>σωθέντες</span> <span class='ocrx_word' id='word_1_653' title='bbox 3649 3945 3821 4000; x_wconf 84' lang='grc' dir='ltr'>καἰοὶ</span> 
     </span>
    </p>
   </div>
   <div class='ocr_carea' id='block_1_81' title="bbox 393 4025 2020 4106">
    <p class='ocr_par' dir='ltr' id='par_1_81' title="bbox 393 4025 1361 4100">
     <span class='ocr_line' id='line_1_84' title="bbox 393 4025 1361 4100; baseline 0.004 -20"><span class='ocrx_word' id='word_1_654' title='bbox 393 4030 536 4081; x_wconf 87' lang='lat' dir='ltr'>sunt</span> <span class='ocrx_word' id='word_1_655' title='bbox 562 4025 655 4081; x_wconf 92' lang='lat' dir='ltr'>vel</span> <span class='ocrx_word' id='word_1_656' title='bbox 687 4025 991 4082; x_wconf 89' lang='lat' dir='ltr'>salvantur</span> <span class='ocrx_word' id='word_1_657' title='bbox 1022 4027 1124 4082; x_wconf 91' lang='lat' dir='ltr'>Dei</span> <span class='ocrx_word' id='word_1_658' title='bbox 1155 4029 1361 4100; x_wconf 82' lang='lat' dir='ltr'>gratia.</span> 
     </span>
    </p>
   </div>
   <div class='ocr_carea' id='block_1_82' title="bbox 2192 4025 3819 4106">
    <p class='ocr_par' dir='ltr' id='par_1_82' title="bbox 2192 4029 3819 4106">
     <span class='ocr_line' id='line_1_85' title="bbox 2192 4029 3819 4106; baseline 0.002 -22"><span class='ocrx_word' id='word_1_659' title='bbox 2192 4032 2470 4102; x_wconf 76' lang='grc' dir='ltr'>’ωζόμενοι</span> <span class='ocrx_word' id='word_1_660' title='bbox 2521 4029 2612 4086; x_wconf 73' lang='grc' dir='ltr'>διὰ</span> <span class='ocrx_word' id='word_1_661' title='bbox 2672 4031 3046 4106; x_wconf 84' lang='grc' dir='ltr'>βαπτίσματος</span> <span class='ocrx_word' id='word_1_662' title='bbox 3103 4032 3381 4104; x_wconf 82' lang='grc' dir='ltr'>ἐσώθησαν</span> <span class='ocrx_word' id='word_1_663' title='bbox 3433 4034 3525 4090; x_wconf 81' lang='grc' dir='ltr'>καὶ</span> <span class='ocrx_word' id='word_1_664' title='bbox 3557 4037 3819 4106; x_wconf 81' lang='grc' dir='ltr'>σώζονται</span> 
     </span>
    </p>
   </div>
   <div class='ocr_carea' id='block_1_83' title="bbox 2163 4119 2538 4195">
    <p class='ocr_par' dir='ltr' id='par_1_83' title="bbox 2163 4119 2538 4195">
     <span class='ocr_line' id='line_1_86' title="bbox 2163 4119 2538 4195; baseline 0.008 -21"><span class='ocrx_word' id='word_1_665' title='bbox 2163 4119 2351 4195; x_wconf 82' lang='grc' dir='ltr'>χάριτι</span> <span class='ocrx_word' id='word_1_666' title='bbox 2383 4124 2538 4178; x_wconf 80' lang='grc' dir='ltr'>Θεοῦ.</span> 
     </span>
    </p>
   </div>
   <div class='ocr_carea' id='block_1_84' title="bbox 465 4204 2092 4290">
    <p class='ocr_par' dir='ltr' id='par_1_84' title="bbox 465 4204 2052 4283">
     <span class='ocr_line' id='line_1_87' title="bbox 465 4204 2052 4283; baseline 0.002 -21"><span class='ocrx_word' id='word_1_667' title='bbox 465 4204 717 4262; x_wconf 80' lang='lat' dir='ltr'>SARAC.</span> <span class='ocrx_word' id='word_1_668' title='bbox 778 4205 1165 4278; x_wconf 87' lang='lat' dir='ltr'>Interrogavit</span> <span class='ocrx_word' id='word_1_669' title='bbox 1213 4205 1452 4262; x_wconf 90' lang='lat' dir='ltr'>dicens:</span> <span class='ocrx_word' id='word_1_670' title='bbox 1498 4207 1900 4264; x_wconf 88' lang='lat' dir='ltr'>Christianum</span> <span class='ocrx_word' id='word_1_671' title='bbox 1952 4211 2052 4283; x_wconf 89' lang='lat' dir='ltr'>qui</span> 
     </span>
    </p>
   </div>
   <div class='ocr_carea' id='block_1_85' title="bbox 2190 4204 3817 4290">
    <p class='ocr_par' dir='ltr' id='par_1_85' title="bbox 2232 4208 3817 4290">
     <span class='ocr_line' id='line_1_88' title="bbox 2232 4208 3817 4290; baseline -0.001 -23"><span class='ocrx_word' id='word_1_672' title='bbox 2232 4210 2293 4267; x_wconf 73' lang='grc' dir='ltr'><strong>Ὀ</strong></span> <span class='ocrx_word' id='word_1_673' title='bbox 2373 4215 2532 4266; x_wconf 83' lang='grc' dir='ltr'><strong>ΣΛΡ.</strong></span> <span class='ocrx_word' id='word_1_674' title='bbox 2611 4210 2801 4284; x_wconf 82' lang='grc' dir='ltr'>ἠρώτα</span> <span class='ocrx_word' id='word_1_675' title='bbox 2877 4208 3072 4287; x_wconf 70' lang='grc' dir='ltr'>λέγων·</span> <span class='ocrx_word' id='word_1_676' title='bbox 3149 4213 3254 4268; x_wconf 84' lang='grc' dir='ltr'>Τὸν</span> <span class='ocrx_word' id='word_1_677' title='bbox 3330 4214 3655 4290; x_wconf 81' lang='grc' dir='ltr'>Χριστιανὸν</span> <span class='ocrx_word' id='word_1_678' title='bbox 3728 4213 3817 4269; x_wconf 86' lang='grc' dir='ltr'>τὸν</span> 
     </span>
    </p>
   </div>
   <div class='ocr_carea' id='block_1_86' title="bbox 385 4293 2012 4375">
    <p class='ocr_par' dir='ltr' id='par_1_86' title="bbox 385 4293 2012 4367">
     <span class='ocr_line' id='line_1_89' title="bbox 385 4293 2012 4367; baseline 0.004 -19"><span class='ocrx_word' id='word_1_679' title='bbox 385 4293 528 4350; x_wconf 83' lang='lat' dir='ltr'>facit</span> <span class='ocrx_word' id='word_1_680' title='bbox 558 4294 921 4350; x_wconf 90' lang='lat' dir='ltr'>voluntatem</span> <span class='ocrx_word' id='word_1_681' title='bbox 948 4295 1265 4367; x_wconf 89' lang='lat' dir='ltr'>ipsiusmet</span> <span class='ocrx_word' id='word_1_682' title='bbox 1296 4298 1418 4365; x_wconf 89' lang='lat' dir='ltr'>Dei,</span> <span class='ocrx_word' id='word_1_683' title='bbox 1451 4297 1758 4355; x_wconf 90' lang='lat' dir='ltr'>bonumne</span> <span class='ocrx_word' id='word_1_684' title='bbox 1786 4317 1918 4355; x_wconf 91' lang='lat' dir='ltr'>esse</span> <span class='ocrx_word' id='word_1_685' title='bbox 1965 4301 2012 4356; x_wconf 89' lang='lat' dir='ltr'>ai</span> 
     </span>
    </p>
   </div>
   <div class='ocr_carea' id='block_1_87' title="bbox 2188 4293 3815 4375">
    <p class='ocr_par' dir='ltr' id='par_1_87' title="bbox 2188 4299 3815 4375">
     <span class='ocr_line' id='line_1_90' title="bbox 2188 4299 3815 4375; baseline 0.001 -21"><span class='ocrx_word' id='word_1_686' title='bbox 2188 4299 2425 4355; x_wconf 75' lang='grc' dir='ltr'>ἴοιοῦντα</span> <span class='ocrx_word' id='word_1_687' title='bbox 2482 4300 2545 4355; x_wconf 84' lang='grc' dir='ltr'>τὸ</span> <span class='ocrx_word' id='word_1_688' title='bbox 2605 4299 2826 4375; x_wconf 69' lang='grc' dir='ltr'>θέλημα</span> <span class='ocrx_word' id='word_1_689' title='bbox 2882 4300 3046 4356; x_wconf 73' lang='grc' dir='ltr'>αὑτοῦ</span> <span class='ocrx_word' id='word_1_690' title='bbox 3101 4306 3199 4358; x_wconf 92' lang='grc' dir='ltr'>τοῦ</span> <span class='ocrx_word' id='word_1_691' title='bbox 3257 4306 3417 4374; x_wconf 82' lang='grc' dir='ltr'>Θεοῦ,</span> <span class='ocrx_word' id='word_1_692' title='bbox 3470 4303 3638 4359; x_wconf 84' lang='grc' dir='ltr'>καλὸν</span> <span class='ocrx_word' id='word_1_693' title='bbox 3687 4303 3815 4359; x_wconf 77' lang='grc' dir='ltr'>εἶναι</span> 
     </span>
    </p>
   </div>
   <div class='ocr_carea' id='block_1_88' title="bbox 390 4384 2017 4464">
    <p class='ocr_par' dir='ltr' id='par_1_88' title="bbox 390 4384 785 4442">
     <span class='ocr_line' id='line_1_91' title="bbox 390 4384 785 4442; baseline 0 -4"><span class='ocrx_word' id='word_1_694' title='bbox 390 4384 481 4438; x_wconf 88' lang='lat' dir='ltr'>vel</span> <span class='ocrx_word' id='word_1_695' title='bbox 512 4384 738 4442; x_wconf 89' lang='lat' dir='ltr'>malum</span> <span class='ocrx_word' id='word_1_696' title='bbox 757 4384 785 4439; x_wconf 85' lang='lat'><strong>?</strong></span> 
     </span>
    </p>
   </div>
   <div class='ocr_carea' id='block_1_89' title="bbox 1025 4384 2652 4464">
    <p class='ocr_par' dir='ltr' id='par_1_89' title="bbox 2163 4389 2652 4464">
     <span class='ocr_line' id='line_1_92' title="bbox 2163 4389 2652 4464; baseline 0 -20"><span class='ocrx_word' id='word_1_697' title='bbox 2163 4392 2343 4464; x_wconf 79' lang='grc' dir='ltr'>Αέγεις</span> <span class='ocrx_word' id='word_1_698' title='bbox 2377 4391 2410 4458; x_wconf 73' lang='grc' dir='ltr'><strong>ἢ</strong></span> <span class='ocrx_word' id='word_1_699' title='bbox 2443 4389 2609 4444; x_wconf 87' lang='grc' dir='ltr'>κακόν</span> <span class='ocrx_word' id='word_1_700' title='bbox 2638 4409 2652 4457; x_wconf 76' lang='grc' dir='ltr'>ς</span> 
     </span>
    </p>
   </div>
   <div class='ocr_carea' id='block_1_90' title="bbox 463 4474 2090 4556">
    <p class='ocr_par' dir='ltr' id='par_1_90' title="bbox 463 4474 2050 4549">
     <span class='ocr_line' id='line_1_93' title="bbox 463 4474 2050 4549; baseline 0.006 -23"><span class='ocrx_word' id='word_1_701' title='bbox 463 4474 806 4543; x_wconf 77' lang='lat' dir='ltr'>Agnoscens</span> <span class='ocrx_word' id='word_1_702' title='bbox 837 4479 1037 4529; x_wconf 88' lang='lat' dir='ltr'>autem</span> <span class='ocrx_word' id='word_1_703' title='bbox 1069 4474 1362 4543; x_wconf 83' lang='lat' dir='ltr'>vafritiem</span> <span class='ocrx_word' id='word_1_704' title='bbox 1422 4478 1573 4549; x_wconf 88' lang='lat' dir='ltr'>ejus,</span> <span class='ocrx_word' id='word_1_705' title='bbox 1627 4479 1921 4547; x_wconf 82' lang='lat' dir='ltr'>CHRIST.,</span> <span class='ocrx_word' id='word_1_706' title='bbox 1952 4479 2050 4535; x_wconf 89' lang='lat' dir='ltr'>in-</span> 
     </span>
    </p>
   </div>
   <div class='ocr_carea' id='block_1_91' title="bbox 2186 4474 3813 4556">
    <p class='ocr_par' dir='ltr' id='par_1_91' title="bbox 2232 4476 3813 4556">
     <span class='ocr_line' id='line_1_94' title="bbox 2232 4476 3813 4556; baseline 0.003 -22"><span class='ocrx_word' id='word_1_707' title='bbox 2232 4479 2401 4543; x_wconf 75' lang='grc' dir='ltr'>Γνοὺς</span> <span class='ocrx_word' id='word_1_708' title='bbox 2430 4476 2488 4533; x_wconf 72' lang='grc' dir='ltr'>δὲ</span> <span class='ocrx_word' id='word_1_709' title='bbox 2516 4480 2615 4548; x_wconf 82' lang='grc' dir='ltr'>τήν</span> <span class='ocrx_word' id='word_1_710' title='bbox 2671 4482 3006 4556; x_wconf 82' lang='grc' dir='ltr'>πανουργίαν</span> <span class='ocrx_word' id='word_1_711' title='bbox 3067 4481 3234 4538; x_wconf 81' lang='grc' dir='ltr'>αὐτοῦ</span> <span class='ocrx_word' id='word_1_712' title='bbox 3293 4484 3322 4540; x_wconf 86' lang='lat'>6</span> <span class='ocrx_word' id='word_1_713' title='bbox 3383 4485 3813 4547; x_wconf 78' lang='grc' dir='ltr'>ΧΡΙΣΤΙΔΝΟΣ</span> 
     </span>
    </p>
   </div>
   <div class='ocr_carea' id='block_1_92' title="bbox 396 4561 2023 4654">
    <p class='ocr_par' dir='ltr' id='par_1_92' title="bbox 396 4561 1241 4633">
     <span class='ocr_line' id='line_1_95' title="bbox 396 4561 1241 4633; baseline 0.007 -17"><span class='ocrx_word' id='word_1_714' title='bbox 396 4561 563 4633; x_wconf 87' lang='lat' dir='ltr'>quit:</span> <span class='ocrx_word' id='word_1_715' title='bbox 598 4562 750 4627; x_wconf 88' lang='lat' dir='ltr'>Quid</span> <span class='ocrx_word' id='word_1_716' title='bbox 784 4562 886 4617; x_wconf 88' lang='lat' dir='ltr'>tibi</span> <span class='ocrx_word' id='word_1_717' title='bbox 919 4564 1064 4619; x_wconf 79' lang='lat' dir='ltr'>velis</span> <span class='ocrx_word' id='word_1_718' title='bbox 1099 4565 1241 4622; x_wconf 90' lang='lat' dir='ltr'>scio.</span> 
     </span>
    </p>
   </div>
   <div class='ocr_carea' id='block_1_93' title="bbox 2118 4561 3745 4654">
    <p class='ocr_par' dir='ltr' id='par_1_93' title="bbox 2118 4561 3745 4645">
     <span class='ocr_line' id='line_1_96' title="bbox 2118 4561 3745 4645; baseline 0.004 -21"><span class='ocrx_word' id='word_1_719' title='bbox 2118 4582 2128 4636; x_wconf 62' lang='grc' dir='ltr'>ι</span> <span class='ocrx_word' id='word_1_720' title='bbox 2155 4562 2285 4645; x_wconf 76' lang='grc' dir='ltr'>ἔφη·</span> <span class='ocrx_word' id='word_1_721' title='bbox 2317 4569 2385 4621; x_wconf 81' lang='grc' dir='ltr'>Ὃ</span> <span class='ocrx_word' id='word_1_722' title='bbox 2416 4567 2592 4631; x_wconf 81' lang='grc' dir='ltr'>θὲλεις</span> <span class='ocrx_word' id='word_1_723' title='bbox 2625 4567 2799 4624; x_wconf 70' lang='grc' dir='ltr'>εἰπεῖν</span> <span class='ocrx_word' id='word_1_724' title='bbox 2830 4568 3146 4644; x_wconf 82' lang='grc' dir='ltr'>ἐπίσταμαι.</span> <span class='ocrx_word' id='word_1_725' title='bbox 3515 4561 3518 4566; x_wconf 42' lang='grc'><em>’</em></span> <span class='ocrx_word' id='word_1_726' title='bbox 3743 4561 3745 4563; x_wconf 16' lang='grc' dir='ltr'>ί</span> 
     </span>
    </p>
   </div>
   <div class='ocr_carea' id='block_1_94' title="bbox 469 4650 2096 4731">
    <p class='ocr_par' dir='ltr' id='par_1_94' title="bbox 469 4650 2085 4708">
     <span class='ocr_line' id='line_1_97' title="bbox 469 4650 2085 4708; baseline 0.003 -4"><span class='ocrx_word' id='word_1_727' title='bbox 469 4650 720 4706; x_wconf 84' lang='lat' dir='ltr'>SARAC.</span> <span class='ocrx_word' id='word_1_728' title='bbox 755 4651 958 4707; x_wconf 89' lang='lat' dir='ltr'>Indica</span> <span class='ocrx_word' id='word_1_729' title='bbox 989 4651 1138 4708; x_wconf 93' lang='lat' dir='ltr'>illud</span> <span class='ocrx_word' id='word_1_730' title='bbox 1168 4653 1334 4708; x_wconf 77' lang='lat' dir='ltr'>mihi°</span> <span class='ocrx_word' id='word_1_731' title='bbox 2080 4650 2085 4654; x_wconf 56' lang='grc'><strong>⁷</strong></span> 
     </span>
    </p>
   </div>
   <div class='ocr_carea' id='block_1_95' title="bbox 1526 4650 3153 4731">
    <p class='ocr_par' dir='ltr' id='par_1_95' title="bbox 2080 4650 3153 4731">
     <span class='ocr_line' id='line_1_98' title="bbox 2080 4650 3153 4731; baseline 0.002 -18"><span class='ocrx_word' id='word_1_732' title='bbox 2080 4650 2085 4654; x_wconf 34' lang='grc'><strong>⁷</strong></span> <span class='ocrx_word' id='word_1_733' title='bbox 2233 4657 2290 4713; x_wconf 78' lang='grc' dir='ltr'><strong>Ὀ</strong></span> <span class='ocrx_word' id='word_1_734' title='bbox 2321 4661 2475 4712; x_wconf 82' lang='grc' dir='ltr'><strong>ΣΔΡ.</strong></span> <span class='ocrx_word' id='word_1_735' title='bbox 2511 4657 2837 4731; x_wconf 79' lang='grc' dir='ltr'>Φανὲρωσόν</span> <span class='ocrx_word' id='word_1_736' title='bbox 2873 4679 2967 4731; x_wconf 88' lang='grc' dir='ltr'>μοι</span> <span class='ocrx_word' id='word_1_737' title='bbox 3000 4658 3153 4716; x_wconf 81' lang='grc' dir='ltr'>αὐτό.</span> 
     </span>
    </p>
   </div>
   <div class='ocr_carea' id='block_1_96' title="bbox 464 4739 2091 4825">
    <p class='ocr_par' dir='ltr' id='par_1_96' title="bbox 464 4739 2050 4812">
     <span class='ocr_line' id='line_1_99' title="bbox 464 4739 2050 4812; baseline 0.004 -17"><span class='ocrx_word' id='word_1_738' title='bbox 464 4739 736 4795; x_wconf 81' lang='lat' dir='ltr'>CHRIST.</span> <span class='ocrx_word' id='word_1_739' title='bbox 773 4741 979 4796; x_wconf 89' lang='lat' dir='ltr'>Dicere</span> <span class='ocrx_word' id='word_1_740' title='bbox 1026 4743 1111 4796; x_wconf 88' lang='lat' dir='ltr'>vis</span> <span class='ocrx_word' id='word_1_741' title='bbox 1161 4743 1235 4798; x_wconf 92' lang='lat' dir='ltr'>ad</span> <span class='ocrx_word' id='word_1_742' title='bbox 1284 4760 1417 4812; x_wconf 92' lang='lat' dir='ltr'>me;</span> <span class='ocrx_word' id='word_1_743' title='bbox 1451 4745 1719 4800; x_wconf 87' lang='lat' dir='ltr'>Christus</span> <span class='ocrx_word' id='word_1_744' title='bbox 1750 4745 2050 4802; x_wconf 88' lang='lat' dir='ltr'>voluntate</span> 
     </span>
    </p>
   </div>
   <div class='ocr_carea' id='block_1_97' title="bbox 2188 4739 3815 4825">
    <p class='ocr_par' dir='ltr' id='par_1_97' title="bbox 2231 4745 3815 4825">
     <span class='ocr_line' id='line_1_100' title="bbox 2231 4745 3815 4825; baseline 0.002 -23"><span class='ocrx_word' id='word_1_745' title='bbox 2231 4746 2293 4802; x_wconf 76' lang='grc' dir='ltr'>ὐ</span> <span class='ocrx_word' id='word_1_746' title='bbox 2324 4747 2553 4802; x_wconf 84' lang='grc' dir='ltr'><strong>ΧΡΙΣΤ.</strong></span> <span class='ocrx_word' id='word_1_747' title='bbox 2590 4745 2775 4801; x_wconf 71' lang='grc' dir='ltr'>Εἴπεῖν</span> <span class='ocrx_word' id='word_1_748' title='bbox 2823 4747 3000 4810; x_wconf 74' lang='grc' dir='ltr'>θέλεις</span> <span class='ocrx_word' id='word_1_749' title='bbox 3052 4749 3189 4824; x_wconf 86' lang='grc' dir='ltr'>πρὸς</span> <span class='ocrx_word' id='word_1_750' title='bbox 3238 4748 3359 4823; x_wconf 69' lang='grc' dir='ltr'>ἔμὶ,</span> <span class='ocrx_word' id='word_1_751' title='bbox 3409 4748 3492 4805; x_wconf 77' lang='grc' dir='ltr'>ὅτι</span> <span class='ocrx_word' id='word_1_752' title='bbox 3525 4751 3553 4806; x_wconf 82' lang='grc' dir='ltr'>ὁ</span> <span class='ocrx_word' id='word_1_753' title='bbox 3585 4751 3815 4825; x_wconf 87' lang='grc' dir='ltr'>Χριστὸς</span> 
     </span>
    </p>
   </div>
   <div class='ocr_carea' id='block_1_98' title="bbox 392 4829 2019 4922">
    <p class='ocr_par' dir='ltr' id='par_1_98' title="bbox 392 4831 2019 4922">
     <span class='ocr_line' id='line_1_101' title="bbox 392 4831 2019 4922; baseline 0.002 -37"><span class='ocrx_word' id='word_1_754' title='bbox 392 4845 603 4901; x_wconf 86' lang='lat' dir='ltr'>passus</span> <span class='ocrx_word' id='word_1_755' title='bbox 635 4835 745 4898; x_wconf 82' lang='lat' dir='ltr'>est,</span> <span class='ocrx_word' id='word_1_756' title='bbox 779 4846 855 4885; x_wconf 88' lang='lat' dir='ltr'>an</span> <span class='ocrx_word' id='word_1_757' title='bbox 891 4831 1055 4885; x_wconf 91' lang='lat' dir='ltr'>non?</span> <span class='ocrx_word' id='word_1_758' title='bbox 1094 4832 1260 4922; x_wconf 69' lang='lat' dir='ltr'>Quod</span> <span class='ocrx_word' id='word_1_759' title='bbox 1310 4832 1357 4886; x_wconf 92' lang='lat' dir='ltr'>si</span> <span class='ocrx_word' id='word_1_760' title='bbox 1402 4833 1505 4888; x_wconf 90' lang='lat' dir='ltr'>tibi</span> <span class='ocrx_word' id='word_1_761' title='bbox 1553 4833 1794 4890; x_wconf 84' lang='lat' dir='ltr'>dixero:</span> <span class='ocrx_word' id='word_1_762' title='bbox 1830 4835 2019 4889; x_wconf 88' lang='lat' dir='ltr'>Volun</span> 
     </span>
    </p>
   </div>
   <div class='ocr_carea' id='block_1_99' title="bbox 2186 4829 3813 4922">
    <p class='ocr_par' dir='ltr' id='par_1_99' title="bbox 2186 4829 3813 4909">
     <span class='ocr_line' id='line_1_102' title="bbox 2186 4829 3813 4909; baseline 0.002 -20"><span class='ocrx_word' id='word_1_763' title='bbox 2186 4833 2330 4909; x_wconf 73' lang='grc' dir='ltr'>Ιἐγων</span> <span class='ocrx_word' id='word_1_764' title='bbox 2356 4829 2571 4902; x_wconf 76' lang='grc' dir='ltr'>ἔπαθεν,</span> <span class='ocrx_word' id='word_1_765' title='bbox 2604 4831 2640 4904; x_wconf 82' lang='grc' dir='ltr'>ἤ</span> <span class='ocrx_word' id='word_1_766' title='bbox 2677 4836 2754 4907; x_wconf 76' lang='grc' dir='ltr'>μή</span> <span class='ocrx_word' id='word_1_767' title='bbox 2789 4835 3000 4906; x_wconf 79' lang='grc' dir='ltr'>θὲλων;</span> <span class='ocrx_word' id='word_1_768' title='bbox 3053 4837 3156 4895; x_wconf 86' lang='grc' dir='ltr'>Καὶ</span> <span class='ocrx_word' id='word_1_769' title='bbox 3201 4837 3288 4893; x_wconf 67' lang='grc' dir='ltr'>ἐάν</span> <span class='ocrx_word' id='word_1_770' title='bbox 3322 4859 3406 4894; x_wconf 89' lang='grc' dir='ltr'>σοι</span> <span class='ocrx_word' id='word_1_771' title='bbox 3439 4837 3599 4896; x_wconf 68' lang='grc' dir='ltr'>εἴπω.</span> <span class='ocrx_word' id='word_1_772' title='bbox 3633 4836 3813 4896; x_wconf 77' lang='grc' dir='ltr'>Θέλων</span> 
     </span>
    </p>
   </div>
   <div class='ocr_carea' id='block_1_100' title="bbox 393 4918 2020 5000">
    <p class='ocr_par' dir='ltr' id='par_1_100' title="bbox 393 4918 2020 4998">
     <span class='ocr_line' id='line_1_103' title="bbox 393 4918 2020 4998; baseline 0.003 -25"><span class='ocrx_word' id='word_1_773' title='bbox 393 4923 511 4974; x_wconf 89' lang='lat' dir='ltr'>tate</span> <span class='ocrx_word' id='word_1_774' title='bbox 543 4936 753 4990; x_wconf 88' lang='lat' dir='ltr'>passus</span> <span class='ocrx_word' id='word_1_775' title='bbox 786 4926 913 4988; x_wconf 88' lang='lat' dir='ltr'>est;</span> <span class='ocrx_word' id='word_1_776' title='bbox 947 4918 1116 4975; x_wconf 85' lang='lat' dir='ltr'>mihi</span> <span class='ocrx_word' id='word_1_777' title='bbox 1147 4937 1401 4993; x_wconf 89' lang='lat' dir='ltr'>repones</span> <span class='ocrx_word' id='word_1_778' title='bbox 1430 4939 1442 4977; x_wconf 94' lang='lat'><strong>:</strong></span> <span class='ocrx_word' id='word_1_779' title='bbox 1494 4922 1623 4989; x_wconf 82' lang='lat' dir='ltr'>Abi,</span> <span class='ocrx_word' id='word_1_780' title='bbox 1681 4941 1817 4998; x_wconf 89' lang='lat' dir='ltr'>ergo</span> <span class='ocrx_word' id='word_1_781' title='bbox 1866 4925 2020 4980; x_wconf 60' lang='lat' dir='ltr'>ador;</span> 
     </span>
    </p>
   </div>
   <div class='ocr_carea' id='block_1_101' title="bbox 2186 4918 3813 5000">
    <p class='ocr_par' dir='ltr' id='par_1_101' title="bbox 2186 4921 3813 5000">
     <span class='ocr_line' id='line_1_104' title="bbox 2186 4921 3813 5000; baseline 0.004 -23"><span class='ocrx_word' id='word_1_782' title='bbox 2186 4924 2374 4989; x_wconf 89' lang='grc' dir='ltr'>παθεν,</span> <span class='ocrx_word' id='word_1_783' title='bbox 2427 4921 2520 4978; x_wconf 76' lang='grc' dir='ltr'>ἵνα</span> <span class='ocrx_word' id='word_1_784' title='bbox 2581 4946 2673 4997; x_wconf 82' lang='grc' dir='ltr'>μοι</span> <span class='ocrx_word' id='word_1_785' title='bbox 2735 4923 2914 4999; x_wconf 70' lang='grc' dir='ltr'>εἴπῃς,</span> <span class='ocrx_word' id='word_1_786' title='bbox 2970 4925 3228 4993; x_wconf 78' lang='grc' dir='ltr'>Ἃπελθε,</span> <span class='ocrx_word' id='word_1_787' title='bbox 3277 4928 3660 5000; x_wconf 81' lang='grc' dir='ltr'>προσκύνησον</span> <span class='ocrx_word' id='word_1_788' title='bbox 3689 4929 3813 4992; x_wconf 82' lang='grc' dir='ltr'>τοὺς</span> 
     </span>
    </p>
   </div>
   <div class='ocr_carea' id='block_1_102' title="bbox 389 5008 2016 5091">
    <p class='ocr_par' dir='ltr' id='par_1_102' title="bbox 389 5008 1926 5082">
     <span class='ocr_line' id='line_1_105' title="bbox 389 5008 1926 5082; baseline 0.004 -19"><span class='ocrx_word' id='word_1_789' title='bbox 389 5008 645 5074; x_wconf 67' lang='grc' dir='ltr'>Ιαᾶωοε,</span> <span class='ocrx_word' id='word_1_790' title='bbox 680 5010 966 5082; x_wconf 84' lang='lat' dir='ltr'>quoniam</span> <span class='ocrx_word' id='word_1_791' title='bbox 998 5011 1362 5076; x_wconf 82' lang='lat' dir='ltr'>voluntatem</span> <span class='ocrx_word' id='word_1_792' title='bbox 1390 5012 1491 5068; x_wconf 93' lang='lat' dir='ltr'>Dei</span> <span class='ocrx_word' id='word_1_793' title='bbox 1525 5014 1605 5068; x_wconf 92' lang='lat' dir='ltr'>tui</span> <span class='ocrx_word' id='word_1_794' title='bbox 1637 5013 1926 5071; x_wconf 89' lang='lat' dir='ltr'>fecerunt.</span> 
     </span>
    </p>
   </div>
   <div class='ocr_carea' id='block_1_103' title="bbox 2025 5008 3652 5091">
    <p class='ocr_par' dir='ltr' id='par_1_103' title="bbox 2158 5010 3652 5091">
     <span class='ocr_line' id='line_1_106' title="bbox 2158 5010 3652 5091; baseline 0.004 -22"><span class='ocrx_word' id='word_1_795' title='bbox 2158 5010 2480 5085; x_wconf 81' lang='grc' dir='ltr'>Ἰουδαίους,</span> <span class='ocrx_word' id='word_1_796' title='bbox 2513 5011 2702 5085; x_wconf 76' lang='grc' dir='ltr'>ἐπειδὴ</span> <span class='ocrx_word' id='word_1_797' title='bbox 2736 5017 2796 5070; x_wconf 89' lang='grc' dir='ltr'>τὸ</span> <span class='ocrx_word' id='word_1_798' title='bbox 2827 5014 2960 5087; x_wconf 82' lang='grc' dir='ltr'>θέλη</span> <span class='ocrx_word' id='word_1_799' title='bbox 2972 5037 3048 5090; x_wconf 89' lang='grc' dir='ltr'>μα</span> <span class='ocrx_word' id='word_1_800' title='bbox 3069 5021 3167 5072; x_wconf 88' lang='grc' dir='ltr'>τοῦ</span> <span class='ocrx_word' id='word_1_801' title='bbox 3199 5022 3333 5074; x_wconf 86' lang='grc' dir='ltr'>Θεοῦ</span> <span class='ocrx_word' id='word_1_802' title='bbox 3366 5017 3652 5091; x_wconf 81' lang='grc' dir='ltr'>ἐποίησαν.</span> 
     </span>
    </p>
   </div>
   <div class='ocr_carea' id='block_1_104' title="bbox 462 5185 2089 5268">
    <p class='ocr_par' dir='ltr' id='par_1_104' title="bbox 462 5185 2089 5263">
     <span class='ocr_line' id='line_1_107' title="bbox 462 5185 2089 5263; baseline 0.007 -21"><span class='ocrx_word' id='word_1_803' title='bbox 462 5185 487 5221; x_wconf 87' lang='grc'><strong>⁴</strong></span> <span class='ocrx_word' id='word_1_804' title='bbox 519 5188 659 5244; x_wconf 90' lang='lat' dir='ltr'>Gen.</span> <span class='ocrx_word' id='word_1_805' title='bbox 694 5205 754 5256; x_wconf 87' lang='lat'>11,</span> <span class='ocrx_word' id='word_1_806' title='bbox 785 5193 809 5243; x_wconf 87' lang='grc'><strong>1</strong></span> <span class='ocrx_word' id='word_1_807' title='bbox 842 5191 899 5244; x_wconf 83' lang='grc'><strong>2.</strong></span> <span class='ocrx_word' id='word_1_808' title='bbox 930 5188 955 5222; x_wconf 84' lang='grc'><strong>⁵</strong></span> <span class='ocrx_word' id='word_1_809' title='bbox 982 5189 1196 5247; x_wconf 84' lang='lat' dir='ltr'>Jerem.</span> <span class='ocrx_word' id='word_1_810' title='bbox 1231 5209 1269 5258; x_wconf 95' lang='lat'>1,</span> <span class='ocrx_word' id='word_1_811' title='bbox 1301 5195 1354 5248; x_wconf 88' lang='lat'>5.</span> <span class='ocrx_word' id='word_1_812' title='bbox 1386 5193 1407 5227; x_wconf 82' lang='grc'><strong>⁸</strong></span> <span class='ocrx_word' id='word_1_813' title='bbox 1436 5194 1604 5250; x_wconf 83' lang='lat' dir='ltr'>Joan.</span> <span class='ocrx_word' id='word_1_814' title='bbox 1637 5211 1674 5261; x_wconf 90' lang='lat'>1,</span> <span class='ocrx_word' id='word_1_815' title='bbox 1708 5197 1794 5263; x_wconf 81' lang='lat' dir='ltr'>l2,</span> <span class='ocrx_word' id='word_1_816' title='bbox 1829 5197 1915 5251; x_wconf 86' lang='grc'><strong>13.</strong></span> <span class='ocrx_word' id='word_1_817' title='bbox 1944 5197 1964 5232; x_wconf 86' lang='grc'><strong>⁷</strong></span> <span class='ocrx_word' id='word_1_818' title='bbox 1995 5198 2089 5253; x_wconf 86' lang='lat' dir='ltr'>Joa</span> 
     </span>
    </p>
   </div>
   <div class='ocr_carea' id='block_1_105' title="bbox 1222 5185 2849 5268">
    <p class='ocr_par' dir='ltr' id='par_1_105' title="bbox 1231 5193 2849 5268">
     <span class='ocr_line' id='line_1_108' title="bbox 1231 5193 2849 5268; baseline 0.004 -21"><span class='ocrx_word' id='word_1_819' title='bbox 1231 5209 1269 5258; x_wconf 95' lang='lat'>1,</span> <span class='ocrx_word' id='word_1_820' title='bbox 1301 5195 1354 5248; x_wconf 88' lang='lat'>5.</span> <span class='ocrx_word' id='word_1_821' title='bbox 1386 5193 1407 5227; x_wconf 82' lang='grc'><strong>⁸</strong></span> <span class='ocrx_word' id='word_1_822' title='bbox 1436 5194 1604 5250; x_wconf 83' lang='lat' dir='ltr'>Joan.</span> <span class='ocrx_word' id='word_1_823' title='bbox 1637 5211 1674 5261; x_wconf 90' lang='lat'>1,</span> <span class='ocrx_word' id='word_1_824' title='bbox 1708 5197 1794 5263; x_wconf 81' lang='lat' dir='ltr'>l2,</span> <span class='ocrx_word' id='word_1_825' title='bbox 1829 5197 1915 5251; x_wconf 86' lang='grc'><strong>13.</strong></span> <span class='ocrx_word' id='word_1_826' title='bbox 1944 5197 1964 5232; x_wconf 86' lang='grc'><strong>⁷</strong></span> <span class='ocrx_word' id='word_1_827' title='bbox 1995 5198 2163 5254; x_wconf 86' lang='lat' dir='ltr'>Joan.</span> <span class='ocrx_word' id='word_1_828' title='bbox 2194 5215 2281 5268; x_wconf 87' lang='grc' dir='ltr'>ιιι,</span> <span class='ocrx_word' id='word_1_829' title='bbox 2314 5199 2368 5252; x_wconf 86' lang='grc'>5.</span> <span class='ocrx_word' id='word_1_830' title='bbox 2399 5197 2420 5232; x_wconf 81' lang='grc'><strong><em>⁸</em></strong></span> <span class='ocrx_word' id='word_1_831' title='bbox 2450 5196 2606 5252; x_wconf 89' lang='lat' dir='ltr'>Psal.</span> <span class='ocrx_word' id='word_1_832' title='bbox 2634 5213 2764 5268; x_wconf 83' lang='lat' dir='ltr'>Lvn,</span> <span class='ocrx_word' id='word_1_833' title='bbox 2796 5199 2849 5253; x_wconf 80' lang='grc'>4.</span> 
     </span>
    </p>
   </div>
   <div class='ocr_carea' id='block_1_106' title="bbox 1752 5391 2458 5457">
    <p class='ocr_par' dir='ltr' id='par_1_106' title="bbox 1752 5391 2458 5457">
     <span class='ocr_line' id='line_1_109' title="bbox 1752 5391 2458 5457; baseline 0.004 -12"><span class='ocrx_word' id='word_1_834' title='bbox 1752 5391 1993 5456; x_wconf 62' lang='grc' dir='ltr'>νΑΒΙλΕ</span> <span class='ocrx_word' id='word_1_835' title='bbox 2051 5393 2458 5457; x_wconf 88' lang='lat' dir='ltr'>LECTIONES.</span> 
     </span>
    </p>
   </div>
   <div class='ocr_carea' id='block_1_107' title="bbox 463 5534 3814 5628">
    <p class='ocr_par' dir='ltr' id='par_1_107' title="bbox 463 5534 3814 5628">
     <span class='ocr_line' id='line_1_110' title="bbox 463 5534 3814 5628; baseline 0 0"><span class='ocrx_word' id='word_1_836' title='bbox 463 5534 1106 5628; x_wconf 54' lang='grc' dir='ltr'>ΞἮὶΡῖδίέξςὶἳέΥἯςῘῨΥ</span> <span class='ocrx_word' id='word_1_837' title='bbox 1139 5538 1192 5622; x_wconf 62' lang='grc' dir='ltr'>ἓν</span> <span class='ocrx_word' id='word_1_838' title='bbox 1223 5542 1406 5628; x_wconf 61' lang='grc' dir='ltr'>μήτρᾳ</span> <span class='ocrx_word' id='word_1_839' title='bbox 1435 5539 2167 5628; x_wconf 49' lang='grc' dir='ltr'>ἔπλασξξὲξᾷεξλψνκοῖ</span> <span class='ocrx_word' id='word_1_840' title='bbox 2207 5543 2298 5597; x_wconf 72' lang='grc' dir='ltr'>καῖ</span> <span class='ocrx_word' id='word_1_841' title='bbox 2348 5545 2722 5628; x_wconf 57' lang='grc' dir='ltr'>σπερμετικῆν</span> <span class='ocrx_word' id='word_1_842' title='bbox 2775 5542 3000 5628; x_wconf 64' lang='grc' dir='ltr'>δύναμιν</span> <span class='ocrx_word' id='word_1_843' title='bbox 3034 5544 3214 5628; x_wconf 66' lang='grc' dir='ltr'>Ἀδάεμ</span> <span class='ocrx_word' id='word_1_844' title='bbox 3241 5548 3294 5604; x_wconf 69' lang='grc' dir='ltr'>ιν</span> <span class='ocrx_word' id='word_1_845' title='bbox 3327 5552 3396 5628; x_wconf 69' lang='grc' dir='ltr'>τῇ</span> <span class='ocrx_word' id='word_1_846' title='bbox 3427 5549 3616 5624; x_wconf 71' lang='grc' dir='ltr'>κοιλίᾳ</span> <span class='ocrx_word' id='word_1_847' title='bbox 3645 5547 3814 5628; x_wconf 76' lang='grc' dir='ltr'>ἔχων·</span> 
     </span>
    </p>
   </div>
   <div class='ocr_carea' id='block_1_108' title="bbox 393 5604 3815 5690">
    <p class='ocr_par' dir='ltr' id='par_1_108' title="bbox 393 5604 3815 5690">
     <span class='ocr_line' id='line_1_111' title="bbox 393 5604 3815 5690; baseline 0.009 -31"><span class='ocrx_word' id='word_1_848' title='bbox 393 5604 956 5690; x_wconf 39' lang='lat' dir='ltr'>pmnino‘igitur-in</span> <span class='ocrx_word' id='word_1_849' title='bbox 986 5604 1555 5690; x_wconf 44' lang='lat' dir='ltr'>matrice&#39;uformavit.</span> <span class='ocrx_word' id='word_1_850' title='bbox 1598 5615 1882 5690; x_wconf 60' lang='lat' dir='ltr'>CHRIST.</span> <span class='ocrx_word' id='word_1_851' title='bbox 1940 5604 2271 5690; x_wconf 59' lang='lat' dir='ltr'>Ariinialem</span> <span class='ocrx_word' id='word_1_852' title='bbox 2317 5604 2715 5677; x_wconf 77' lang='lat' dir='ltr'>sementinam</span> <span class='ocrx_word' id='word_1_853' title='bbox 2753 5604 3341 5689; x_wconf 32' lang='lat' dir='ltr'>virtutem&#39;ltdamus</span> <span class='ocrx_word' id='word_1_854' title='bbox 3370 5604 3815 5690; x_wconf 57' lang='grc' dir='ltr'>’ἰιῆὲὲῖπὲᾚέ</span> 
     </span>
    </p>
   </div>
   <div class='ocr_carea' id='block_1_109' title="bbox 388 5674 3762 5757">
    <p class='ocr_par' dir='ltr' id='par_1_109' title="bbox 388 5674 3762 5757">
     <span class='ocr_line' id='line_1_112' title="bbox 388 5674 3762 5757; baseline -0.015 -3"><span class='ocrx_word' id='word_1_855' title='bbox 388 5674 560 5734; x_wconf 66' lang='lat' dir='ltr'>bens&#39;</span> <span class='ocrx_word' id='word_1_856' title='bbox 592 5680 670 5751; x_wconf 77' lang='grc' dir='ltr'>(η)</span> <span class='ocrx_word' id='word_1_857' title='bbox 702 5674 939 5738; x_wconf 69' lang='lat' dir='ltr'>voculis</span> <span class='ocrx_word' id='word_1_858' title='bbox 967 5679 1056 5734; x_wconf 70' lang='grc' dir='ltr'>καὶ</span> <span class='ocrx_word' id='word_1_859' title='bbox 1083 5685 1149 5736; x_wconf 76' lang='grc' dir='ltr'><strong>νᾶ</strong></span> <span class='ocrx_word' id='word_1_860' title='bbox 1178 5685 1330 5742; x_wconf 73' lang='lat' dir='ltr'>nihil</span> <span class='ocrx_word' id='word_1_861' title='bbox 1359 5685 1681 5757; x_wconf 79' lang='lat' dir='ltr'>respondet</span> <span class='ocrx_word' id='word_1_862' title='bbox 1705 5686 1768 5742; x_wconf 81' lang='lat' dir='ltr'>in</span> <span class='ocrx_word' id='word_1_863' title='bbox 1800 5687 2119 5757; x_wconf 78' lang='lat' dir='ltr'>Lequieno.</span> <span class='ocrx_word' id='word_1_864' title='bbox 2325 5674 2328 5676; x_wconf 29' lang='grc'>⁷</span> <span class='ocrx_word' id='word_1_865' title='bbox 2657 5674 2715 5677; x_wconf 38' lang='grc'>””</span> <span class='ocrx_word' id='word_1_866' title='bbox 2770 5674 2828 5676; x_wconf 36' lang='grc' dir='ltr'>’ὴ</span> <span class='ocrx_word' id='word_1_867' title='bbox 2851 5674 3032 5678; x_wconf 32' lang='lat' dir='ltr'>qu’“</span> <span class='ocrx_word' id='word_1_868' title='bbox 3077 5674 3340 5692; x_wconf 56' lang='lat'>&quot;&#39;&quot;&quot;&quot;&#39;“&quot;</span> <span class='ocrx_word' id='word_1_869' title='bbox 3380 5674 3444 5684; x_wconf 85' lang='lat'>&quot;&#39;</span> <span class='ocrx_word' id='word_1_870' title='bbox 3485 5674 3494 5684; x_wconf 91' lang='lat'><em>‘</em></span> <span class='ocrx_word' id='word_1_871' title='bbox 3513 5674 3677 5686; x_wconf 66' lang='lat' dir='ltr'>&quot;&quot;‘V</span> <span class='ocrx_word' id='word_1_872' title='bbox 3707 5674 3762 5698; x_wconf 61' lang='grc' dir='ltr'>ἠ</span> 
     </span>
    </p>
   </div>
  </div>
