4120 6398
273 404 418 462 13η

285 640 381 676 σοι
414 618 607 694 λόγος,
640 617 971 693 ἀποκρίθητί
1006 637 1121 689 μοι.

354 714 410 762 '0
470 709 694 765 ΧΡΙΣΤ.
757 705 833 761 Σὺ
889 705 1067 780 λέγεις
1124 706 1339 781 θὲλῃμα
1390 707 1552 776 εἶναι,
1610 706 1719 781 ἐγὼ
1800 702 1946 778 λέγω

276 798 501 872 ἀνοχὴν
533 796 624 851 καὶ
663 794 1045 871 μακροθυμίαν
1057 839 1068 852 .

357 888 420 944 Ὁ
454 889 612 944 ΣΑΡ.
648 885 818 943 Πόθεν
854 881 986 958 δύνῃ
1014 889 1181 940 τοῦτο
1208 893 1586 963 παραστῆσαιε

357 977 414 1030 '0
445 978 687 1034 ΧΡΙΣΤ.
723 973 820 1029 Διὰ
872 974 1211 1050 πραγμάτων
1262 973 1360 1053 ἔφη
1416 977 1554 1051 πρὸς
1603 974 1942 1050 Σαρακηνόν’

273 1062 621 1139 Καθημένου
644 1064 786 1137 ἐμοῦ
816 1065 907 1118 καὶ
955 1068 1078 1134 σοῦ,
1131 1064 1167 1133 ἢ
1218 1066 1535 1139 ἱσταμένου,
1585 1063 1804 1120 δύναταί
1858 1084 1945 1124 τις

268 1155 339 1228 ἒξ
372 1158 533 1229 ἡμῶν
568 1152 693 1209 ἄνευ
721 1159 824 1222 τῆς
873 1150 1112 1225 ἐξουσίας
1158 1154 1247 1209 καὶ
1289 1153 1602 1217 δεσποτείας
1655 1158 1752 1209 τοῦ
1807 1155 1944 1208 Θεοῦ

274 1244 591 1313 ἀναστῆναι
620 1244 656 1313 ἢ
688 1243 978 1311 κινηθῆναι
1004 1260 1019 1311 ς

357 1333 459 1388 Καὶ
490 1334 519 1388 6
553 1340 708 1391 ΣΑΡ.
739 1328 836 1388 Οὕ.

357 1424 419 1480 Ὁ
451 1425 688 1480 ΧΡΙΣΤ.
718 1429 825 1479 Τοῦ
883 1428 1019 1481 Θεοῦ
1078 1422 1349 1494 εἰπόντος,
1408 1423 1497 1491 Μὴ
1563 1421 1799 1497 κλέψῃς,
1863 1423 1939 1495 μή

277 1510 622 1587 πορνεύσῃς,
660 1514 735 1585 μὴ
770 1514 1062 1588 φονεύσῃς,
1095 1511 1157 1567 οὐ
1218 1509 1364 1575 θὲλει
1410 1511 1500 1565 ἳνα
1529 1508 1825 1585 κλὲψωμεν
1855 1510 1946 1565 καὶ

278 1601 675 1677 πυρνεύσωμεν
707 1604 797 1657 καὶ
828 1603 1204 1681 φονεύσωμεν.

362 1694 424 1751 Ὁ
459 1696 617 1750 ΣΛΡ.
650 1693 819 1769 Οὐχί.
877 1694 941 1752 Εἰ
1000 1694 1107 1770 γὰρ
1156 1689 1362 1763 ἔθελεν,
1414 1688 1602 1748 ούκᾶν
1634 1693 1801 1763 εἶπεν,
1852 1693 1939 1761 Μὴ

284 1781 523 1858 κλέψῃς,
559 1785 636 1857 μὴ
669 1784 990 1860 πορνεύσῃς,
1018 1785 1094 1857 μή
1128 1782 1415 1861 φονεύσῃς.

359 1963 419 2018 Ὁ
448 1963 678 2020 χΡιΣτ.
714 1963 854 2035 Δόξα
880 1963 961 2034 τῷ
983 1967 1121 2034 Θεῷ,
1152 1961 1235 2017 ὅτι
1266 1960 1329 2016 σὺ
1361 1960 1737 2036 ὡμολόγησας
1765 1960 1940 2036 λέγων

285 2052 322 2105 ἃ
354 2050 501 2116 θὲλω
530 2051 724 2109 εἰπεῖν.
761 2050 913 2110 Ἰδοὺ
937 2053 1159 2115 συνέθου
1194 2073 1311 2124 μοι,
1352 2051 1437 2107 ὅτι
1485 2049 1670 2115 οὐδεὶς
1699 2052 1749 2121 ἐξ
1780 2053 1941 2122 ἡμῶν

286 2138 413 2195 ἃνευ
456 2145 556 2196 τοῦ
613 2145 748 2197 Θεοῦ
806 2140 1029 2197 δύναται
1080 2139 1437 2211 ἀναστῆναιῆ
1468 2142 1779 2210 κινηθῆναι.
1841 2139 1941 2195 Καὶ

286 2230 372 2283 ὅτι
431 2229 494 2284 ού
549 2228 696 2286 θέλει
729 2231 913 2293 ὁΘεὸς
965 2228 1059 2283 ’ἱνα
1112 2228 1421 2304 κλήψωμεν
1472 2229 1507 2299 ἤ
1537 2228 1944 2304 πορνεύσωμεν.

285 2320 413 2376 Ἐάν
464 2317 586 2390 ἃρτι
644 2320 873 2381 ἀναστὰς
931 2319 1178 2386 ἆπὲλθω,
1227 2321 1318 2375 καὶ
1372 2318 1562 2394 κλὲψω
1593 2322 1629 2389 ἢ
1662 2319 1947 2393 πορνευώο

294 2429 391 2463 σω’
453 2408 507 2463 τί
558 2408 689 2464 αὐτὸ
748 2408 970 2483 λέγειςς
1030 2408 1261 2483 Θὲλημα
1318 2409 1541 2479 Θεοῦ,ἣ
1586 2411 1943 2485 συγχώρησιν

291 2495 385 2551 καὶ
414 2495 627 2573 ἀνοχὴν
656 2498 749 2553 καὶ
785 2498 1162 2574 μακροθυμίαν
1186 2518 1200 2569 ;

362 2677 419 2729 '0
452 2680 607 2733 ΣΑΡ.
645 2678 865 2747 Νοήσας
893 2678 985 2731 καὶ
1039 2678 1317 2749 Θαυμάσας
1365 2675 1490 2755 ἔφη’
1544 2675 1800 2747 ’Δληθῶς
1855 2672 1950 2731 οὕ-

288 2787 401 2828 τως
437 2762 578 2841 ἔχει.

362 2856 419 2908 '0
449 2856 676 2912 ΧΡΙΣΤ.
710 2854 926 2921 Νόησον
960 2855 1051 2910 καὶ
1086 2858 1269 2925 τοῦτο,
1327 2854 1410 2911 ὅτι
1462 2852 1767 2928 δυναμένου
1814 2858 1948 2910 Θεοῦ

288 2945 544 3015 πατάξαι,
576 2944 931 3019 ἀνεχώρησεν
963 2946 1100 3021 πρὸς
1144 2945 1237 3000 τὸν
1286 2947 1537 3019 σταυρόν·
1586 2947 1733 3000 τοῦτ’
1782 2942 1946 3005 ἔστιν.

288 3034 741 3109 ἐμακροθύμησεν
775 3034 1011 3104 ὲπὶετήν
1073 3034 1361 3110 ἁμαρτίαν
1424 3034 1580 3092 Ἀλλ’
1634 3036 1760 3090 ὅταν
1812 3032 1947 3109 θέλῃ

288 3123 424 3198 [ἵνα]
455 3126 807 3196 μετανοήσω,
871 3121 1179 3180 ἀποδίδωσί
1239 3147 1335 3198 μοι
1388 3126 1627 3199 καθάπερ
1686 3125 1777 3180 καὶ
1831 3130 1949 3187 τοῖς

295 3211 585 3275 Ἰουδαίοις
614 3214 888 3283 ἐποίησεν.
923 3214 1072 3272 Μετὰ
1101 3216 1206 3290 γὰρ
1250 3212 1391 3289 [ἔτη]
1443 3215 1609 3290 ὀλίγα
1659 3214 1945 3284 ἀνέστησεν

1278 404 1719 462 DISPUTATIO
1755 400 2122 459 SABAOINI
2155 399 2251 455 ΕΤ
2286 397 2729 453 CHRISTIANI.

350 532 413 588 Ὀ
447 532 602 588 ΣᾹΡ.
635 526 851 599 Οὕτως,
878 524 1037 607 φησὶ,
1087 527 1171 582 σοὶ
1216 525 1418 597 ἤθελυν
1470 529 1661 584 εἰπεῖν’
1712 524 1787 584 Ei’
1825 522 1939 580 ἐστί
1970 530 2024 596 Α

3570 399 3723 458 13η⁷

2129 525 2376 580 SABAC.
2409 524 2527 579 Hoc
2552 523 2757 595 utique
2788 522 2895 578 tibi
2945 523 3144 580 dicere
3183 525 3452 583 volebam
3479 530 3709 600 ratque

2057 616 2105 670 si
2138 615 2369 669 hiscere
2400 614 2556 685 potis
2581 631 2665 680 es,
2697 615 2991 686 responde
3022 616 3192 670 mihi.

2128 704 2397 759 CHRIST.
2431 706 2512 759 Tu
2560 705 2648 760 ais
2679 704 3049 760 voluntatem
3092 723 3244 775 esse,
3294 724 3400 781 ego
3431 708 3562 765 dico
3615 716 3710 766 to-

2056 794 2372 849 lerantiam
2407 799 2465 848 et
2495 793 3032 864 longanimitatem.

2128 884 2377 939 SARAC.
2413 884 2578 938 Unde
2606 883 2768 939 vales
2798 884 2911 938 hoc
2945 883 3359 941 demonstrare
3381 886 3409 942 ?

2130 974 2399 1028 CHRIST.
2435 975 2516 1027 Ex
2562 973 2740 1027 rebus
2770 973 2853 1027 ait
2888 972 2963 1028 ad
3012 973 3394 1041 Saracenum,
3451 977 3708 1035 Sedente

2055 1079 2151 1117 me
2180 1063 2271 1117 vel
2304 1068 2379 1129 te,
2411 1068 2515 1117 aut
2545 1063 2722 1117 etiam
2773 1068 2989 1131 stanto,
3040 1068 3236 1134 potest
3283 1065 3385 1136 qui
3430 1082 3501 1121 ex
3529 1067 3707 1123 nobis

2056 1152 2183 1207 sine
2214 1157 2504 1223 potestate
2538 1158 2597 1206 et
2624 1151 2868 1207 arbitrio
2900 1152 3003 1207 Dei
3029 1169 3269 1226 surgere
3310 1161 3413 1211 aut
3438 1157 3707 1213 moveri?

2128 1330 2375 1386 SARAC.
2424 1330 2915 1402 Haudquaquam.

2123 1421 2394 1475 CHRIST.
2440 1422 2682 1476 Dicente
2716 1423 2873 1476 Deo:
2924 1422 3051 1476 Non
3094 1420 3409 1489 furaberis,
3440 1438 3561 1478 non
3581 1422 3703 1479 foro

2053 1509 2370 1576 nicaberis,
2404 1527 2525 1565 non
2557 1509 2793 1565 occides
2820 1528 2835 1577 ;
2868 1526 3010 1566 sane
3040 1527 3161 1566 non
3181 1511 3308 1565 vult
3326 1516 3392 1566 ut
3414 1512 3702 1583 furemur,

2050 1599 2416 1654 fornicemur
2440 1605 2542 1654 aut
2569 1599 2931 1655 occidamus.

2125 1689 2375 1745 SARAC.
2426 1691 2555 1744 Non
2603 1690 2829 1759 utique.
2882 1689 2939 1743 Si
2988 1689 3148 1745 enim
3197 1688 3357 1744 istud
3394 1688 3707 1756 voluisset,

2054 1780 2211 1835 haud
2243 1781 2545 1851 edixisset,
2576 1782 2703 1835 Non
2734 1781 2975 1849 fureris,
3026 1797 3147 1836 non
3195 1780 3532 1853 forniceris,
3582 1797 3708 1837 non

1973 1911 2020 1975 B
2054 1870 2307 1925 occidas.

2122 1961 2392 2016 CHRIST.
2426 1959 2512 2014 Sit
2547 1960 2737 2032 gloria
2767 1962 2907 2030 Deo,
2957 1960 3100 2031 quia
3152 1965 3216 2016 tu
3264 1959 3545 2015 convenis
3576 1975 3708 2015 mea

2050 2066 2184 2104 cum
2231 2066 2300 2104 ea
2347 2050 2571 2117 dicens,
2620 2067 2751 2120 quas
2793 2051 2991 2106 dicere
3032 2050 3185 2106 volo.
3234 2052 3382 2123 Ergo
3429 2050 3707 2105 convenit

2051 2138 2156 2193 tibi
2184 2156 2440 2200 mecum,
2475 2140 2634 2210 quod
2674 2146 2946 2195 nostrum
2975 2156 3151 2195 nemo
3180 2138 3406 2209 absque
3442 2140 3573 2193 Deo
3596 2154 3707 2209 po-

2054 2234 2168 2283 test
2197 2245 2437 2301 surgere
2469 2236 2572 2283 aut
2595 2230 2837 2299 moveri,
2880 2230 3157 2300 quodque
3202 2245 3323 2282 non
3370 2228 3497 2282 vult
3524 2229 3727 2296 Deus,»

2052 2327 2120 2376 ut
2147 2321 2417 2376 furemur
2447 2326 2549 2376 aut
2574 2320 2959 2375 fornicemur.
2990 2320 3047 2374 Si
3100 2336 3235 2389 ergo
3276 2320 3405 2390 jam
3455 2335 3705 2391 surgens

2054 2410 2286 2475 abeam,
2318 2415 2497 2481 atque
2524 2410 2687 2465 furer
2715 2410 2805 2464 vel
2847 2410 3145 2464 fornicer:
3202 2408 3345 2479 quid
3392 2408 3553 2463 istud
3599 2424 3706 2478 ap-

2055 2499 2287 2572 pellas?
2343 2500 2526 2555 Deine
2565 2500 2930 2555 voluntatem
2985 2499 3076 2553 vel
3132 2497 3589 2570 indulgentiam,
3649 2501 3710 2552 et

2055 2590 2432 2644 tolerantiam
2462 2594 2641 2660 atque
2671 2590 3185 2663 longanimitatem
3206 2588 3233 2643 ?

2129 2680 2377 2734 SARAC.
2416 2679 2544 2733 Vim
2576 2679 3019 2749 persentiscens
3049 2679 3380 2735 admiratus
3423 2679 3541 2733 ait:
3594 2679 3706 2733 Re-

2055 2768 2185 2839 ipsa
2214 2767 2299 2821 sic
2330 2784 2391 2821 se
2424 2767 2623 2822 habet.

2125 2857 2395 2911 CHRIST.
2429 2856 2630 2928 Cogita
2659 2861 2718 2910 et
2747 2856 2879 2921 hoc,
2935 2855 3095 2926 quod
3135 2872 3268 2911 cum
3314 2860 3517 2927 posset
3544 2856 3702 2910 Deus

2056 2952 2389 3018 percutere,
2420 2946 2493 3001 ad
2523 2962 2762 3001 crucem
2792 2947 3100 3001 contendit
3125 2963 3138 3001 :
3170 2947 3280 3001 hoc
3312 2951 3403 3000 est
3428 2944 3710 3017 longani-

2057 3036 2262 3091 mitate
2292 3052 2437 3091 usus
2468 3042 2559 3091 est
2589 3051 2725 3107 erga
2754 3042 3077 3107 peccatam.
3114 3038 3187 3090 At
3216 3035 3458 3105 quando
3486 3034 3614 3089 vult
3644 3038 3715 3090 ut

2056 3142 2153 3180 me
2182 3125 2487 3197 paeniteat,
2521 3124 2718 3179 reddit
2748 3125 2933 3191 mihi;
2989 3141 3106 3195 quo
3158 3124 3332 3179 modo
3384 3124 3505 3196 agit
3533 3124 3715 3179 etiam

2059 3232 2196 3287 erga
2223 3215 2477 3270 Iudaeos.
2512 3217 2652 3269 Post
2679 3214 3054 3285 aliquantum
3078 3215 3238 3270 enim
3270 3213 3544 3269 excitavit
3571 3229 3714 3268 con-

290 3306 405 3359 κατ’
437 3303 615 3359 αὐτῶν
657 3303 752 3359 τὸν
808 3303 990 3373 Τίτον,
1045 3304 1135 3360 καὶ
1194 3304 1618 3375 Οὐεσπασιανὸν,
1672 3305 1761 3359 καὶ
1818 3304 1945 3367 τοὺς

2069 3275 2157 3361 ηιξ
2179 3305 2315 3360 illos
2345 3305 2538 3359 Titum
2567 3311 2625 3358 et
2657 3275 3087 3375 Vespasianum
3117 3310 3176 3359 et
3205 3305 3460 3370 ('iraacos,
3493 3309 3552 3358 et
3599 3302 3713 3358 de-

296 3390 606 3463 ’Βλληνας,
638 3393 729 3447 καὶ
759 3394 1009 3449 καθεῖλεν
1041 3393 1108 3448 τὰ
1138 3396 1465 3471 φρυάγματα
1493 3395 1695 3451 αὐτῶν.

372 3482 495 3538 Ἐὰν
525 3480 812 3554 ἐρωτηθῇς
846 3482 993 3555 παρὰ
1031 3487 1352 3558 Σαρακηνοῦ
1400 3482 1679 3557 λέγοντος’
1730 3483 1796 3541 Τί
1846 3482 1946 3540 λέ-

295 3591 412 3646 γεις
472 3571 605 3624 εἶναι
661 3571 754 3625 τὸν
812 3573 1092 3645 Χριστόν;
1153 3573 1271 3627 είπὶ
1316 3573 1482 3644 αύτῷ·
1556 3573 1732 3647 Λόγον
1792 3578 1948 3632 Θεοῦ.

297 3656 481 3729 Μηδὲν
514 3658 565 3712 ἐν
594 3656 772 3730 τούτῳ
802 3659 1017 3730 νομίζω
1066 3660 1416 3731 ἁμαρτάνειν,
1467 3658 1655 3730 ἐπειδὴ
1703 3663 1791 3716 καὶ
1842 3662 1949 3717 Λό-

296 3769 391 3825 γος
423 3748 637 3822 Λέγεται
667 3748 815 3821 παρὰ
842 3750 912 3820 τῇ
944 3752 1154 3825 Γραφῇ,
1184 3748 1274 3803 καὶ
1307 3750 1489 3826 σοφία,
1527 3750 1618 3804 καὶ
1681 3751 1947 3825 βραχίων,

296 3838 389 3893 καὶ
420 3834 650 3910 δυναμις
681 3841 839 3908 Θεοῦ,
870 3839 959 3892 καὶ
1004 3836 1149 3893 ἄλλα
1199 3837 1386 3894 πολλὰ
1434 3844 1679 3909 τοιαῦτα,
1726 3839 1952 3895 πολυώ-

296 3948 467 4000 νυμος
494 3928 595 4001 γὰρ
627 3925 792 3984 ἐστιν.
828 3928 930 3984 Καὶ
980 3927 1043 3982 σὺ
1100 3928 1477 4003 ἀντερώτησον
1531 3929 1688 3984 αὐτὸν
1749 3926 1946 4005 λέγων·

293 4016 363 4073 Τί
415 4015 637 4091 λέγεται
692 4017 841 4091 παρὰ
893 4020 962 4090 τῇ
1019 4022 1204 4095 Γραφῇ
1259 4020 1287 4073 6
1339 4019 1607 4093 Χριστόςς
1666 4018 1796 4081 ἴσως
1850 4017 1948 4074 κᾶν

294 4103 505 4180 θελήσῃ
539 4104 814 4181 ἐρωτῆσαί
842 4126 900 4159 σε
929 4107 956 4160 6
992 4107 1308 4176 Σαρακηνὸς
1366 4105 1507 4162 ἄλλο
1555 4129 1628 4175 τι,
1685 4109 1761 4180 μὴ
1814 4108 1949 4163 ἀπο-

290 4197 483 4269 κρίνου
516 4195 691 4266 αύτῷ,
721 4191 829 4256 ἓως
857 4192 919 4249 ἄν
949 4194 1102 4250 λύσει
1131 4197 1194 4251 τὸ
1227 4195 1490 4269 ἐρώτημά
1536 4218 1657 4253 σου.
1720 4200 1951 4273 Ἀνάγκῃ

289 4286 425 4355 ποίᾳ
457 4282 888 4357 ἆποκριθήσεταί
918 4305 1008 4337 σοι
1069 4284 1263 4360 λέγων·
1317 4286 1467 4361 Παρᾶ
1496 4290 1564 4360 τῇ
1596 4289 1783 4363 Γραφῇ
1844 4310 1949 4359 μου

289 4377 516 4445 Πνεῦμα
542 4372 634 4427 καὶ
664 4373 844 4448 Λόγος
895 4377 1032 4429 Θεοῦ
1080 4371 1294 4449 λέγεται
1322 4377 1349 4430 6
1384 4376 1637 4449 Χριστός.
1689 4377 1785 4433 Καὶ
1826 4378 1949 4432 τότε

289 4464 408 4519 εἰπὲ
469 4462 621 4536 αὐτῷ
680 4462 744 4517 σὺ
801 4463 990 4519 πάλιν’
1047 4462 1117 4519 Τό
1180 4464 1397 4538 Πνεῦμα
1451 4470 1551 4521 τοῦ
1607 4471 1741 4522 Θεοῦ
1796 4469 1885 4522 καὶ
1919 4470 1947 4523 6

288 4555 487 4629 Λόγος,
545 4552 693 4626 παρὰ
750 4556 818 4627 τῇ
871 4558 1057 4631 Γραφῇ
1116 4576 1239 4623 σου,
1296 4555 1520 4611 ἄκτιστα
1603 4556 1847 4631 λέγονται
1906 4556 1942 4627 ἦ

2048 3399 2200 3472 jecit
2226 3398 2619 3469 petulantiam
2647 3413 2873 3451 eorum.
3194 3468 3200 3474 α

2132 3488 2187 3543 Si
2220 3487 2627 3559 interrogeris,
2663 3486 2953 3541 Saraceno
2977 3485 3231 3551 dicente;
3250 3486 3435 3549 Quem
3466 3483 3553 3538 ais
3577 3498 3709 3539 esse

2057 3576 2404 3633 Christum?
2443 3576 2758 3647 Responde
2807 3574 2915 3642 illi,
2968 3573 3223 3629 Verbum
3270 3574 3392 3628 Dei.
3441 3572 3597 3626 Nihil
3647 3572 3709 3626 in

2058 3667 2170 3721 hoc
2199 3665 2474 3720 aberrare
2506 3664 2779 3732 arbitror,
2813 3663 3093 3735 quoniam
3115 3668 3176 3717 et
3206 3662 3461 3716 Verbum
3490 3660 3711 3715 dicitur

2059 3772 2093 3811 a
2140 3756 2460 3825 Scriptura,
2513 3759 2571 3808 et
2617 3754 2911 3824 sapientia
2956 3760 3016 3807 et
3062 3753 3370 3807 brachium
3421 3757 3481 3806 et
3524 3750 3710 3805 virtus

2058 3846 2183 3912 Dei,
2226 3850 2284 3899 et
2331 3844 2448 3898 alia
2494 3844 2555 3898 id
2597 3859 2783 3915 genus
2826 3841 3035 3897 multa.
3088 3840 3494 3895 Multinomius
3547 3840 3709 3895 enim

2057 3940 2167 3990 est.
2200 3936 2282 3988 Tu
2311 3949 2446 3987 vero
2477 3932 2735 3986 vicissim
2769 3933 3067 4003 interroga
3094 3947 3229 3985 eum
3279 3929 3522 3995 dicens;
3553 3928 3703 3993 Quid

2056 4029 2297 4079 vocatur
2326 4039 2361 4077 a
2382 4022 2691 4093 Scriptura
2721 4020 3018 4075 Christus?
3046 4022 3317 4075 Fortasse
3350 4018 3583 4073 etiamsi
3612 4034 3710 4072 ve-

2058 4112 2128 4167 lit
2151 4113 2517 4183 interwgare
2552 4116 2609 4165 te
2640 4112 2968 4165 Saracenus
2999 4109 3072 4164 de
3103 4109 3305 4180 aliqua
3334 4107 3454 4163 alia
3480 4124 3544 4162 re
3570 4124 3584 4173 ;
3630 4123 3707 4162 ne

2054 4202 2419 4274 respondeas
2440 4201 2529 4255 illi
2544 4206 2863 4271 antequam
2877 4199 2962 4255 sol
2973 4199 3121 4253 verit
3133 4198 3497 4270 postulatum
3514 4202 3705 4254 tuum.

2056 4296 2181 4360 Qua
2208 4290 2563 4346 necessitate
2582 4297 2820 4345 coactus
2850 4288 3236 4359 respondebit
3264 4286 3370 4342 tibi
3401 4286 3630 4342 dicens:
3661 4287 3711 4342 Λ

2055 4384 2357 4454 Scriptura
2376 4397 2509 4435 mea
2532 4379 2783 4450 Spiritus
2815 4383 2873 4433 et
2904 4378 3151 4433 Verbum
3186 4378 3287 4431 Dei
3319 4375 3538 4431 dicitur
3552 4375 3714 4429 Chri-

2056 4474 2282 4529 stus.Et
2309 4476 2450 4525 tunc
2492 4470 2586 4525 dic
2634 4468 2721 4523 illi
2772 4474 2835 4523 tu
2886 4483 3147 4538 quoque:
3199 4466 3450 4537 Spiritus
3499 4464 3603 4519 Dei
3653 4467 3713 4519 et

2057 4562 2312 4617 Verbum
2334 4577 2367 4615 a
2390 4558 2689 4630 Scriptura
2713 4564 2815 4612 tua
2843 4558 3106 4612 increata
3136 4555 3435 4619 dicuntur,
3470 4570 3547 4608 an
3572 4569 3711 4609 vero

284 4643 516 4712 κτιστάς
551 4643 648 4698 Καὶ
680 4642 809 4697 ἐπὰν
848 4641 974 4717 tif-rm
1031 4644 1115 4699 ὃτι
1175 4644 1399 4700 ἃκτιστά
1457 4646 1611 4711 εἶσιν,
1672 4648 1788 4702 εἰπὲ
1844 4647 1942 4702 αύ-

2069 4656 2256 4706 :reata
2275 4650 2303 4704 ?
2322 4651 2404 4703 Ac
2426 4648 2526 4702 ubi
2551 4647 2931 4719 responderit
2951 4652 3150 4701 creata
3181 4661 3333 4711 esse,
3356 4644 3451 4698 dic
3475 4642 3564 4697 ei:
3596 4644 3710 4697 Ec-

281 4736 382 4805 τῷο
417 4732 515 4787 Καὶ
544 4732 625 4794 τίς
678 4729 859 4786 ἔκτισε
914 4732 978 4787 τὸ
1028 4738 1249 4807 Πνεῦμα
1306 4734 1397 4788 καὶ
1455 4736 1548 4790 τὸν
1614 4735 1785 4811 Λόγον
1841 4736 1938 4791 τοῦ

283 4826 454 4891 Θεοῦ;
518 4822 616 4877 Καὶ
671 4819 760 4875 ἐὰν
821 4820 873 4894 ἐξ
932 4822 1165 4897 ἀπορίας
1219 4821 1343 4897 εἷ’πῃ
1400 4845 1509 4893 σοι,
1578 4824 1660 4880 ὅτι
1721 4826 1749 4880 6
1805 4825 1937 4889 Θεὸς

279 4910 415 4966 αὐτὰ
468 4908 699 4983 ἔκτισεν,
758 4909 895 4967 εἰπὲ.
958 4908 1098 4966 Ἰδοὺ
1158 4910 1204 4966 εί
1265 4910 1450 4989 ἔλεγον
1511 4912 1616 4989 ἐγὼ
1687 4914 1822 4989 πρὸς
1879 4915 1938 4970 σὲ

277 5003 464 5069 τοῦτο,
496 4996 678 5073 ἔλεγες
712 4996 772 5054 ἄν
805 4999 944 5072 πρὸς
1004 5001 1093 5074 μὶ,
1152 5000 1236 5055 ὃτι
1288 5002 1581 5076 ’Πφάνισας
1637 5004 1737 5072 τὴν
1797 5024 1933 5078 μαρ-

278 5089 465 5165 τυρίαν
497 5107 615 5143 σου⁶
648 5089 739 5143 καὶ
782 5094 882 5145 τοῦ
929 5089 1131 5146 λοιποῦ
1181 5091 1244 5146 οὐ
1295 5091 1605 5147 πιστεύεστε
1634 5096 1711 5167 (ο)
1742 5093 1841 5149 ὅσα
1870 5096 1931 5149 ἄν

279 5178 462 5254 εἷ’πῃςο
496 5179 685 5251 Ὅμως
717 5176 811 5232 οῦν
843 5180 935 5234 καὶ
964 5184 1125 5235 τοῦτο
1155 5179 1346 5251 ἐρωτω
1402 5202 1481 5251 σε,
1525 5184 1632 5258 πρὸ
1670 5188 1767 5238 τοῦ
1812 5184 1932 5239 κτί-

2053 4740 2187 4810 quis
2219 4739 2439 4793 creavit
2470 4738 2572 4792 Dei
2619 4737 2903 4807 Spiritum
2934 4741 2995 4790 et
3022 4734 3277 4789 Verbum
3300 4733 3327 4787 ?
3356 4730 3522 4797 Quod
3554 4732 3602 4786 si
3634 4730 3710 4785 ad

2048 4829 2264 4884 incitas
2297 4828 2574 4882 redactus
2616 4826 2833 4881 dixerit
2878 4825 3007 4895 tibi,
3062 4825 3245 4878 Deum
3298 4822 3403 4876 illa
3432 4836 3708 4885 creasse;

2044 4935 2291 4993 regere:
2324 4918 2472 4972 Etsi
2523 4917 2805 4973 dixissem
2858 4932 2963 4989 ego
3015 4915 3121 4969 tibi
3165 4931 3291 4969 rem
3336 4910 3705 4982 hujusmodi,

2044 5009 2458 5082 reSpondisses
2486 5008 2751 5080 profecto
2783 5007 2930 5062 mihi
2960 5024 2971 5061 :
3006 5009 3048 5061 E
3080 5006 3275 5060 medio
3310 5000 3603 5059 sustulisti
3629 5005 3711 5055 te-

2044 5100 2397 5155 stimonium
2420 5105 2684 5164 tuum,ac
2698 5116 2873 5169 porro
2889 5096 3045 5151 haud
3069 5092 3515 5151 conﬁrmaveris
3537 5106 3708 5161 quaa-

2042 5200 2277 5260 cunque
2300 5187 2950 5243 dixeris.Nihilominus
2999 5191 3057 5241 et
3086 5184 3245 5240 istud
3273 5188 3328 5238 te
3360 5184 3658 5253 interrogo

277 5290 363 5324 σαι
398 5268 425 5323 6
483 5268 616 5330 Θεὸς
672 5268 764 5322 τὸν
824 5267 1002 5342 Λόγον
1057 5269 1147 5324 καὶ
1204 5270 1267 5326 τὸ
1325 5275 1565 5345 Πνεῦμα,
1627 5271 1724 5327 οὐκ
1780 5277 1928 5349 εἶχεν

2069 5284 2379 5349 ιηιεῳιεηι
2411 5283 2643 5333 crearet
2672 5279 2826 5332 Deus
2858 5276 3114 5332 Verbum
3143 5280 3202 5329 et
3232 5273 3537 5344 Spiritum,
3580 5286 3703 5326 non

275 5362 491 5432 Πνεῦμα
523 5354 647 5412 εὐδὶ
675 5355 891 5431 Λόγον;
928 5358 1028 5412 Καὶ
1060 5358 1305 5435 φεύξεται
1353 5360 1460 5415 ἀπὸ
1510 5365 1607 5415 σοῦ
1652 5363 1729 5432 μὴ
1768 5360 1927 5439 ’ἔχων

2069 5368 2299 5423 labebat
2324 5368 2611 5438 Spiritum
2642 5383 2837 5437 neque
2871 5364 3157 5420 Verbum?
3182 5369 3357 5432 atque
3380 5359 3707 5415 declinabit

273 5448 329 5504 τί¹
358 5449 745 5524 ἀποκριθῆναι.
780 5446 1061 5523 Αἱρετικοὶ
1093 5449 1195 5522 γὰρ
1230 5448 1363 5504 εἰσιν
1403 5451 1456 5505 οἱ
1502 5455 1746 5507 τοιοῦτοι
1792 5454 1929 5509 κατὰ

2047 5474 2080 5513 a
2110 5463 2188 5525 te,
2219 5474 2340 5514 non
2371 5457 2596 5514 habens
2630 5456 2774 5529 quid
2823 5455 3202 5529 respondeat.
3238 5450 3509 5510 Haeretici
3542 5451 3705 5509 enim

1657 5624 1896 5682 VARUE
1937 5626 2230 5687 ιιΕΟΤΙΟΝ
2236 5628 2336 5685 ES.

344 5737 419 5809 (ο)
451 5736 623 5793 Forte
654 5753 965 5791 πιστευεται
996 5739 1091 5794 vet
1118 5735 1556 5811 πιστευθήσεται.
