4120 6398
425 387 566 445 1343

436 621 552 676 que
585 611 723 660 sunt
753 605 1187 661 abominabiles
1217 613 1274 660 et
1302 607 1668 678 propudiosi:
1689 613 1748 662 et
1777 609 1824 662 si
1859 608 2086 662 huncce

436 695 697 752 volueris
720 696 1032 752 traducere
1063 697 1219 768 apud
1250 697 1513 768 reliquos
1544 698 1887 765 Saracenos,
1913 698 2083 752 time-

436 784 526 840 bit
557 790 612 840 te
643 785 984 840 admodum.
1020 785 1183 850 Quod
1215 786 1262 840 si
1295 787 1746 858 interrogaverit
1769 793 1823 842 te
1855 788 2087 842 Sarace-

435 892 551 931 nus
582 875 879 945 inquiens:
914 876 1227 930 Sermones
1260 877 1359 930 Dei
1393 878 1576 932 creati
1609 882 1748 931 sunt
1768 893 1840 931 an
1865 878 2088 932 increa-

436 966 480 1021 ti
501 965 529 1020 ‘I
559 966 762 1020 Solent
792 965 950 1019 enim
984 966 1156 1020 nobis
1186 966 1446 1037 objicere
1480 967 1633 1021 hanc
1673 967 2082 1038 interrogatio-

434 1073 572 1112 nem
587 1056 1169 1112 vehementissimam
1181 1057 1478 1124 ,voluntes
1490 1057 1803 1112 ostendere
1819 1063 2083 1112 creatum

432 1164 562 1203 esse
595 1147 848 1202 Verbum
883 1147 1008 1215 Dei,
1043 1147 1200 1218 quod
1233 1164 1378 1202 sane
1419 1164 1541 1202 non
1575 1154 1682 1202 est.
1717 1148 1881 1213 Quod
1914 1149 1960 1203 si
1997 1148 2082 1202 di-

428 1235 586 1292 xeris
615 1242 870 1304 creatos,
903 1236 1124 1308 regerit
1151 1241 1360 1290 contra
1389 1241 1468 1301 te,
1520 1237 1678 1307 quod
1710 1254 1843 1291 ecce
1876 1253 2084 1292 omnes

431 1323 515 1379 dii
545 1341 680 1379 vero
707 1341 830 1379 non
861 1331 1019 1381 sunt.
1067 1327 1214 1380 Ecce
1247 1330 1308 1378 tu
1354 1325 1662 1381 confessus
1711 1344 1794 1395 es,
1828 1325 2082 1380 Verbum

429 1413 556 1481 Dei,
613 1430 752 1468 cum
810 1415 889 1468 sit
937 1414 1228 1483 Christus,
1283 1417 1468 1470 Deum
1517 1420 1716 1470 tamen
1765 1433 1886 1470 non
1929 1433 2080 1473 esse.

431 1502 850 1570 Quamobrem,
929 1519 1128 1574 neque
1206 1511 1435 1560 creatos
1518 1521 1713 1576 neque
1788 1506 2083 1562 increatos

433 1591 809 1647 Christianus
839 1594 1208 1664 respondens
1239 1594 1326 1648 illi
1357 1594 1622 1666 appellat
1662 1594 1932 1665 (dicens),
1966 1598 2080 1668 Ego

430 1695 621 1735 unum
665 1682 859 1737 solum
914 1683 1165 1738 Verbum
1218 1683 1320 1738 Dei
1352 1685 1413 1738 in
1458 1685 1761 1756 hypostasi
1792 1685 2082 1740 conﬁteor

431 1769 590 1840 quod
621 1770 699 1825 sit
726 1772 1078 1840 increatum,
1120 1773 1624 1844 quemadmodum
1654 1780 1714 1829 et
1744 1780 1805 1828 tu
1831 1775 2082 1830 conﬁte-

1962 389 2333 444 ADDENDA.

433 520 576 572 sunt
600 515 701 587 qui
732 515 845 572 hoc
874 516 1177 572 afﬁrmant
1223 517 1376 589 apud
1417 517 1762 585 Saracenos,
1795 517 2085 573 maxime-

2203 514 2574 590 Σαρακηνοὺς,
2629 515 2721 572 καὶ
2776 517 2916 572 πάνυ
2973 514 3262 594 βδελυκτοῖ
3337 517 3426 573 καὶ

3719 389 3876 448 1344

3511 511 3872 588 ἀπόϐλητον

2198 605 2288 661 xui
2322 606 2410 660 ἐὰν
2440 606 2599 661 αὐτὸν
2630 604 2790 680 θέλῃς
2823 605 3181 680 δημοσιεῦσαι
3227 612 3347 669 τοῖς
3393 606 3612 670 λοιποῖς
3674 614 3874 684 Σαρα-

2196 701 2388 765 κηνοῖς
2422 691 2796 774 φοϐηθήσεταί
2829 717 2884 751 σε
2915 695 3059 752 πολύ
3090 701 3193 769 (p).
3228 697 3332 752 Kui
3367 696 3454 751 έὰν
3508 696 3781 773 ἐρωτήσῃ
3813 719 3876 752 σε

2198 785 2226 838 ὁ
2260 785 2576 860 Σαρακηνὸς
2612 785 2811 859 λέγων·
2844 786 2919 840 Τὰ
2950 787 3120 861 Λόγια
3147 790 3244 840 τοῦ
3290 791 3424 842 Θεοῦ
3469 788 3668 842 κτιστά
3728 787 3872 842 εἰσιν

2195 875 2232 942 ἢ
2293 874 2562 943 uxrio-“cu;
2623 879 2792 930 Τοῦτο
2847 877 2948 949 γὰρ
3029 871 3444 948 προϐάλλονται
3499 879 3638 952 πρὲς
3712 879 3879 949 ἡμᾶς

2199 963 2460 1040 ἐρώτημα
2487 962 2793 1020 δεινότατον
2827 964 3075 1029 θέλοντες
3116 963 3394 1036 ἀποδεῖξαι
3443 964 3661 1021 κτιστὸν
3728 965 3877 1020 εἶναι

2196 1055 2286 1109 τὸν
2319 1056 2496 1130 Λόγον
2524 1059 2623 1110 τοῦ
2655 1058 2811 1124 Θεοῦ,
2872 1054 3004 1124 ὅπερ
3054 1053 3154 1109 οὐκ
3208 1053 3372 1112 ἔστιν.
3432 1055 3496 1113 Ei
3553 1053 3610 1110 δὲ
3668 1051 3873 1130 εἴπῃς·

2197 1143 2400 1200 Κτιστά
2431 1143 2588 1213 εἰσιν,
2625 1143 2771 1221 λέγει
2803 1165 2912 1210 σοι,
2941 1143 3024 1198 ὅτι
3059 1141 3180 1198 ἰδοὺ
3231 1149 3402 1200 ταῦτα
3459 1143 3631 1199 πάντα
3694 1142 3877 1219 λόγια

2193 1236 2292 1287 τοῦ
2318 1236 2451 1287 Θεοῦ
2485 1233 2822 1308 ὑπάρχοντα,
2857 1232 3080 1288 άκτιστα
3142 1232 3238 1306 μέν
3291 1232 3416 1303 εἶσι,
3463 1233 3588 1289 Θεοὶ
3641 1230 3711 1288 δὲ
3766 1230 3876 1288 οῦκ

2195 1321 2347 1379 εἰσιν.
2382 1319 2522 1380 Ἰδοὺ
2554 1322 2616 1377 σὺ
2649 1321 3043 1398 ὡμολόγησας,
3099 1322 3181 1378 ὅτι
3215 1324 3243 1378 6
3272 1323 3503 1399 Χριστὸς
3557 1325 3756 1399 Λόγος
3790 1320 3870 1377 ὢν

2192 1415 2290 1466 τοῦ
2322 1415 2478 1480 Θεοῦ,
2510 1411 2612 1466 οὐκ
2641 1407 2753 1467 ἔστι
2783 1412 2935 1474 Θεός.
2969 1413 3062 1467 Διὸ
3099 1409 3241 1486 μηδὲ
3268 1413 3460 1468 κτιστὸ.
3515 1410 3662 1487 μηδὶ
3711 1411 3871 1468 ἄκτι-

2193 1522 2290 1556 στα
2322 1501 2350 1556 6
2383 1503 2704 1576 Χριστιανὸς
2752 1501 3066 1576 ἀποκριθεὶς
3118 1501 3262 1575 αὐτῷ
3321 1501 3492 1577 λέγει·
3553 1503 3709 1578 Ἐγὼ
3769 1499 3873 1557 ἕνα

2197 1589 2361 1664 μόνον
2395 1591 2569 1666 Λόγον
2595 1595 2693 1646 τοῦ
2725 1595 2860 1646 Θεοῦ
2889 1590 2942 1646 έν
2977 1591 3266 1647 ὑποστάσει
3298 1590 3566 1667 ὁμολογῶ
3594 1589 3868 1647 ἄκτιστον

2192 1675 2341 1749 ὄντα,
2372 1682 2612 1756 καθάπερ
2660 1681 2751 1736 καὶ
2797 1681 2858 1736 σὺ
2917 1680 3305 1756 ιξιμολόγησαςο
3363 1681 3464 1750 τήν
3509 1678 3571 1736 δὲ
3628 1679 3866 1736 ἃπασα-

2193 1772 2410 1849 Γραφήν
2445 1791 2573 1844 μου,
2624 1772 2689 1826 οὐ
2749 1770 2897 1846 λέγω
2954 1772 3147 1847 Λόγια,
3202 1770 3353 1826 ἀλλὰ
3407 1770 3631 1847 ῥήματα
3690 1775 3862 1826 Θεοῦ.

427 1858 550 1927 ris;
581 1859 735 1915 hanc
767 1866 949 1916 totam
981 1863 1347 1934 Scripturam
1380 1879 1573 1919 meam
1607 1881 1726 1918 non
1771 1864 1902 1919 dico
1952 1881 2073 1920 ser-

2194 1859 2292 1915 Kui
2327 1860 2413 1914 ἐὰν
2448 1858 2572 1935 εἷ’πῃ
2616 1861 2644 1915 ὁ
2693 1859 3029 1936 Σαρακηνός’
3084 1861 3182 1916 Καὶ
3229 1863 3347 1922 πῶς
3409 1857 3551 1934 λέγει
3585 1861 3614 1915 6
3647 1855 3854 1916 Δαϐίδ·

429 1963 664 2019 mones,
693 1950 798 2004 sed
828 1949 1120 2007 dictiones
1152 1953 1275 2007 Dei.
1310 1953 1477 2018 Quod
1506 1954 1555 2008 si
1586 1954 1802 2008 dixerit
1839 1956 2080 2010 Sarace-

432 2054 586 2095 nus:
617 2040 922 2104 Quomodo
956 2059 1091 2115 ergo
1117 2043 1202 2098 ait
1230 2044 1410 2099 David
1441 2061 1453 2098 :
1485 2066 1513 2095 «
1546 2045 1862 2100 Sermones
1894 2045 2086 2099 Domi-

437 2128 522 2196 ni,
552 2145 858 2186 sermones
887 2133 1018 2202 puri
1051 2130 1112 2198 9;
1147 2156 1168 2184 ι
1208 2139 1267 2188 et
1307 2150 1429 2189 non
1455 2150 1468 2188 :
1500 2133 1794 2189 dictiones
1824 2135 2082 2202 Domini,

431 2217 728 2274 dictiones
785 2221 990 2290 purae?
1045 2221 1149 2277 Dic
1179 2223 1272 2277 ei:
1333 2224 1505 2278 Vates
1554 2224 1802 2296 ﬁgurate
1852 2223 2086 2279 locutus

436 2313 546 2376 est,
579 2313 640 2364 at
669 2325 793 2364 non
824 2311 1083 2382 proprie.
1117 2311 1285 2376 Quod
1315 2313 1364 2367 si
1415 2311 1522 2367 tibi
1552 2312 1784 2368 dixerit.
1819 2313 1971 2378 Quid
1999 2319 2089 2368 est

436 2397 688 2471 ﬁgurata
722 2401 1031 2472 propriave
1077 2401 1347 2457 locutio?
1391 2404 1473 2457 Tu
1514 2419 1752 2475 regeras
1781 2403 1908 2457 illi:
1944 2405 2087 2457 Pro-

431 2488 562 2560 pria
591 2488 811 2545 locutio
861 2495 951 2545 est
996 2497 1159 2546 certa
1201 2491 1630 2548 demonstratio
1681 2493 1788 2557 rei,
1836 2493 2086 2564 ﬁgurata

431 2592 568 2631 vero
599 2577 819 2633 locutio
880 2583 969 2634 est
1014 2580 1215 2635 minus
1273 2586 1434 2636 certa
1487 2582 1573 2636 rei
1631 2581 2081 2636 demonstratio.

431 2666 597 2732 Quod
625 2667 674 2722 si
733 2675 994 2740 opponat
1039 2669 1143 2724 tibi
1190 2671 1558 2726 Saracenus:
1609 2671 1844 2726 Fierine
1891 2676 2087 2742 potest

428 2761 496 2813 ut
546 2758 837 2828 propheta
886 2761 1157 2815 enuntiet
1182 2761 1380 2815 minus
1431 2767 1654 2816 certam
1685 2761 1770 2816 rei
1804 2761 2082 2816 demons-

429 2845 751 2902 trationem
772 2847 799 2902 ?
823 2849 926 2904 Dic
957 2850 1010 2903 ei
1043 2851 1243 2905 statim
1270 2866 1283 2906 :
1317 2853 1382 2904 ln
1417 2851 1724 2922 prophetis
1757 2850 2085 2906 inanimata

430 2951 718 3007 personas
750 2937 901 3002 ﬁeri,
934 2939 1257 3010 oculosque
1289 2945 1348 2994 et
1375 2956 1478 2996 ora
1517 2942 1602 2995 eis
1636 2940 1810 2994 tribui
1843 2940 2080 2995 videris.

432 3026 824 3097 Quapropter,
871 3050 898 3076 ‹‹
946 3030 1101 3083 Mare
1153 3029 1298 3083 vidit
1345 3035 1404 3083 et
1449 3030 1598 3099 fugit
1628 3031 1692 3083 ¹⁰.
1727 3052 1756 3079 υ
1807 3031 2082 3084 Attamen

428 3131 592 3170 mare
622 3116 830 3172 oculos
862 3135 984 3173 non
1017 3119 1214 3188 habet,
1262 3137 1455 3190 neque
1505 3120 1668 3174 enim
1717 3121 1941 3175 animal
1973 3126 2079 3175 est.

2191 1973 2220 2002 «
2253 1949 2426 2024 Λόγια
2458 1951 2680 2022 Κυρίου,
2716 1947 2878 2025 λόγια
2907 1951 3059 2027 ἁγνά·
3095 1975 3118 2002 ι
3153 1949 3245 2005 καὶ
3297 1948 3450 2024 οὐχὶ,
3491 1947 3568 2003 Τὰ
3621 1949 3691 2023 ῥή
3705 1971 3858 2024 ματα

2192 2038 2417 2114 Κυρίου,
2478 2039 2700 2115 ῥήματα
2766 2041 2937 2118 ἁγνά;
3013 2039 3131 2094 εἰπὲ
3205 2039 3373 2112 αὐτῷ-
3429 2041 3488 2095 Ὀ
3544 2042 3858 2120 Προφήτης

2189 2126 2606 2204 τροπολογικῶς
2643 2129 2939 2200 ἐλάλησεν,
2995 2130 3086 2185 καὶ
3139 2128 3201 2184 οὐ
3260 2128 3692 2206 κυριολογικῶς.
3744 2130 3852 2186 Καὶ

2192 2217 2280 2272 έάν
2315 2239 2400 2272 σοι
2427 2216 2576 2293 εἶ’πῃ⁶
2619 2219 2683 2275 Τί
2742 2218 2884 2274 ἐστιν
2937 2217 3277 2295 τροπολογία
3329 2219 3422 2274 καὶ
3477 2217 3855 2294 κυριολογία;

2193 2304 2310 2361 εἰπὲ
2339 2306 2504 2378 αὐτῷ·
2549 2305 2886 2385 Κυριολογία
2943 2309 3036 2381 μέν
3093 2307 3258 2379 ἐστιν,
3318 2303 3512 2384 βεϐάία
3567 2305 3854 2380 ἀπόδειξις

2193 2394 2541 2471 πράγματοςο
2571 2395 2915 2472 τροπολογία
2945 2396 3003 2453 δέ
3033 2397 3176 2453 ἰστιν
3237 2393 3491 2461 ἀϐέϐαιος
3545 2395 3847 2468 ἂπόδειξις·

2195 2487 2294 2542 Καὶ
2328 2485 2416 2540 ἐάν
2461 2508 2546 2541 σοι
2596 2485 2720 2561 εἷ’πῃ
2781 2489 2808 2542 6
2869 2489 3206 2564 Σαρακηνός’
3268 2485 3582 2564 Ἐνόέχεται
3623 2489 3846 2566 προφή-

2189 2596 2290 2645 την
2324 2574 2492 2630 εἰπεῖν
2556 2572 2812 2632 ἀϐέϐαιον
2870 2575 3185 2648 ἀπόδειξιν;
3246 2576 3363 2632 sini
3417 2577 3564 2650 αὐτῷ
3621 2577 3844 2642 εὐθέως·

2193 2665 2315 2720 Ἐπὶ
2345 2673 2463 2732 τοῖς
2487 2670 2799 2746 προφήταις
2824 2669 2893 2723 τὰ
2939 2665 3126 2742 ἄψυχα
3182 2667 3449 2742 πρόσωπα
3503 2672 3707 2734 ποιεῖν,
3757 2667 3847 2721 xui

2193 2758 2515 2840 ὀφθαλμοὺς
2570 2759 2659 2813 καὶ
2712 2758 2956 2831 στόματα
3012 2759 3172 2831 θεάσῃ
3229 2758 3435 2819 αὐτοῖς·
3498 2756 3658 2828 ὥστε,
3718 2781 3746 2809 ιι
3778 2759 3838 2813 Ἡ

2189 2850 2430 2906 Θάλασσα
2460 2847 2617 2919 εἶδεν,
2649 2849 2738 2904 καὶ
2767 2845 2982 2926 ἔφυγεν.
3013 2869 3040 2900 ι
3079 2845 3220 2902 Ἰδοὺ
3250 2846 3342 2902 καὶ
3374 2844 3618 2912 θάλασσα
3637 2846 3842 2923 ὀφθαλ-

2196 2941 2331 3015 μοὺς
2359 2942 2462 2996 οὐκ
2493 2936 2634 3016 ἔχει,
2675 2939 2738 2994 οὐ
2786 2936 2888 3014 γάρ
2935 2937 3078 2993 ἔστιν
3120 2934 3394 3014 ἔμψυχος.
3453 2937 3557 2994 Καὶ
3612 2937 3772 2992 πάλιν
3804 2938 3832 2992 6

2191 3031 2350 3093 αὐτὸς
2375 3032 2673 3106 Προφήτης
2705 3030 2778 3090 ὡς
2808 3025 3058 3104 ἔμψυχον
3121 3027 3287 3096 αὐτὴν
3349 3025 3678 3102 διαλέγεταιο
3710 3051 3734 3078 ‹‹
3767 3025 3835 3082 Τί

2190 3122 2274 3177 σοί
2304 3120 2438 3190 ἐστι,
2470 3119 2734 3186 Θάλασσα,
2777 3118 2861 3174 ὅτι
2905 3113 3134 3192 ἕφυγεςς
3169 3140 3197 3169 »
3244 3117 3334 3172 xui
3383 3116 3450 3171 τὰ
3499 3116 3634 3189 έξῆς.
3672 3141 3692 3167 ε
3722 3113 3822 3172 Καὶ

429 3204 654 3258 Rursus
715 3205 873 3259 idem
932 3207 1228 3278 Propheta
1295 3208 1454 3262 velut
1509 3210 1876 3264 animantem
1930 3207 2080 3263 illud

2194 3213 2229 3280 ἠ
2294 3211 2544 3284 μάχαιρα
2595 3211 2825 3285 φάγεται
2871 3207 3024 3282 κρέα,
3055 3230 3082 3260 ι
3119 3204 3264 3280 λέγει
3297 3208 3332 3275 ἡ
3365 3207 3572 3284 Γραφή.
3617 3203 3825 3304 Τόγᾶρ

431 3291 796 3363 alloquitur:
829 3317 856 3343 ‹‹
888 3295 1037 3360 Quid
1073 3296 1177 3350 tibi
1209 3302 1319 3364 est,
1353 3315 1534 3364 mare,
1571 3299 1710 3369 quia
1740 3298 1940 3370 fugisti
1974 3297 2012 3330 ¹¹
2052 3320 2080 3347 ››

435 3387 496 3436 et
525 3399 656 3453 quaa
687 3389 1037 3454 sequuntur.
1072 3386 1221 3450 Quin
1267 3387 1445 3441 etiam
1481 3409 1508 3439 α
1556 3387 1797 3443 Gladius
1844 3388 2088 3442 devora-

431 3471 514 3528 vit
543 3489 753 3528 carnes
798 3495 825 3523 »ι
879 3473 1024 3529 dicit
1071 3476 1444 3547 Scriptura”.
1495 3480 1570 3531 At
1617 3478 1775 3532 enim
1825 3477 2087 3532 devorare

433 3561 507 3618 de
539 3579 639 3618 ore
671 3564 888 3619 dicitur
916 3564 1074 3636 quod
1105 3565 1363 3621 comedit
1390 3583 1458 3622 ac
1487 3567 1658 3633 bibit,
1687 3567 1920 3638 gladius
1950 3584 2084 3622 vero

433 3653 610 3708 caadit
639 3653 904 3724 quidem,
939 3672 1059 3710 non
1093 3661 1292 3710 tamen
1333 3657 1602 3729 deglutit.
1652 3658 1745 3712 Sic
1788 3663 1844 3712 et
1877 3657 2088 3712 dictio-

430 3757 538 3798 nes
571 3744 821 3814 ﬁgurata
851 3746 1152 3801 locutione
1183 3763 1326 3801 usus
1377 3765 1684 3802 sermones
1717 3748 1959 3814 vocavit,
1990 3753 2085 3802 ta-

429 3833 605 3888 metsi
639 3849 758 3888 non
793 3834 912 3889 sint
943 3851 1250 3891 sermones
1282 3836 1387 3891 sed
1413 3837 1722 3892 dictiones.
1759 3837 1859 3890 Sin
1888 3842 2086 3891 autem

432 3922 767 3978 sciscitatus
823 3924 1040 3991 fuerit;
1092 3926 1396 3990 Quomodo
1455 3927 1766 3982 descendit
1819 3927 1972 3981 Deus
2026 3926 2087 3979 in

428 4013 670 4066 uterum
711 4011 1033 4067 mulieris?
1084 4015 1457 4086 Respondeto
1507 4016 1640 4070 illi:
1684 4014 2088 4070 Adhibeamus

435 4100 790 4171 scripturam
825 4107 988 4158 tuam
1037 4109 1096 4158 et
1128 4121 1343 4160 meam.
1404 4106 1707 4177 Scriptura
1756 4113 1857 4162 tua
1904 4107 2084 4164 dicit:

438 4208 470 4250 ai~
499 4190 774 4260 Purgavit
803 4193 958 4248 Deus
1005 4193 1293 4265 virginem
1346 4195 1587 4251 Mariam
1639 4213 1818 4267 supra
1849 4214 2089 4254 omnem

433 4280 790 4337 muliebrem
822 4297 1085 4350 carnem,
1139 4284 1566 4356 descenditque
1615 4286 1868 4357 Spiritus
1899 4288 2002 4342 Dei
2033 4294 2093 4342 et

431 4369 691 4426 Verbum
745 4371 806 4426 in
867 4389 996 4427 eam
1055 4375 1151 4444 ('2).
1205 4398 1223 4421 -
1273 4375 1653 4447 Evangelium
1706 4393 1842 4431 vero
1887 4393 2089 4433 meum

435 4459 581 4515 dicit
629 4477 642 4515 :
697 4484 726 4511 ‹‹
787 4461 1040 4533 Spiritus
1099 4470 1342 4520 sanctus
1407 4466 1785 4536 superveniet
1869 4466 1930 4521 in
2013 4472 2092 4535 te,

432 4555 493 4606 et
521 4550 705 4606 virtus
734 4552 1024 4608 Altissimi
1070 4553 1452 4611 obumbrabit
1500 4557 1603 4611 tibi
1639 4557 1703 4611 ‘3.
1739 4578 1767 4606 »
1810 4559 1895 4612 En
1927 4557 2089 4613 idem

432 4640 716 4711 utrinque
745 4642 1060 4698 verborum
1111 4663 1292 4700 sonus
1342 4653 1401 4701 et
1449 4663 1680 4701 sensus.
1735 4647 1986 4702 Adverto
2034 4652 2092 4702 et

435 4729 617 4796 istud,
658 4731 815 4801 quod
866 4749 1080 4802 nempe
1129 4735 1459 4790 secundum
1510 4737 1934 4806 pr0prietatem
1984 4753 2092 4790 no-

437 4825 621 4876 stram
653 4821 813 4877 dicat
843 4823 1144 4894 Scriptura
1168 4825 1581 4880 ascensionem
1610 4827 1712 4880 Dei
1745 4833 1799 4881 et
1841 4826 2089 4882 descen-

438 4913 690 4981 sionem,
726 4912 972 4983 ﬁgurate
1003 4914 1286 4969 nimirum
1318 4922 1378 4970 at
1405 4932 1524 4969 non
1556 4917 1815 4986 proprie.
1846 4917 2090 4986 Proprie

435 5003 599 5058 enim
630 5002 956 5058 descensus
983 5010 1042 5059 et
1070 5020 1356 5060 ascensus
1379 5005 1553 5077 juxta
1598 5005 1986 5077 philosophos
2015 5005 2088 5060 de

2195 3304 2383 3378 φαγεῖν
2417 3299 2504 3353 ἐπὶ
2533 3297 2804 3370 στόματος
2853 3296 3000 3372 λέγει
3046 3299 3124 3370 (q)
3174 3294 3478 3371 τρώγοντες
3522 3295 3612 3350 xui
3659 3293 3832 3348 πίνον-

2189 3411 2304 3456 τος,
2338 3391 2372 3459 ἡ
2407 3386 2465 3443 δὲ
2527 3389 2772 3463 μάχαιρα
2823 3387 3075 3458 τέμνεται
3139 3385 3258 3458 μὶν,
3313 3386 3380 3440 οὗ
3428 3384 3706 3440 καταπίνει
3761 3381 3834 3439 δέ.

2191 3478 2378 3541 Οὕτως
2409 3479 2496 3534 xui
2526 3478 2594 3532 τὰ
2705 3498 2847 3550 ματα
2875 3475 3303 3550 τροπολογήσας
3335 3473 3576 3546 έλᾶλησε
3627 3472 3839 3550 λόγους,

2193 3571 2328 3642 ἅπερ
2362 3565 2462 3623 οὔκ
2519 3567 2650 3621 εἰσιν
2711 3563 2898 3640 λόγια,
2966 3563 3113 3621 ἀλλὰ
3171 3565 3410 3640 ῥήματα.
3475 3564 3571 3619 Καὶ
3627 3563 3712 3618 ἐάν
3758 3583 3838 3617 σοι

2192 3659 2342 3733 εἴπῃ,
2406 3661 2528 3720 [Ιῶς
2586 3655 3076 3725 κατῆλθενὸθεὸς
3131 3654 3206 3716 ε’ς
3273 3651 3492 3709 κοιλίαν
3546 3653 3837 3728 γυναικός;

2193 3747 2310 3802 εἰπὲ
2341 3743 2505 3818 αὐτῷ·
2544 3747 2887 3820 Χρησώμεθα
2934 3747 3003 3817 τῇ
3053 3746 3236 3819 γραφῇ
3288 3764 3405 3810 σου,
3460 3742 3549 3796 καὶ
3597 3745 3666 3815 τῇ
3714 3747 3840 3815 Γρα·

2194 3842 2270 3914 φῇ
2307 3857 2433 3910 μουο
2493 3839 2528 3906 ἡ
2578 3838 2760 3910 γραφή
2824 3856 2920 3890 σου
2979 3835 3151 3908 λέγει,
3211 3835 3294 3888 δτι
3354 3831 3610 3907 ἐκάθηρεν
3651 3831 3839 3891 ὁΘεὸς

2192 3928 2292 3994 τήν
2349 3927 2622 3999 Παρθένον
2686 3924 2893 4000 Μαρίαν
2956 3924 3088 3998 ὑπὲρ
3163 3928 3334 3977 πᾶσαν
3411 3923 3584 3995 σάρκα
3653 3941 3840 3996 γυναι-

2193 4017 2358 4084 κείαν,
2392 4017 2481 4071 xui
2530 4011 2730 4085 κατέϐη
2779 4021 2843 4069 τὸ
2891 4017 3113 4086 Πνεῦμα
3158 4016 3256 4067 τοῦ
3303 4015 3437 4067 Θεοῦ
3479 4009 3570 4065 καὶ
3603 4012 3631 4066 6
3665 4009 3838 4083 Λόγος

2194 4106 2246 4163 έν
2279 4107 2440 4180 αὐτῇ,
2497 4106 2589 4160 καὶ
2647 4106 2711 4159 τὸ
2770 4100 3113 4179 Εὐαγγέλιόν
3176 4123 3279 4173 μου
3337 4101 3508 4175 λέγει·
3565 4103 3843 4172 «Πνεῦμα

2195 4201 2356 4273 ἅγιον
2387 4194 2729 4252 ἐπελεύσεται
2763 4194 2850 4249 ἐπὶ
2885 4193 2961 4260 σέ,
3002 4193 3093 4247 καὶ
3148 4189 3377 4265 δύναμις
3418 4189 3670 4266 Ὑψίστου
3727 4190 3846 4244 ἐπι-

2196 4286 2405 4342 σκιάσει
2443 4306 2550 4340 σοι.
2590 4308 2617 4335 ››
2678 4281 2821 4341 Ἰδοὺ
2871 4282 2968 4356 μία
3025 4283 3179 4356 φωνή
3228 4281 3554 4359 ἀμφοτέρων
3598 4284 3708 4335 τῶν
3757 4276 3846 4334 λέ-

2197 4380 2351 4450 ξεων,
2383 4376 2472 4430 καὶ
2507 4373 2559 4429 ἔν
2591 4373 2796 4446 νόημα
2827 4373 3089 4428 Γινώσκω
3121 4369 3180 4427 δὲ
3217 4369 3306 4426 xui
3355 4374 3539 4434 τοῦτο,
3593 4369 3670 4432 ὡς
3713 4368 3845 4444 πρὸς

2195 4467 2294 4534 τήν
2353 4465 2621 4537 ἡμετέραν
2686 4460 2936 4532 ἰδιότητα
3012 4460 3156 4538 λέγει
3215 4463 3250 4531 ἠ
3310 4461 3498 4539 Γραφή
3555 4454 3845 4515 κατάϐασιν

2199 4558 2334 4610 Θεοῦ
2380 4555 2468 4609 xni
2528 4547 2810 4623 ἀνάϐασιν,
2867 4555 3282 4627 τροπογογικῶς
3340 4550 3430 4605 καὶ
3481 4548 3542 4605 οὐ
3590 4546 3848 4624 κυριολο-

2197 4649 2392 4720 γικῶς.
2449 4642 2668 4717 Κυρίως
2720 4642 2824 4718 γάρ
2895 4636 3188 4703 κατάϐασις
3260 4639 3351 4695 καὶ
3427 4634 3686 4701 ἀνάϐασις
3757 4636 3843 4693 ἐπὶ

2201 4735 2471 4807 σωμάτων
2532 4731 2746 4808 λέγεται
2805 4732 2942 4788 κατὰ
2985 4731 3345 4810 φιλοσόφους,
3405 4731 3436 4786 6
3481 4727 3539 4785 δὲ
3597 4729 3726 4791 Θεὸς
3783 4726 3846 4782 τὰ

2199 4825 2375 4878 πάντα
2405 4824 2672 4898 περιέχει,
2706 4823 2796 4876 καὶ
2841 4822 2906 4876 οὗ
2953 4821 3269 4895 περιέχεται
3322 4819 3424 4875 ὑπό
3466 4839 3614 4880 τινος
3650 4819 3842 4873 τόπυυ.

2200 4915 2342 4987 Ἒφη
2401 4913 2503 4986 γάρ
2551 4932 2635 4974 τις
2692 4915 2799 4965 τῶν
2858 4914 3182 4988 προφητῶν·
3242 4934 3270 4961 ‹‹
3304 4907 3405 4972 Τίς
3461 4907 3727 4983 έμέτρησε
3779 4908 3846 4979 τῇ

2200 5003 2348 5079 χειρὶ
2383 5003 2552 5058 αὐτοῦ
2611 5002 2711 5070 τὴν
2761 5000 3060 5071 θάλασσαν,
3107 4999 3199 5055 καὶ
3241 4998 3370 5064 τοὺς
3417 4996 3685 5073 οὐρανοὺς
3729 5017 3846 5052 σπιο

504 5171 529 5210 9
555 5174 713 5230 Psal.
745 5190 824 5243 xi,
852 5179 904 5231 7.
987 5178 1031 5214 ιο
1061 5177 1217 5234 Psal.
1252 5193 1381 5248 cxv,
1414 5180 1468 5234 3.
1549 5180 1593 5219 ιι
1624 5178 1774 5235 Ibid.
1815 5184 1869 5235 5.
1950 5178 1998 5216 η
2024 5180 2241 5235 Jerem.
2267 5194 2371 5248 xu,
2406 5180 2493 5236 l2.
2571 5175 2632 5245 “_
2653 5176 2792 5234 Luc.
2823 5193 2864 5246 ι,
2899 5176 2985 5230 35.

1803 5365 2041 5420 VABUE
2080 5362 2488 5420 LECTIONES.

507 5486 591 5558 (p)
621 5481 793 5556 Apud
825 5483 1087 5556 Lequien
1117 5503 1282 5544 num.
1314 5489 1371 5558 2,
1403 5505 1535 5562 pag.
1570 5490 1694 5546 466.
1773 5489 1847 5560 (q)
1880 5489 2127 5564 Λέγεται.

2021 5643 2245 5698 ΝΟΤΕ.

507 5765 585 5838 (2)
616 5762 831 5820 Confer
859 5764 1306 5837 Guadagnolum
1338 5768 1583 5843 Apolog.
1611 5785 1745 5842 pag.
1778 5770 1902 5823 277.
1936 5767 2060 5823 Imo
2093 5772 2279 5826 totam
2309 5766 2557 5826 consule
2582 5766 2954 5842 Apologiam.
