  <div class='ocr_page' id='page_1' title='image "/cluster/home/n/w/nwhite01/storage/ocr_20150623/96:no.3/coo.31924054870005/688.png"; bbox 0 0 4120 6388; ppageno 0'>
   <div class='ocr_carea' id='block_1_1' title="bbox 313 412 455 473">
    <p class='ocr_par' dir='ltr' id='par_1_1' title="bbox 313 412 455 473">
     <span class='ocr_line' id='line_1_1' title="bbox 313 412 455 473; baseline -0.014 0"><span class='ocrx_word' id='word_1_1' title='bbox 313 412 455 473; x_wconf 63' lang='grc'>1345</span> 
     </span>
    </p>
   </div>
   <div class='ocr_carea' id='block_1_2' title="bbox 1314 408 2761 489">
    <p class='ocr_par' dir='ltr' id='par_1_2' title="bbox 1314 408 2761 489">
     <span class='ocr_line' id='line_1_2' title="bbox 1314 408 2761 489; baseline 0.008 -26"><span class='ocrx_word' id='word_1_2' title='bbox 1314 408 1743 464; x_wconf 80' lang='lat' dir='ltr'>DISPUTATIO</span> <span class='ocrx_word' id='word_1_3' title='bbox 1776 410 2137 466; x_wconf 76' lang='lat' dir='ltr'>SARACENI</span> <span class='ocrx_word' id='word_1_4' title='bbox 2176 414 2269 470; x_wconf 78' lang='lat' dir='ltr'>ET</span> <span class='ocrx_word' id='word_1_5' title='bbox 2303 417 2761 489; x_wconf 60' lang='lat' dir='ltr'>CHRISTIANIJ</span> 
     </span>
    </p>
   </div>
   <div class='ocr_carea' id='block_1_3' title="bbox 3599 422 3739 480">
    <p class='ocr_par' dir='ltr' id='par_1_3' title="bbox 3599 422 3739 480">
     <span class='ocr_line' id='line_1_3' title="bbox 3599 422 3739 480; baseline 0.007 -2"><span class='ocrx_word' id='word_1_6' title='bbox 3599 422 3739 480; x_wconf 75' lang='grc'>1346</span> 
     </span>
    </p>
   </div>
   <div class='ocr_carea' id='block_1_4' title="bbox 314 531 1991 617">
    <p class='ocr_par' dir='ltr' id='par_1_4' title="bbox 314 531 1969 614">
     <span class='ocr_line' id='line_1_4' title="bbox 314 531 1969 614; baseline -0.005 -17"><span class='ocrx_word' id='word_1_7' title='bbox 314 544 485 614; x_wconf 79' lang='grc' dir='ltr'>Θαμῇ,</span> <span class='ocrx_word' id='word_1_8' title='bbox 519 545 692 596; x_wconf 83' lang='grc' dir='ltr'>πᾶσαν</span> <span class='ocrx_word' id='word_1_9' title='bbox 723 540 823 608; x_wconf 64' lang='grc' dir='ltr'>τὴν</span> <span class='ocrx_word' id='word_1_10' title='bbox 856 544 961 612; x_wconf 85' lang='grc' dir='ltr'>γῆν</span> <span class='ocrx_word' id='word_1_11' title='bbox 996 531 1194 606; x_wconf 84' lang='grc' dir='ltr'>δρακί;</span> <span class='ocrx_word' id='word_1_12' title='bbox 1231 555 1255 585; x_wconf 70' lang='grc' dir='ltr'>ν</span> <span class='ocrx_word' id='word_1_13' title='bbox 1314 532 1416 589; x_wconf 83' lang='grc' dir='ltr'>Καὶ</span> <span class='ocrx_word' id='word_1_14' title='bbox 1467 531 1633 603; x_wconf 85' lang='grc' dir='ltr'>δλως,</span> <span class='ocrx_word' id='word_1_15' title='bbox 1685 534 1858 587; x_wconf 82' lang='grc' dir='ltr'>πάντα</span> <span class='ocrx_word' id='word_1_16' title='bbox 1901 536 1969 589; x_wconf 80' lang='grc' dir='ltr'>τὰ</span> 
     </span>
    </p>
   </div>
   <div class='ocr_carea' id='block_1_5' title="bbox 2113 531 3735 617">
    <p class='ocr_par' dir='ltr' id='par_1_5' title="bbox 2118 541 3735 617">
     <span class='ocr_line' id='line_1_5' title="bbox 2118 541 3735 617; baseline 0.009 -26"><span class='ocrx_word' id='word_1_17' title='bbox 2118 541 2429 611; x_wconf 82' lang='lat' dir='ltr'>orporibus</span> <span class='ocrx_word' id='word_1_18' title='bbox 2488 548 2947 617; x_wconf 83' lang='lat' dir='ltr'>pronuntiatur;</span> <span class='ocrx_word' id='word_1_19' title='bbox 3002 549 3154 602; x_wconf 89' lang='lat' dir='ltr'>Deus</span> <span class='ocrx_word' id='word_1_20' title='bbox 3201 554 3398 602; x_wconf 87' lang='lat' dir='ltr'>autem</span> <span class='ocrx_word' id='word_1_21' title='bbox 3458 550 3735 605; x_wconf 92' lang='lat' dir='ltr'>universa</span> 
     </span>
    </p>
   </div>
   <div class='ocr_carea' id='block_1_6' title="bbox 319 624 1977 706">
    <p class='ocr_par' dir='ltr' id='par_1_6' title="bbox 319 624 1977 706">
     <span class='ocr_line' id='line_1_6' title="bbox 319 624 1977 706; baseline -0.006 -19"><span class='ocrx_word' id='word_1_22' title='bbox 319 631 489 689; x_wconf 78' lang='grc' dir='ltr'>ὕδατα</span> <span class='ocrx_word' id='word_1_23' title='bbox 541 633 645 688; x_wconf 83' lang='grc' dir='ltr'>ὑπὸ</span> <span class='ocrx_word' id='word_1_24' title='bbox 707 635 911 706; x_wconf 81' lang='grc' dir='ltr'>χειρῶν</span> <span class='ocrx_word' id='word_1_25' title='bbox 964 626 1099 682; x_wconf 78' lang='grc' dir='ltr'>εἰσιν</span> <span class='ocrx_word' id='word_1_26' title='bbox 1156 630 1256 680; x_wconf 88' lang='grc' dir='ltr'>τοῦ</span> <span class='ocrx_word' id='word_1_27' title='bbox 1312 630 1444 681; x_wconf 89' lang='grc' dir='ltr'>Θεοῦ</span> <span class='ocrx_word' id='word_1_28' title='bbox 1504 626 1611 698; x_wconf 85' lang='grc' dir='ltr'>[καὶ</span> <span class='ocrx_word' id='word_1_29' title='bbox 1675 626 1703 679; x_wconf 97' lang='lat'>6</span> <span class='ocrx_word' id='word_1_30' title='bbox 1755 624 1977 696; x_wconf 83' lang='grc' dir='ltr'>οὐρανὸς</span> 
     </span>
    </p>
   </div>
   <div class='ocr_carea' id='block_1_7' title="bbox 320 714 1978 797">
    <p class='ocr_par' dir='ltr' id='par_1_7' title="bbox 320 714 1978 797">
     <span class='ocr_line' id='line_1_7' title="bbox 320 714 1978 797; baseline -0.005 -19"><span class='ocrx_word' id='word_1_31' title='bbox 320 721 568 797; x_wconf 66' lang='grc' dir='ltr'>δρακίἿ,</span> <span class='ocrx_word' id='word_1_32' title='bbox 606 725 729 782; x_wconf 83' lang='grc' dir='ltr'>Πῶς</span> <span class='ocrx_word' id='word_1_33' title='bbox 788 717 1061 793; x_wconf 70' lang='grc' dir='ltr'>ἐνδέχεται</span> <span class='ocrx_word' id='word_1_34' title='bbox 1128 716 1289 778; x_wconf 83' lang='grc' dir='ltr'>αὐτὸς</span> <span class='ocrx_word' id='word_1_35' title='bbox 1348 714 1459 785; x_wconf 54' lang='lat' dir='ltr'>{Sig</span> <span class='ocrx_word' id='word_1_36' title='bbox 1517 716 1665 789; x_wconf 72' lang='grc' dir='ltr'>χειρὶ</span> <span class='ocrx_word' id='word_1_37' title='bbox 1720 718 1788 786; x_wconf 77' lang='grc' dir='ltr'>τῇ</span> <span class='ocrx_word' id='word_1_38' title='bbox 1848 735 1978 769; x_wconf 89' lang='grc' dir='ltr'>κατ-</span> 
     </span>
    </p>
   </div>
   <div class='ocr_carea' id='block_1_8' title="bbox 323 800 1979 887">
    <p class='ocr_par' dir='ltr' id='par_1_8' title="bbox 323 800 1979 887">
     <span class='ocr_line' id='line_1_8' title="bbox 323 800 1979 887; baseline -0.006 -20"><span class='ocrx_word' id='word_1_39' title='bbox 323 812 528 887; x_wconf 74' lang='grc' dir='ltr'>εχούσῃ</span> <span class='ocrx_word' id='word_1_40' title='bbox 556 812 624 866; x_wconf 75' lang='grc' dir='ltr'>τὰ</span> <span class='ocrx_word' id='word_1_41' title='bbox 653 812 829 865; x_wconf 82' lang='grc' dir='ltr'>πάντα</span> <span class='ocrx_word' id='word_1_42' title='bbox 857 803 1155 877; x_wconf 73' lang='grc' dir='ltr'>καταϐῆναι</span> <span class='ocrx_word' id='word_1_43' title='bbox 1214 806 1304 861; x_wconf 88' lang='grc' dir='ltr'>καὶ</span> <span class='ocrx_word' id='word_1_44' title='bbox 1353 800 1659 875; x_wconf 74' lang='grc' dir='ltr'>ἀναϐῆναις</span> <span class='ocrx_word' id='word_1_45' title='bbox 1714 805 1837 860; x_wconf 74' lang='grc' dir='ltr'>Ἐὰν</span> <span class='ocrx_word' id='word_1_46' title='bbox 1887 802 1979 859; x_wconf 83' lang='grc' dir='ltr'>καί</span> 
     </span>
    </p>
   </div>
   <div class='ocr_carea' id='block_1_9' title="bbox 322 894 1977 977">
    <p class='ocr_par' dir='ltr' id='par_1_9' title="bbox 322 894 1977 977">
     <span class='ocr_line' id='line_1_9' title="bbox 322 894 1977 977; baseline -0.005 -21"><span class='ocrx_word' id='word_1_47' title='bbox 322 900 573 977; x_wconf 78' lang='grc' dir='ltr'>ἐρωτήσῃ</span> <span class='ocrx_word' id='word_1_48' title='bbox 611 920 669 954; x_wconf 90' lang='grc' dir='ltr'>σε</span> <span class='ocrx_word' id='word_1_49' title='bbox 706 900 733 954; x_wconf 93' lang='lat'>6</span> <span class='ocrx_word' id='word_1_50' title='bbox 767 898 1085 974; x_wconf 82' lang='grc' dir='ltr'>Σαρακηνὸς</span> <span class='ocrx_word' id='word_1_51' title='bbox 1141 895 1337 969; x_wconf 67' lang='grc' dir='ltr'>λέγων’</span> <span class='ocrx_word' id='word_1_52' title='bbox 1400 894 1499 949; x_wconf 80' lang='grc' dir='ltr'>Καὶ</span> <span class='ocrx_word' id='word_1_53' title='bbox 1558 894 1604 948; x_wconf 80' lang='grc' dir='ltr'>εἰ</span> <span class='ocrx_word' id='word_1_54' title='bbox 1663 894 1793 955; x_wconf 88' lang='grc' dir='ltr'>Θεὸς</span> <span class='ocrx_word' id='word_1_55' title='bbox 1850 894 1916 963; x_wconf 75' lang='grc' dir='ltr'>ἧν</span> <span class='ocrx_word' id='word_1_56' title='bbox 1949 895 1977 948; x_wconf 89' lang='lat'>6</span> 
     </span>
    </p>
   </div>
   <div class='ocr_carea' id='block_1_10' title="bbox 317 978 1974 1065">
    <p class='ocr_par' dir='ltr' id='par_1_10' title="bbox 317 978 1974 1065">
     <span class='ocr_line' id='line_1_10' title="bbox 317 978 1974 1065; baseline -0.005 -19"><span class='ocrx_word' id='word_1_57' title='bbox 317 991 573 1065; x_wconf 82' lang='grc' dir='ltr'>Χριστὸς,</span> <span class='ocrx_word' id='word_1_58' title='bbox 632 987 723 1043; x_wconf 88' lang='grc' dir='ltr'>καὶ</span> <span class='ocrx_word' id='word_1_59' title='bbox 782 986 976 1064; x_wconf 84' lang='grc' dir='ltr'>ἔφαγεν</span> <span class='ocrx_word' id='word_1_60' title='bbox 1037 986 1126 1040; x_wconf 83' lang='grc' dir='ltr'>καὶ</span> <span class='ocrx_word' id='word_1_61' title='bbox 1185 978 1352 1053; x_wconf 81' lang='grc' dir='ltr'>ἔπιεν,</span> <span class='ocrx_word' id='word_1_62' title='bbox 1412 984 1501 1038; x_wconf 84' lang='grc' dir='ltr'>καὶ</span> <span class='ocrx_word' id='word_1_63' title='bbox 1561 981 1827 1051; x_wconf 78' lang='grc' dir='ltr'>ὕπνωσεν,</span> <span class='ocrx_word' id='word_1_64' title='bbox 1886 984 1974 1037; x_wconf 88' lang='grc' dir='ltr'>καὶ</span> 
     </span>
    </p>
   </div>
   <div class='ocr_carea' id='block_1_11' title="bbox 322 1073 1978 1150">
    <p class='ocr_par' dir='ltr' id='par_1_11' title="bbox 322 1073 1978 1150">
     <span class='ocr_line' id='line_1_11' title="bbox 322 1073 1978 1150; baseline -0.006 -15"><span class='ocrx_word' id='word_1_65' title='bbox 322 1081 390 1135; x_wconf 79' lang='grc' dir='ltr'>τὰ</span> <span class='ocrx_word' id='word_1_66' title='bbox 419 1078 583 1150; x_wconf 72' lang='grc' dir='ltr'>ἐξῆςς</span> <span class='ocrx_word' id='word_1_67' title='bbox 617 1078 734 1134; x_wconf 73' lang='grc' dir='ltr'>εἰπὲ</span> <span class='ocrx_word' id='word_1_68' title='bbox 774 1075 941 1148; x_wconf 76' lang='grc' dir='ltr'>αὐτῷ,</span> <span class='ocrx_word' id='word_1_69' title='bbox 1002 1074 1085 1130; x_wconf 81' lang='grc' dir='ltr'>ὅτι</span> <span class='ocrx_word' id='word_1_70' title='bbox 1141 1076 1204 1132; x_wconf 85' lang='grc' dir='ltr'><strong>Ὀ</strong></span> <span class='ocrx_word' id='word_1_71' title='bbox 1258 1074 1591 1149; x_wconf 86' lang='grc' dir='ltr'>προαιώνιος</span> <span class='ocrx_word' id='word_1_72' title='bbox 1653 1073 1827 1148; x_wconf 74' lang='grc' dir='ltr'>Λόγος</span> <span class='ocrx_word' id='word_1_73' title='bbox 1881 1077 1978 1127; x_wconf 87' lang='grc' dir='ltr'>τοῦ</span> 
     </span>
    </p>
   </div>
   <div class='ocr_carea' id='block_1_12' title="bbox 327 1162 1977 1239">
    <p class='ocr_par' dir='ltr' id='par_1_12' title="bbox 327 1162 1977 1239">
     <span class='ocr_line' id='line_1_12' title="bbox 327 1162 1977 1239; baseline -0.007 -14"><span class='ocrx_word' id='word_1_74' title='bbox 327 1172 483 1239; x_wconf 88' lang='grc' dir='ltr'>Θεοῦ,</span> <span class='ocrx_word' id='word_1_75' title='bbox 519 1169 547 1223; x_wconf 89' lang='lat'>6</span> <span class='ocrx_word' id='word_1_76' title='bbox 583 1166 770 1229; x_wconf 87' lang='grc' dir='ltr'>κτίσας</span> <span class='ocrx_word' id='word_1_77' title='bbox 827 1166 894 1221; x_wconf 80' lang='grc' dir='ltr'>τὰ</span> <span class='ocrx_word' id='word_1_78' title='bbox 950 1165 1257 1238; x_wconf 74' lang='grc' dir='ltr'>σύμπαντα,</span> <span class='ocrx_word' id='word_1_79' title='bbox 1314 1164 1494 1226; x_wconf 84' lang='grc' dir='ltr'>καθὼς</span> <span class='ocrx_word' id='word_1_80' title='bbox 1547 1162 1690 1237; x_wconf 70' lang='grc' dir='ltr'>λέγει</span> <span class='ocrx_word' id='word_1_81' title='bbox 1722 1164 1757 1230; x_wconf 82' lang='grc' dir='ltr'><strong>ἡ</strong></span> <span class='ocrx_word' id='word_1_82' title='bbox 1795 1164 1977 1239; x_wconf 72' lang='grc' dir='ltr'>Γραφή</span> 
     </span>
    </p>
   </div>
   <div class='ocr_carea' id='block_1_13' title="bbox 331 1252 1981 1333">
    <p class='ocr_par' dir='ltr' id='par_1_13' title="bbox 331 1252 1981 1333">
     <span class='ocr_line' id='line_1_13' title="bbox 331 1252 1981 1333; baseline -0.004 -21"><span class='ocrx_word' id='word_1_83' title='bbox 331 1278 459 1330; x_wconf 85' lang='grc' dir='ltr'>μου,</span> <span class='ocrx_word' id='word_1_84' title='bbox 485 1256 576 1312; x_wconf 79' lang='grc' dir='ltr'>καὶ</span> <span class='ocrx_word' id='word_1_85' title='bbox 602 1259 636 1326; x_wconf 81' lang='grc' dir='ltr'>ἡ</span> <span class='ocrx_word' id='word_1_86' title='bbox 668 1256 849 1333; x_wconf 80' lang='grc' dir='ltr'>γραφή</span> <span class='ocrx_word' id='word_1_87' title='bbox 883 1275 1001 1323; x_wconf 89' lang='grc' dir='ltr'>σου,</span> <span class='ocrx_word' id='word_1_88' title='bbox 1032 1253 1193 1315; x_wconf 86' lang='grc' dir='ltr'>αὐτὸς</span> <span class='ocrx_word' id='word_1_89' title='bbox 1227 1253 1286 1308; x_wconf 84' lang='grc' dir='ltr'>ἐκ</span> <span class='ocrx_word' id='word_1_90' title='bbox 1312 1260 1413 1321; x_wconf 77' lang='grc' dir='ltr'>τῆς</span> <span class='ocrx_word' id='word_1_91' title='bbox 1445 1252 1641 1326; x_wconf 86' lang='grc' dir='ltr'>σαρκὸς</span> <span class='ocrx_word' id='word_1_92' title='bbox 1667 1258 1769 1321; x_wconf 81' lang='grc' dir='ltr'>τῆς</span> <span class='ocrx_word' id='word_1_93' title='bbox 1825 1252 1981 1325; x_wconf 82' lang='grc' dir='ltr'>ἁγίας</span> 
     </span>
    </p>
   </div>
   <div class='ocr_carea' id='block_1_14' title="bbox 334 1340 1981 1422">
    <p class='ocr_par' dir='ltr' id='par_1_14' title="bbox 334 1340 1981 1422">
     <span class='ocr_line' id='line_1_14' title="bbox 334 1340 1981 1422; baseline -0.003 -20"><span class='ocrx_word' id='word_1_94' title='bbox 334 1345 612 1422; x_wconf 66' lang='grc' dir='ltr'>Παρθένου</span> <span class='ocrx_word' id='word_1_95' title='bbox 643 1344 860 1420; x_wconf 83' lang='grc' dir='ltr'>Μαρίας</span> <span class='ocrx_word' id='word_1_96' title='bbox 893 1342 1179 1418; x_wconf 74' lang='grc' dir='ltr'>ἅνθρωπος</span> <span class='ocrx_word' id='word_1_97' title='bbox 1207 1341 1500 1417; x_wconf 83' lang='grc' dir='ltr'>γενόμενος</span> <span class='ocrx_word' id='word_1_98' title='bbox 1531 1340 1762 1410; x_wconf 72' lang='grc' dir='ltr'>τέλειος,</span> <span class='ocrx_word' id='word_1_99' title='bbox 1797 1340 1981 1405; x_wconf 82' lang='grc' dir='ltr'>ἔννους</span> 
     </span>
    </p>
   </div>
   <div class='ocr_carea' id='block_1_15' title="bbox 324 1430 1982 1511">
    <p class='ocr_par' dir='ltr' id='par_1_15' title="bbox 324 1430 1982 1511">
     <span class='ocr_line' id='line_1_15' title="bbox 324 1430 1982 1511; baseline -0.004 -20"><span class='ocrx_word' id='word_1_100' title='bbox 324 1437 414 1491; x_wconf 74' lang='grc' dir='ltr'>καῖ</span> <span class='ocrx_word' id='word_1_101' title='bbox 448 1434 721 1511; x_wconf 82' lang='grc' dir='ltr'>ἔμψυχος·</span> <span class='ocrx_word' id='word_1_102' title='bbox 759 1434 961 1496; x_wconf 72' lang='grc' dir='ltr'>ἐκεῖνος</span> <span class='ocrx_word' id='word_1_103' title='bbox 993 1430 1206 1510; x_wconf 78' lang='grc' dir='ltr'>ἔφαγεν,</span> <span class='ocrx_word' id='word_1_104' title='bbox 1242 1431 1334 1487; x_wconf 85' lang='grc' dir='ltr'>καὶ</span> <span class='ocrx_word' id='word_1_105' title='bbox 1366 1430 1536 1503; x_wconf 79' lang='grc' dir='ltr'>ἔπιεν,</span> <span class='ocrx_word' id='word_1_106' title='bbox 1567 1432 1653 1485; x_wconf 88' lang='grc' dir='ltr'>καὶ</span> <span class='ocrx_word' id='word_1_107' title='bbox 1690 1430 1982 1502; x_wconf 77' lang='grc' dir='ltr'>ὕπνιωσεν,</span> 
     </span>
    </p>
   </div>
   <div class='ocr_carea' id='block_1_16' title="bbox 325 1517 1985 1600">
    <p class='ocr_par' dir='ltr' id='par_1_16' title="bbox 325 1517 1985 1600">
     <span class='ocr_line' id='line_1_16' title="bbox 325 1517 1985 1600; baseline -0.002 -20"><span class='ocrx_word' id='word_1_108' title='bbox 325 1527 354 1580; x_wconf 91' lang='lat'>6</span> <span class='ocrx_word' id='word_1_109' title='bbox 387 1523 445 1580; x_wconf 77' lang='grc' dir='ltr'>δὲ</span> <span class='ocrx_word' id='word_1_110' title='bbox 472 1524 646 1600; x_wconf 84' lang='grc' dir='ltr'>Λόγος</span> <span class='ocrx_word' id='word_1_111' title='bbox 674 1529 770 1579; x_wconf 87' lang='grc' dir='ltr'>τοῦ</span> <span class='ocrx_word' id='word_1_112' title='bbox 793 1528 927 1579; x_wconf 88' lang='grc' dir='ltr'>Θεοῦ</span> <span class='ocrx_word' id='word_1_113' title='bbox 944 1523 1043 1579; x_wconf 81' lang='grc' dir='ltr'>οῦκ</span> <span class='ocrx_word' id='word_1_114' title='bbox 1068 1521 1257 1598; x_wconf 79' lang='grc' dir='ltr'>ἔφαγεν</span> <span class='ocrx_word' id='word_1_115' title='bbox 1283 1519 1412 1576; x_wconf 73' lang='grc' dir='ltr'>οὐδὲ</span> <span class='ocrx_word' id='word_1_116' title='bbox 1440 1517 1586 1575; x_wconf 79' lang='grc' dir='ltr'>ἔπιεν</span> <span class='ocrx_word' id='word_1_117' title='bbox 1616 1518 1742 1575; x_wconf 73' lang='grc' dir='ltr'>οὐδὲ</span> <span class='ocrx_word' id='word_1_118' title='bbox 1771 1520 1985 1576; x_wconf 80' lang='grc' dir='ltr'>ὕπνωσε</span> 
     </span>
    </p>
   </div>
   <div class='ocr_carea' id='block_1_17' title="bbox 330 1608 1981 1685">
    <p class='ocr_par' dir='ltr' id='par_1_17' title="bbox 330 1608 1981 1685">
     <span class='ocr_line' id='line_1_17' title="bbox 330 1608 1981 1685; baseline -0.002 -17"><span class='ocrx_word' id='word_1_119' title='bbox 330 1611 455 1668; x_wconf 70' lang='grc' dir='ltr'>οὐδὲ</span> <span class='ocrx_word' id='word_1_120' title='bbox 485 1613 824 1683; x_wconf 74' lang='grc' dir='ltr'>ἐσταυρώθη,</span> <span class='ocrx_word' id='word_1_121' title='bbox 855 1613 945 1667; x_wconf 75' lang='grc' dir='ltr'>καὶ</span> <span class='ocrx_word' id='word_1_122' title='bbox 975 1613 1039 1667; x_wconf 71' lang='grc' dir='ltr'>τὰ</span> <span class='ocrx_word' id='word_1_123' title='bbox 1072 1612 1215 1683; x_wconf 75' lang='grc' dir='ltr'>ἑξῆς.</span> <span class='ocrx_word' id='word_1_124' title='bbox 1251 1612 1486 1665; x_wconf 85' lang='grc' dir='ltr'>Γίνωσκε</span> <span class='ocrx_word' id='word_1_125' title='bbox 1534 1608 1612 1679; x_wconf 74' lang='grc' dir='ltr'>δὲ,</span> <span class='ocrx_word' id='word_1_126' title='bbox 1662 1611 1745 1664; x_wconf 83' lang='grc' dir='ltr'>ὅτι</span> <span class='ocrx_word' id='word_1_127' title='bbox 1776 1611 1804 1664; x_wconf 89' lang='lat'>6</span> <span class='ocrx_word' id='word_1_128' title='bbox 1844 1617 1981 1685; x_wconf 87' lang='grc' dir='ltr'>Χρι-</span> 
     </span>
    </p>
   </div>
   <div class='ocr_carea' id='block_1_18' title="bbox 330 1698 1983 1778">
    <p class='ocr_par' dir='ltr' id='par_1_18' title="bbox 330 1698 1983 1778">
     <span class='ocr_line' id='line_1_18' title="bbox 330 1698 1983 1778; baseline -0.002 -20"><span class='ocrx_word' id='word_1_129' title='bbox 330 1704 454 1765; x_wconf 88' lang='grc' dir='ltr'>στὸς</span> <span class='ocrx_word' id='word_1_130' title='bbox 490 1701 720 1765; x_wconf 75' lang='grc' dir='ltr'>διπλοῦς</span> <span class='ocrx_word' id='word_1_131' title='bbox 760 1705 854 1775; x_wconf 79' lang='grc' dir='ltr'>μὲν</span> <span class='ocrx_word' id='word_1_132' title='bbox 915 1704 1127 1776; x_wconf 76' lang='grc' dir='ltr'>λέγεται</span> <span class='ocrx_word' id='word_1_133' title='bbox 1183 1706 1303 1762; x_wconf 86' lang='grc' dir='ltr'>ταῖς</span> <span class='ocrx_word' id='word_1_134' title='bbox 1364 1700 1604 1778; x_wconf 75' lang='grc' dir='ltr'>φύσεσιν,</span> <span class='ocrx_word' id='word_1_135' title='bbox 1667 1702 1743 1761; x_wconf 84' lang='grc' dir='ltr'>εἴς</span> <span class='ocrx_word' id='word_1_136' title='bbox 1802 1698 1858 1754; x_wconf 76' lang='grc' dir='ltr'>δὲ</span> <span class='ocrx_word' id='word_1_137' title='bbox 1916 1705 1983 1773; x_wconf 77' lang='grc' dir='ltr'>τῇ</span> 
     </span>
    </p>
   </div>
   <div class='ocr_carea' id='block_1_19' title="bbox 336 1790 1983 1867">
    <p class='ocr_par' dir='ltr' id='par_1_19' title="bbox 336 1790 1983 1867">
     <span class='ocr_line' id='line_1_19' title="bbox 336 1790 1983 1867; baseline -0.002 -20"><span class='ocrx_word' id='word_1_138' title='bbox 336 1793 647 1849; x_wconf 74' lang='grc' dir='ltr'>ὑποστάσει.</span> <span class='ocrx_word' id='word_1_139' title='bbox 706 1795 801 1854; x_wconf 83' lang='grc' dir='ltr'>Εἷς</span> <span class='ocrx_word' id='word_1_140' title='bbox 859 1795 1020 1867; x_wconf 79' lang='grc' dir='ltr'>γὰρὸ</span> <span class='ocrx_word' id='word_1_141' title='bbox 1053 1792 1385 1865; x_wconf 89' lang='grc' dir='ltr'>προαιώνιος</span> <span class='ocrx_word' id='word_1_142' title='bbox 1444 1790 1617 1861; x_wconf 80' lang='grc' dir='ltr'>Λόγος</span> <span class='ocrx_word' id='word_1_143' title='bbox 1672 1794 1770 1843; x_wconf 93' lang='grc' dir='ltr'>τοῦ</span> <span class='ocrx_word' id='word_1_144' title='bbox 1828 1794 1983 1858; x_wconf 86' lang='grc' dir='ltr'>Θεοῦ,</span> 
     </span>
    </p>
   </div>
   <div class='ocr_carea' id='block_1_20' title="bbox 2082 636 3731 708">
    <p class='ocr_par' dir='ltr' id='par_1_20' title="bbox 2082 636 3731 708">
     <span class='ocr_line' id='line_1_20' title="bbox 2082 636 3731 708; baseline 0.004 -21"><span class='ocrx_word' id='word_1_145' title='bbox 2082 636 2554 705; x_wconf 80' lang='lat' dir='ltr'>comprehendit,</span> <span class='ocrx_word' id='word_1_146' title='bbox 2588 638 2691 692; x_wconf 92' lang='lat' dir='ltr'>sed</span> <span class='ocrx_word' id='word_1_147' title='bbox 2744 654 2864 692; x_wconf 91' lang='lat' dir='ltr'>non</span> <span class='ocrx_word' id='word_1_148' title='bbox 2914 638 3442 708; x_wconf 83' lang='lat' dir='ltr'>comprehenditur</span> <span class='ocrx_word' id='word_1_149' title='bbox 3484 638 3557 693; x_wconf 91' lang='lat' dir='ltr'>ab</span> <span class='ocrx_word' id='word_1_150' title='bbox 3606 639 3731 693; x_wconf 92' lang='lat' dir='ltr'>ullo</span> 
     </span>
    </p>
   </div>
   <div class='ocr_carea' id='block_1_21' title="bbox 2082 722 3733 798">
    <p class='ocr_par' dir='ltr' id='par_1_21' title="bbox 2082 722 3733 798">
     <span class='ocr_line' id='line_1_21' title="bbox 2082 722 3733 798; baseline 0.003 -22"><span class='ocrx_word' id='word_1_151' title='bbox 2082 722 2234 777; x_wconf 91' lang='lat' dir='ltr'>loco.</span> <span class='ocrx_word' id='word_1_152' title='bbox 2270 725 2367 778; x_wconf 80' lang='lat' dir='ltr'>Ait</span> <span class='ocrx_word' id='word_1_153' title='bbox 2405 742 2661 797; x_wconf 84' lang='lat' dir='ltr'>namque</span> <span class='ocrx_word' id='word_1_154' title='bbox 2718 726 2962 797; x_wconf 90' lang='lat' dir='ltr'>quidam</span> <span class='ocrx_word' id='word_1_155' title='bbox 3017 728 3480 798; x_wconf 87' lang='lat' dir='ltr'>prophetarum:</span> <span class='ocrx_word' id='word_1_156' title='bbox 3540 749 3565 779; x_wconf 77' lang='grc' dir='ltr'>ι(</span> <span class='ocrx_word' id='word_1_157' title='bbox 3591 729 3733 793; x_wconf 86' lang='lat' dir='ltr'>Quis</span> 
     </span>
    </p>
   </div>
   <div class='ocr_carea' id='block_1_22' title="bbox 2084 817 3731 888">
    <p class='ocr_par' dir='ltr' id='par_1_22' title="bbox 2084 817 3731 888">
     <span class='ocr_line' id='line_1_22' title="bbox 2084 817 3731 888; baseline 0.004 -23"><span class='ocrx_word' id='word_1_158' title='bbox 2084 827 2329 867; x_wconf 78' lang='lat' dir='ltr'>mensus</span> <span class='ocrx_word' id='word_1_159' title='bbox 2359 821 2448 867; x_wconf 90' lang='lat' dir='ltr'>est</span> <span class='ocrx_word' id='word_1_160' title='bbox 2477 831 2655 869; x_wconf 90' lang='lat' dir='ltr'>manu</span> <span class='ocrx_word' id='word_1_161' title='bbox 2690 832 2796 869; x_wconf 88' lang='lat' dir='ltr'>sua</span> <span class='ocrx_word' id='word_1_162' title='bbox 2825 832 3010 882; x_wconf 87' lang='lat' dir='ltr'>mare,</span> <span class='ocrx_word' id='word_1_163' title='bbox 3045 822 3104 871; x_wconf 89' lang='lat' dir='ltr'>et</span> <span class='ocrx_word' id='word_1_164' title='bbox 3134 817 3312 871; x_wconf 65' lang='lat' dir='ltr'>caelos</span> <span class='ocrx_word' id='word_1_165' title='bbox 3343 817 3560 888; x_wconf 90' lang='lat' dir='ltr'>palmo,</span> <span class='ocrx_word' id='word_1_166' title='bbox 3612 833 3731 888; x_wconf 90' lang='lat' dir='ltr'>pu-</span> 
     </span>
    </p>
   </div>
   <div class='ocr_carea' id='block_1_23' title="bbox 2084 901 3733 977">
    <p class='ocr_par' dir='ltr' id='par_1_23' title="bbox 2084 901 3733 977">
     <span class='ocr_line' id='line_1_23' title="bbox 2084 901 3733 977; baseline 0.004 -24"><span class='ocrx_word' id='word_1_167' title='bbox 2084 901 2224 971; x_wconf 80' lang='lat' dir='ltr'>gillo</span> <span class='ocrx_word' id='word_1_168' title='bbox 2284 907 2503 957; x_wconf 91' lang='lat' dir='ltr'>terram</span> <span class='ocrx_word' id='word_1_169' title='bbox 2559 905 2898 959; x_wconf 74' lang='lat' dir='ltr'>universam</span> <span class='ocrx_word' id='word_1_170' title='bbox 2933 904 3023 958; x_wconf 66' lang='lat'>“‘2</span> <span class='ocrx_word' id='word_1_171' title='bbox 3074 927 3101 954; x_wconf 84' lang='lat'>»</span> <span class='ocrx_word' id='word_1_172' title='bbox 3148 908 3216 959; x_wconf 92' lang='lat' dir='ltr'>Et</span> <span class='ocrx_word' id='word_1_173' title='bbox 3267 906 3513 961; x_wconf 88' lang='lat' dir='ltr'>omnino</span> <span class='ocrx_word' id='word_1_174' title='bbox 3563 921 3733 977; x_wconf 65' lang='lat' dir='ltr'>aqua:</span> 
     </span>
    </p>
   </div>
   <div class='ocr_carea' id='block_1_24' title="bbox 2085 991 3738 1065">
    <p class='ocr_par' dir='ltr' id='par_1_24' title="bbox 2085 991 3738 1065">
     <span class='ocr_line' id='line_1_24' title="bbox 2085 991 3738 1065; baseline 0.002 -21"><span class='ocrx_word' id='word_1_175' title='bbox 2085 991 2376 1046; x_wconf 69' lang='lat' dir='ltr'>universae</span> <span class='ocrx_word' id='word_1_176' title='bbox 2411 992 2517 1046; x_wconf 90' lang='lat' dir='ltr'>sub</span> <span class='ocrx_word' id='word_1_177' title='bbox 2550 1010 2733 1047; x_wconf 89' lang='lat' dir='ltr'>manu</span> <span class='ocrx_word' id='word_1_178' title='bbox 2764 995 2866 1047; x_wconf 89' lang='lat' dir='ltr'>Dei</span> <span class='ocrx_word' id='word_1_179' title='bbox 2898 998 3154 1048; x_wconf 90' lang='lat' dir='ltr'>sunt.....</span> <span class='ocrx_word' id='word_1_180' title='bbox 3205 996 3311 1059; x_wconf 88' lang='lat' dir='ltr'>Qui</span> <span class='ocrx_word' id='word_1_181' title='bbox 3364 996 3492 1050; x_wconf 83' lang='lat' dir='ltr'>fieri</span> <span class='ocrx_word' id='word_1_182' title='bbox 3542 999 3738 1065; x_wconf 82' lang='lat' dir='ltr'>potest</span> 
     </span>
    </p>
   </div>
   <div class='ocr_carea' id='block_1_25' title="bbox 2087 1082 3740 1149">
    <p class='ocr_par' dir='ltr' id='par_1_25' title="bbox 2087 1082 3740 1149">
     <span class='ocr_line' id='line_1_25' title="bbox 2087 1082 3740 1149; baseline 0.002 -16"><span class='ocrx_word' id='word_1_183' title='bbox 2087 1086 2152 1133; x_wconf 91' lang='lat' dir='ltr'>ut</span> <span class='ocrx_word' id='word_1_184' title='bbox 2182 1082 2231 1135; x_wconf 91' lang='lat' dir='ltr'>is</span> <span class='ocrx_word' id='word_1_185' title='bbox 2256 1098 2436 1136; x_wconf 89' lang='lat' dir='ltr'>mann</span> <span class='ocrx_word' id='word_1_186' title='bbox 2469 1098 2575 1137; x_wconf 89' lang='lat' dir='ltr'>sua</span> <span class='ocrx_word' id='word_1_187' title='bbox 2606 1082 2949 1137; x_wconf 88' lang='lat' dir='ltr'>continente</span> <span class='ocrx_word' id='word_1_188' title='bbox 2980 1083 3279 1149; x_wconf 88' lang='lat' dir='ltr'>universa,</span> <span class='ocrx_word' id='word_1_189' title='bbox 3305 1084 3627 1139; x_wconf 84' lang='lat' dir='ltr'>descendat</span> <span class='ocrx_word' id='word_1_190' title='bbox 3648 1083 3740 1139; x_wconf 87' lang='lat' dir='ltr'>vel</span> 
     </span>
    </p>
   </div>
   <div class='ocr_carea' id='block_1_26' title="bbox 2088 1170 3741 1245">
    <p class='ocr_par' dir='ltr' id='par_1_26' title="bbox 2088 1170 3741 1245">
     <span class='ocr_line' id='line_1_26' title="bbox 2088 1170 3741 1245; baseline 0.002 -22"><span class='ocrx_word' id='word_1_191' title='bbox 2088 1170 2416 1225; x_wconf 81' lang='lat' dir='ltr'>ascendat?</span> <span class='ocrx_word' id='word_1_192' title='bbox 2447 1174 2515 1225; x_wconf 86' lang='lat' dir='ltr'>Et</span> <span class='ocrx_word' id='word_1_193' title='bbox 2574 1173 2621 1225; x_wconf 90' lang='lat' dir='ltr'>si</span> <span class='ocrx_word' id='word_1_194' title='bbox 2681 1172 3131 1245; x_wconf 88' lang='lat' dir='ltr'>interrogaverit</span> <span class='ocrx_word' id='word_1_195' title='bbox 3189 1178 3243 1227; x_wconf 90' lang='lat' dir='ltr'>te</span> <span class='ocrx_word' id='word_1_196' title='bbox 3284 1174 3613 1228; x_wconf 89' lang='lat' dir='ltr'>Saracenus</span> <span class='ocrx_word' id='word_1_197' title='bbox 3659 1172 3741 1226; x_wconf 89' lang='lat' dir='ltr'>di-</span> 
     </span>
    </p>
   </div>
   <div class='ocr_carea' id='block_1_27' title="bbox 2089 1259 3743 1332">
    <p class='ocr_par' dir='ltr' id='par_1_27' title="bbox 2089 1259 3743 1332">
     <span class='ocr_line' id='line_1_27' title="bbox 2089 1259 3743 1332; baseline 0.001 -20"><span class='ocrx_word' id='word_1_198' title='bbox 2089 1275 2266 1314; x_wconf 88' lang='lat' dir='ltr'>cens:</span> <span class='ocrx_word' id='word_1_199' title='bbox 2304 1259 2606 1331; x_wconf 89' lang='lat' dir='ltr'>Siquidem</span> <span class='ocrx_word' id='word_1_200' title='bbox 2652 1263 2800 1316; x_wconf 87' lang='lat' dir='ltr'>Deus</span> <span class='ocrx_word' id='word_1_201' title='bbox 2831 1268 2958 1316; x_wconf 88' lang='lat' dir='ltr'>erat</span> <span class='ocrx_word' id='word_1_202' title='bbox 3007 1262 3295 1328; x_wconf 84' lang='lat' dir='ltr'>Christus,</span> <span class='ocrx_word' id='word_1_203' title='bbox 3346 1278 3463 1332; x_wconf 89' lang='lat' dir='ltr'>qua</span> <span class='ocrx_word' id='word_1_204' title='bbox 3508 1261 3743 1317; x_wconf 87' lang='lat' dir='ltr'>ratione</span> 
     </span>
    </p>
   </div>
   <div class='ocr_carea' id='block_1_28' title="bbox 2088 1350 3741 1417">
    <p class='ocr_par' dir='ltr' id='par_1_28' title="bbox 2088 1350 3741 1417">
     <span class='ocr_line' id='line_1_28' title="bbox 2088 1350 3741 1417; baseline 0.001 -15"><span class='ocrx_word' id='word_1_205' title='bbox 2088 1350 2349 1403; x_wconf 89' lang='lat' dir='ltr'>comedit</span> <span class='ocrx_word' id='word_1_206' title='bbox 2377 1356 2437 1404; x_wconf 89' lang='lat' dir='ltr'>et</span> <span class='ocrx_word' id='word_1_207' title='bbox 2461 1350 2612 1404; x_wconf 88' lang='lat' dir='ltr'>bibit</span> <span class='ocrx_word' id='word_1_208' title='bbox 2671 1357 2728 1405; x_wconf 92' lang='lat' dir='ltr'>et</span> <span class='ocrx_word' id='word_1_209' title='bbox 2767 1350 3063 1417; x_wconf 86' lang='lat' dir='ltr'>dormivit,</span> <span class='ocrx_word' id='word_1_210' title='bbox 3116 1356 3225 1405; x_wconf 86' lang='lat' dir='ltr'>etc.</span> <span class='ocrx_word' id='word_1_211' title='bbox 3272 1351 3375 1405; x_wconf 91' lang='lat' dir='ltr'>Dic</span> <span class='ocrx_word' id='word_1_212' title='bbox 3417 1350 3503 1405; x_wconf 91' lang='lat' dir='ltr'>ei:</span> <span class='ocrx_word' id='word_1_213' title='bbox 3550 1353 3741 1405; x_wconf 61' lang='lat' dir='ltr'>Aiter-</span> 
     </span>
    </p>
   </div>
   <div class='ocr_carea' id='block_1_29' title="bbox 2090 1437 3744 1509">
    <p class='ocr_par' dir='ltr' id='par_1_29' title="bbox 2090 1437 3744 1509">
     <span class='ocr_line' id='line_1_29' title="bbox 2090 1437 3744 1509; baseline 0.002 -19"><span class='ocrx_word' id='word_1_214' title='bbox 2090 1454 2234 1491; x_wconf 91' lang='lat' dir='ltr'>num</span> <span class='ocrx_word' id='word_1_215' title='bbox 2280 1439 2534 1493; x_wconf 85' lang='lat' dir='ltr'>Verbum</span> <span class='ocrx_word' id='word_1_216' title='bbox 2596 1440 2718 1506; x_wconf 89' lang='lat' dir='ltr'>Dei,</span> <span class='ocrx_word' id='word_1_217' title='bbox 2775 1439 2935 1509; x_wconf 94' lang='lat' dir='ltr'>quod</span> <span class='ocrx_word' id='word_1_218' title='bbox 2983 1440 3202 1493; x_wconf 87' lang='lat' dir='ltr'>creavit</span> <span class='ocrx_word' id='word_1_219' title='bbox 3257 1439 3479 1501; x_wconf 86' lang='lat' dir='ltr'>omnia,</span> <span class='ocrx_word' id='word_1_220' title='bbox 3536 1445 3604 1493; x_wconf 90' lang='lat' dir='ltr'>ut</span> <span class='ocrx_word' id='word_1_221' title='bbox 3659 1437 3744 1493; x_wconf 87' lang='lat' dir='ltr'>ait</span> 
     </span>
    </p>
   </div>
   <div class='ocr_carea' id='block_1_30' title="bbox 2091 1526 3744 1599">
    <p class='ocr_par' dir='ltr' id='par_1_30' title="bbox 2091 1526 3744 1599">
     <span class='ocr_line' id='line_1_30' title="bbox 2091 1526 3744 1599; baseline 0.001 -20"><span class='ocrx_word' id='word_1_222' title='bbox 2091 1526 2391 1597; x_wconf 88' lang='lat' dir='ltr'>Scriptura</span> <span class='ocrx_word' id='word_1_223' title='bbox 2422 1545 2556 1583; x_wconf 90' lang='lat' dir='ltr'>mea</span> <span class='ocrx_word' id='word_1_224' title='bbox 2588 1534 2645 1583; x_wconf 91' lang='lat' dir='ltr'>et</span> <span class='ocrx_word' id='word_1_225' title='bbox 2675 1534 2794 1591; x_wconf 86' lang='lat' dir='ltr'>tua,</span> <span class='ocrx_word' id='word_1_226' title='bbox 2827 1529 3151 1599; x_wconf 89' lang='lat' dir='ltr'>ipsummet</span> <span class='ocrx_word' id='word_1_227' title='bbox 3179 1544 3248 1582; x_wconf 85' lang='lat' dir='ltr'>ex</span> <span class='ocrx_word' id='word_1_228' title='bbox 3292 1544 3470 1582; x_wconf 87' lang='lat' dir='ltr'>carne</span> <span class='ocrx_word' id='word_1_229' title='bbox 3524 1532 3744 1581; x_wconf 64' lang='lat' dir='ltr'>sancta</span> 
     </span>
    </p>
   </div>
   <div class='ocr_carea' id='block_1_31' title="bbox 2094 1616 3747 1687">
    <p class='ocr_par' dir='ltr' id='par_1_31' title="bbox 2094 1616 3747 1687">
     <span class='ocr_line' id='line_1_31' title="bbox 2094 1616 3747 1687; baseline 0.001 -19"><span class='ocrx_word' id='word_1_230' title='bbox 2094 1616 2349 1686; x_wconf 78' lang='lat' dir='ltr'>Virginis</span> <span class='ocrx_word' id='word_1_231' title='bbox 2399 1618 2591 1671; x_wconf 62' lang='lat' dir='ltr'>Marias</span> <span class='ocrx_word' id='word_1_232' title='bbox 2650 1618 2840 1671; x_wconf 87' lang='lat' dir='ltr'>factus</span> <span class='ocrx_word' id='word_1_233' title='bbox 2900 1618 3077 1671; x_wconf 90' lang='lat' dir='ltr'>homo</span> <span class='ocrx_word' id='word_1_234' title='bbox 3136 1617 3455 1687; x_wconf 80' lang='lat' dir='ltr'>perfectus,</span> <span class='ocrx_word' id='word_1_235' title='bbox 3514 1616 3747 1669; x_wconf 87' lang='lat' dir='ltr'>ratione</span> 
     </span>
    </p>
   </div>
   <div class='ocr_carea' id='block_1_32' title="bbox 2095 1704 3749 1776">
    <p class='ocr_par' dir='ltr' id='par_1_32' title="bbox 2095 1704 3749 1776">
     <span class='ocr_line' id='line_1_32' title="bbox 2095 1704 3749 1776; baseline 0 -19"><span class='ocrx_word' id='word_1_236' title='bbox 2095 1712 2151 1758; x_wconf 85' lang='lat' dir='ltr'>et</span> <span class='ocrx_word' id='word_1_237' title='bbox 2180 1706 2381 1759; x_wconf 84' lang='lat' dir='ltr'>anima</span> <span class='ocrx_word' id='word_1_238' title='bbox 2414 1705 2714 1776; x_wconf 73' lang='lat' dir='ltr'>prmditus,</span> <span class='ocrx_word' id='word_1_239' title='bbox 2753 1706 2800 1761; x_wconf 91' lang='lat' dir='ltr'>is</span> <span class='ocrx_word' id='word_1_240' title='bbox 2833 1712 2919 1759; x_wconf 80' lang='lat' dir='ltr'>est</span> <span class='ocrx_word' id='word_1_241' title='bbox 2954 1706 3053 1775; x_wconf 88' lang='lat' dir='ltr'>qui</span> <span class='ocrx_word' id='word_1_242' title='bbox 3095 1705 3355 1760; x_wconf 89' lang='lat' dir='ltr'>comedit</span> <span class='ocrx_word' id='word_1_243' title='bbox 3382 1704 3650 1775; x_wconf 89' lang='lat' dir='ltr'>bibitque</span> <span class='ocrx_word' id='word_1_244' title='bbox 3681 1720 3749 1758; x_wconf 90' lang='lat' dir='ltr'>ac</span> 
     </span>
    </p>
   </div>
   <div class='ocr_carea' id='block_1_33' title="bbox 2103 1793 3753 1849">
    <p class='ocr_par' dir='ltr' id='par_1_33' title="bbox 2103 1793 3753 1849">
     <span class='ocr_line' id='line_1_33' title="bbox 2103 1793 3753 1849; baseline -0.002 0"><span class='ocrx_word' id='word_1_245' title='bbox 2103 1795 2396 1849; x_wconf 86' lang='lat' dir='ltr'>dormivit.</span> <span class='ocrx_word' id='word_1_246' title='bbox 2424 1800 2496 1848; x_wconf 84' lang='lat' dir='ltr'>At</span> <span class='ocrx_word' id='word_1_247' title='bbox 2520 1795 2775 1849; x_wconf 87' lang='lat' dir='ltr'>Verbum</span> <span class='ocrx_word' id='word_1_248' title='bbox 2812 1796 2909 1848; x_wconf 85' lang='lat' dir='ltr'>Dei</span> <span class='ocrx_word' id='word_1_249' title='bbox 2975 1811 3081 1849; x_wconf 87' lang='lat' dir='ltr'>nec</span> <span class='ocrx_word' id='word_1_250' title='bbox 3132 1794 3392 1849; x_wconf 88' lang='lat' dir='ltr'>comedit</span> <span class='ocrx_word' id='word_1_251' title='bbox 3434 1809 3545 1848; x_wconf 90' lang='lat' dir='ltr'>nec</span> <span class='ocrx_word' id='word_1_252' title='bbox 3601 1793 3753 1847; x_wconf 87' lang='lat' dir='ltr'>bibit</span> 
     </span>
    </p>
   </div>
   <div class='ocr_carea' id='block_1_34' title="bbox 334 1880 1991 1965">
    <p class='ocr_par' dir='ltr' id='par_1_34' title="bbox 334 1880 1982 1957">
     <span class='ocr_line' id='line_1_34' title="bbox 334 1880 1982 1957; baseline -0.002 -21"><span class='ocrx_word' id='word_1_253' title='bbox 334 1882 423 1936; x_wconf 83' lang='grc' dir='ltr'>καὶ</span> <span class='ocrx_word' id='word_1_254' title='bbox 460 1882 594 1955; x_wconf 82' lang='grc' dir='ltr'>μετᾶ</span> <span class='ocrx_word' id='word_1_255' title='bbox 622 1883 721 1950; x_wconf 80' lang='grc' dir='ltr'>τὴν</span> <span class='ocrx_word' id='word_1_256' title='bbox 750 1882 1030 1956; x_wconf 81' lang='grc' dir='ltr'>πρόληψιν</span> <span class='ocrx_word' id='word_1_257' title='bbox 1058 1890 1157 1950; x_wconf 75' lang='grc' dir='ltr'>τῆς</span> <span class='ocrx_word' id='word_1_258' title='bbox 1213 1882 1408 1957; x_wconf 89' lang='grc' dir='ltr'>σαρκὸς</span> <span class='ocrx_word' id='word_1_259' title='bbox 1477 1882 1848 1940; x_wconf 76' lang='grc' dir='ltr'>ὑποστατικῶς</span> <span class='ocrx_word' id='word_1_260' title='bbox 1893 1880 1982 1934; x_wconf 83' lang='grc' dir='ltr'>καὶ</span> 
     </span>
    </p>
   </div>
   <div class='ocr_carea' id='block_1_35' title="bbox 2113 1880 3748 1965">
    <p class='ocr_par' dir='ltr' id='par_1_35' title="bbox 2113 1883 3748 1951">
     <span class='ocr_line' id='line_1_35' title="bbox 2113 1883 3748 1951; baseline 0 -15"><span class='ocrx_word' id='word_1_261' title='bbox 2113 1901 2208 1937; x_wconf 67' lang='grc' dir='ltr'>που</span> <span class='ocrx_word' id='word_1_262' title='bbox 2242 1884 2542 1948; x_wconf 84' lang='lat' dir='ltr'>dormivit,</span> <span class='ocrx_word' id='word_1_263' title='bbox 2566 1901 2675 1938; x_wconf 90' lang='lat' dir='ltr'>nec</span> <span class='ocrx_word' id='word_1_264' title='bbox 2702 1886 2860 1938; x_wconf 85' lang='lat' dir='ltr'>cruci</span> <span class='ocrx_word' id='word_1_265' title='bbox 2894 1885 3137 1939; x_wconf 79' lang='lat' dir='ltr'>afﬁxum</span> <span class='ocrx_word' id='word_1_266' title='bbox 3172 1889 3281 1951; x_wconf 77' lang='lat' dir='ltr'>est,</span> <span class='ocrx_word' id='word_1_267' title='bbox 3333 1890 3443 1938; x_wconf 85' lang='lat' dir='ltr'>etc.</span> <span class='ocrx_word' id='word_1_268' title='bbox 3498 1883 3748 1936; x_wconf 85' lang='lat' dir='ltr'>Adverte</span> 
     </span>
    </p>
   </div>
   <div class='ocr_carea' id='block_1_36' title="bbox 334 1968 1991 2049">
    <p class='ocr_par' dir='ltr' id='par_1_36' title="bbox 334 1968 1977 2049">
     <span class='ocr_line' id='line_1_36' title="bbox 334 1968 1977 2049; baseline 0 -24"><span class='ocrx_word' id='word_1_269' title='bbox 334 1970 397 2025; x_wconf 77' lang='grc' dir='ltr'>οὔ</span> <span class='ocrx_word' id='word_1_270' title='bbox 428 1976 690 2049; x_wconf 79' lang='grc' dir='ltr'>φυσικῶς·</span> <span class='ocrx_word' id='word_1_271' title='bbox 726 1971 787 2025; x_wconf 82' lang='grc' dir='ltr'>οὐ</span> <span class='ocrx_word' id='word_1_272' title='bbox 834 1973 935 2045; x_wconf 80' lang='grc' dir='ltr'>γὰρ</span> <span class='ocrx_word' id='word_1_273' title='bbox 989 1973 1288 2042; x_wconf 82' lang='grc' dir='ltr'>προσετὲση</span> <span class='ocrx_word' id='word_1_274' title='bbox 1348 1974 1416 2044; x_wconf 78' lang='grc' dir='ltr'>τῇ</span> <span class='ocrx_word' id='word_1_275' title='bbox 1476 1968 1667 2044; x_wconf 72' lang='grc' dir='ltr'>Τριάδι</span> <span class='ocrx_word' id='word_1_276' title='bbox 1726 1971 1977 2044; x_wconf 73' lang='grc' dir='ltr'>τέταρτον</span> 
     </span>
    </p>
   </div>
   <div class='ocr_carea' id='block_1_37' title="bbox 2113 1968 3741 2049">
    <p class='ocr_par' dir='ltr' id='par_1_37' title="bbox 2113 1972 3741 2044">
     <span class='ocr_line' id='line_1_37' title="bbox 2113 1972 3741 2044; baseline -0.001 -17"><span class='ocrx_word' id='word_1_277' title='bbox 2113 1980 2282 2027; x_wconf 70' lang='lat' dir='ltr'>,utem</span> <span class='ocrx_word' id='word_1_278' title='bbox 2314 1974 2613 2027; x_wconf 82' lang='lat' dir='ltr'>Christum</span> <span class='ocrx_word' id='word_1_279' title='bbox 2644 1973 2940 2044; x_wconf 89' lang='lat' dir='ltr'>duplicem</span> <span class='ocrx_word' id='word_1_280' title='bbox 2999 1974 3115 2027; x_wconf 88' lang='lat' dir='ltr'>dici</span> <span class='ocrx_word' id='word_1_281' title='bbox 3169 1973 3325 2044; x_wconf 91' lang='lat' dir='ltr'>quod</span> <span class='ocrx_word' id='word_1_282' title='bbox 3370 1972 3443 2027; x_wconf 91' lang='lat' dir='ltr'>ad</span> <span class='ocrx_word' id='word_1_283' title='bbox 3491 1978 3741 2026; x_wconf 88' lang='lat' dir='ltr'>naturas</span> 
     </span>
    </p>
   </div>
   <div class='ocr_carea' id='block_1_38' title="bbox 329 2055 1991 2135">
    <p class='ocr_par' dir='ltr' id='par_1_38' title="bbox 329 2055 1798 2135">
     <span class='ocr_line' id='line_1_38' title="bbox 329 2055 1798 2135; baseline 0.001 -22"><span class='ocrx_word' id='word_1_284' title='bbox 329 2059 627 2134; x_wconf 88' lang='grc' dir='ltr'>πρόσωπον</span> <span class='ocrx_word' id='word_1_285' title='bbox 664 2061 796 2132; x_wconf 78' lang='grc' dir='ltr'>μετὰ</span> <span class='ocrx_word' id='word_1_286' title='bbox 823 2062 925 2129; x_wconf 73' lang='grc' dir='ltr'>τὴν</span> <span class='ocrx_word' id='word_1_287' title='bbox 956 2058 1193 2135; x_wconf 64' lang='grc' dir='ltr'>ἄρρητον</span> <span class='ocrx_word' id='word_1_288' title='bbox 1226 2055 1416 2114; x_wconf 79' lang='grc' dir='ltr'>ἕνωσιν</span> <span class='ocrx_word' id='word_1_289' title='bbox 1448 2066 1548 2128; x_wconf 82' lang='grc' dir='ltr'>τῆς</span> <span class='ocrx_word' id='word_1_290' title='bbox 1582 2059 1798 2131; x_wconf 85' lang='grc' dir='ltr'>σαρκός.</span> 
     </span>
    </p>
   </div>
   <div class='ocr_carea' id='block_1_39' title="bbox 2113 2055 3750 2135">
    <p class='ocr_par' dir='ltr' id='par_1_39' title="bbox 2113 2060 3750 2133">
     <span class='ocr_line' id='line_1_39' title="bbox 2113 2060 3750 2133; baseline 0 -18"><span class='ocrx_word' id='word_1_291' title='bbox 2113 2063 2315 2129; x_wconf 88' lang='lat' dir='ltr'>.ttinet,</span> <span class='ocrx_word' id='word_1_292' title='bbox 2372 2079 2557 2117; x_wconf 90' lang='lat' dir='ltr'>unum</span> <span class='ocrx_word' id='word_1_293' title='bbox 2614 2079 2750 2117; x_wconf 87' lang='lat' dir='ltr'>vero</span> <span class='ocrx_word' id='word_1_294' title='bbox 2812 2062 3137 2133; x_wconf 83' lang='lat' dir='ltr'>bypostasi.</span> <span class='ocrx_word' id='word_1_295' title='bbox 3221 2064 3384 2117; x_wconf 92' lang='lat' dir='ltr'>Unus</span> <span class='ocrx_word' id='word_1_296' title='bbox 3441 2062 3601 2116; x_wconf 90' lang='lat' dir='ltr'>enim</span> <span class='ocrx_word' id='word_1_297' title='bbox 3659 2060 3750 2115; x_wconf 88' lang='lat' dir='ltr'>est</span> 
     </span>
    </p>
   </div>
   <div class='ocr_carea' id='block_1_40' title="bbox 331 2150 3751 2223">
    <p class='ocr_par' dir='ltr' id='par_1_40' title="bbox 331 2150 3751 2223">
     <span class='ocr_line' id='line_1_40' title="bbox 331 2150 3751 2223; baseline -0.001 -17"><span class='ocrx_word' id='word_1_298' title='bbox 331 2156 624 2207; x_wconf 67' lang='lat' dir='ltr'>internum</span> <span class='ocrx_word' id='word_1_299' title='bbox 658 2152 911 2207; x_wconf 89' lang='lat' dir='ltr'>Verbum</span> <span class='ocrx_word' id='word_1_300' title='bbox 946 2152 1048 2206; x_wconf 89' lang='lat' dir='ltr'>Dei</span> <span class='ocrx_word' id='word_1_301' title='bbox 1080 2153 1260 2207; x_wconf 88' lang='lat' dir='ltr'>etiam</span> <span class='ocrx_word' id='word_1_302' title='bbox 1290 2155 1426 2223; x_wconf 87' lang='lat' dir='ltr'>post</span> <span class='ocrx_word' id='word_1_303' title='bbox 1454 2156 1821 2222; x_wconf 76' lang='lat' dir='ltr'>assumptum</span> <span class='ocrx_word' id='word_1_304' title='bbox 1853 2167 2115 2215; x_wconf 88' lang='lat' dir='ltr'>carnem,</span> <span class='ocrx_word' id='word_1_305' title='bbox 2142 2151 2444 2223; x_wconf 86' lang='lat' dir='ltr'>hypostasi</span> <span class='ocrx_word' id='word_1_306' title='bbox 2480 2157 2679 2206; x_wconf 87' lang='lat' dir='ltr'>tamen</span> <span class='ocrx_word' id='word_1_307' title='bbox 2736 2168 2856 2205; x_wconf 92' lang='lat' dir='ltr'>non</span> <span class='ocrx_word' id='word_1_308' title='bbox 2907 2157 3140 2206; x_wconf 88' lang='lat' dir='ltr'>natura.</span> <span class='ocrx_word' id='word_1_309' title='bbox 3196 2154 3395 2221; x_wconf 89' lang='lat' dir='ltr'>Neque</span> <span class='ocrx_word' id='word_1_310' title='bbox 3445 2150 3606 2205; x_wconf 90' lang='lat' dir='ltr'>enim</span> <span class='ocrx_word' id='word_1_311' title='bbox 3659 2152 3751 2205; x_wconf 86' lang='lat' dir='ltr'>est</span> 
     </span>
    </p>
   </div>
   <div class='ocr_carea' id='block_1_41' title="bbox 332 2240 2998 2312">
    <p class='ocr_par' dir='ltr' id='par_1_41' title="bbox 332 2240 2998 2312">
     <span class='ocr_line' id='line_1_41' title="bbox 332 2240 2998 2312; baseline 0 -18"><span class='ocrx_word' id='word_1_312' title='bbox 332 2240 568 2312; x_wconf 88' lang='lat' dir='ltr'>adjecta</span> <span class='ocrx_word' id='word_1_313' title='bbox 598 2247 688 2297; x_wconf 86' lang='lat' dir='ltr'>est</span> <span class='ocrx_word' id='word_1_314' title='bbox 715 2241 984 2297; x_wconf 90' lang='lat' dir='ltr'>Trinitati</span> <span class='ocrx_word' id='word_1_315' title='bbox 1017 2247 1230 2312; x_wconf 87' lang='lat' dir='ltr'>quarta</span> <span class='ocrx_word' id='word_1_316' title='bbox 1261 2240 1536 2312; x_wconf 64' lang='lat' dir='ltr'>quaedam</span> <span class='ocrx_word' id='word_1_317' title='bbox 1568 2256 1823 2312; x_wconf 86' lang='lat' dir='ltr'>persona</span> <span class='ocrx_word' id='word_1_318' title='bbox 1853 2245 1987 2311; x_wconf 89' lang='lat' dir='ltr'>post</span> <span class='ocrx_word' id='word_1_319' title='bbox 2016 2241 2385 2295; x_wconf 78' lang='lat' dir='ltr'>ineffabilem</span> <span class='ocrx_word' id='word_1_320' title='bbox 2417 2242 2747 2295; x_wconf 91' lang='lat' dir='ltr'>unitionem</span> <span class='ocrx_word' id='word_1_321' title='bbox 2781 2241 2998 2295; x_wconf 88' lang='lat' dir='ltr'>earnis.</span> 
     </span>
    </p>
   </div>
   <div class='ocr_carea' id='block_1_42' title="bbox 405 2325 1985 2405">
    <p class='ocr_par' dir='ltr' id='par_1_42' title="bbox 405 2325 1985 2405">
     <span class='ocr_line' id='line_1_42' title="bbox 405 2325 1985 2405; baseline -0.003 -19"><span class='ocrx_word' id='word_1_322' title='bbox 405 2328 468 2386; x_wconf 79' lang='grc' dir='ltr'>Ὀ</span> <span class='ocrx_word' id='word_1_323' title='bbox 521 2334 677 2386; x_wconf 86' lang='grc' dir='ltr'>ΣΑΡ.</span> <span class='ocrx_word' id='word_1_324' title='bbox 736 2331 859 2387; x_wconf 87' lang='grc' dir='ltr'>Ὅτι</span> <span class='ocrx_word' id='word_1_325' title='bbox 918 2330 984 2400; x_wconf 73' lang='grc' dir='ltr'>ἢν</span> <span class='ocrx_word' id='word_1_326' title='bbox 1044 2328 1226 2405; x_wconf 82' lang='grc' dir='ltr'>ἐγετελ</span> <span class='ocrx_word' id='word_1_327' title='bbox 1284 2332 1349 2402; x_wconf 79' lang='lat'>(3)</span> <span class='ocrx_word' id='word_1_328' title='bbox 1409 2329 1586 2393; x_wconf 85' lang='grc' dir='ltr'>θεῖκὸν</span> <span class='ocrx_word' id='word_1_329' title='bbox 1646 2328 1900 2383; x_wconf 69' lang='grc' dir='ltr'>ἀπέθανεν</span> <span class='ocrx_word' id='word_1_330' title='bbox 1949 2325 1985 2397; x_wconf 78' lang='grc' dir='ltr'>ἤ</span> 
     </span>
    </p>
   </div>
   <div class='ocr_carea' id='block_1_43' title="bbox 340 2420 446 2491">
    <p class='ocr_par' dir='ltr' id='par_1_43' title="bbox 340 2420 446 2491">
     <span class='ocr_line' id='line_1_43' title="bbox 340 2420 446 2491; baseline 0.009 -4"><span class='ocrx_word' id='word_1_331' title='bbox 340 2420 446 2491; x_wconf 72' lang='grc' dir='ltr'>ζῇς</span> 
     </span>
    </p>
   </div>
   <div class='ocr_carea' id='block_1_44' title="bbox 410 2506 1986 2585">
    <p class='ocr_par' dir='ltr' id='par_1_44' title="bbox 410 2506 1986 2585">
     <span class='ocr_line' id='line_1_44' title="bbox 410 2506 1986 2585; baseline -0.003 -20"><span class='ocrx_word' id='word_1_332' title='bbox 410 2506 546 2565; x_wconf 69' lang='grc' dir='ltr'>Εἰπὲ</span> <span class='ocrx_word' id='word_1_333' title='bbox 602 2507 771 2581; x_wconf 79' lang='grc' dir='ltr'>αὐτῷ·</span> <span class='ocrx_word' id='word_1_334' title='bbox 832 2507 932 2564; x_wconf 77' lang='grc' dir='ltr'>οὐκ</span> <span class='ocrx_word' id='word_1_335' title='bbox 989 2506 1271 2575; x_wconf 78' lang='grc' dir='ltr'>ἆπέθανεν,</span> <span class='ocrx_word' id='word_1_336' title='bbox 1332 2507 1548 2585; x_wconf 75' lang='grc' dir='ltr'>θαρρὦ</span> <span class='ocrx_word' id='word_1_337' title='bbox 1602 2512 1671 2581; x_wconf 83' lang='grc' dir='ltr'>τῇ</span> <span class='ocrx_word' id='word_1_338' title='bbox 1741 2510 1986 2583; x_wconf 84' lang='grc' dir='ltr'>Γραφικῇ</span> 
     </span>
    </p>
   </div>
   <div class='ocr_carea' id='block_1_45' title="bbox 332 2595 1988 2675">
    <p class='ocr_par' dir='ltr' id='par_1_45' title="bbox 332 2595 1988 2675">
     <span class='ocr_line' id='line_1_45' title="bbox 332 2595 1988 2675; baseline 0 -22"><span class='ocrx_word' id='word_1_339' title='bbox 332 2595 624 2669; x_wconf 77' lang='grc' dir='ltr'>ἀποδείξει.</span> <span class='ocrx_word' id='word_1_340' title='bbox 660 2599 819 2670; x_wconf 82' lang='grc' dir='ltr'>Λέφει</span> <span class='ocrx_word' id='word_1_341' title='bbox 849 2599 951 2673; x_wconf 78' lang='grc' dir='ltr'>γὰρ</span> <span class='ocrx_word' id='word_1_342' title='bbox 982 2602 1015 2668; x_wconf 78' lang='grc' dir='ltr'><strong>ἡ</strong></span> <span class='ocrx_word' id='word_1_343' title='bbox 1049 2600 1236 2675; x_wconf 82' lang='grc' dir='ltr'>Γραφή</span> <span class='ocrx_word' id='word_1_344' title='bbox 1269 2599 1626 2673; x_wconf 60' lang='grc' dir='ltr'>περὶτούτων</span> <span class='ocrx_word' id='word_1_345' title='bbox 1656 2622 1681 2649; x_wconf 86' lang='grc'><em>‹‹</em></span> <span class='ocrx_word' id='word_1_346' title='bbox 1706 2596 1907 2659; x_wconf 82' lang='grc' dir='ltr'>Ἦλθεν</span> <span class='ocrx_word' id='word_1_347' title='bbox 1927 2600 1988 2670; x_wconf 77' lang='grc' dir='ltr'>(ἰ)</span> 
     </span>
    </p>
   </div>
   <div class='ocr_carea' id='block_1_46' title="bbox 331 2686 1986 2761">
    <p class='ocr_par' dir='ltr' id='par_1_46' title="bbox 331 2686 1986 2761">
     <span class='ocr_line' id='line_1_46' title="bbox 331 2686 1986 2761; baseline -0.002 -20"><span class='ocrx_word' id='word_1_348' title='bbox 331 2686 414 2741; x_wconf 67' lang='grc' dir='ltr'>ἐπ’</span> <span class='ocrx_word' id='word_1_349' title='bbox 447 2687 615 2754; x_wconf 75' lang='grc' dir='ltr'>αὐτὴν</span> <span class='ocrx_word' id='word_1_350' title='bbox 646 2687 673 2740; x_wconf 95' lang='lat'>6</span> <span class='ocrx_word' id='word_1_351' title='bbox 705 2689 929 2760; x_wconf 83' lang='grc' dir='ltr'>φυσικὸς</span> <span class='ocrx_word' id='word_1_352' title='bbox 953 2691 1061 2741; x_wconf 78' lang='grc' dir='ltr'>τῶν</span> <span class='ocrx_word' id='word_1_353' title='bbox 1119 2687 1419 2761; x_wconf 86' lang='grc' dir='ltr'>ἀνθρώπων</span> <span class='ocrx_word' id='word_1_354' title='bbox 1481 2688 1705 2747; x_wconf 80' lang='grc' dir='ltr'>θάνατος</span> <span class='ocrx_word' id='word_1_355' title='bbox 1762 2688 1986 2757; x_wconf 71' lang='grc' dir='ltr'>μνήμην</span> 
     </span>
    </p>
   </div>
   <div class='ocr_carea' id='block_1_47' title="bbox 333 2773 1990 2850">
    <p class='ocr_par' dir='ltr' id='par_1_47' title="bbox 333 2773 1990 2850">
     <span class='ocr_line' id='line_1_47' title="bbox 333 2773 1990 2850; baseline -0.001 -19"><span class='ocrx_word' id='word_1_356' title='bbox 333 2776 601 2849; x_wconf 50' lang='grc' dir='ltr'>καθείρξας</span> <span class='ocrx_word' id='word_1_357' title='bbox 633 2777 667 2847; x_wconf 73' lang='grc' dir='ltr'><strong>ἢ</strong></span> <span class='ocrx_word' id='word_1_358' title='bbox 703 2777 1111 2850; x_wconf 75' lang='grc' dir='ltr'>χειρωσάμενος</span> <span class='ocrx_word' id='word_1_359' title='bbox 1141 2777 1277 2847; x_wconf 88' lang='grc' dir='ltr'>πρὸς</span> <span class='ocrx_word' id='word_1_360' title='bbox 1305 2775 1355 2830; x_wconf 83' lang='grc' dir='ltr'>ἐν</span> <span class='ocrx_word' id='word_1_361' title='bbox 1389 2779 1524 2846; x_wconf 78' lang='grc' dir='ltr'>ἡμῖν</span> <span class='ocrx_word' id='word_1_362' title='bbox 1549 2773 1740 2849; x_wconf 79' lang='grc' dir='ltr'>ἃπαγε.</span> <span class='ocrx_word' id='word_1_363' title='bbox 1765 2774 1990 2837; x_wconf 77' lang='grc' dir='ltr'>Ἄλλως</span> 
     </span>
    </p>
   </div>
   <div class='ocr_carea' id='block_1_48' title="bbox 343 2863 1989 2941">
    <p class='ocr_par' dir='ltr' id='par_1_48' title="bbox 343 2863 1989 2941">
     <span class='ocr_line' id='line_1_48' title="bbox 343 2863 1989 2941; baseline -0.001 -21"><span class='ocrx_word' id='word_1_364' title='bbox 343 2867 471 2941; x_wconf 72' lang='grc' dir='ltr'>φέρε</span> <span class='ocrx_word' id='word_1_365' title='bbox 503 2864 694 2921; x_wconf 80' lang='grc' dir='ltr'>εἰπεῖν.</span> <span class='ocrx_word' id='word_1_366' title='bbox 728 2866 784 2918; x_wconf 72' lang='grc' dir='ltr'>Ὀ</span> <span class='ocrx_word' id='word_1_367' title='bbox 810 2870 1030 2939; x_wconf 81' lang='grc' dir='ltr'>πρῶτος</span> <span class='ocrx_word' id='word_1_368' title='bbox 1090 2863 1374 2940; x_wconf 65' lang='grc' dir='ltr'>ἅνθρωπος</span> <span class='ocrx_word' id='word_1_369' title='bbox 1430 2864 1695 2934; x_wconf 76' lang='grc' dir='ltr'>ὕπνωσεν,</span> <span class='ocrx_word' id='word_1_370' title='bbox 1754 2866 1843 2919; x_wconf 79' lang='grc' dir='ltr'>καὶ</span> <span class='ocrx_word' id='word_1_371' title='bbox 1888 2865 1989 2933; x_wconf 82' lang='grc' dir='ltr'>τήν</span> 
     </span>
    </p>
   </div>
   <div class='ocr_carea' id='block_1_49' title="bbox 341 2954 883 3029">
    <p class='ocr_par' dir='ltr' id='par_1_49' title="bbox 341 2954 883 3029">
     <span class='ocr_line' id='line_1_49' title="bbox 341 2954 883 3029; baseline 0.002 -20"><span class='ocrx_word' id='word_1_372' title='bbox 341 2954 582 3029; x_wconf 76' lang='grc' dir='ltr'>πλευρὰν</span> <span class='ocrx_word' id='word_1_373' title='bbox 616 2954 857 3028; x_wconf 67' lang='grc' dir='ltr'>ἀφῃρέθη</span> <span class='ocrx_word' id='word_1_374' title='bbox 870 2997 883 3010; x_wconf 93' lang='grc'>.</span> 
     </span>
    </p>
   </div>
   <div class='ocr_carea' id='block_1_50' title="bbox 412 3041 1994 3119">
    <p class='ocr_par' dir='ltr' id='par_1_50' title="bbox 412 3041 1994 3119">
     <span class='ocr_line' id='line_1_50' title="bbox 412 3041 1994 3119; baseline -0.003 -19"><span class='ocrx_word' id='word_1_375' title='bbox 412 3044 475 3100; x_wconf 87' lang='grc' dir='ltr'>Ὁ</span> <span class='ocrx_word' id='word_1_376' title='bbox 507 3046 659 3100; x_wconf 85' lang='grc' dir='ltr'>ΣΑΡ.</span> <span class='ocrx_word' id='word_1_377' title='bbox 696 3042 835 3099; x_wconf 79' lang='grc' dir='ltr'>Ἰδοὺ</span> <span class='ocrx_word' id='word_1_378' title='bbox 867 3046 942 3115; x_wconf 88' lang='lat' dir='ltr'>(u)</span> <span class='ocrx_word' id='word_1_379' title='bbox 974 3042 1297 3119; x_wconf 71' lang='grc' dir='ltr'>πέπληγμαι</span> <span class='ocrx_word' id='word_1_380' title='bbox 1332 3041 1384 3098; x_wconf 81' lang='grc' dir='ltr'>ἔν</span> <span class='ocrx_word' id='word_1_381' title='bbox 1411 3065 1517 3098; x_wconf 89' lang='grc' dir='ltr'>τινι</span> <span class='ocrx_word' id='word_1_382' title='bbox 1548 3042 1703 3115; x_wconf 87' lang='grc' dir='ltr'>τόπῳ</span> <span class='ocrx_word' id='word_1_383' title='bbox 1734 3049 1831 3112; x_wconf 79' lang='grc' dir='ltr'>τῆς</span> <span class='ocrx_word' id='word_1_384' title='bbox 1866 3062 1994 3117; x_wconf 90' lang='grc' dir='ltr'>σαρ-</span> 
     </span>
    </p>
   </div>
   <div class='ocr_carea' id='block_1_51' title="bbox 346 3131 1992 3209">
    <p class='ocr_par' dir='ltr' id='par_1_51' title="bbox 346 3131 1992 3209">
     <span class='ocr_line' id='line_1_51' title="bbox 346 3131 1992 3209; baseline -0.001 -22"><span class='ocrx_word' id='word_1_385' title='bbox 346 3133 439 3195; x_wconf 84' lang='grc' dir='ltr'>κός</span> <span class='ocrx_word' id='word_1_386' title='bbox 476 3154 602 3204; x_wconf 85' lang='grc' dir='ltr'>μου,</span> <span class='ocrx_word' id='word_1_387' title='bbox 636 3135 723 3188; x_wconf 83' lang='grc' dir='ltr'>καὶ</span> <span class='ocrx_word' id='word_1_388' title='bbox 780 3133 1053 3207; x_wconf 83' lang='grc' dir='ltr'>πληγεῖσα</span> <span class='ocrx_word' id='word_1_389' title='bbox 1084 3136 1118 3202; x_wconf 72' lang='grc' dir='ltr'><strong>ἡ</strong></span> <span class='ocrx_word' id='word_1_390' title='bbox 1152 3134 1280 3209; x_wconf 82' lang='grc' dir='ltr'>σάρξ</span> <span class='ocrx_word' id='word_1_391' title='bbox 1343 3131 1595 3208; x_wconf 84' lang='grc' dir='ltr'>μώλωπα</span> <span class='ocrx_word' id='word_1_392' title='bbox 1653 3131 1992 3199; x_wconf 82' lang='grc' dir='ltr'>ἀπετέλεσεν,</span> 
     </span>
    </p>
   </div>
   <div class='ocr_carea' id='block_1_52' title="bbox 2171 2330 3755 2397">
    <p class='ocr_par' dir='ltr' id='par_1_52' title="bbox 2171 2330 3755 2397">
     <span class='ocr_line' id='line_1_52' title="bbox 2171 2330 3755 2397; baseline -0.001 -13"><span class='ocrx_word' id='word_1_393' title='bbox 2171 2331 2419 2385; x_wconf 75' lang='grc' dir='ltr'>ΞΑΙὶΑΟ.</span> <span class='ocrx_word' id='word_1_394' title='bbox 2455 2330 2619 2395; x_wconf 90' lang='lat' dir='ltr'>Quod</span> <span class='ocrx_word' id='word_1_395' title='bbox 2651 2330 2918 2385; x_wconf 90' lang='lat' dir='ltr'>divinum</span> <span class='ocrx_word' id='word_1_396' title='bbox 2965 2330 3186 2397; x_wconf 85' lang='lat' dir='ltr'>dicitis,</span> <span class='ocrx_word' id='word_1_397' title='bbox 3234 2334 3613 2384; x_wconf 89' lang='lat' dir='ltr'>mortuumne</span> <span class='ocrx_word' id='word_1_398' title='bbox 3663 2330 3755 2383; x_wconf 89' lang='lat' dir='ltr'>est</span> 
     </span>
    </p>
   </div>
   <div class='ocr_carea' id='block_1_53' title="bbox 2099 2418 2395 2475">
    <p class='ocr_par' dir='ltr' id='par_1_53' title="bbox 2099 2418 2395 2475">
     <span class='ocr_line' id='line_1_53' title="bbox 2099 2418 2395 2475; baseline -0.007 0"><span class='ocrx_word' id='word_1_399' title='bbox 2099 2437 2175 2475; x_wconf 88' lang='lat' dir='ltr'>an</span> <span class='ocrx_word' id='word_1_400' title='bbox 2207 2418 2395 2473; x_wconf 86' lang='lat' dir='ltr'>vivit?</span> 
     </span>
    </p>
   </div>
   <div class='ocr_carea' id='block_1_54' title="bbox 2172 2505 3749 2579">
    <p class='ocr_par' dir='ltr' id='par_1_54' title="bbox 2172 2505 3749 2579">
     <span class='ocr_line' id='line_1_54' title="bbox 2172 2505 3749 2579; baseline -0.003 -16"><span class='ocrx_word' id='word_1_401' title='bbox 2172 2508 2483 2579; x_wconf 81' lang='lat' dir='ltr'>Responde</span> <span class='ocrx_word' id='word_1_402' title='bbox 2510 2508 2597 2562; x_wconf 90' lang='lat' dir='ltr'>illi</span> <span class='ocrx_word' id='word_1_403' title='bbox 2630 2524 2753 2562; x_wconf 91' lang='lat' dir='ltr'>non</span> <span class='ocrx_word' id='word_1_404' title='bbox 2781 2508 2966 2562; x_wconf 86' lang='lat' dir='ltr'>fuisse</span> <span class='ocrx_word' id='word_1_405' title='bbox 3011 2513 3310 2562; x_wconf 92' lang='lat' dir='ltr'>mortuum</span> <span class='ocrx_word' id='word_1_406' title='bbox 3359 2507 3545 2562; x_wconf 86' lang='lat' dir='ltr'>fretus</span> <span class='ocrx_word' id='word_1_407' title='bbox 3594 2505 3749 2560; x_wconf 89' lang='lat' dir='ltr'>Scri-</span> 
     </span>
    </p>
   </div>
   <div class='ocr_carea' id='block_1_55' title="bbox 2099 2596 3751 2669">
    <p class='ocr_par' dir='ltr' id='par_1_55' title="bbox 2099 2596 3751 2669">
     <span class='ocr_line' id='line_1_55' title="bbox 2099 2596 3751 2669; baseline -0.001 -18"><span class='ocrx_word' id='word_1_408' title='bbox 2099 2598 2317 2669; x_wconf 91' lang='lat' dir='ltr'>pturali</span> <span class='ocrx_word' id='word_1_409' title='bbox 2376 2598 2907 2652; x_wconf 86' lang='lat' dir='ltr'>demonstratione.</span> <span class='ocrx_word' id='word_1_410' title='bbox 2969 2598 3064 2651; x_wconf 80' lang='lat' dir='ltr'>Ait</span> <span class='ocrx_word' id='word_1_411' title='bbox 3125 2598 3284 2652; x_wconf 90' lang='lat' dir='ltr'>enim</span> <span class='ocrx_word' id='word_1_412' title='bbox 3333 2597 3405 2652; x_wconf 90' lang='lat' dir='ltr'>de</span> <span class='ocrx_word' id='word_1_413' title='bbox 3448 2597 3558 2651; x_wconf 91' lang='lat' dir='ltr'>hoc</span> <span class='ocrx_word' id='word_1_414' title='bbox 3602 2596 3751 2651; x_wconf 90' lang='lat' dir='ltr'>Scri-</span> 
     </span>
    </p>
   </div>
   <div class='ocr_carea' id='block_1_56' title="bbox 2100 2686 3753 2757">
    <p class='ocr_par' dir='ltr' id='par_1_56' title="bbox 2100 2686 3753 2757">
     <span class='ocr_line' id='line_1_56' title="bbox 2100 2686 3753 2757; baseline -0.001 -17"><span class='ocrx_word' id='word_1_415' title='bbox 2100 2692 2308 2757; x_wconf 90' lang='lat' dir='ltr'>ptura:</span> <span class='ocrx_word' id='word_1_416' title='bbox 2339 2688 2539 2754; x_wconf 84' lang='lat' dir='ltr'>(Venit</span> <span class='ocrx_word' id='word_1_417' title='bbox 2565 2687 2638 2740; x_wconf 91' lang='lat' dir='ltr'>ad</span> <span class='ocrx_word' id='word_1_418' title='bbox 2669 2687 2859 2756; x_wconf 84' lang='lat' dir='ltr'>ipsam</span> <span class='ocrx_word' id='word_1_419' title='bbox 2891 2686 3182 2741; x_wconf 88' lang='lat' dir='ltr'>naturalis</span> <span class='ocrx_word' id='word_1_420' title='bbox 3211 2686 3544 2755; x_wconf 66' lang='lat' dir='ltr'>{hominum</span> <span class='ocrx_word' id='word_1_421' title='bbox 3588 2701 3753 2739; x_wconf 91' lang='lat' dir='ltr'>mors</span> 
     </span>
    </p>
   </div>
   <div class='ocr_carea' id='block_1_57' title="bbox 2102 2772 3752 2845">
    <p class='ocr_par' dir='ltr' id='par_1_57' title="bbox 2102 2772 3752 2845">
     <span class='ocr_line' id='line_1_57' title="bbox 2102 2772 3752 2845; baseline -0.002 -15"><span class='ocrx_word' id='word_1_422' title='bbox 2102 2775 2449 2830; x_wconf 86' lang='lat' dir='ltr'>memoriam</span> <span class='ocrx_word' id='word_1_423' title='bbox 2510 2775 2808 2828; x_wconf 88' lang='lat' dir='ltr'>lacessens</span> <span class='ocrx_word' id='word_1_424' title='bbox 2859 2774 2947 2827; x_wconf 91' lang='lat' dir='ltr'>vel</span> <span class='ocrx_word' id='word_1_425' title='bbox 3006 2774 3288 2845; x_wconf 82' lang='lat' dir='ltr'>subigens</span> <span class='ocrx_word' id='word_1_426' title='bbox 3345 2774 3419 2828; x_wconf 89' lang='lat' dir='ltr'>ad</span> <span class='ocrx_word' id='word_1_427' title='bbox 3468 2774 3528 2827; x_wconf 92' lang='lat' dir='ltr'>in</span> <span class='ocrx_word' id='word_1_428' title='bbox 3579 2772 3752 2827; x_wconf 91' lang='lat' dir='ltr'>nobis</span> 
     </span>
    </p>
   </div>
   <div class='ocr_carea' id='block_1_58' title="bbox 2101 2861 3755 2936">
    <p class='ocr_par' dir='ltr' id='par_1_58' title="bbox 2101 2861 3755 2936">
     <span class='ocr_line' id='line_1_58' title="bbox 2101 2861 3755 2936; baseline -0.003 -17"><span class='ocrx_word' id='word_1_429' title='bbox 2101 2881 2302 2936; x_wconf 89' lang='lat' dir='ltr'>apage.</span> <span class='ocrx_word' id='word_1_430' title='bbox 2338 2864 2526 2917; x_wconf 83' lang='lat' dir='ltr'>Aliter</span> <span class='ocrx_word' id='word_1_431' title='bbox 2555 2869 2622 2917; x_wconf 89' lang='lat' dir='ltr'>ut</span> <span class='ocrx_word' id='word_1_432' title='bbox 2650 2864 2732 2917; x_wconf 89' lang='lat' dir='ltr'>ita</span> <span class='ocrx_word' id='word_1_433' title='bbox 2762 2863 2957 2917; x_wconf 90' lang='lat' dir='ltr'>dicam</span> <span class='ocrx_word' id='word_1_434' title='bbox 2981 2864 3080 2931; x_wconf 76' lang='lat'>(3).</span> <span class='ocrx_word' id='word_1_435' title='bbox 3114 2863 3345 2917; x_wconf 89' lang='lat' dir='ltr'>Primus</span> <span class='ocrx_word' id='word_1_436' title='bbox 3378 2863 3555 2917; x_wconf 88' lang='lat' dir='ltr'>homo</span> <span class='ocrx_word' id='word_1_437' title='bbox 3615 2861 3755 2917; x_wconf 89' lang='lat' dir='ltr'>dor-</span> 
     </span>
    </p>
   </div>
   <div class='ocr_carea' id='block_1_59' title="bbox 2104 2951 3111 3022">
    <p class='ocr_par' dir='ltr' id='par_1_59' title="bbox 2104 2951 3111 3022">
     <span class='ocr_line' id='line_1_59' title="bbox 2104 2951 3111 3022; baseline -0.002 -15"><span class='ocrx_word' id='word_1_438' title='bbox 2104 2954 2288 3019; x_wconf 89' lang='lat' dir='ltr'>mivit,</span> <span class='ocrx_word' id='word_1_439' title='bbox 2316 2959 2372 3006; x_wconf 89' lang='lat' dir='ltr'>et</span> <span class='ocrx_word' id='word_1_440' title='bbox 2402 2957 2564 3007; x_wconf 87' lang='lat' dir='ltr'>costa</span> <span class='ocrx_word' id='word_1_441' title='bbox 2597 2951 2666 3007; x_wconf 90' lang='lat' dir='ltr'>ab</span> <span class='ocrx_word' id='word_1_442' title='bbox 2700 2969 2767 3007; x_wconf 91' lang='lat' dir='ltr'>eo</span> <span class='ocrx_word' id='word_1_443' title='bbox 2801 2958 2972 3022; x_wconf 90' lang='lat' dir='ltr'>capta</span> <span class='ocrx_word' id='word_1_444' title='bbox 3003 2958 3111 3006; x_wconf 88' lang='lat' dir='ltr'>est.</span> 
     </span>
    </p>
   </div>
   <div class='ocr_carea' id='block_1_60' title="bbox 2179 3041 3761 3113">
    <p class='ocr_par' dir='ltr' id='par_1_60' title="bbox 2179 3041 3761 3113">
     <span class='ocr_line' id='line_1_60' title="bbox 2179 3041 3761 3113; baseline -0.001 -17"><span class='ocrx_word' id='word_1_445' title='bbox 2179 3042 2427 3097; x_wconf 76' lang='lat' dir='ltr'>SABAC.</span> <span class='ocrx_word' id='word_1_446' title='bbox 2461 3044 2607 3096; x_wconf 90' lang='lat' dir='ltr'>Ecce</span> <span class='ocrx_word' id='word_1_447' title='bbox 2639 3041 2871 3113; x_wconf 88' lang='lat' dir='ltr'>plagam</span> <span class='ocrx_word' id='word_1_448' title='bbox 2903 3041 3104 3111; x_wconf 89' lang='lat' dir='ltr'>accepi</span> <span class='ocrx_word' id='word_1_449' title='bbox 3136 3046 3298 3096; x_wconf 82' lang='lat' dir='ltr'>certo</span> <span class='ocrx_word' id='word_1_450' title='bbox 3347 3041 3605 3111; x_wconf 91' lang='lat' dir='ltr'>quodam</span> <span class='ocrx_word' id='word_1_451' title='bbox 3629 3041 3761 3095; x_wconf 89' lang='lat' dir='ltr'>loco</span> 
     </span>
    </p>
   </div>
   <div class='ocr_carea' id='block_1_61' title="bbox 2110 3130 3765 3203">
    <p class='ocr_par' dir='ltr' id='par_1_61' title="bbox 2110 3130 3765 3203">
     <span class='ocr_line' id='line_1_61' title="bbox 2110 3130 3765 3203; baseline -0.002 -16"><span class='ocrx_word' id='word_1_452' title='bbox 2110 3133 2305 3187; x_wconf 89' lang='lat' dir='ltr'>carnis</span> <span class='ocrx_word' id='word_1_453' title='bbox 2338 3148 2507 3199; x_wconf 62' lang='lat' dir='ltr'>mea),</span> <span class='ocrx_word' id='word_1_454' title='bbox 2540 3130 3085 3203; x_wconf 43' lang='lat' dir='ltr'>plagaqueﬁﬂ‘ecta</span> <span class='ocrx_word' id='word_1_455' title='bbox 3131 3148 3266 3185; x_wconf 88' lang='lat' dir='ltr'>caro</span> <span class='ocrx_word' id='word_1_456' title='bbox 3316 3131 3566 3185; x_wconf 89' lang='lat' dir='ltr'>vibicem</span> <span class='ocrx_word' id='word_1_457' title='bbox 3619 3146 3765 3185; x_wconf 88' lang='lat' dir='ltr'>con-</span> 
     </span>
    </p>
   </div>
   <div class='ocr_carea' id='block_1_62' title="bbox 345 3196 1991 3297">
    <p class='ocr_par' dir='ltr' id='par_1_62' title="bbox 345 3196 1991 3297">
     <span class='ocr_line' id='line_1_62' title="bbox 345 3196 1991 3297; baseline -0.001 -20"><span class='ocrx_word' id='word_1_458' title='bbox 345 3222 435 3277; x_wconf 78' lang='grc' dir='ltr'>καὶ</span> <span class='ocrx_word' id='word_1_459' title='bbox 469 3196 521 3277; x_wconf 63' lang='grc' dir='ltr'>όν</span> <span class='ocrx_word' id='word_1_460' title='bbox 548 3196 628 3294; x_wconf 58' lang='grc' dir='ltr'>τῷ</span> <span class='ocrx_word' id='word_1_461' title='bbox 664 3196 1141 3297; x_wconf 40' lang='grc' dir='ltr'>μώλωπϊέγὲνετο</span> <span class='ocrx_word' id='word_1_462' title='bbox 1468 3220 1565 3284; x_wconf 88' lang='grc' dir='ltr'>Τίς</span> <span class='ocrx_word' id='word_1_463' title='bbox 1620 3221 1779 3277; x_wconf 79' lang='grc' dir='ltr'>αὐτὸν</span> <span class='ocrx_word' id='word_1_464' title='bbox 1830 3196 1991 3276; x_wconf 56' lang='grc' dir='ltr'>ἕπλαέ</span> 
     </span>
    </p>
   </div>
   <div class='ocr_carea' id='block_1_63' title="bbox 2113 3196 3765 3297">
    <p class='ocr_par' dir='ltr' id='par_1_63' title="bbox 2113 3219 3765 3290">
     <span class='ocr_line' id='line_1_63' title="bbox 2113 3219 3765 3290; baseline -0.001 -13"><span class='ocrx_word' id='word_1_465' title='bbox 2113 3222 2310 3290; x_wconf 86' lang='lat' dir='ltr'>traxit,</span> <span class='ocrx_word' id='word_1_466' title='bbox 2343 3228 2401 3275; x_wconf 88' lang='lat' dir='ltr'>et</span> <span class='ocrx_word' id='word_1_467' title='bbox 2428 3222 2490 3275; x_wconf 93' lang='lat' dir='ltr'>in</span> <span class='ocrx_word' id='word_1_468' title='bbox 2520 3221 2707 3275; x_wconf 90' lang='lat' dir='ltr'>vibice</span> <span class='ocrx_word' id='word_1_469' title='bbox 2758 3220 2974 3275; x_wconf 88' lang='lat' dir='ltr'>vermis</span> <span class='ocrx_word' id='word_1_470' title='bbox 3020 3225 3231 3275; x_wconf 90' lang='lat' dir='ltr'>enatus</span> <span class='ocrx_word' id='word_1_471' title='bbox 3281 3226 3389 3275; x_wconf 91' lang='lat' dir='ltr'>est.</span> <span class='ocrx_word' id='word_1_472' title='bbox 3441 3219 3581 3284; x_wconf 90' lang='lat' dir='ltr'>Quis</span> <span class='ocrx_word' id='word_1_473' title='bbox 3626 3236 3765 3275; x_wconf 87' lang='lat' dir='ltr'>eum</span> 
     </span>
    </p>
   </div>
   <div class='ocr_carea' id='block_1_64' title="bbox 351 3332 484 3381">
    <p class='ocr_par' dir='ltr' id='par_1_64' title="bbox 351 3332 484 3381">
     <span class='ocr_line' id='line_1_64' title="bbox 351 3332 484 3381; baseline 0.015 -16"><span class='ocrx_word' id='word_1_474' title='bbox 351 3332 436 3367; x_wconf 90' lang='grc' dir='ltr'>σεν</span> <span class='ocrx_word' id='word_1_475' title='bbox 469 3332 484 3381; x_wconf 86' lang='grc'>;</span> 
     </span>
    </p>
   </div>
   <div class='ocr_carea' id='block_1_65' title="bbox 427 3400 2008 3477">
    <p class='ocr_par' dir='ltr' id='par_1_65' title="bbox 427 3400 2008 3477">
     <span class='ocr_line' id='line_1_65' title="bbox 427 3400 2008 3477; baseline -0.003 -18"><span class='ocrx_word' id='word_1_476' title='bbox 427 3402 489 3458; x_wconf 74' lang='grc' dir='ltr'><strong>Ὀ</strong></span> <span class='ocrx_word' id='word_1_477' title='bbox 547 3403 729 3459; x_wconf 84' lang='grc' dir='ltr'><strong>ΧΡΙΣ.</strong></span> <span class='ocrx_word' id='word_1_478' title='bbox 793 3403 952 3476; x_wconf 75' lang='grc' dir='ltr'>Λέγει</span> <span class='ocrx_word' id='word_1_479' title='bbox 1009 3402 1073 3456; x_wconf 91' lang='grc' dir='ltr'>τὸ</span> <span class='ocrx_word' id='word_1_480' title='bbox 1128 3400 1217 3456; x_wconf 85' lang='grc' dir='ltr'>καὶ</span> <span class='ocrx_word' id='word_1_481' title='bbox 1272 3400 1631 3477; x_wconf 76' lang='grc' dir='ltr'>προείπομενο</span> <span class='ocrx_word' id='word_1_482' title='bbox 1699 3400 1833 3473; x_wconf 87' lang='grc' dir='ltr'>μετά</span> <span class='ocrx_word' id='word_1_483' title='bbox 1908 3400 2008 3467; x_wconf 83' lang='grc' dir='ltr'>τὴν</span> 
     </span>
    </p>
   </div>
   <div class='ocr_carea' id='block_1_66' title="bbox 352 3484 2007 3564">
    <p class='ocr_par' dir='ltr' id='par_1_66' title="bbox 352 3484 2007 3564">
     <span class='ocr_line' id='line_1_66' title="bbox 352 3484 2007 3564; baseline -0.001 -20"><span class='ocrx_word' id='word_1_484' title='bbox 352 3490 577 3563; x_wconf 84' lang='grc' dir='ltr'>πρώτην</span> <span class='ocrx_word' id='word_1_485' title='bbox 609 3484 895 3561; x_wconf 73' lang='grc' dir='ltr'>ἑϐδομάδα</span> <span class='ocrx_word' id='word_1_486' title='bbox 939 3495 1039 3557; x_wconf 79' lang='grc' dir='ltr'>τῆς</span> <span class='ocrx_word' id='word_1_487' title='bbox 1088 3488 1480 3562; x_wconf 85' lang='grc' dir='ltr'>κοσμοποιίας,</span> <span class='ocrx_word' id='word_1_488' title='bbox 1532 3488 1640 3564; x_wconf 82' lang='grc' dir='ltr'>οὐχ</span> <span class='ocrx_word' id='word_1_489' title='bbox 1688 3488 2007 3562; x_wconf 71' lang='grc' dir='ltr'>εὑρίσκομεν</span> 
     </span>
    </p>
   </div>
   <div class='ocr_carea' id='block_1_67' title="bbox 357 3575 2007 3653">
    <p class='ocr_par' dir='ltr' id='par_1_67' title="bbox 357 3575 2007 3653">
     <span class='ocr_line' id='line_1_67' title="bbox 357 3575 2007 3653; baseline 0.001 -21"><span class='ocrx_word' id='word_1_490' title='bbox 357 3575 754 3647; x_wconf 74' lang='grc' dir='ltr'>οἱονδηποτοῦν</span> <span class='ocrx_word' id='word_1_491' title='bbox 804 3584 1031 3653; x_wconf 79' lang='grc' dir='ltr'>πρᾶγμα</span> <span class='ocrx_word' id='word_1_492' title='bbox 1085 3577 1368 3633; x_wconf 87' lang='grc' dir='ltr'>πλάσαντα</span> <span class='ocrx_word' id='word_1_493' title='bbox 1418 3580 1509 3634; x_wconf 88' lang='grc' dir='ltr'>τὸν</span> <span class='ocrx_word' id='word_1_494' title='bbox 1568 3580 1716 3646; x_wconf 89' lang='grc' dir='ltr'>Θεὸν,</span> <span class='ocrx_word' id='word_1_495' title='bbox 1750 3580 1785 3649; x_wconf 79' lang='grc' dir='ltr'><strong>ἢ</strong></span> <span class='ocrx_word' id='word_1_496' title='bbox 1835 3576 2007 3634; x_wconf 87' lang='grc' dir='ltr'>πλάτ-</span> 
     </span>
    </p>
   </div>
   <div class='ocr_carea' id='block_1_68' title="bbox 353 3664 2006 3742">
    <p class='ocr_par' dir='ltr' id='par_1_68' title="bbox 353 3664 2006 3742">
     <span class='ocr_line' id='line_1_68' title="bbox 353 3664 2006 3742; baseline -0.001 -20"><span class='ocrx_word' id='word_1_497' title='bbox 353 3686 537 3722; x_wconf 76' lang='grc' dir='ltr'>τονταο</span> <span class='ocrx_word' id='word_1_498' title='bbox 573 3664 717 3722; x_wconf 86' lang='grc' dir='ltr'>ἀλλά</span> <span class='ocrx_word' id='word_1_499' title='bbox 773 3671 854 3738; x_wconf 79' lang='grc' dir='ltr'>τῷ</span> <span class='ocrx_word' id='word_1_500' title='bbox 912 3670 1287 3742; x_wconf 79' lang='grc' dir='ltr'>προστάγματι</span> <span class='ocrx_word' id='word_1_501' title='bbox 1345 3672 1443 3722; x_wconf 90' lang='grc' dir='ltr'>τοῦ</span> <span class='ocrx_word' id='word_1_502' title='bbox 1502 3672 1635 3722; x_wconf 87' lang='grc' dir='ltr'>Θεοῦ</span> <span class='ocrx_word' id='word_1_503' title='bbox 1692 3669 2006 3742; x_wconf 84' lang='grc' dir='ltr'>προσετάγη</span> 
     </span>
    </p>
   </div>
   <div class='ocr_carea' id='block_1_69' title="bbox 354 3751 2007 3833">
    <p class='ocr_par' dir='ltr' id='par_1_69' title="bbox 354 3751 2007 3833">
     <span class='ocr_line' id='line_1_69' title="bbox 354 3751 2007 3833; baseline 0.001 -22"><span class='ocrx_word' id='word_1_504' title='bbox 354 3754 406 3811; x_wconf 80' lang='grc' dir='ltr'>ἐν</span> <span class='ocrx_word' id='word_1_505' title='bbox 438 3760 506 3830; x_wconf 81' lang='grc' dir='ltr'>τῇ</span> <span class='ocrx_word' id='word_1_506' title='bbox 566 3758 756 3833; x_wconf 73' lang='grc' dir='ltr'>πρώτῃ</span> <span class='ocrx_word' id='word_1_507' title='bbox 814 3751 1102 3829; x_wconf 74' lang='grc' dir='ltr'>ἐϐδομάδι,</span> <span class='ocrx_word' id='word_1_508' title='bbox 1159 3757 1248 3811; x_wconf 86' lang='grc' dir='ltr'>καὶ</span> <span class='ocrx_word' id='word_1_509' title='bbox 1306 3754 1552 3832; x_wconf 70' lang='grc' dir='ltr'>ἐγένοντο</span> <span class='ocrx_word' id='word_1_510' title='bbox 1607 3756 1674 3811; x_wconf 69' lang='grc' dir='ltr'>τὰ</span> <span class='ocrx_word' id='word_1_511' title='bbox 1728 3754 2007 3829; x_wconf 86' lang='grc' dir='ltr'>γινόμενα.</span> 
     </span>
    </p>
   </div>
   <div class='ocr_carea' id='block_1_70' title="bbox 353 3845 2011 3922">
    <p class='ocr_par' dir='ltr' id='par_1_70' title="bbox 353 3845 2011 3922">
     <span class='ocr_line' id='line_1_70' title="bbox 353 3845 2011 3922; baseline -0.001 -20"><span class='ocrx_word' id='word_1_512' title='bbox 353 3846 504 3903; x_wconf 73' lang='grc' dir='ltr'>Μετὰ</span> <span class='ocrx_word' id='word_1_513' title='bbox 529 3852 647 3908; x_wconf 85' lang='grc' dir='ltr'>τοῖς</span> <span class='ocrx_word' id='word_1_514' title='bbox 707 3847 1091 3922; x_wconf 83' lang='grc' dir='ltr'>προστάγμασι</span> <span class='ocrx_word' id='word_1_515' title='bbox 1149 3846 1441 3921; x_wconf 79' lang='grc' dir='ltr'>κατεκρίθη</span> <span class='ocrx_word' id='word_1_516' title='bbox 1503 3849 1575 3917; x_wconf 88' lang='grc' dir='ltr'>(υ)</span> <span class='ocrx_word' id='word_1_517' title='bbox 1631 3845 1721 3899; x_wconf 80' lang='grc' dir='ltr'>καὶ</span> <span class='ocrx_word' id='word_1_518' title='bbox 1781 3845 2011 3909; x_wconf 80' lang='grc' dir='ltr'>ἀκάνθας</span> 
     </span>
    </p>
   </div>
   <div class='ocr_carea' id='block_1_71' title="bbox 353 3930 2010 4011">
    <p class='ocr_par' dir='ltr' id='par_1_71' title="bbox 353 3930 2010 4011">
     <span class='ocr_line' id='line_1_71' title="bbox 353 3930 2010 4011; baseline -0.001 -19"><span class='ocrx_word' id='word_1_519' title='bbox 353 3938 442 3992; x_wconf 87' lang='grc' dir='ltr'>καὶ</span> <span class='ocrx_word' id='word_1_520' title='bbox 474 3930 770 4009; x_wconf 73' lang='grc' dir='ltr'>τριϐόλους</span> <span class='ocrx_word' id='word_1_521' title='bbox 908 3936 1040 3992; x_wconf 89' lang='grc' dir='ltr'>Τότε</span> <span class='ocrx_word' id='word_1_522' title='bbox 1068 3934 1125 3990; x_wconf 79' lang='grc' dir='ltr'>δὲ</span> <span class='ocrx_word' id='word_1_523' title='bbox 1155 3936 1241 3990; x_wconf 84' lang='grc' dir='ltr'>καὶ</span> <span class='ocrx_word' id='word_1_524' title='bbox 1277 3938 1311 4006; x_wconf 82' lang='grc' dir='ltr'>ἡ</span> <span class='ocrx_word' id='word_1_525' title='bbox 1347 3936 1472 4011; x_wconf 80' lang='grc' dir='ltr'>σάρξ</span> <span class='ocrx_word' id='word_1_526' title='bbox 1532 3938 1693 4009; x_wconf 79' lang='grc' dir='ltr'>ἡμῶν</span> <span class='ocrx_word' id='word_1_527' title='bbox 1742 3940 2010 4011; x_wconf 84' lang='grc' dir='ltr'>κριθεῖσα,</span> 
     </span>
    </p>
   </div>
   <div class='ocr_carea' id='block_1_72' title="bbox 358 4024 2012 4104">
    <p class='ocr_par' dir='ltr' id='par_1_72' title="bbox 358 4024 2012 4104">
     <span class='ocr_line' id='line_1_72' title="bbox 358 4024 2012 4104; baseline -0.001 -24"><span class='ocrx_word' id='word_1_528' title='bbox 358 4028 526 4101; x_wconf 71' lang='grc' dir='ltr'>μέχρι</span> <span class='ocrx_word' id='word_1_529' title='bbox 582 4033 684 4096; x_wconf 84' lang='grc' dir='ltr'>τῆς</span> <span class='ocrx_word' id='word_1_530' title='bbox 745 4028 988 4101; x_wconf 85' lang='grc' dir='ltr'>σήμερον</span> <span class='ocrx_word' id='word_1_531' title='bbox 1046 4031 1268 4104; x_wconf 71' lang='grc' dir='ltr'>φθεῖρας</span> <span class='ocrx_word' id='word_1_532' title='bbox 1339 4025 1429 4080; x_wconf 74' lang='grc' dir='ltr'>καὶ</span> <span class='ocrx_word' id='word_1_533' title='bbox 1512 4024 1805 4095; x_wconf 83' lang='grc' dir='ltr'>σκώληκας</span> <span class='ocrx_word' id='word_1_534' title='bbox 1882 4026 2012 4080; x_wconf 82' lang='grc' dir='ltr'>ἀνα-</span> 
     </span>
    </p>
   </div>
   <div class='ocr_carea' id='block_1_73' title="bbox 355 4119 557 4172">
    <p class='ocr_par' dir='ltr' id='par_1_73' title="bbox 355 4119 557 4172">
     <span class='ocr_line' id='line_1_73' title="bbox 355 4119 557 4172; baseline 0.01 -2"><span class='ocrx_word' id='word_1_535' title='bbox 355 4119 557 4172; x_wconf 82' lang='grc' dir='ltr'>τελεῖν.</span> 
     </span>
    </p>
   </div>
   <div class='ocr_carea' id='block_1_74' title="bbox 430 4202 2014 4280">
    <p class='ocr_par' dir='ltr' id='par_1_74' title="bbox 430 4202 2014 4280">
     <span class='ocr_line' id='line_1_74' title="bbox 430 4202 2014 4280; baseline -0.003 -19"><span class='ocrx_word' id='word_1_536' title='bbox 430 4206 492 4261; x_wconf 90' lang='grc' dir='ltr'><strong>Ὁ</strong></span> <span class='ocrx_word' id='word_1_537' title='bbox 525 4208 676 4262; x_wconf 82' lang='grc' dir='ltr'>ΣΑΡ.</span> <span class='ocrx_word' id='word_1_538' title='bbox 710 4205 923 4280; x_wconf 82' lang='grc' dir='ltr'>Ἐρωτᾷ</span> <span class='ocrx_word' id='word_1_539' title='bbox 945 4203 1037 4259; x_wconf 89' lang='grc' dir='ltr'>τὸν</span> <span class='ocrx_word' id='word_1_540' title='bbox 1087 4202 1431 4276; x_wconf 67' lang='grc' dir='ltr'>ΧριστιανόΨ</span> <span class='ocrx_word' id='word_1_541' title='bbox 1495 4204 1702 4259; x_wconf 90' lang='grc' dir='ltr'>Λοιπὸυ</span> <span class='ocrx_word' id='word_1_542' title='bbox 1757 4205 1841 4266; x_wconf 86' lang='grc' dir='ltr'>τίς</span> <span class='ocrx_word' id='word_1_543' title='bbox 1899 4202 2014 4259; x_wconf 82' lang='grc' dir='ltr'>ἐστι</span> 
     </span>
    </p>
   </div>
   <div class='ocr_carea' id='block_1_75' title="bbox 356 4290 1840 4370">
    <p class='ocr_par' dir='ltr' id='par_1_75' title="bbox 356 4290 1840 4370">
     <span class='ocr_line' id='line_1_75' title="bbox 356 4290 1840 4370; baseline 0.001 -23"><span class='ocrx_word' id='word_1_544' title='bbox 356 4292 507 4369; x_wconf 78' lang='grc' dir='ltr'>παρὰ</span> <span class='ocrx_word' id='word_1_545' title='bbox 532 4293 616 4348; x_wconf 81' lang='grc' dir='ltr'>σοὶ</span> <span class='ocrx_word' id='word_1_546' title='bbox 654 4294 852 4367; x_wconf 83' lang='grc' dir='ltr'>μείζων</span> <span class='ocrx_word' id='word_1_547' title='bbox 887 4296 987 4367; x_wconf 84' lang='lat' dir='ltr'>(y),</span> <span class='ocrx_word' id='word_1_548' title='bbox 1018 4294 1046 4348; x_wconf 92' lang='lat'>6</span> <span class='ocrx_word' id='word_1_549' title='bbox 1080 4293 1286 4370; x_wconf 84' lang='grc' dir='ltr'>ἁγιάζω</span> <span class='ocrx_word' id='word_1_550' title='bbox 1317 4290 1353 4363; x_wconf 77' lang='grc' dir='ltr'>ἤ</span> <span class='ocrx_word' id='word_1_551' title='bbox 1388 4294 1415 4348; x_wconf 90' lang='lat'>6</span> <span class='ocrx_word' id='word_1_552' title='bbox 1446 4294 1840 4370; x_wconf 81' lang='grc' dir='ltr'>ἀγιαζόμενος;</span> 
     </span>
    </p>
   </div>
   <div class='ocr_carea' id='block_1_76' title="bbox 426 4470 2013 4548">
    <p class='ocr_par' dir='ltr' id='par_1_76' title="bbox 426 4470 2013 4548">
     <span class='ocr_line' id='line_1_76' title="bbox 426 4470 2013 4548; baseline 0.001 -23"><span class='ocrx_word' id='word_1_553' title='bbox 426 4470 593 4534; x_wconf 83' lang='grc' dir='ltr'>Γνοὺς</span> <span class='ocrx_word' id='word_1_554' title='bbox 625 4470 682 4526; x_wconf 72' lang='grc' dir='ltr'>δὲ</span> <span class='ocrx_word' id='word_1_555' title='bbox 713 4472 740 4526; x_wconf 90' lang='lat'>6</span> <span class='ocrx_word' id='word_1_556' title='bbox 772 4475 999 4529; x_wconf 77' lang='grc' dir='ltr'>ΧΡΙΣΤ.</span> <span class='ocrx_word' id='word_1_557' title='bbox 1047 4473 1148 4541; x_wconf 78' lang='grc' dir='ltr'>τὴν</span> <span class='ocrx_word' id='word_1_558' title='bbox 1204 4471 1442 4528; x_wconf 77' lang='grc' dir='ltr'>ἔνοπλον</span> <span class='ocrx_word' id='word_1_559' title='bbox 1500 4471 1665 4528; x_wconf 78' lang='grc' dir='ltr'>αὐτοῦ</span> <span class='ocrx_word' id='word_1_560' title='bbox 1720 4471 2013 4548; x_wconf 79' lang='grc' dir='ltr'>ἐρώτησιν,</span> 
     </span>
    </p>
   </div>
   <div class='ocr_carea' id='block_1_77' title="bbox 352 4559 1330 4639">
    <p class='ocr_par' dir='ltr' id='par_1_77' title="bbox 352 4559 1330 4639">
     <span class='ocr_line' id='line_1_77' title="bbox 352 4559 1330 4639; baseline 0.004 -24"><span class='ocrx_word' id='word_1_561' title='bbox 352 4563 518 4615; x_wconf 59' lang='grc' dir='ltr'>εἶπεν</span> <span class='ocrx_word' id='word_1_562' title='bbox 547 4563 613 4615; x_wconf 77' lang='lat'>&quot;0</span> <span class='ocrx_word' id='word_1_563' title='bbox 644 4559 821 4624; x_wconf 81' lang='grc' dir='ltr'>Θὲλεις</span> <span class='ocrx_word' id='word_1_564' title='bbox 852 4562 1023 4618; x_wconf 76' lang='grc' dir='ltr'>εἰπεῖν</span> <span class='ocrx_word' id='word_1_565' title='bbox 1055 4563 1330 4639; x_wconf 82' lang='grc' dir='ltr'>γινώσκω.</span> 
     </span>
    </p>
   </div>
   <div class='ocr_carea' id='block_1_78' title="bbox 428 4709 843 4778">
    <p class='ocr_par' dir='ltr' id='par_1_78' title="bbox 428 4709 843 4778">
     <span class='ocr_line' id='line_1_78' title="bbox 428 4709 843 4778; baseline 0.01 -16"><span class='ocrx_word' id='word_1_566' title='bbox 428 4709 473 4744; x_wconf 75' lang='grc'>¹⁸</span> <span class='ocrx_word' id='word_1_567' title='bbox 499 4709 611 4766; x_wconf 88' lang='lat' dir='ltr'>Isa.</span> <span class='ocrx_word' id='word_1_568' title='bbox 644 4726 724 4778; x_wconf 71' lang='lat' dir='ltr'>xx,</span> <span class='ocrx_word' id='word_1_569' title='bbox 756 4712 843 4766; x_wconf 80' lang='grc'>12.</span> 
     </span>
    </p>
   </div>
   <div class='ocr_carea' id='block_1_79' title="bbox 2107 3312 2427 3369">
    <p class='ocr_par' dir='ltr' id='par_1_79' title="bbox 2107 3312 2427 3369">
     <span class='ocr_line' id='line_1_79' title="bbox 2107 3312 2427 3369; baseline -0.009 0"><span class='ocrx_word' id='word_1_570' title='bbox 2107 3312 2427 3369; x_wconf 82' lang='lat' dir='ltr'>formavit?</span> 
     </span>
    </p>
   </div>
   <div class='ocr_carea' id='block_1_80' title="bbox 2181 3399 3769 3473">
    <p class='ocr_par' dir='ltr' id='par_1_80' title="bbox 2181 3399 3769 3473">
     <span class='ocr_line' id='line_1_80' title="bbox 2181 3399 3769 3473; baseline -0.003 -15"><span class='ocrx_word' id='word_1_571' title='bbox 2181 3404 2341 3458; x_wconf 71' lang='grc' dir='ltr'>ΕΗΒ.</span> <span class='ocrx_word' id='word_1_572' title='bbox 2378 3402 2529 3457; x_wconf 91' lang='lat' dir='ltr'>Dicit</span> <span class='ocrx_word' id='word_1_573' title='bbox 2561 3400 2718 3473; x_wconf 89' lang='lat' dir='ltr'>quod</span> <span class='ocrx_word' id='word_1_574' title='bbox 2751 3406 2805 3455; x_wconf 89' lang='lat' dir='ltr'>et</span> <span class='ocrx_word' id='word_1_575' title='bbox 2856 3400 3087 3471; x_wconf 66' lang='lat' dir='ltr'>praefati</span> <span class='ocrx_word' id='word_1_576' title='bbox 3138 3416 3364 3455; x_wconf 89' lang='lat' dir='ltr'>sumus.</span> <span class='ocrx_word' id='word_1_577' title='bbox 3413 3402 3555 3455; x_wconf 90' lang='lat' dir='ltr'>Post</span> <span class='ocrx_word' id='word_1_578' title='bbox 3602 3399 3769 3470; x_wconf 88' lang='lat' dir='ltr'>prio-</span> 
     </span>
    </p>
   </div>
   <div class='ocr_carea' id='block_1_81' title="bbox 2111 3488 3766 3559">
    <p class='ocr_par' dir='ltr' id='par_1_81' title="bbox 2111 3488 3766 3559">
     <span class='ocr_line' id='line_1_81' title="bbox 2111 3488 3766 3559; baseline -0.004 -12"><span class='ocrx_word' id='word_1_579' title='bbox 2111 3510 2238 3547; x_wconf 92' lang='lat' dir='ltr'>rem</span> <span class='ocrx_word' id='word_1_580' title='bbox 2270 3491 2705 3547; x_wconf 90' lang='lat' dir='ltr'>hebdomadam</span> <span class='ocrx_word' id='word_1_581' title='bbox 2737 3490 3055 3544; x_wconf 88' lang='lat' dir='ltr'>creationis</span> <span class='ocrx_word' id='word_1_582' title='bbox 3087 3489 3317 3555; x_wconf 90' lang='lat' dir='ltr'>mundi,</span> <span class='ocrx_word' id='word_1_583' title='bbox 3368 3506 3489 3543; x_wconf 90' lang='lat' dir='ltr'>non</span> <span class='ocrx_word' id='word_1_584' title='bbox 3536 3488 3766 3559; x_wconf 88' lang='lat' dir='ltr'>reperi-</span> 
     </span>
    </p>
   </div>
   <div class='ocr_carea' id='block_1_82' title="bbox 2112 3575 3766 3637">
    <p class='ocr_par' dir='ltr' id='par_1_82' title="bbox 2112 3575 3766 3637">
     <span class='ocr_line' id='line_1_82' title="bbox 2112 3575 3766 3637; baseline -0.004 0"><span class='ocrx_word' id='word_1_585' title='bbox 2112 3599 2248 3637; x_wconf 90' lang='lat' dir='ltr'>mus</span> <span class='ocrx_word' id='word_1_586' title='bbox 2277 3582 2464 3636; x_wconf 91' lang='lat' dir='ltr'>ullam</span> <span class='ocrx_word' id='word_1_587' title='bbox 2493 3597 2620 3635; x_wconf 90' lang='lat' dir='ltr'>rem</span> <span class='ocrx_word' id='word_1_588' title='bbox 2652 3580 2942 3634; x_wconf 89' lang='lat' dir='ltr'>formasse</span> <span class='ocrx_word' id='word_1_589' title='bbox 2973 3583 3076 3634; x_wconf 91' lang='lat' dir='ltr'>aut</span> <span class='ocrx_word' id='word_1_590' title='bbox 3104 3577 3363 3633; x_wconf 87' lang='lat' dir='ltr'>formare</span> <span class='ocrx_word' id='word_1_591' title='bbox 3398 3579 3601 3632; x_wconf 57' lang='lat' dir='ltr'>Deum,</span> <span class='ocrx_word' id='word_1_592' title='bbox 3650 3575 3766 3632; x_wconf 90' lang='lat' dir='ltr'>Sed</span> 
     </span>
    </p>
   </div>
   <div class='ocr_carea' id='block_1_83' title="bbox 2114 3664 3799 3739">
    <p class='ocr_par' dir='ltr' id='par_1_83' title="bbox 2114 3664 3799 3739">
     <span class='ocr_line' id='line_1_83' title="bbox 2114 3664 3799 3739; baseline -0.004 -14"><span class='ocrx_word' id='word_1_593' title='bbox 2114 3670 2393 3725; x_wconf 88' lang='lat' dir='ltr'>mandate</span> <span class='ocrx_word' id='word_1_594' title='bbox 2430 3669 2525 3723; x_wconf 92' lang='lat' dir='ltr'>Dei</span> <span class='ocrx_word' id='word_1_595' title='bbox 2560 3674 2920 3739; x_wconf 67' lang='lat' dir='ltr'>prmceptum</span> <span class='ocrx_word' id='word_1_596' title='bbox 2957 3671 3046 3721; x_wconf 91' lang='lat' dir='ltr'>est</span> <span class='ocrx_word' id='word_1_597' title='bbox 3084 3668 3145 3720; x_wconf 91' lang='lat' dir='ltr'>in</span> <span class='ocrx_word' id='word_1_598' title='bbox 3177 3667 3368 3737; x_wconf 90' lang='lat' dir='ltr'>prima</span> <span class='ocrx_word' id='word_1_599' title='bbox 3406 3666 3511 3721; x_wconf 91' lang='lat' dir='ltr'>illa</span> <span class='ocrx_word' id='word_1_600' title='bbox 3540 3664 3799 3719; x_wconf 37' lang='lat' dir='ltr'>bebdo-v</span> 
     </span>
    </p>
   </div>
   <div class='ocr_carea' id='block_1_84' title="bbox 2115 3754 3770 3827">
    <p class='ocr_par' dir='ltr' id='par_1_84' title="bbox 2115 3754 3770 3827">
     <span class='ocr_line' id='line_1_84' title="bbox 2115 3754 3770 3827; baseline -0.003 -14"><span class='ocrx_word' id='word_1_601' title='bbox 2115 3759 2310 3823; x_wconf 77' lang='lat' dir='ltr'>mada,</span> <span class='ocrx_word' id='word_1_602' title='bbox 2346 3758 2705 3827; x_wconf 82' lang='lat' dir='ltr'>fueruntque</span> <span class='ocrx_word' id='word_1_603' title='bbox 2734 3774 2865 3826; x_wconf 61' lang='lat' dir='ltr'>quae</span> <span class='ocrx_word' id='word_1_604' title='bbox 2921 3761 3078 3810; x_wconf 90' lang='lat' dir='ltr'>sunt.</span> <span class='ocrx_word' id='word_1_605' title='bbox 3129 3755 3353 3811; x_wconf 89' lang='lat' dir='ltr'>Deinde</span> <span class='ocrx_word' id='word_1_606' title='bbox 3395 3754 3770 3827; x_wconf 88' lang='lat' dir='ltr'>jussionibus</span> 
     </span>
    </p>
   </div>
   <div class='ocr_carea' id='block_1_85' title="bbox 2117 3843 3771 3916">
    <p class='ocr_par' dir='ltr' id='par_1_85' title="bbox 2117 3843 3771 3916">
     <span class='ocr_line' id='line_1_85' title="bbox 2117 3843 3771 3916; baseline -0.002 -13"><span class='ocrx_word' id='word_1_607' title='bbox 2117 3848 2397 3903; x_wconf 87' lang='lat' dir='ltr'>damnata</span> <span class='ocrx_word' id='word_1_608' title='bbox 2428 3852 2517 3901; x_wconf 91' lang='lat' dir='ltr'>est</span> <span class='ocrx_word' id='word_1_609' title='bbox 2549 3851 2705 3899; x_wconf 88' lang='lat' dir='ltr'>terra</span> <span class='ocrx_word' id='word_1_610' title='bbox 2734 3845 3106 3916; x_wconf 87' lang='lat' dir='ltr'>(germinare)</span> <span class='ocrx_word' id='word_1_611' title='bbox 3134 3848 3192 3899; x_wconf 91' lang='lat' dir='ltr'>et</span> <span class='ocrx_word' id='word_1_612' title='bbox 3250 3844 3452 3915; x_wconf 90' lang='lat' dir='ltr'>spinas</span> <span class='ocrx_word' id='word_1_613' title='bbox 3494 3849 3552 3899; x_wconf 91' lang='lat' dir='ltr'>et</span> <span class='ocrx_word' id='word_1_614' title='bbox 3581 3843 3771 3899; x_wconf 91' lang='lat' dir='ltr'>tribu-</span> 
     </span>
    </p>
   </div>
   <div class='ocr_carea' id='block_1_86' title="bbox 2115 3931 3774 4004">
    <p class='ocr_par' dir='ltr' id='par_1_86' title="bbox 2115 3931 3774 4004">
     <span class='ocr_line' id='line_1_86' title="bbox 2115 3931 3774 4004; baseline -0.002 -13"><span class='ocrx_word' id='word_1_615' title='bbox 2115 3937 2226 3991; x_wconf 89' lang='lat' dir='ltr'>los.</span> <span class='ocrx_word' id='word_1_616' title='bbox 2262 3938 2422 3990; x_wconf 91' lang='lat' dir='ltr'>Tunc</span> <span class='ocrx_word' id='word_1_617' title='bbox 2454 3936 2633 3989; x_wconf 87' lang='lat' dir='ltr'>etiam</span> <span class='ocrx_word' id='word_1_618' title='bbox 2664 3950 2800 3988; x_wconf 88' lang='lat' dir='ltr'>caro</span> <span class='ocrx_word' id='word_1_619' title='bbox 2858 3938 3063 3988; x_wconf 90' lang='lat' dir='ltr'>nostra</span> <span class='ocrx_word' id='word_1_620' title='bbox 3107 3932 3411 4002; x_wconf 89' lang='lat' dir='ltr'>damnata,</span> <span class='ocrx_word' id='word_1_621' title='bbox 3465 3948 3653 4004; x_wconf 89' lang='lat' dir='ltr'>usque</span> <span class='ocrx_word' id='word_1_622' title='bbox 3707 3931 3774 3987; x_wconf 89' lang='lat' dir='ltr'>in</span> 
     </span>
    </p>
   </div>
   <div class='ocr_carea' id='block_1_87' title="bbox 2118 4022 3596 4098">
    <p class='ocr_par' dir='ltr' id='par_1_87' title="bbox 2118 4022 3596 4098">
     <span class='ocr_line' id='line_1_87' title="bbox 2118 4022 3596 4098; baseline -0.003 -17"><span class='ocrx_word' id='word_1_623' title='bbox 2118 4032 2475 4098; x_wconf 81' lang='lat' dir='ltr'>praesentem</span> <span class='ocrx_word' id='word_1_624' title='bbox 2508 4024 2667 4079; x_wconf 92' lang='lat' dir='ltr'>diem</span> <span class='ocrx_word' id='word_1_625' title='bbox 2699 4022 3006 4094; x_wconf 91' lang='lat' dir='ltr'>pediculos</span> <span class='ocrx_word' id='word_1_626' title='bbox 3038 4028 3096 4076; x_wconf 91' lang='lat' dir='ltr'>et</span> <span class='ocrx_word' id='word_1_627' title='bbox 3120 4039 3356 4078; x_wconf 87' lang='lat' dir='ltr'>vermes</span> <span class='ocrx_word' id='word_1_628' title='bbox 3386 4022 3596 4095; x_wconf 83' lang='lat' dir='ltr'>gignit.</span> 
     </span>
    </p>
   </div>
   <div class='ocr_carea' id='block_1_88' title="bbox 2191 4202 3773 4273">
    <p class='ocr_par' dir='ltr' id='par_1_88' title="bbox 2191 4202 3773 4273">
     <span class='ocr_line' id='line_1_88' title="bbox 2191 4202 3773 4273; baseline -0.002 -14"><span class='ocrx_word' id='word_1_629' title='bbox 2191 4205 2436 4260; x_wconf 82' lang='lat' dir='ltr'>SABAC.</span> <span class='ocrx_word' id='word_1_630' title='bbox 2520 4204 2849 4273; x_wconf 89' lang='lat' dir='ltr'>lnterrogat</span> <span class='ocrx_word' id='word_1_631' title='bbox 2910 4202 3315 4257; x_wconf 88' lang='lat' dir='ltr'>Christianum</span> <span class='ocrx_word' id='word_1_632' title='bbox 3380 4218 3393 4255; x_wconf 86' lang='lat'><strong>:</strong></span> <span class='ocrx_word' id='word_1_633' title='bbox 3481 4202 3773 4257; x_wconf 68' lang='lat' dir='ltr'>Caeterum</span> 
     </span>
    </p>
   </div>
   <div class='ocr_carea' id='block_1_89' title="bbox 2120 4289 3776 4365">
    <p class='ocr_par' dir='ltr' id='par_1_89' title="bbox 2120 4289 3776 4365">
     <span class='ocr_line' id='line_1_89' title="bbox 2120 4289 3776 4365; baseline -0.003 -15"><span class='ocrx_word' id='word_1_634' title='bbox 2120 4312 2253 4350; x_wconf 91' lang='lat' dir='ltr'>vero</span> <span class='ocrx_word' id='word_1_635' title='bbox 2278 4294 2411 4365; x_wconf 90' lang='lat' dir='ltr'>quis</span> <span class='ocrx_word' id='word_1_636' title='bbox 2441 4292 2599 4364; x_wconf 89' lang='lat' dir='ltr'>apud</span> <span class='ocrx_word' id='word_1_637' title='bbox 2631 4297 2685 4347; x_wconf 90' lang='lat' dir='ltr'>te</span> <span class='ocrx_word' id='word_1_638' title='bbox 2712 4292 2905 4363; x_wconf 88' lang='lat' dir='ltr'>major</span> <span class='ocrx_word' id='word_1_639' title='bbox 2935 4296 3045 4359; x_wconf 88' lang='lat' dir='ltr'>est,</span> <span class='ocrx_word' id='word_1_640' title='bbox 3079 4292 3179 4362; x_wconf 89' lang='lat' dir='ltr'>qui</span> <span class='ocrx_word' id='word_1_641' title='bbox 3213 4291 3545 4347; x_wconf 85' lang='lat' dir='ltr'>sanctiﬁcat</span> <span class='ocrx_word' id='word_1_642' title='bbox 3573 4307 3651 4347; x_wconf 88' lang='lat' dir='ltr'>an</span> <span class='ocrx_word' id='word_1_643' title='bbox 3672 4289 3776 4363; x_wconf 88' lang='lat' dir='ltr'>qui</span> 
     </span>
    </p>
   </div>
   <div class='ocr_carea' id='block_1_90' title="bbox 2123 4382 2581 4440">
    <p class='ocr_par' dir='ltr' id='par_1_90' title="bbox 2123 4382 2581 4440">
     <span class='ocr_line' id='line_1_90' title="bbox 2123 4382 2581 4440; baseline -0.009 0"><span class='ocrx_word' id='word_1_644' title='bbox 2123 4384 2532 4440; x_wconf 83' lang='lat' dir='ltr'>sanctiﬁcatur</span> <span class='ocrx_word' id='word_1_645' title='bbox 2554 4382 2581 4437; x_wconf 87' lang='lat'><strong>?</strong></span> 
     </span>
    </p>
   </div>
   <div class='ocr_carea' id='block_1_91' title="bbox 2192 4469 3781 4545">
    <p class='ocr_par' dir='ltr' id='par_1_91' title="bbox 2192 4469 3781 4545">
     <span class='ocr_line' id='line_1_91' title="bbox 2192 4469 3781 4545; baseline -0.003 -18"><span class='ocrx_word' id='word_1_646' title='bbox 2192 4476 2536 4545; x_wconf 83' lang='lat' dir='ltr'>Agnoscens</span> <span class='ocrx_word' id='word_1_647' title='bbox 2566 4487 2701 4525; x_wconf 89' lang='lat' dir='ltr'>vero</span> <span class='ocrx_word' id='word_1_648' title='bbox 2761 4469 3033 4537; x_wconf 83' lang='lat' dir='ltr'>CHRIST,</span> <span class='ocrx_word' id='word_1_649' title='bbox 3081 4469 3364 4525; x_wconf 87' lang='lat' dir='ltr'>hostilem</span> <span class='ocrx_word' id='word_1_650' title='bbox 3415 4470 3543 4542; x_wconf 90' lang='lat' dir='ltr'>ejus</span> <span class='ocrx_word' id='word_1_651' title='bbox 3594 4469 3781 4523; x_wconf 89' lang='lat' dir='ltr'>inter-</span> 
     </span>
    </p>
   </div>
   <div class='ocr_carea' id='block_1_92' title="bbox 2051 4548 3445 4635">
    <p class='ocr_par' dir='ltr' id='par_1_92' title="bbox 2051 4548 3445 4635">
     <span class='ocr_line' id='line_1_92' title="bbox 2051 4548 3445 4635; baseline 0.003 -23"><span class='ocrx_word' id='word_1_652' title='bbox 2051 4548 2094 4612; x_wconf 87' lang='grc' dir='ltr'>Ι)</span> <span class='ocrx_word' id='word_1_653' title='bbox 2126 4563 2499 4635; x_wconf 87' lang='lat' dir='ltr'>rogationem</span> <span class='ocrx_word' id='word_1_654' title='bbox 2529 4559 2649 4615; x_wconf 90' lang='lat' dir='ltr'>ait:</span> <span class='ocrx_word' id='word_1_655' title='bbox 2674 4558 2840 4625; x_wconf 90' lang='lat' dir='ltr'>Quod</span> <span class='ocrx_word' id='word_1_656' title='bbox 2876 4558 2982 4613; x_wconf 92' lang='lat' dir='ltr'>tibi</span> <span class='ocrx_word' id='word_1_657' title='bbox 3012 4558 3121 4626; x_wconf 83' lang='lat' dir='ltr'>vis,</span> <span class='ocrx_word' id='word_1_658' title='bbox 3152 4558 3445 4631; x_wconf 88' lang='lat' dir='ltr'>intelligo.</span> 
     </span>
    </p>
   </div>
   <div class='ocr_carea' id='block_1_93' title="bbox 1732 4805 2409 4866">
    <p class='ocr_par' dir='ltr' id='par_1_93' title="bbox 1732 4805 2409 4866">
     <span class='ocr_line' id='line_1_93' title="bbox 1732 4805 2409 4866; baseline -0.003 -3"><span class='ocrx_word' id='word_1_659' title='bbox 1732 4810 1986 4866; x_wconf 78' lang='lat' dir='ltr'>VARICE</span> <span class='ocrx_word' id='word_1_660' title='bbox 2027 4805 2409 4864; x_wconf 81' lang='lat' dir='ltr'>LECTIONES</span> 
     </span>
    </p>
   </div>
   <div class='ocr_carea' id='block_1_94' title="bbox 424 4954 1288 5023">
    <p class='ocr_par' dir='ltr' id='par_1_94' title="bbox 424 4954 1288 5023">
     <span class='ocr_line' id='line_1_94' title="bbox 424 4954 1288 5023; baseline -0.001 -16"><span class='ocrx_word' id='word_1_661' title='bbox 424 4954 490 5023; x_wconf 68' lang='lat' dir='ltr'>(ri</span> <span class='ocrx_word' id='word_1_662' title='bbox 524 4954 660 5008; x_wconf 67' lang='lat' dir='ltr'>Haec</span> <span class='ocrx_word' id='word_1_663' title='bbox 690 4954 1015 5009; x_wconf 88' lang='lat' dir='ltr'>oscitanter</span> <span class='ocrx_word' id='word_1_664' title='bbox 1046 4954 1288 5010; x_wconf 90' lang='lat' dir='ltr'>inserta.</span> 
     </span>
    </p>
   </div>
   <div class='ocr_carea' id='block_1_95' title="bbox 1367 4946 3767 5027">
    <p class='ocr_par' dir='ltr' id='par_1_95' title="bbox 1367 4946 3767 5027">
     <span class='ocr_line' id='line_1_95' title="bbox 1367 4946 3767 5027; baseline -0.001 -18"><span class='ocrx_word' id='word_1_665' title='bbox 1367 4955 1432 5025; x_wconf 88' lang='lat' dir='ltr'>(s)</span> <span class='ocrx_word' id='word_1_666' title='bbox 1466 4953 1585 5009; x_wconf 88' lang='grc' dir='ltr'>”Οτ’</span> <span class='ocrx_word' id='word_1_667' title='bbox 1616 4952 1674 5006; x_wconf 66' lang='grc' dir='ltr'>ἂν</span> <span class='ocrx_word' id='word_1_668' title='bbox 1708 4950 1845 5027; x_wconf 77' lang='grc' dir='ltr'>λὲγῃ</span> <span class='ocrx_word' id='word_1_669' title='bbox 1874 4953 1956 5011; x_wconf 89' lang='grc' dir='ltr'>τό.</span> <span class='ocrx_word' id='word_1_670' title='bbox 1992 4956 2059 5008; x_wconf 90' lang='lat' dir='ltr'>In</span> <span class='ocrx_word' id='word_1_671' title='bbox 2112 4950 2433 5027; x_wconf 78' lang='lat' dir='ltr'>Lequienio</span> <span class='ocrx_word' id='word_1_672' title='bbox 2492 4946 2550 5027; x_wconf 63' lang='lat' dir='ltr'>6v</span> <span class='ocrx_word' id='word_1_673' title='bbox 2604 4947 2795 5027; x_wconf 65' lang='grc' dir='ltr'>λέγετε</span> <span class='ocrx_word' id='word_1_674' title='bbox 2842 4947 2993 5027; x_wconf 82' lang='grc' dir='ltr'>Θεὸν,</span> <span class='ocrx_word' id='word_1_675' title='bbox 3034 4946 3287 5027; x_wconf 74' lang='grc' dir='ltr'>άπὲθανε.</span> <span class='ocrx_word' id='word_1_676' title='bbox 3339 4950 3524 5027; x_wconf 85' lang='lat' dir='ltr'>Quem</span> <span class='ocrx_word' id='word_1_677' title='bbox 3572 4948 3767 5027; x_wconf 82' lang='lat' dir='ltr'>dicitis</span> 
     </span>
    </p>
   </div>
   <div class='ocr_carea' id='block_1_96' title="bbox 353 5019 2889 5097">
    <p class='ocr_par' dir='ltr' id='par_1_96' title="bbox 353 5019 2889 5097">
     <span class='ocr_line' id='line_1_96' title="bbox 353 5019 2889 5097; baseline -0.002 -19"><span class='ocrx_word' id='word_1_678' title='bbox 353 5019 564 5097; x_wconf 75' lang='lat' dir='ltr'>Deum,</span> <span class='ocrx_word' id='word_1_679' title='bbox 594 5026 1111 5097; x_wconf 14' lang='lat' dir='ltr'>mortuusnegest?</span> <span class='ocrx_word' id='word_1_680' title='bbox 1183 5027 1244 5097; x_wconf 83' lang='grc' dir='ltr'>(ι)</span> <span class='ocrx_word' id='word_1_681' title='bbox 1282 5019 1463 5097; x_wconf 77' lang='lat' dir='ltr'>Locus</span> <span class='ocrx_word' id='word_1_682' title='bbox 1494 5019 2001 5097; x_wconf 64' lang='lat' dir='ltr'>corruptis&#39;simus,</span> <span class='ocrx_word' id='word_1_683' title='bbox 2034 5031 2092 5080; x_wconf 90' lang='lat' dir='ltr'>et</span> <span class='ocrx_word' id='word_1_684' title='bbox 2122 5019 2226 5095; x_wconf 82' lang='lat' dir='ltr'>qui</span> <span class='ocrx_word' id='word_1_685' title='bbox 2256 5025 2317 5077; x_wconf 93' lang='lat' dir='ltr'>in</span> <span class='ocrx_word' id='word_1_686' title='bbox 2350 5020 2671 5091; x_wconf 85' lang='lat' dir='ltr'>Lequienio</span> <span class='ocrx_word' id='word_1_687' title='bbox 2705 5019 2889 5097; x_wconf 83' lang='lat' dir='ltr'>deest.</span> 
     </span>
    </p>
   </div>
   <div class='ocr_carea' id='block_1_97' title="bbox 2970 5020 3701 5091">
    <p class='ocr_par' dir='ltr' id='par_1_97' title="bbox 2970 5020 3701 5091">
     <span class='ocr_line' id='line_1_97' title="bbox 2970 5020 3701 5091; baseline 0.004 -17"><span class='ocrx_word' id='word_1_688' title='bbox 2970 5020 3047 5089; x_wconf 77' lang='grc' dir='ltr'>(α)</span> <span class='ocrx_word' id='word_1_689' title='bbox 3078 5021 3434 5091; x_wconf 88' lang='lat' dir='ltr'>Lequienius</span> <span class='ocrx_word' id='word_1_690' title='bbox 3454 5038 3621 5077; x_wconf 88' lang='lat' dir='ltr'>num.</span> <span class='ocrx_word' id='word_1_691' title='bbox 3646 5026 3701 5078; x_wconf 88' lang='lat'>6.</span> 
     </span>
    </p>
   </div>
   <div class='ocr_carea' id='block_1_98' title="bbox 353 5090 3775 5171">
    <p class='ocr_par' dir='ltr' id='par_1_98' title="bbox 353 5090 3775 5171">
     <span class='ocr_line' id='line_1_98' title="bbox 353 5090 3775 5171; baseline 0.001 -23"><span class='ocrx_word' id='word_1_692' title='bbox 353 5095 427 5163; x_wconf 86' lang='grc' dir='ltr'>(υ)</span> <span class='ocrx_word' id='word_1_693' title='bbox 460 5090 741 5171; x_wconf 88' lang='lat' dir='ltr'>Lequien.</span> <span class='ocrx_word' id='word_1_694' title='bbox 777 5097 913 5171; x_wconf 82' lang='grc' dir='ltr'>μετὰ</span> <span class='ocrx_word' id='word_1_695' title='bbox 944 5093 1001 5171; x_wconf 71' lang='grc' dir='ltr'>δὲ</span> <span class='ocrx_word' id='word_1_696' title='bbox 1032 5090 1686 5171; x_wconf 13' lang='grc' dir='ltr'>ςήν-παράϐασινγκατεκί</span> <span class='ocrx_word' id='word_1_697' title='bbox 1712 5101 1852 5153; x_wconf 90' lang='lat' dir='ltr'>Post</span> <span class='ocrx_word' id='word_1_698' title='bbox 1892 5090 2427 5171; x_wconf 76' lang='lat' dir='ltr'>transgressionem</span> <span class='ocrx_word' id='word_1_699' title='bbox 2452 5090 2614 5158; x_wconf 15' lang='lat' dir='ltr'>ivero,</span> <span class='ocrx_word' id='word_1_700' title='bbox 2648 5098 2760 5146; x_wconf 88' lang='lat' dir='ltr'>etc.</span> <span class='ocrx_word' id='word_1_701' title='bbox 2839 5092 2921 5163; x_wconf 66' lang='grc' dir='ltr'>(αξ)</span> <span class='ocrx_word' id='word_1_702' title='bbox 2962 5090 3303 5145; x_wconf 76' lang='grc' dir='ltr'>Ἀνατέλκειν</span> <span class='ocrx_word' id='word_1_703' title='bbox 3348 5093 3486 5164; x_wconf 89' lang='lat' dir='ltr'>Leq.</span> <span class='ocrx_word' id='word_1_704' title='bbox 3525 5100 3583 5148; x_wconf 88' lang='lat' dir='ltr'>et</span> <span class='ocrx_word' id='word_1_705' title='bbox 3635 5110 3775 5151; x_wconf 82' lang='lat' dir='ltr'>mox</span> 
     </span>
    </p>
   </div>
   <div class='ocr_carea' id='block_1_99' title="bbox 353 5166 1290 5240">
    <p class='ocr_par' dir='ltr' id='par_1_99' title="bbox 353 5166 1290 5240">
     <span class='ocr_line' id='line_1_99' title="bbox 353 5166 1290 5240; baseline 0.007 -22"><span class='ocrx_word' id='word_1_706' title='bbox 353 5166 786 5240; x_wconf 45' lang='grc' dir='ltr'>κατακριθεῖσαζ</span> <span class='ocrx_word' id='word_1_707' title='bbox 835 5170 909 5239; x_wconf 85' lang='lat' dir='ltr'>(y)</span> <span class='ocrx_word' id='word_1_708' title='bbox 948 5166 1290 5226; x_wconf 77' lang='grc' dir='ltr'>Ἀνατελλει.</span> 
     </span>
    </p>
   </div>
   <div class='ocr_carea' id='block_1_100' title="bbox 1369 5169 2367 5243">
    <p class='ocr_par' dir='ltr' id='par_1_100' title="bbox 1369 5169 2367 5243">
     <span class='ocr_line' id='line_1_100' title="bbox 1369 5169 2367 5243; baseline -0.005 -18"><span class='ocrx_word' id='word_1_709' title='bbox 1369 5171 1437 5243; x_wconf 83' lang='lat' dir='ltr'>(z)</span> <span class='ocrx_word' id='word_1_710' title='bbox 1471 5170 1752 5241; x_wconf 88' lang='lat' dir='ltr'>Lequien.</span> <span class='ocrx_word' id='word_1_711' title='bbox 1782 5186 1948 5225; x_wconf 89' lang='lat' dir='ltr'>num.</span> <span class='ocrx_word' id='word_1_712' title='bbox 1979 5171 2033 5238; x_wconf 91' lang='lat'>8,</span> <span class='ocrx_word' id='word_1_713' title='bbox 2069 5186 2200 5241; x_wconf 90' lang='lat' dir='ltr'>pag.</span> <span class='ocrx_word' id='word_1_714' title='bbox 2235 5169 2367 5221; x_wconf 82' lang='grc'>469.</span> 
     </span>
    </p>
   </div>
   <div class='ocr_carea' id='block_1_101' title="bbox 1942 5358 2167 5413">
    <p class='ocr_par' dir='ltr' id='par_1_101' title="bbox 1942 5358 2167 5413">
     <span class='ocr_line' id='line_1_101' title="bbox 1942 5358 2167 5413; baseline -0.013 0"><span class='ocrx_word' id='word_1_715' title='bbox 1942 5358 2167 5413; x_wconf 72' lang='lat' dir='ltr'>NOT/E.</span> 
     </span>
    </p>
   </div>
   <div class='ocr_carea' id='block_1_102' title="bbox 388 5490 2013 5571">
    <p class='ocr_par' dir='ltr' id='par_1_102' title="bbox 388 5490 2013 5571">
     <span class='ocr_line' id='line_1_102' title="bbox 388 5490 2013 5571; baseline 0.002 -27"><span class='ocrx_word' id='word_1_716' title='bbox 388 5490 511 5571; x_wconf 47' lang='lat' dir='ltr'>_(3l</span> <span class='ocrx_word' id='word_1_717' title='bbox 532 5490 588 5545; x_wconf 92' lang='lat' dir='ltr'>S.</span> <span class='ocrx_word' id='word_1_718' title='bbox 615 5490 892 5571; x_wconf 75' lang='lat' dir='ltr'>_Andreas</span> <span class='ocrx_word' id='word_1_719' title='bbox 923 5493 1233 5571; x_wconf 71' lang='lat' dir='ltr'>Cretensis</span> <span class='ocrx_word' id='word_1_720' title='bbox 1254 5500 1401 5571; x_wconf 81' lang='lat' dir='ltr'>orat.</span> <span class='ocrx_word' id='word_1_721' title='bbox 1435 5496 1496 5550; x_wconf 92' lang='lat' dir='ltr'>in</span> <span class='ocrx_word' id='word_1_722' title='bbox 1526 5495 1779 5571; x_wconf 79' lang='lat' dir='ltr'>Dormit.</span> <span class='ocrx_word' id='word_1_723' title='bbox 1806 5494 1875 5571; x_wconf 77' lang='lat' dir='ltr'>S._</span> <span class='ocrx_word' id='word_1_724' title='bbox 1895 5494 2013 5548; x_wconf 88' lang='lat' dir='ltr'>Ma-</span> 
     </span>
    </p>
   </div>
   <div class='ocr_carea' id='block_1_103' title="bbox 351 5562 2014 5638">
    <p class='ocr_par' dir='ltr' id='par_1_103' title="bbox 351 5562 2014 5638">
     <span class='ocr_line' id='line_1_103' title="bbox 351 5562 2014 5638; baseline 0.005 -22"><span class='ocrx_word' id='word_1_725' title='bbox 351 5562 457 5638; x_wconf 64' lang='lat' dir='ltr'>rias</span> <span class='ocrx_word' id='word_1_726' title='bbox 486 5564 513 5629; x_wconf 86' lang='lat'>§</span> <span class='ocrx_word' id='word_1_727' title='bbox 548 5579 580 5638; x_wconf 64' lang='grc' dir='ltr'>ιζ</span> <span class='ocrx_word' id='word_1_728' title='bbox 612 5562 785 5617; x_wconf 89' lang='lat' dir='ltr'>initio</span> <span class='ocrx_word' id='word_1_729' title='bbox 815 5564 891 5638; x_wconf 84' lang='lat' dir='ltr'>de</span> <span class='ocrx_word' id='word_1_730' title='bbox 955 5572 1143 5621; x_wconf 89' lang='lat' dir='ltr'>morte</span> <span class='ocrx_word' id='word_1_731' title='bbox 1204 5568 1472 5638; x_wconf 73' lang='lat' dir='ltr'>Deiparee</span> <span class='ocrx_word' id='word_1_732' title='bbox 1526 5567 1741 5625; x_wconf 87' lang='lat' dir='ltr'>babei:</span> <span class='ocrx_word' id='word_1_733' title='bbox 1798 5562 2014 5638; x_wconf 70' lang='grc' dir='ltr'>Μέχρις</span> 
     </span>
    </p>
   </div>
   <div class='ocr_carea' id='block_1_104' title="bbox 351 5630 2012 5711">
    <p class='ocr_par' dir='ltr' id='par_1_104' title="bbox 351 5630 2012 5711">
     <span class='ocr_line' id='line_1_104' title="bbox 351 5630 2012 5711; baseline 0.002 -25"><span class='ocrx_word' id='word_1_734' title='bbox 351 5630 584 5711; x_wconf 34' lang='grc' dir='ltr'>αιξτῆςιὸ</span> <span class='ocrx_word' id='word_1_735' title='bbox 644 5634 869 5711; x_wconf 77' lang='grc' dir='ltr'>φυσικὸς</span> <span class='ocrx_word' id='word_1_736' title='bbox 929 5640 1040 5711; x_wconf 83' lang='grc' dir='ltr'>τῶν</span> <span class='ocrx_word' id='word_1_737' title='bbox 1097 5630 1398 5711; x_wconf 71' lang='grc' dir='ltr'>ἀνθρώπων</span> <span class='ocrx_word' id='word_1_738' title='bbox 1458 5636 1711 5711; x_wconf 74' lang='grc' dir='ltr'>ἐχώρησε</span> <span class='ocrx_word' id='word_1_739' title='bbox 1767 5630 2012 5711; x_wconf 73' lang='grc' dir='ltr'>θάνατος,</span> 
     </span>
    </p>
   </div>
   <div class='ocr_carea' id='block_1_105' title="bbox 356 5700 2014 5783">
    <p class='ocr_par' dir='ltr' id='par_1_105' title="bbox 356 5700 2014 5783">
     <span class='ocr_line' id='line_1_105' title="bbox 356 5700 2014 5783; baseline 0.002 -25"><span class='ocrx_word' id='word_1_740' title='bbox 356 5700 416 5783; x_wconf 69' lang='grc' dir='ltr'>οὗ</span> <span class='ocrx_word' id='word_1_741' title='bbox 478 5700 949 5783; x_wconf 38' lang='grc' dir='ltr'>μήνη-καθείρξας,</span> <span class='ocrx_word' id='word_1_742' title='bbox 1012 5708 1087 5770; x_wconf 81' lang='grc' dir='ltr'>ὡς</span> <span class='ocrx_word' id='word_1_743' title='bbox 1149 5700 1207 5764; x_wconf 68' lang='grc' dir='ltr'>ἐν⁷</span> <span class='ocrx_word' id='word_1_744' title='bbox 1268 5712 1426 5781; x_wconf 75' lang='grc' dir='ltr'>ἡμῖν,</span> <span class='ocrx_word' id='word_1_745' title='bbox 1580 5700 2014 5783; x_wconf 46' lang='grc' dir='ltr'>χειρωσάμενος,</span> 
     </span>
    </p>
   </div>
   <div class='ocr_carea' id='block_1_106' title="bbox 356 5774 2021 5854">
    <p class='ocr_par' dir='ltr' id='par_1_106' title="bbox 356 5774 2021 5854">
     <span class='ocr_line' id='line_1_106' title="bbox 356 5774 2021 5854; baseline 0.004 -24"><span class='ocrx_word' id='word_1_746' title='bbox 356 5774 554 5850; x_wconf 74' lang='grc' dir='ltr'>ἄπαγε.</span> <span class='ocrx_word' id='word_1_747' title='bbox 590 5779 737 5836; x_wconf 87' lang='lat' dir='ltr'>Hinc</span> <span class='ocrx_word' id='word_1_748' title='bbox 768 5774 944 5837; x_wconf 82' lang='lat' dir='ltr'>locus</span> <span class='ocrx_word' id='word_1_749' title='bbox 975 5774 1320 5841; x_wconf 76' lang='lat' dir='ltr'>omnimodo</span> <span class='ocrx_word' id='word_1_750' title='bbox 1354 5774 1725 5852; x_wconf 70' lang='lat' dir='ltr'>emendatur,</span> <span class='ocrx_word' id='word_1_751' title='bbox 1761 5774 2021 5854; x_wconf 83' lang='lat' dir='ltr'>explica-</span> 
     </span>
    </p>
   </div>
   <div class='ocr_carea' id='block_1_107' title="bbox 2124 5484 3782 5558">
    <p class='ocr_par' dir='ltr' id='par_1_107' title="bbox 2124 5484 3782 5558">
     <span class='ocr_line' id='line_1_107' title="bbox 2124 5484 3782 5558; baseline -0.002 -14"><span class='ocrx_word' id='word_1_752' title='bbox 2124 5495 2338 5558; x_wconf 86' lang='lat' dir='ltr'>turque</span> <span class='ocrx_word' id='word_1_753' title='bbox 2362 5486 2505 5557; x_wconf 90' lang='lat' dir='ltr'>quid</span> <span class='ocrx_word' id='word_1_754' title='bbox 2545 5486 2623 5540; x_wconf 90' lang='lat' dir='ltr'>sit</span> <span class='ocrx_word' id='word_1_755' title='bbox 2643 5487 3006 5555; x_wconf 75' lang='lat' dir='ltr'>Scripturalis</span> <span class='ocrx_word' id='word_1_756' title='bbox 3037 5484 3452 5558; x_wconf 68' lang='lat' dir='ltr'>demonstratio.</span> <span class='ocrx_word' id='word_1_757' title='bbox 3486 5486 3782 5540; x_wconf 69' lang='lat' dir='ltr'>Prasterea</span> 
     </span>
    </p>
   </div>
   <div class='ocr_carea' id='block_1_108' title="bbox 2125 5557 3780 5631">
    <p class='ocr_par' dir='ltr' id='par_1_108' title="bbox 2125 5557 3780 5631">
     <span class='ocr_line' id='line_1_108' title="bbox 2125 5557 3780 5631; baseline -0.003 -15"><span class='ocrx_word' id='word_1_758' title='bbox 2125 5557 2316 5631; x_wconf 85' lang='lat' dir='ltr'>liquet</span> <span class='ocrx_word' id='word_1_759' title='bbox 2346 5558 2680 5631; x_wconf 83' lang='lat' dir='ltr'>orationem</span> <span class='ocrx_word' id='word_1_760' title='bbox 2740 5558 2905 5631; x_wconf 73' lang='lat' dir='ltr'>illam</span> <span class='ocrx_word' id='word_1_761' title='bbox 2966 5558 3253 5631; x_wconf 76' lang='lat' dir='ltr'>Cretensi</span> <span class='ocrx_word' id='word_1_762' title='bbox 3292 5557 3597 5622; x_wconf 88' lang='lat' dir='ltr'>tributam,</span> <span class='ocrx_word' id='word_1_763' title='bbox 3639 5562 3780 5611; x_wconf 86' lang='lat' dir='ltr'>ante</span> 
     </span>
    </p>
   </div>
   <div class='ocr_carea' id='block_1_109' title="bbox 2126 5629 3779 5703">
    <p class='ocr_par' dir='ltr' id='par_1_109' title="bbox 2126 5629 3779 5703">
     <span class='ocr_line' id='line_1_109' title="bbox 2126 5629 3779 5703; baseline -0.003 -16"><span class='ocrx_word' id='word_1_764' title='bbox 2126 5629 2510 5703; x_wconf 77' lang='lat' dir='ltr'>scriptionem</span> <span class='ocrx_word' id='word_1_765' title='bbox 2540 5630 2720 5703; x_wconf 82' lang='lat' dir='ltr'>hujus</span> <span class='ocrx_word' id='word_1_766' title='bbox 2751 5629 3141 5703; x_wconf 12' lang='lat' dir='ltr'>dialogiisatis</span> <span class='ocrx_word' id='word_1_767' title='bbox 3182 5629 3383 5703; x_wconf 80' lang='lat' dir='ltr'>tritam</span> <span class='ocrx_word' id='word_1_768' title='bbox 3430 5644 3779 5703; x_wconf 61' lang='lat' dir='ltr'>magnasque</span> 
     </span>
    </p>
   </div>
   <div class='ocr_carea' id='block_1_110' title="bbox 2126 5700 3784 5773">
    <p class='ocr_par' dir='ltr' id='par_1_110' title="bbox 2126 5700 3784 5773">
     <span class='ocr_line' id='line_1_110' title="bbox 2126 5700 3784 5773; baseline -0.004 -13"><span class='ocrx_word' id='word_1_769' title='bbox 2126 5700 2497 5760; x_wconf 80' lang='lat' dir='ltr'>auctoritatis</span> <span class='ocrx_word' id='word_1_770' title='bbox 2530 5701 2736 5768; x_wconf 85' lang='lat' dir='ltr'>fuisse,</span> <span class='ocrx_word' id='word_1_771' title='bbox 2788 5719 2924 5757; x_wconf 91' lang='lat' dir='ltr'>cum</span> <span class='ocrx_word' id='word_1_772' title='bbox 2974 5700 3352 5773; x_wconf 87' lang='lat' dir='ltr'>Scripturalis</span> <span class='ocrx_word' id='word_1_773' title='bbox 3397 5700 3632 5755; x_wconf 87' lang='lat' dir='ltr'>audiret</span> <span class='ocrx_word' id='word_1_774' title='bbox 3678 5700 3784 5755; x_wconf 91' lang='lat' dir='ltr'>de-</span> 
     </span>
    </p>
   </div>
   <div class='ocr_carea' id='block_1_111' title="bbox 2126 5775 2501 5833">
    <p class='ocr_par' dir='ltr' id='par_1_111' title="bbox 2126 5775 2501 5833">
     <span class='ocr_line' id='line_1_111' title="bbox 2126 5775 2501 5833; baseline -0.011 0"><span class='ocrx_word' id='word_1_775' title='bbox 2126 5775 2501 5833; x_wconf 86' lang='lat' dir='ltr'>monstratio.</span> 
     </span>
    </p>
   </div>
  </div>
