4120 6374
499 414 503 426 ,
523 377 663 434 1347

595 503 845 559 SARAC.
879 503 935 559 Si
967 503 1209 575 quidem
1240 505 1419 568 nosti,
1451 503 1647 559 indica
1678 503 1849 559 mihi.

592 593 869 649 CHRIST.
904 595 1140 665 Inquit:
1173 593 1230 649 Si
1282 593 1386 648 tibi
1437 595 1640 649 dixero
1702 593 2173 648 sanctificantem

519 696 650 737 esse
682 683 1050 737 sanctiﬁcato
1083 683 1398 753 majorem,
1432 700 1666 755 regeres
1698 683 2013 738 adversum
2039 697 2132 736 me
2161 699 2174 746 ;

518 770 642 835 Abi,
677 771 859 826 adora
892 772 1214 842 Baptistam
1243 773 1554 833 Joannem.
1591 774 1812 844 quippe
1845 772 1947 842 qui
1978 769 2178 842 bapti-

516 861 663 915 zavit
695 860 1204 931 sanctificavitque
1238 861 1540 916 Christum
1576 867 1766 917 tuum.

592 950 838 1005 SARAC.
873 950 1035 1004 Istud
1071 967 1212 1005 sane
1246 951 1518 1006 volebam
1551 951 1655 1005 tibi
1688 951 1907 1006 dicere.

590 1037 974 1110 Ainigmatice
1007 1039 1089 1093 ait
1118 1039 1388 1094 CHRIST.
1424 1040 1500 1094 ad
1558 1040 1940 1095 Saracenum.
1987 1037 2177 1092 Profi-

515 1127 780 1184 ciscente
813 1132 868 1182 te
899 1127 972 1182 ad
1003 1127 1286 1184 balneum
1315 1145 1449 1182 cum
1483 1145 1652 1184 servo
1689 1135 1786 1184 tuo
1818 1134 1886 1184 ut
1938 1126 2173 1194 laveris,

515 1213 830 1286 levatoque
865 1214 936 1270 ab
972 1216 1098 1287 ipso
1131 1222 1190 1271 et
1220 1224 1490 1288 purgato,
1525 1233 1702 1288 quem
1747 1217 2040 1288 majorem
2086 1214 2175 1270 di-

489 1305 672 1362 xeris
694 1304 721 1359 ‘I
751 1307 902 1360 Num
939 1306 1223 1360 miserum
1256 1306 1422 1360 illum
1459 1311 1516 1360 et
1547 1307 1885 1378 emptitium
1914 1321 2173 1368 servum,

514 1393 694 1449 velte
740 1392 812 1449 ab
869 1393 972 1448 illo
1034 1395 1396 1466 purgatum?
1449 1395 1612 1450 Haud
1672 1395 1847 1450 aliter
1901 1411 2059 1466 ergo,
2121 1397 2180 1448 et

487 1481 644 1553 ipse
674 1498 810 1538 cum
843 1482 1130 1538 Dominus
1160 1489 1319 1538 esset
1347 1501 1380 1538 ο.
1411 1500 1575 1539 servo
1608 1489 1891 1556 purgatus
1923 1489 2030 1538 est.

589 1662 756 1716 Mene
784 1677 957 1718 vocas
990 1662 1279 1733 majorem
1337 1664 1439 1735 qui
1494 1664 1630 1729 emi,
1682 1680 1757 1717 an
1807 1663 1977 1718 illum
2007 1679 2040 1718 a
2072 1677 2166 1716 me

517 1756 808 1822 exnptum,
841 1751 925 1808 ait
954 1752 1287 1808 Saracenus
1317 1753 1392 1808 ad
1423 1753 1828 1809 Christianum
1848 1752 1876 1809 ?

587 1929 689 1985 Hic
720 1947 856 1986 vero
892 1932 1226 2003 respondit,
1258 1932 1584 2004 gratiisque
1615 1932 1782 2004 prius
1836 1933 1956 1987 Deo
2006 1931 2175 1986 actis.

515 2018 718 2089 inquit
747 2020 820 2075 ad
852 2021 1213 2076 Saracenum
1241 2039 1254 2076 :
1289 2022 1569 2076 Similiter
1601 2021 1794 2092 cogita
1826 2027 1888 2075 tu
1946 2020 2089 2074 mihi
2125 2024 2185 2074 et

511 2108 804 2164 Joannem
846 2126 1084 2165 servum
1141 2117 1321 2182 atque
1378 2111 1672 2166 famulum
1738 2111 2184 2166 ministrantem

510 2197 744 2253 Christo
774 2198 836 2253 in
866 2199 1144 2266 Iordane,
1180 2201 1241 2255 in
1301 2217 1417 2271 quo
1467 2200 1800 2271 baptizatus
1852 2199 2186 2270 Sospitator

509 2301 686 2343 meus
717 2286 1037 2344 latentium
1073 2287 1154 2344 ibi
1186 2289 1247 2343 in
1275 2288 1480 2345 lustris
1513 2289 1809 2344 malorum
1842 2288 2184 2344 daamonnm

513 2375 708 2445 capita
738 2375 1053 2448 confregit.

585 2463 922 2520 Saracenus
954 2470 1157 2521 autem
1188 2465 1576 2522 vehementer
1614 2465 1964 2531 admiratus,
2010 2464 2186 2536 quid-

513 2567 632 2624 que
663 2553 1054 2624 responderet
1085 2571 1206 2612 non
1239 2554 1465 2611 habens
1490 2555 1848 2623 Christiano,
1872 2554 2038 2624 abiit,
2062 2571 2182 2610 non

515 2641 776 2714 amplius
805 2659 942 2700 cum
978 2643 1083 2699 illo
1114 2660 1489 2716 congressus.

2062 377 2431 432 ADDDNDA.

2222 509 2270 570 Α
2371 499 2432 556 Ὀ
2465 503 2618 556 ΣΑΡ.
2653 501 2754 556 Καὶ
2788 500 2876 555 ἐὰν
2910 498 3062 564 οἶδας
3093 499 3270 574 δεῖξόν
3305 523 3423 576 μοι.

3818 381 3941 442 1848

2359 590 2415 642 '0
2457 592 2683 647 ΧΡΙΣΤ.
2743 592 2910 646 εἶπενο
2974 593 3094 646 Ἐάν
3155 613 3240 648 σοι
3295 593 3436 650 εἴπω
3491 594 3580 649 ’ότι
3639 595 3669 650 ὁ
3727 596 3939 670 ἁγιάζων

2290 678 2486 750 μείζων
2519 684 2616 734 τοῦ
2648 681 3037 754 ἁγιαζομένου,
3083 680 3223 755 ἐρεῖς
3286 701 3405 754 μοι,
3463 683 3743 750 νΔπελΘε,
3803 689 3941 762 φησὶ,

2284 767 2658 839 προσκύνησον
2715 771 2806 824 τὸν
2862 771 3174 839 Βαπτιστήν
3233 771 3514 843 Ἰωάννην,
3607 774 3690 835 ὡς
3771 775 3945 850 βαπτί·

2285 878 2447 912 σαντα
2467 859 2557 912 καὶ
2588 857 2880 934 ἀγιάσαντα
2907 861 3000 915 τὸν
3032 859 3266 934 Χριστόν
3298 882 3420 920 σου.

2353 947 2416 1002 '0
2448 943 2507 1001 δὶ
2537 953 2688 1004 ΣΑΡ.
2725 948 2936 1014 Οὕτως,
2963 949 3122 1025 φησὶ,
3160 951 3244 1003 σοὶ
3271 946 3466 1014 ἔθελον
3500 951 3707 1010 εἰπεῖν.

2357 1034 2797 1111 Αἰνιγματωδῶς
2816 1032 2919 1114 ἔφη
2949 1038 2978 1092 ὁ
3008 1040 3237 1095 ΧΡΙΣΤ.
3255 1043 3328 1112 (a)
3349 1039 3488 1114 πρὸς
3507 1041 3606 1096 τὸν
3641 1044 3948 1116 Σαρακηνὸν

2285 1127 2698 1202 Ἀπερχομὲνου
2730 1149 2828 1183 σου
2858 1127 2912 1184 ἐν
2943 1132 3024 1200 τῷ
3085 1127 3366 1204 βαλανείῳ
3417 1131 3553 1204 μετὰ
3603 1135 3710 1188 τοῦ
3761 1131 3945 1191 δούλου

2283 1236 2384 1270 σου
2415 1215 2738 1285 λούσασθαι,
2777 1216 2867 1272 καὶ
2929 1214 3237 1290 λουόμενος
3295 1219 3390 1274 ὑπ’
3445 1219 3616 1276 αὐτοῦ
3676 1221 3771 1278 καὶ
3829 1235 3945 1287 καθ-

2283 1303 2610 1376 αιμόμεκος,
2640 1304 2764 1361 τίνα
2795 1303 2946 1381 ἔχεις
3003 1305 3174 1362 εἴπεῖν
3238 1307 3494 1379 μείζονα;
3556 1310 3815 1366 Ἐκεῖνον
3867 1313 3945 1366 τὸν

2283 1391 2500 1467 οἰκτρὸν
2534 1390 2732 1449 δοῦλον
2768 1394 2860 1449 καὶ
2891 1395 3309 1470 ἀργυρώνητον,
3340 1395 3377 1466 ἢ
3410 1395 3472 1454 σὺ
3503 1399 3534 1452 ὁ
3559 1400 3942 1474 καθαρθεὶς(ὁ)

2285 1482 2373 1536 ὑπ’
2405 1482 2612 1551 αὐττῦς
2645 1483 2835 1545 Οὕτως
2868 1484 2961 1538 οὗν
2986 1484 3078 1542 καὶ
3135 1485 3300 1548 αὐτὸς
3358 1487 3642 1558 Δεσπότης
3695 1486 3798 1559 ὢν,
3855 1489 3942 1546 ὑπὸ

2279 1576 2377 1627 τοῦ
2409 1569 2621 1627 δούλου
2652 1572 2990 1648 ἐκαθαίρετο.

2361 1661 2627 1733 Ἐμαυτὸν
2657 1662 2838 1737 Λὲγιις
2878 1662 3104 1732 μείζονα
3150 1665 3246 1720 τὸν
3295 1667 3651 1739 ειτισάμενον,
3687 1665 3726 1736 ἢ
3758 1666 3940 1722 ἐκεῖνον

2287 1751 2380 1806 τὸν
2416 1751 2548 1825 ὑπὲρ
2581 1751 2718 1824 ὲμοῦ
2776 1754 3082 1822 κτισθέντα,
3143 1755 3288 1809 εἶπεν
3350 1756 3379 1809 ὁ
3438 1757 3766 1829 Σαρακηνὸς
3824 1758 3940 1830 πρὸς

2213 1877 2260 1942 Β
2291 1841 2384 1895 τὸν
2416 1841 2782 1915 Χριστιανόν;

2361 1931 2424 1987 Ὀ
2455 1927 2514 1985 δὲ
2553 1931 2840 2005 ἀπεκρίθη,
2874 1930 3276 2007 εὐχαριστήσας
3331 1934 3601 2010 πρότερον
3656 1935 3755 1990 τὸν
3800 1935 3934 2003 Θεὸν,

2290 2020 2377 2074 καὶ
2413 2022 2558 2076 εἶπεν
2593 2020 2729 2094 πρὸς
2755 2019 2850 2074 τὸν
2895 2021 3232 2095 Σαρακηνόν’
3293 2021 3481 2085 Οὕτως
3541 2045 3642 2097 μοι
3699 2025 3811 2079 νόει
3859 2026 3932 2079 καὶ

2290 2110 2381 2164 τὸν
2416 2110 2699 2179 Ἰωάννην,
2732 2107 2933 2166 δοῦλον
2956 2110 3048 2172 καὶ
3105 2109 3349 2181 οἰκέτην,
3405 2113 3827 2188 ὑπουργήσαντα
3869 2118 3933 2183 τῷ

2295 2200 2518 2274 Χριστῷ
2551 2199 2602 2254 ἐν
2633 2204 2714 2272 τῷ
2759 2197 3030 2277 Ἰορδάνῃ,
3085 2201 3138 2258 ἐν
3187 2203 3234 2274 ᾧ
3297 2203 3615 2278 βαπτισθεὶς
3674 2206 3702 2260 ὁ
3757 2205 3932 2277 Σωτήρ

2297 2309 2426 2360 μου,
2476 2292 2587 2343 τῶν
2647 2287 2820 2346 ἐκεῖσε
2875 2287 3295 2367 ἐμφολευόντων
3351 2295 3615 2368 πονηρῶν
3678 2288 3928 2366 δαιμόνων

2293 2375 2387 2437 τὰς
2418 2375 2658 2453 κεφαλὰς
2691 2379 3005 2452 συνέτριψεν
3017 2423 3029 2436 .

2363 2465 2424 2521 Ὁ
2467 2460 2524 2519 δὶ
2584 2466 2902 2540 Σαρακηνὸς
2960 2464 3169 2543 σφόδρα
3223 2468 3526 2541 Θαυμάσας,
3592 2469 3684 2524 καὶ
3746 2469 3929 2540 ἀπορή-

2293 2573 2409 2620 σας,
2464 2553 2552 2607 καὶ
2611 2551 2666 2608 τί
2721 2553 3084 2626 ἀποκριθῆναι
3145 2555 3222 2628 μή
3280 2550 3430 2630 ἔχων
3485 2561 3568 2629 τῷ
3622 2559 3924 2631 Χριπιανῷ,

2292 2641 2647 2717 ἀνεχώρησεν
2679 2642 2874 2716 μηκέτι
2905 2638 3276 2717 προσϐάλλων
3306 2643 3476 2717 αὐτῷ.

1886 2769 2126 2825 VARUE
2167 2768 2568 2825 LECTIONES.

583 2864 662 2937 (a)
692 2859 1038 2940 Χριστιανός.

1144 2868 1219 2939 (ὁ)
1253 2868 1534 2940 Lequien,
1569 2867 1762 2923 σαυτὸν
1794 2867 1887 2922 τὸν
1919 2864 2274 2941 καθαρθέντα.

513 3019 3084 3050 Μ

1315 3147 2037 3270 JOANNIS
2145 3148 3133 3275 DAMASCENI

2164 3384 2300 3428 εινκ

977 3520 1462 3624 'JOANNIS
1551 3535 2297 3624 PATRIABCH/E
2377 3537 3463 3631 HIEROSOLYMITANI

1981 3715 2464 3778 OPUSCULUM

1341 3888 2023 3984 ADVERSUS
2111 3889 3093 3988 ICONOCLASTAS.

1517 4210 1822 4281 (GALLAND.
1855 4208 1975 4264 Vel.
2010 4209 2240 4262 Patrum
2269 4206 2536 4262 Biblioth.
2568 4208 2718 4276 XIII,
2748 4210 2898 4284 352.)

889 4467 1358 4524 DISCEPTATIO
1396 4467 1775 4522 INVECTIVA

1270 4573 1401 4628 quas

501 4664 712 4720 Habita
741 4670 818 4719 est
859 4680 892 4718 a
921 4663 1175 4734 ﬁdelibus
1207 4669 1259 4718 et
1297 4663 1640 4728 orthodoxis,
1676 4661 2050 4734 studiumque
2097 4677 2162 4716 ac

571 4736 745 4791 zelum
805 4733 1150 4799 habentibus,
1220 4735 1294 4788 ad
1379 4733 1749 4801 confutandos
1819 4734 2161 4788 adversarios

567 4808 698 4877 ﬁdei
723 4813 774 4862 et
803 4807 1074 4862 doctrinae
1113 4813 1430 4862 sanctorum
1483 4804 2028 4875 orthodoxommque
2052 4806 2159 4860 Pa-

569 4886 715 4935 trum
745 4886 1058 4934 nostrorum
1081 4880 1173 4950 (2).

569 5000 621 5053 1.
654 4995 885 5052 Naboth
939 4994 1239 5050 Israelites
1296 4997 1363 5047 ut
1419 5007 1494 5047 ne
1553 4995 1870 5062 paternam
1926 4993 2160 5050 vineam

485 5083 779 5148 traderet,
831 5083 1131 5155 lapidatus
1181 5087 1290 5149 est,
1343 5097 1477 5136 cum
1529 5079 1812 5138 dixisset:
1877 5085 1997 5138 Non
2044 5091 2158 5139 tra-

499 5175 627 5228 dam
655 5173 1032 5228 hazreditatem
1056 5178 1285 5242 patrum
1306 5185 1550 5225 meorum
1580 5170 1678 5237 (a).
1712 5173 1786 5225 At
1814 5171 1911 5227 isti
1941 5173 2158 5243 quibus

496 5262 670 5319 licuit
696 5277 828 5317 esse
863 5261 1158 5332 episcopis
1189 5266 1248 5316 et
1294 5259 1636 5332 pastoribus
1685 5260 1879 5317 ovium
1928 5265 2158 5322 ratione

566 5391 641 5462 (a)
674 5391 752 5445 ΙΙΙ
781 5391 920 5461 Reg.
956 5405 1068 5459 xw,
1101 5389 1158 5444 3-

2620 4478 2968 4536 ΔΙΔΛΟΓΟΣ
3021 4478 3578 4538 ΣΤΗΛΙΤΕΥΤΙΚΟΣ

2950 4567 3245 4642 γενόμενος

2271 4668 2664 4748 Παραπιστῶν
2723 4671 2814 4748 καί
2866 4671 3180 4748 ᾀρθοδόξων
3237 4675 3344 4748 καὶ,
3384 4677 3554 4748 πόθον
3605 4676 3699 4733 καὶ
3761 4669 3904 4748 ζῆλον

2341 4735 2625 4820 ἐχόντων,
2666 4744 2810 4820 πρὸς
2849 4735 3101 4820 Δἔλεγχον
3158 4751 3266 4802 τῶν
3329 4746 3589 4820 ἐναντίων
3645 4735 3906 4820 τῆςίίῗπί·

2344 4813 2512 4897 ςέεξυς
2537 4814 2627 4897 καὶ
2657 4813 2758 4897 τῆς
2787 4813 3139 4882 διδασκαλίας
3170 4823 3280 4874 τῶν
3309 4819 3475 4895 ἆγίων
3506 4819 3598 4875 καὶ
3623 4813 3905 4897 ὀρθοδύξων

2347 4885 2504 4958 ἡμῶν
2539 4888 2817 4964 Πατὲρων.

2339 5005 2407 5062 α’.
2441 5001 2686 5072 Ναϐουθὶ
2721 5009 2749 5063 ὁ
2782 5008 3130 5082 Ἰσραηλίτης
3154 5007 3248 5066 ἵνα
3280 5012 3357 5085 μή
3388 5011 3481 5067 τὸν
3509 5015 3772 5088 πατρῷον
3816 5007 3908 5078 ἆμ-

2268 5093 2496 5150 πελῶνα
2546 5095 2775 5174 παραδῷ
2856 5095 3369 5172 κατολιθοϐολήθη,
3442 5099 3647 5178 λέγων·
3707 5101 3783 5159 Οὐ
3840 5093 3904 5169 μῆ

2271 5181 2462 5258 προδῶ
2511 5183 2892 5262 κληρονομίαν
2957 5189 3206 5265 πατέρων
3265 5212 3396 5264 μου.
3451 5191 3620 5249 Οὗτοι
3681 5188 3759 5261 δὶ,
3815 5206 3908 5265 φη-

2275 5274 2382 5345 σὶν,
2415 5273 2729 5349 ἐπίσκοποι,
2759 5276 2850 5332 καὶ
2879 5278 3140 5352 ποιμένες
3188 5283 3297 5335 τῶν
3358 5277 3598 5357 λογικῶν
3659 5276 3906 5356 λαχόντες

2091 5495 2316 5556 ΝΟΤᾸΕ.

562 5618 638 5692 (if)
697 5619 1037 5692 Verius_ex
1072 5617 1215 5692 ialio
1273 5618 1417 5692 Cod.
1478 5617 1680 5692 Regio,
1753 5619 2150 5691 Hierosolymi-

485 5689 1017 5746 tani'Patriarchae.
1070 5691 1240 5744 Forte
1295 5689 1437 5761 quia
1486 5691 1750 5744 Joannes
1805 5689 2148 5760 patriarcha

2264 5626 2550 5684 Damasco
2582 5630 2875 5688 oriundus
2908 5639 3057 5699 erat,
3088 5636 3454 5696 Damascenus
3481 5639 3580 5696 hic
3609 5637 3839 5695 dicitur.

2327 5701 2404 5771 (2)
2436 5701 2516 5755 Ex
2551 5709 2754 5760 nostra
2783 5705 3310 5779 interpretatione.
