4120 6378
351 419 491 476 1349

1568 414 1953 468 ADVERSUS
1988 409 2545 466 ICONOCLASTAS.

3639 408 3780 467 1350

348 543 484 597 εἶναι
516 535 829 616 προϐάτων,
863 536 954 593 διὰ
984 534 1141 607 δόξαν
1169 536 1328 604 κενὴν
1362 536 1452 590 καὶ
1512 539 1700 608 μόνον,
1743 538 1850 587 τῶν
1886 535 2003 588 llu-

2137 531 2526 603 arzeditarum.
2554 532 2627 587 ob
2660 549 2869 588 vanam
2906 534 3199 590 duntaxat
3256 536 3530 607 gloriam,
3582 540 3777 606 pater-

348 632 520 706 τέρων
550 631 649 694 τὰς
708 630 890 708 φωνὰς
950 629 1366 703 παρωσάμενοι,
1425 626 1560 679 κατὰ
1614 631 1715 692 τῆς
1773 623 2009 682 πίστεως

351 719 577 783 ἑαυτοὺς
637 720 979 789 ὁπλίσαντες,
1032 717 1101 772 τὰ
1156 718 1331 791 ὀρθῶς
1395 716 1482 770 ὑπ’
1542 713 1715 768 αὐτῶν
1778 711 2011 786 ῥηθέντα

354 804 703 885 στρεϐλοῦσι,
733 810 869 863 κατὰ
897 809 989 862 τὸν
1014 804 1282 878 ἀδόκιμον
1331 804 1505 859 αὐτῶν
1558 804 1645 857 καὶ
1693 799 2014 872 τεθολωμέ-

359 918 450 952 νον
508 902 633 952 νοῦν
688 895 1056 963 διδάσκοντες,
1132 898 1307 971 "Amp
1387 893 1561 948 πάντα
1636 892 1841 946 ἐνώπια
1895 896 2011 951 τοῖς

358 984 625 1057 συνιοῦσι,
683 986 774 1041 καὶ
833 986 966 1061 ὀρθὰ
1020 991 1136 1047 τοῖς
1194 985 1513 1057 εὐρίσπονσι
1593 986 1816 1057 γνῶσιν,
1879 980 2015 1035 κατά

354 1076 419 1129 τὸ
449 1076 857 1150 γεγραμμένον.
891 1075 959 1131 Οἱ
994 1075 1089 1146 μὲν
1118 1075 1223 1148 γὰρ
1257 1070 1386 1147 δόξῃ
1420 1074 1492 1145 (3)
1522 1074 1608 1125 καὶ
1663 1072 1885 1145 καθαρῷ
1913 1075 2013 1138 τῆς

362 1160 603 1225 διανοίας
638 1160 847 1236 ὄμματι
878 1168 997 1227 τοῖς
1017 1165 1189 1238 ἱεροῖς
1246 1169 1345 1231 τῆς
1391 1161 1751 1226 θεοπνεύστου
1798 1165 2018 1236 Γραφῆς

357 1252 852 1327 περιτυγχάνοντες
912 1252 1121 1327 λόγοις,
1182 1248 1382 1329 ὄφελος
1431 1256 1601 1317 θεῖον,
1657 1248 1839 1323 ὣσπερ
1896 1247 2017 1302 τινὰ

356 1342 611 1416 οὐράνιον
641 1342 935 1416 θησαυρὸν,
966 1348 1087 1403 ταῖς
1148 1341 1324 1395 αὐτῶν
1381 1339 1732 1409 είσοικίζουσι
1784 1342 2012 1412 ψυχαῖς·

360 1432 417 1485 οἱ
451 1428 508 1486 δὲ
536 1431 627 1486 τὸν
663 1435 786 1485 νοῦν
838 1429 1056 1506 ἔχοντες
1112 1435 1190 1503 τῷ
1239 1428 1422 1503 ψεύδει
1477 1428 1869 1504 προσνευκότα,
1927 1427 2017 1480 καὶ

359 1527 462 1589 τῆς
487 1542 649 1575 τινων
684 1520 1088 1594 ἀθυροστομίας
1110 1521 1455 1592 ἡττώμενον,
1487 1519 1575 1573 καὶ
1606 1513 1847 1592 βεϐήλου
1874 1516 2022 1590 γνώ-

368 1629 504 1667 σεως
537 1609 791 1683 ἐραστὴν.
840 1608 1057 1663 ἐκείνων
1114 1607 1324 1663 ἔσονται
1382 1607 1657 1675 κοινωνοὶ,
1705 1607 1827 1679 περὶ
1884 1606 1958 1658 ὢν
1992 1606 2019 1658 ὁ

375 1698 640 1773 μακάριος
726 1697 942 1759 Παῦλος
1027 1697 1240 1775 γράφει⁸
1324 1699 1411 1753 Ἑν
1501 1698 1579 1759 οἷς
1635 1696 1662 1749 ὁ
1722 1696 1851 1756 Θεὸς
1924 1697 2021 1748 τοῦ

364 1787 565 1849 αἰῶνος
618 1786 815 1842 τούτου
896 1787 1179 1864 ἐτύφλωσε
1260 1788 1325 1841 τά
1378 1788 1625 1857 νοήματα
1706 1790 1812 1839 τῶν
1892 1782 2019 1837 ἀπί-

2119 643 2228 681 nas
2258 642 2428 680 voces
2460 626 2865 697 repudiantes,
2901 628 3304 699 adversusque
3354 628 3533 683 fidem
3590 635 3780 684 semet

2120 716 2234 785 ipsi
2266 721 2589 783 armantes,
2624 733 2754 786 quae
2788 722 2944 772 recte
2979 717 3050 771 ab
3086 718 3204 772 illis
3242 716 3399 771 dicta
3446 723 3587 772 sunt
3634 735 3775 772 con-

2124 810 2405 875 torquent
2453 805 2643 875 (juxta
2702 806 3079 876 reprobatam
3134 824 3301 861 suam
3360 806 3777 877 turbidamque

2121 902 2385 950 mentem
2418 895 2745 962 docentes),
2774 900 2925 965 (Quae
2960 900 3288 953 omnimodis
3335 899 3401 952 ob
3451 899 3633 953 oculos
3675 914 3778 967 po-

2120 984 2231 1039 sita
2261 992 2387 1039 sunt
2438 986 2887 1054 intelligentiam,
2940 994 3199 1057 rectaque
3247 990 3316 1042 iis
3366 990 3462 1058 qui
3510 989 3782 1056 cognitio-

2120 1090 2243 1127 nem
2274 1076 2585 1135 inveniunt,
2619 1080 2685 1128 ut
2708 1075 2994 1145 scriptum
3022 1082 3110 1129 est
3140 1077 3237 1147 (ὸ).
3276 1076 3366 1130 Illi
3426 1077 3579 1131 enim
3610 1081 3785 1131 acuta

2121 1180 2388 1234 puraque
2431 1163 2649 1218 mentis
2704 1165 2829 1218 acie
2892 1181 3088 1219 sacras
3145 1166 3426 1219 divinitus
3476 1166 3781 1237 inspirata:

2123 1250 2439 1321 Scriptura)
2473 1251 2649 1305 verba
2682 1250 2965 1322 legentes,
2993 1252 3258 1306 divinum
3282 1253 3776 1320 emolumentum,

2124 1340 2292 1409 quasi
2325 1340 2641 1409 quemdam
2670 1340 2970 1393 cmlestem
3002 1341 3367 1405 thesaurum,
3395 1342 3483 1395 sui
3512 1342 3777 1413 ipsorum

2124 1429 2435 1483 animabus
2471 1429 2833 1483 recondunt:
2870 1429 2969 1482 isti
3002 1446 3137 1483 vero
3186 1437 3446 1484 mentem
3500 1447 3634 1486 cum
3680 1432 3782 1485 ha-

2125 1517 2304 1571 beant
2332 1520 2403 1573 ad
2437 1518 2817 1572 mendacium
2852 1534 3233 1589 prOpensam.
3257 1536 3324 1573 ac
3349 1520 3779 1573 nonnullorum

2125 1608 2551 1678 impotentibus
2632 1608 3036 1662 locationibus
3127 1608 3440 1675 devictam,
3516 1609 3783 1679 profana)

2127 1698 2304 1753 etiam
2341 1697 2607 1751 scientiaa
2663 1704 2984 1762 amantem,
3048 1698 3286 1752 illorum
3347 1698 3554 1768 utique
3600 1697 3787 1752 futuri

2128 1793 2267 1841 sunt
2300 1787 2634 1856 participes,
2671 1787 2741 1840 de
2785 1786 2999 1856 quibus
3038 1786 3246 1841 beatus
3268 1787 3487 1841 Paulus
3539 1786 3780 1842 scribit:

369 1897 534 1941 στων,
596 1876 671 1938 εἷς
728 1878 789 1931 τὸ
852 1879 928 1949 μὴ
991 1874 1271 1952 διαυγάσαι
1332 1876 1515 1937 αὐτοῖς
1572 1877 1663 1930 τὸν
1736 1873 2018 1945 φωτισμὸν

2137 1879 2191 1929 ln
2222 1876 2418 1945 quibus
2455 1878 2596 1929 Deus
2624 1878 2807 1930 saeculi
2840 1877 3001 1943 huius
3060 1880 3353 1931 arca’cavit
3401 1879 3643 1945 cogitata
3690 1879 3783 1930 in-

366 1971 466 2021 τοῦ
510 1966 852 2042 Εὖαγγελίου
908 1974 1010 2035 τῆς
1072 1964 1233 2037 δόξης
1288 1972 1384 2021 τοῦ
1442 1970 1701 2042 Χριστοῦ,
1760 1966 1819 2028 ’ὸς
1876 1964 2018 2017 ἐστιν

365 2055 525 2110 εἰκὼν
558 2061 653 2109 τοῦ
683 2061 837 2112 Θεοῦ.
871 2054 1255 2133 Τυφλώττουσι
1318 2056 1441 2131 γὰρ,
1501 2057 1591 2110 καὶ
1642 2054 1774 2109 εἰσιν
1822 2051 2017 2126 ὁδηγοὶ

366 2141 613 2217 τυφλῶνο
642 2148 934 2219 τοιγαροῦν
968 2146 1119 2199 οὗτοι
1148 2146 1236 2200 καὶ
1285 2151 1402 2207 τοῖς
1447 2147 1545 2213 τῆς
1594 2143 1872 2204 ἀπωλείας
1921 2141 2019 2215 ἐμ-

368 2232 627 2287 πίπτουσι
667 2234 909 2309 βόθροις.
964 2239 1053 2295 Ὡς
1108 2235 1208 2309 γὰρ
1267 2233 1427 2296 αὐτὸς
1486 2235 1514 2289 ὁ
1565 2237 1762 2307 Σωτήρ
1813 2231 2017 2306 εἷ’ρηκε.

364 2321 581 2399 Τυφλὸς
638 2322 842 2399 τυφλὸν
904 2322 991 2377 ἐὰν
1052 2320 1252 2397 ὁδηγῆ,
1333 2323 1634 2401 ἀμφότεροι
1712 2322 1789 2383 είς
1865 2320 2021 2395 βόθυ-

366 2430 459 2465 τον
521 2409 905 2483 ἐμπεσοῦνται,
964 2411 1421 2486 Καταφλυαροῦσι
1478 2412 1658 2467 τοίνυν
1711 2411 1853 2472 τινὲς
1912 2413 2017 2463 τῶν

367 2506 469 2569 τῆς
504 2498 758 2575 ἂλρθείας
786 2501 1036 2575 Πατέρων
1094 2501 1182 2555 καὶ
1246 2498 1612 2570 διδασκάλων,
1670 2500 1757 2555 καὶ
1812 2497 1879 2567 δὴ
1929 2497 2020 2552 καὶ

367 2588 694 2658 σκαιότητος
727 2585 1053 2657 διαϐολικῆς
1080 2590 1169 2643 τὸν
1205 2590 1411 2644 οἰκεῖον
1444 2588 1825 2663 ἐμπλήσαντες
1874 2591 2020 2653 νοῦν,

370 2679 810 2751 παραχαράττειν
897 2676 1201 2752 ἐπείγονται
1265 2679 1327 2733 τὸ
1385 2685 1486 2747 τῆς
1573 2676 1831 2747 ἀληθείας
1920 2698 2025 2747 μυ-

370 2767 621 2838 στήριον,
653 2772 754 2834 τῆς
810 2769 945 2837 μετὰ
1002 2768 1198 2841 σαρκὸς
1262 2766 1581 2839 οἰκονομίας
1631 2770 1729 2820 τοῦ
1780 2767 2019 2838 Μονογε-

369 2858 498 2916 νοῦς
556 2853 618 2907 οὐ
682 2855 899 2927 μετρίαν
986 2861 1271 2917 ποιοῦντες
1355 2855 1687 2930 κατάῤῥησιν
1768 2857 1864 2925 (4),
1944 2854 2020 2925 μή

366 2947 621 3003 νοοῦντες
683 2945 821 3015 μήτε
878 2941 912 2998 ἅ
959 2945 1207 3018 λέγουσι,
1272 2945 1410 3016 μήτε
1457 2943 1582 3018 περὶ
1657 2942 1821 2997 τίνων
1902 2939 2021 2997 δια-

378 3027 750 3097 ϐεϐαιοῦνται,
782 3033 917 3087 κατὰ
945 3035 1007 3088 τὸ
1038 3035 1433 3109 γεγραμμένον.

449 3122 516 3196 β’.
554 3120 778 3195 Εὐρεταὶ
813 3119 869 3175 δὲ
898 3129 999 3193 τῆς
1028 3122 1288 3193 τοιαύτης
1317 3118 1563 3183 ἀσεϐείας
1590 3123 1839 3198 γεγόνασι
1881 3121 2024 3176 πολ-

369 3209 465 3266 λοὶ
500 3210 593 3283 μὲν
630 3211 717 3265 καὶ
749 3208 948 3287 ἕτεροι,
1001 3212 1136 3267 κατὰ
1188 3212 1313 3274 σοὺς
1366 3211 1566 3266 ἄνωθεν
1622 3210 2028 3285 παρῳχηκότας

372 3298 622 3376 καιροὺς,
654 3304 747 3353 νῦν
782 3298 839 3355 δὲ
868 3304 966 3369 τῆς
997 3301 1213 3356 ἐκείνων
1246 3303 1601 3373 ἀνοσιότητος
1633 3301 1781 3356 οὗτοι
1810 3302 1863 3355 οἱ
1893 3321 2033 3376 προ-

376 3389 743 3467 φασιζόμενοι
776 3390 910 3445 κατὰ
937 3390 1065 3455 τοὺς
1096 3391 1247 3455 νέους
1295 3390 1643 3467 Φαρισαίους.
1692 3392 1894 3465 Ὥσπερ
1935 3391 2038 3467 γάρ

381 3476 609 3545 ἀληθῶς
640 3476 792 3531 αὐτοὶ
838 3479 1148 3551 ἠρνήσαντο
1204 3480 1295 3534 τὸν
1355 3480 1479 3534 Υἱὸν
1534 3485 1632 3535 τοῦ
1690 3484 1822 3535 Θεοῦ
1881 3478 2038 3554 σαρκὶ

332 3560 337 3567 ’
383 3564 718 3636 ἐληλυθότα,
772 3564 913 3620 οὕτω
971 3569 1060 3622 καὶ
1116 3573 1205 3623 νῦν
1264 3572 1591 3644 νεοκήρυκες
1652 3572 1729 3641 μὴ
1792 3569 2038 3634 θέλοντες

386 3659 705 3729 προσκυνεῖν
731 3654 823 3709 καὶ
857 3650 1171 3725 σεϐάζεσθαι
1201 3664 1301 3726 τῆς
1334 3656 1593 3734 ἐνσάρκου
1644 3663 1741 3713 τοῦ
1798 3662 2038 3733 Χριστοῦ

387 3741 708 3818 παρουσίας,
765 3743 858 3798 καὶ
914 3752 1015 3813 τῆς
1072 3747 1209 3800 κατὰ
1266 3746 1437 3822 σάρκα
1520 3746 1685 3801 αὐτοῦ
1765 3748 2038 3821 ἀχράντου

375 3832 613 3907 Μητρὸς
644 3833 903 3889 καὶκατὰ
954 3835 1213 3906 ἀλήθειαν
1274 3837 1542 3891 Θεοτόκου
1595 3836 1684 3890 καὶ
1746 3836 2037 3911 ἀειπαρθέ-

384 3942 480 3977 νου
519 3921 753 3998 Μαρίας,
786 3923 875 3978 καὶ
907 3925 1121 3979 πάντων
1154 3928 1261 3979 τῶν
1318 3924 1481 4001 ἁγίων
1525 3925 1691 3980 αὐτοῦ
1737 3925 1832 3987 τὰς
1880 3920 2037 3979 σεϐα-

383 4012 581 4083 σμίους
613 4011 703 4066 καὶ
737 4012 932 4075 σεπτὰς
966 4013 1200 4076 εἲκόνας.
1231 4012 1408 4071 Ἀλλὰ
1446 4015 1566 4069 νὲαν
1616 4019 2041 4087 κενοτομοῦντες

380 4099 806 4171 ἐτεκτονήσαντο
865 4102 1064 4174 πίστιν,
1123 4102 1272 4178 παρὰ
1324 4103 1422 4172 τὴν
1508 4104 1745 4180 ἀρχῆθεν
1814 4104 1872 4159 ἐκ
1926 4107 2038 4158 τῶν

386 4193 556 4267 ἁγίων
587 4195 748 4265 ἡμῶν
782 4195 1036 4269 Πατέρων
1068 4194 1156 4249 xui
1193 4199 1453 4268 μαθητῶν
1482 4197 1570 4250 xui
1608 4193 1887 4271 διαδόχων
1930 4199 2039 4249 τῶν

383 4280 550 4355 ἁγίων
584 4280 907 4337 ἀποστόλων
956 4284 1339 4359 ὑπαρχόντων.
1366 4285 1454 4346 Ὠς
1498 4285 1604 4358 γὰρ
1654 4283 1840 4349 αὐτοῖς
1888 4282 2041 4356 ἔδοξε

380 4371 471 4422 νῦν
508 4366 780 4445 λέγοντες,
809 4369 978 4426 πλέον
1008 4376 1115 4426 τῶν
1148 4373 1318 4447 ἁγίων
1382 4374 1631 4449 Ηατέρων
1665 4374 1739 4427 ὢν
1791 4373 1848 4427 οἱ
1881 4374 2039 4449 λόγοι

377 4456 471 4512 καὶ
505 4458 561 4511 ul
595 4458 779 4532 ἀρεταὶ
814 4462 1089 4534 στήριγμα
1116 4462 1207 4514 xui
1241 4459 1420 4533 στήλη
1453 4469 1554 4531 τῆς
1593 4462 1897 4531 καθολικῆς
1948 4460 2037 4516 καὶ

383 4546 759 4617 ἀποστολικῆς
797 4548 1128 4618 Ἐκκλησίας
1184 4551 1548 4626 ὑπάρχουσιν,
1600 4552 1754 4606 οὗτοι
1810 4552 1909 4620 τὴν
1943 4553 2033 4605 πί-

2060 3255 2106 3322 C

2127 1965 2392 2033 ﬁdelium,
2437 1971 2497 2017 ut
2552 1981 2661 2018 non
2722 1966 3066 2034 resplendeat
3112 1967 3224 2019 illis
3272 1967 3451 2020 lumen
3498 1964 3783 2034 Evangelii

2128 2054 2319 2122 gloriw
2350 2054 2572 2119 Christi,
2632 2056 2730 2122 qui
2785 2061 2862 2107 est
2920 2053 3107 2123 imago
3160 2056 3259 2108 Dei
3306 2056 3397 2124 (c).
3456 2054 3786 2109 Caacutiunt

2130 2143 2311 2205 enim,
2347 2148 2404 2195 et
2434 2148 2573 2196 sunt
2632 2143 2811 2196 duces
2860 2159 3192 2197 caacorum:
3249 2143 3634 2211 quamobrem
3676 2143 3785 2197 hu-

2123 2231 2389 2301 jusmodi
2424 2231 2602 2285 etiam
2659 2231 2719 2284 in
2768 2231 2995 2285 foveam
3049 2231 3322 2285 incidunt
3373 2232 3671 2286 interitus.
3721 2232 3791 2286 Ut

2133 2319 2291 2372 enim
2327 2318 2581 2389 ipsemet
2612 2318 2875 2373 Salvator
2905 2321 3029 2373 ait:
3063 2320 3244 2375 Caecus
3280 2336 3478 2373 caecum
3525 2321 3572 2374 si
3602 2319 3787 2385 ducat,

2131 2408 2290 2461 ambo
2318 2410 2374 2461 in
2405 2411 2621 2475 foveam
2653 2407 2843 2461 cadent
2876 2407 2974 2477 (ἀ).
3002 2407 3286 2461 Derident
3308 2407 3487 2479 igitur
3507 2406 3786 2461 nonnulli

2132 2496 2336 2550 Patres
2369 2512 2435 2549 ac
2491 2497 2805 2567 magistros
2867 2497 3173 2551 veritatis:
3234 2496 3356 2550 imo
3413 2512 3549 2551 vero
3605 2496 3786 2551 etiam

2132 2584 2427 2639 diabolica
2453 2586 2740 2654 pravitate
2772 2586 3079 2655 proprium
3130 2586 3448 2655 implentes
3494 2585 3788 2649 animum.

2134 2673 2470 2727 adulterare
2503 2674 2780 2727 nituntur
2809 2674 3073 2727 veritatis
3098 2674 3470 2744 mysterium,
3498 2673 3648 2727 nihil
3668 2688 3789 2728 non

2134 2778 2164 2815 e
2199 2761 2391 2815 medio
2427 2761 2635 2816 tollere
2669 2761 2975 2816 studentes
3007 2762 3516 2832 dispensationem
3577 2762 3792 2833 Unige—

2133 2850 2242 2904 niti
2272 2850 2602 2904 secundum
2637 2866 2903 2912 carnem,
2950 2867 3060 2905 non
3109 2852 3479 2920 intelligentes
3524 2868 3623 2906 nec
3670 2867 3793 2922 quas

2133 2941 2346 3005 dicunt,
2380 2957 2478 2995 nec
2509 2940 2574 2994 de
2600 2940 2799 3010 quibus
2829 2943 3109 3009 afﬁrmem
3137 2943 3230 3010 (e),
3256 2941 3429 3012 juxta
3459 2939 3617 3011 quod
3641 2939 3797 2996 Scri-

2139 3037 2316 3102 ptura
2347 3030 2512 3086 dicit.

2206 3124 2258 3175 2.
2298 3122 2640 3174 lnventores
2691 3135 2868 3184 porro
2901 3120 3241 3193 hujusmodi
3298 3119 3623 3191 impietatis
3670 3119 3801 3173 fue-

2142 3214 2283 3264 runt
2314 3208 2556 3280 quidem
2590 3212 2649 3263 et
2677 3207 2777 3263 alii
2811 3209 3012 3280 plures
3030 3226 3137 3280 per
3160 3210 3468 3281 superiora
3488 3215 3757 3281 tempora
3780 3227 3795 3277 ;

2145 3316 2309 3355 nunc
2339 3315 2475 3353 vero
2510 3298 2753 3353 illorum
2784 3298 3065 3354 facinoris
3094 3299 3191 3353 isti
3223 3316 3405 3354 novas
3448 3298 3798 3371 proﬁtentes

2146 3405 2375 3455 causas,
2399 3388 2569 3457 quasi
2590 3388 2727 3441 novi
2760 3388 3063 3443 Pharisaei.
3096 3388 3611 3453 Quemodmodum
3631 3387 3799 3443 enim

2142 3493 2349 3533 revera
2380 3476 2468 3531 illi
2502 3481 2796 3548 negarunt
2825 3476 3039 3531 Filium
3070 3477 3173 3531 Dei
3205 3493 3383 3532 carne
3414 3476 3684 3543 venisse;
3715 3476 3801 3531 sic

2146 3573 2205 3621 et
2234 3582 2394 3620 nunc
2426 3565 2559 3618 novi
2594 3564 2691 3617 isti
2723 3564 3165 3633 praedicatores,
3226 3565 3367 3619 dum
3417 3564 3632 3619 nolunt
3667 3562 3805 3618 ado-

2143 3671 2276 3710 rare
2308 3660 2366 3708 et
2394 3653 2590 3709 colere
2622 3653 2912 3708 adventus
2943 3654 3157 3708 Christi
3187 3654 3247 3707 in
3297 3669 3499 3720 carne,
3552 3653 3803 3725 ejusque

2146 3744 2477 3800 secundum
2496 3760 2737 3799 carnem
2753 3743 3150 3799 immaculata
3174 3745 3375 3799 Matris
3396 3761 3651 3815 vereque
3673 3743 3804 3799 Dei-

2145 3852 2302 3906 parae
2333 3850 2400 3889 ac
2432 3850 2669 3903 semper
2687 3834 2939 3905 Virginis
2971 3834 3188 3904 Mariae,
3212 3836 3354 3890 item
3385 3834 3651 3890 omnium
3670 3850 3804 3889 san-

2145 3931 2375 3981 ctorum
2405 3924 2532 3994 ejus
2564 3923 2872 3995 religiosas
2927 3924 3427 3996 honorandasque
3486 3924 3801 3996 imagines.

2146 4016 2257 4071 Sed
2288 4031 2500 4069 novam
2533 4015 2698 4068 novis
2730 4014 2908 4070 rebus
2961 4017 3274 4072 studentes
3328 4016 3700 4071 adornarunt
3728 4016 3801 4071 ﬂ-

2146 4106 2302 4171 dem,
2336 4108 2545 4159 contra
2574 4108 2751 4173 atque
2786 4104 2858 4159 ab
2918 4105 3089 4160 initio
3138 4106 3480 4176 accepimus
3511 4122 3546 4161 a
3575 4104 3799 4161 sanctis

2145 4194 2367 4250 nostris
2388 4192 2686 4258 Patribus,
2720 4192 3030 4264 discipulis
3061 4212 3129 4250 ac
3153 4194 3598 4250 successoribus
3628 4210 3804 4266 apos-

2144 4285 2404 4339 tolorum
2436 4287 2799 4336 sanctorum.
2821 4284 3337 4348 Quemadmodum
3368 4285 3528 4340 enim
3559 4284 3708 4355 ipsis
3727 4283 3808 4339 vi-

2146 4391 2277 4429 sum
2312 4378 2401 4427 est
2430 4388 2591 4425 nunc
2622 4371 2841 4439 dicere,
2874 4374 3091 4429 melius
3123 4390 3302 4444 quam
3337 4374 3526 4429 sancti
3576 4375 3803 4442 Patres,

2147 4478 2401 4534 quorum
2434 4460 2611 4514 verba
2642 4466 2700 4515 et
2729 4462 2973 4517 virtutes
3004 4462 3259 4518 fulcrum
3293 4469 3434 4518 sunt
3462 4468 3641 4533 atque
3694 4479 3803 4518 co-

2147 4553 2353 4607 lumna
2382 4549 2690 4604 catholicas
2724 4556 2782 4604 et
2809 4552 3151 4623 apostolica:
3172 4553 3471 4621 Ecclesia,
3504 4552 3602 4606 isti
3624 4551 3804 4606 ﬁdem

370 4656 498 4690 στιν
530 4633 820 4713 φυλάττειν
870 4632 1342 4701 Δδιαϐεϐαιοῦντες.
1394 4641 1497 4701 Τὰς
1548 4641 1651 4714 γὰρ
1701 4640 1877 4694 αὐτῶν
1927 4644 2026 4693 τῶν

2151 4659 2211 4697 se
2242 4655 2475 4695 servare
2506 4639 2884 4709 proﬁtentur.
2921 4644 2994 4695 At
3024 4642 3183 4696 enim
3244 4642 3512 4713 ipsorum
3563 4643 3803 4695 Patrum

377 4728 636 4799 Πατέρων
670 4728 875 4804 φωνὰς,
904 4724 966 4790 ἅς
1000 4728 1152 4784 αὐτοὶ
1198 4734 1406 4805 τρανῶς
1449 4731 1710 4802 ἐκήρυξαν
1757 4732 1880 4806 περὶ
1928 4735 2035 4785 τῶν

370 4813 695 4892 ’σεϐασμίων
720 4818 811 4873 καὶ
842 4825 1232 4893 προσκυνητῶν
1262 4821 1510 4889 εῗκόνων,
1546 4822 1695 4876 οὗτοι
1756 4823 1807 4876 oi
1851 4821 2035 4876 νεόσο-

377 4929 475 4983 φοι
508 4904 774 4971 λαϐόντες
805 4908 899 4973 τὰς
927 4907 1113 4972 καλῶς
1148 4911 1252 4965 ὑπὸ
1282 4916 1393 4966 τῶν
1436 4915 1734 4988 προφητῶν
1787 4911 2040 4986 ῥηθείσας

380 4997 594 5070 φωνὰς,
626 4997 763 5053 κατὰ
790 5000 886 5061 τὰς
924 4997 1059 5061 ἰδίας
1092 4999 1381 5072 ἐπιθυμίας
1410 5002 1547 5076 πρὸς
1587 5001 1677 5055 τὸν
1729 4998 1868 5055 ἴδιον
1915 5006 2040 5054 νοῦν

385 5079 767 5157 στρεϐλοῦσιν.
826 5087 917 5148 Ὠς
973 5089 1077 5162 γάρ
1137 5088 1292 5143 αὐτοὶ
1345 5090 1468 5165 περὶ
1535 5094 1642 5143 τῶν
1732 5088 2037 5144 εἶδωλικῶν

384 5174 587 5245 ξοάνων
620 5175 708 5228 καὶ
773 5172 1103 5247 δαιμονικῶν
1158 5177 1380 5245 στηλῶν
1441 5180 1738 5253 φράσαντες
1798 5179 2038 5253 εθρηκαν,

383 5262 532 5316 οὗτοι
566 5261 643 5324 είς
678 5264 769 5325 τὰς
804 5264 960 5337 ἁγίας
1011 5265 1225 5330 εἰκόνας
1273 5266 1632 5341 μετέστρεψαν
1682 5266 1809 5331 τοὺς
1856 5269 2040 5343 ἁγίους

381 5350 627 5427 ΙΙατέρας
658 5354 750 5408 καὶ
795 5350 1161 5417 διδασκάλους
1213 5364 1314 5425 τῆς
1368 5356 1520 5433 ἁγίας
1578 5357 1667 5412 καὶ
1732 5360 2042 5430 ἀμωμήτου

452 5452 527 5524 (ὸ)
560 5465 721 5509 Prov.
755 5471 870 5523 vin,
903 5457 956 5510 9.
1036 5457 1105 5529 (c)
1141 5457 1190 5512 ΙΙ
1221 5457 1351 5512 Cor.
1384 5474 1460 5525 1v,
1491 5459 1544 5514 4.

1623 5458 1698 5529 (d)
1733 5459 1932 5513 Matth.
1966 5477 2057 5525 xv,
2092 5459 2177 5517 14.

2147 4748 2343 4799 voces,
2382 4744 2531 4799 quas
2579 4728 2692 4798 ipsi
2744 4730 3082 4785 luculenter
3127 4731 3605 4802 depraedicarunt
3651 4730 3811 4785 circa

2154 4820 2523 4876 venerandas
2554 4818 3009 4890 adorandasque
3053 4820 3363 4891 imagines,
3420 4819 3515 4873 isti
3547 4820 3681 4873 novi
3713 4835 3810 4873 sa-

2150 4914 2381 4984 pientes
2444 4913 2610 4981 (dum
2662 4911 2961 4981 arripiunt
3008 4928 3138 4981 quas
3189 4910 3553 4980 caateroquin
3596 4909 3747 4963 bene
3778 4924 3813 4963 a

2148 5003 2458 5074 prophetis
2492 5001 2862 5057 annuntiatm
2909 5006 3050 5053 sunt
3100 5002 3313 5068 voces),
3354 4999 3526 5069 juxta
3572 4997 3814 5069 propria

2152 5092 2447 5146 desideria
2470 5091 2542 5145 ad
2575 5090 2876 5161 propriam
2920 5094 3182 5143 mentem
3233 5093 3595 5159 pervertunt.
3643 5089 3812 5151 Quaa-

2152 5198 2387 5251 cunque
2424 5181 2645 5236 etenim
2680 5179 2764 5232 illi
2802 5177 2872 5231 de
2906 5178 3200 5232 idolorum
3236 5178 3474 5232 statutis
3505 5194 3572 5231 ac
3595 5176 3816 5230 deamo-

2154 5272 2345 5325 niacis
2377 5270 2565 5324 titulis
2598 5268 2781 5323 locuti
2841 5268 3140 5333 dixerunt,
3184 5268 3283 5321 isti
3334 5267 3615 5321 adversus
3668 5281 3814 5321 san-

2156 5367 2279 5415 ctas
2312 5360 2600 5431 imagines
2633 5358 2989 5427 detorquent
3017 5363 3253 5412 sanctos
3284 5358 3489 5412 Patres
3521 5362 3579 5411 et
3610 5355 3815 5411 docto-

2256 5460 2324 5530 (e)
2356 5460 2380 5513 I
2410 5460 2559 5513 Tim.
2595 5474 2631 5525 ι,
2674 5460 2726 5511 ⁸7.

1982 5612 2206 5668 ΝΟΤᾸΕ.

452 5729 532 5803 (3)
561 5726 892 5808 Ὀξυδερκεῖ.

2220 5737 2298 5809 (ὁ)
2330 5732 2672 5809 Καθαίρισιν.
