4120 6362
439 372 573 428 1351

1967 371 2336 428 ΔΠΒΕΝΠΔ.

3723 373 3876 433 1352

437 511 533 551 res
565 501 786 551 sancta:
819 497 1067 552 sinceras
1116 502 1174 551 et
1226 494 1568 550 orthodoxa;
1611 493 2067 549 Christianorun

2197 491 2288 544 καὶ
2321 489 2616 566 όρθοδόξου
2645 497 2752 548 τῶν
2812 497 3152 570 Χριστιανῶν
3212 493 3470 565 πίστεως,
3522 499 3872 573 παρωσάμε-

438 584 596 648 ﬁdei,
629 585 1012 656 repudiantes
1053 602 1257 640 eorum
1309 601 1477 638 voces
1526 590 1583 638 et
1629 583 1972 638 testimonia
2020 582 2093 636 de

438 676 763 731 incarnatzn
795 677 1191 746 humanaeque
1222 675 1426 730 forma:
1461 674 1732 746 imrginis
1765 674 1892 744 ejus
1926 672 2095 742 depi-

443 764 554 819 ctis
588 766 810 820 sanctis
835 765 1126 830 iconibus,
1162 781 1308 835 quas
1341 763 1653 818 manifeste
1677 762 2092 818 utcoleremus

445 869 511 909 ac
543 870 962 908 veneraremur
993 870 1102 908 nos
1153 853 1540 909 edocuerunt.
1590 851 1986 917 Quamobrem
2037 857 2094 906 et

441 961 581 999 mox
614 945 687 1015 (5)
722 943 1186 1014 disputationem
1216 942 1497 997 adversus
1529 959 1708 996 novos
1739 942 1918 996 hosce
1941 957 2094 1011 pra)-

441 1033 734 1088 dicatores
764 1033 998 1096 facturi,
1064 1034 1180 1088 Deo
1225 1033 1396 1088 nobis
1447 1032 1721 1103 spiritum
1782 1030 2090 1101 largiente,

438 1139 626 1194 pauca
658 1139 728 1176 ex
758 1122 963 1177 multis
996 1139 1389 1194 apponemus,
1424 1122 1658 1177 tametsi
1691 1121 1798 1175 viri
1831 1120 1926 1174 isti
1962 1124 2090 1174 tan-

437 1228 617 1284 quam
650 1211 808 1267 idola
838 1213 1178 1269 manufacta
1208 1213 1334 1268 hanc
1368 1228 1604 1284 quoque
1636 1216 2002 1266 aversentur.

505 1305 558 1357 3.
592 1302 801 1358 Dicant
853 1303 1027 1358 nobis
1087 1303 1307 1358 turbidi
1353 1303 1447 1356 isti
1499 1301 1800 1372 sapientes
1845 1305 1904 1355 et
1943 1315 2086 1370 que-

429 1392 570 1461 ruli,
625 1409 862 1448 necnon
919 1397 1215 1448 amatores
1287 1393 1481 1455 malua,
1517 1391 1799 1463 profanas,
1851 1391 2087 1458 Deoque

434 1483 695 1539 inimicas
726 1483 934 1554 synodi
968 1483 1061 1553 (6),
1097 1499 1226 1553 qua)
1288 1483 1403 1537 Deo
1453 1481 1834 1552 permittente
1887 1479 2089 1534 habita

435 1576 526 1626 est
555 1571 1067 1642 Constantinopoli
1091 1571 1149 1624 in
1182 1569 1310 1624 loco
1340 1570 1555 1624 Oneria
1577 1568 1874 1639 appellato
1901 1583 1913 1620 :
1939 1568 2087 1631 Quo-

438 1677 576 1717 nam
611 1661 784 1716 modo
819 1668 876 1716 et
924 1675 1101 1730 scopo
1154 1665 1432 1730 paternas
1483 1657 1842 1728 repellentes
1891 1671 2082 1737 voces,

434 1752 761 1806 secundum
789 1757 981 1806 vestra
1010 1767 1111 1804 vos
1139 1749 1433 1805 desideria
1457 1748 1821 1802 fascinantes
1852 1744 2082 1814 abrepti

431 1855 465 1894 a
497 1847 657 1896 recto
720 1841 974 1906 tramite,
1020 1856 1255 1910 quaque
1309 1856 1446 1894 esca
1499 1836 1751 1908 decepti,
1806 1835 2082 1906 deprava-
2113 1873 2158 1937 Β

430 1930 627 1986 mini?
656 1931 842 1986 Dicite
872 1929 1045 1984 nobis
1076 1930 1175 2000 qui
1207 1945 1366 1982 nunc
1397 1927 1690 1982 innovatis
1722 1925 1980 1979 recentis
2013 1923 2082 1977 ﬁ-

427 2019 522 2076 dei
556 2020 1012 2092 expositionem,
1045 2019 1332 2089 quidnam
1363 2019 1422 2072 in
1449 2017 1620 2072 terris
1651 2015 2079 2081 venerandum,

426 2110 774 2182 religiosum
806 2115 865 2165 et
895 2108 1201 2165 adorabile
1231 2114 1339 2172 est,
1374 2106 1534 2178 quod
1565 2123 1685 2160 non
1719 2105 1796 2160 sit
1819 2103 2080 2159 manufa-

427 2205 588 2254 ctum
611 2199 638 2254 ‘2
666 2200 818 2254 Crux
845 2199 872 2253 ?
901 2198 1100 2252 Altare
1128 2197 1155 2252 ?
1184 2197 1416 2252 Oblatio
1439 2197 1466 2251 ‘I
1496 2195 1874 2267 Evangelium
1898 2193 1924 2247 ‘?
1946 2193 2079 2247 Uni-

426 2305 596 2344 versa
623 2289 752 2343 hanc
782 2287 1120 2342 manufacta
1150 2292 1322 2341 sunt:
1357 2287 1530 2340 nobis
1560 2283 1952 2340 nihilominus
1982 2297 2082 2335 ve-

428 2377 723 2433 nerabilia
747 2394 816 2433 ac
874 2377 1084 2432 salutis
1127 2375 1420 2448 symbola,
1469 2374 1974 2446 quemadmodum
2021 2377 2080 2425 et

427 2473 768 2522 sanctorum
799 2465 1107 2537 imagines,
1143 2471 1203 2520 et
1241 2465 1531 2520 incarnati
1576 2463 1791 2518 Christi
1837 2462 2080 2532 dispen-

425 2558 674 2614 sationis
700 2575 850 2612 veraa
899 2562 1077 2627 atque
1127 2557 1402 2610 humanae
1449 2554 1578 2625 ejus
1628 2553 1846 2619 carnis,
1897 2569 2074 2622 quam

419 2650 663 2717 propter
693 2651 955 2700 nostram
989 2643 1243 2698 salutem
1275 2643 1506 2713 accepit
1531 2641 1602 2696 de
1663 2641 1987 2712 purissima
2019 2644 2078 2694 et

416 2735 670 2806 Deipara
699 2735 898 2800 Maria,
933 2751 1064 2803 quin
1094 2738 1234 2786 sunt
1264 2738 1468 2786 nostra
1500 2747 1814 2786 assumens
1847 2728 2071 2796 omnia,

415 2830 657 2895 excepto
690 2823 1252 2894 duntaxatpeccato.
1279 2822 1467 2886 Quare
1495 2826 1553 2875 et
1584 2819 1875 2891 imagines
1909 2817 2071 2872 illius

416 2914 664 2985 ejusque
696 2913 1095 2968 immaculatze
1127 2911 1326 2966 Matris
1343 2926 1698 2965 veneramur
1715 2914 1773 2962 et
1793 2908 2067 2963 colimus.

416 3006 489 3057 At
519 3021 620 3058 vos
651 3009 1056 3058 commentum
1087 3001 1281 3056 facitis
1317 2999 1660 3071 hujusmodi
1693 2998 2066 3068 mysterium.

411 3093 526 3146 Nos
556 3108 690 3147 vero
718 3092 819 3162 qui
848 3091 1157 3146 veritatem
1189 3094 1506 3156 sectamur,
1539 3105 1671 3158 qua)
1702 3093 1792 3141 est
1823 3091 2068 3141 sancto-

411 3197 545 3235 rum
575 3181 982 3252 apostolorum
1013 3183 1470 3248 sanctorumque
1504 3192 1710 3232 eorum
1741 3175 2063 3247 discipulo-

2199 601 2280 634 νοι
2318 584 2412 642 τὰς
2441 582 2618 636 αὐτῶν
2680 586 2863 657 φωνάς
2921 584 3012 640 καὶ
3079 586 3378 660 μαρτυρίας
3435 587 3558 662 περὶ
3617 594 3718 657 τῆς
3777 587 3876 642 ἐν-

2199 669 2399 741 σάρκου
2429 671 2517 724 καὶ
2549 671 2896 745 ἀνθρωπίνης
2954 673 3120 729 αὐτοῦ
3183 677 3521 752 μορφώσεως
3577 683 3870 752 χαρακτῆ-

2199 777 2293 830 ρος
2325 759 2700 834 ίστορηθείσας
2733 763 2891 837 ἁγίας
2951 762 3185 830 εἰκόνας,
3235 765 3405 835 ἅσπερ
3455 767 3593 838 ἡμῖν
3650 770 3876 840 τρανῶς

2197 841 2370 901 σέϐειν
2404 850 2493 902 καὶ
2541 857 2860 924 προσκυνεῖν
2917 849 3186 922 ἐδίδαξαν.
3244 854 3323 907 Δι’
3355 855 3385 908 6'
3415 856 3506 910 καὶ
3559 855 3675 928 μετ’
3725 852 3871 908 ὀλί-

2195 957 2288 1009 γον
2347 934 2631 994 διάλεκτον
2690 941 2826 1013 πρὸς
2881 939 3008 1003 τοὺς
3059 945 3395 1016 νεοκήρυκας
3467 960 3868 1016 ποιησομενοιε

2197 1030 2330 1080 Θεοῦ
2362 1023 2607 1091 διδόντος
2640 1031 2777 1101 ⁴ἡμῖν
2809 1031 2897 1085 καὶ
2931 1031 2994 1086 τὸ
3024 1030 3302 1103 ἀναπνεῖν,
3339 1031 3499 1108 ὀλίγα
3529 1031 3588 1087 ἐκ
3631 1031 3874 1088 πολλῶν

2194 1119 2606 1190 παραθήσομεν,
2637 1117 2735 1173 κάν
2769 1119 2922 1176 οὗτοι
2976 1121 3050 1182 ὡς
3095 1120 3462 1198 χειροποίητα
3512 1117 3670 1192 δῆθεν
3718 1121 3869 1177 ἀπο-

2194 1205 2540 1282 στρέφονται.

2263 1295 2328 1370 γ’.
2364 1297 2674 1372 Λεγὲτωσαν
2735 1301 2872 1372 ἡμῖν
2903 1300 2955 1354 οἱ
2985 1297 3282 1378 θολόσοφοι
3331 1301 3424 1356 καὶ
3468 1299 3844 1375 μεμψίμὸιροι

2192 1383 2279 1437 καὶ
2311 1384 2528 1458 ἀρεσταὶ
2560 1394 2660 1456 τῆς
2693 1389 2909 1466 φαύλης
2938 1390 3027 1444 καὶ
3081 1385 3324 1464 βεϐήλου
3376 1389 3467 1444 καὶ
3517 1389 3852 1466 ἐχθραινού·

2192 1493 2292 1542 σης
2325 1479 2442 1546 Θεῷ
2467 1474 2713 1547 συνόδου,
2747 1485 2846 1548 τῆς
2895 1480 3196 1556 γενομένης
3247 1479 3387 1535 κατὰ
3434 1483 3567 1535 Θεοῦ
3615 1499 3851 1555 σνγχω-

2193 1563 2386 1635 ρισμὸν
2419 1561 2470 1618 ἐν
2505 1567 3081 1624 Κωνσταντινουπόλει
3113 1567 3189 1630 εἷς
3217 1569 3309 1624 τὸν
3337 1567 3506 1624 τόπον
3536 1569 3628 1624 τὸν
3677 1566 3849 1643 λεγό-

2193 1672 2355 1722 μενον
2383 1651 2614 1730 Ὀνέρια,
2650 1656 2794 1730 ποίῳ
2819 1657 3010 1732 τρόπῳ
3038 1657 3127 1713 καὶ
3161 1664 3350 1731 σκοπῷ
3378 1659 3473 1720 τὰς
3503 1663 3611 1713 τῶν
3670 1659 3850 1713 Πατέ-

2191 1761 2297 1816 ρων
2331 1747 2803 1818 παρακρουόμενοι
2861 1748 3064 1824 φωνὰς,
3115 1747 3249 1803 κατὰ
3300 1748 3393 1810 τὰς
3443 1745 3583 1810 ἰδίας
3644 1749 3847 1803 ἐπιθυ-

2193 1833 2316 1904 μίας
2371 1834 2594 1899 ἑαυτοὺς
2645 1837 3010 1910 ἐξαπατῶντες
3059 1838 3404 1913 ἐξελκόμενοι
3457 1840 3545 1896 καὶ
3591 1837 3850 1910 δελεαζό-

2195 1944 2348 1994 μενοι
2381 1922 2728 2000 στρεϐλεῖτε;
2763 1928 2964 1984 Εἷ’πατε
2995 1933 3155 2003 ἡμῖν,
3188 1932 3241 1986 οἱ
3271 1935 3358 1986 νῦν
3417 1935 3848 2004 κενοτομοῦντες

2189 2013 2309 2076 νὲας
2339 2015 2572 2079 πίστεως
2606 2015 2835 2087 ἔκθεσιν,
2888 2025 3046 2074 ποῖον
3107 2019 3196 2075 ἐπὶ
3246 2026 3339 2088 εῆς
3386 2027 3488 2096 γῆς
3532 2041 3852 2094 προσκυνη-

2187 2104 2280 2156 τὸν
2312 2104 2401 2158 καὶ
2435 2100 2728 2179 σεϐάσμιον
2759 2109 2845 2163 καὶ
2911 2108 3202 2183 λατρευτόν
3263 2109 3406 2164 ἐστιν
3467 2109 3848 2185 ἀχειροποίη-

2187 2207 2319 2252 τονς
2354 2195 2382 2248 6
2413 2195 2680 2270 σταυρός;
2733 2197 2796 2252 τὸ
2847 2199 3267 2273 θυσιαστήριονς
3301 2201 3335 2268 ἡ
3395 2199 3719 2274 προσῳοράς
3781 2197 3848 2253 τὸ

2189 2281 2558 2359 Εὐαγγὲλιονς
2591 2285 2769 2341 Πάντα
2799 2288 3188 2362 χειροποίητα,
3242 2286 3370 2342 ἀλλ’
3419 2289 3556 2361 ἡμῖν
3609 2282 3850 2342 σεϐασσᾶ

2186 2371 2277 2425 καὶ
2311 2374 2583 2446 σωσηρίας
2618 2371 2893 2448 σύμϐολα,
2928 2374 3108 2451 ὥσπερ
3138 2378 3228 2432 καὶ
3280 2377 3334 2432 αἱ
3383 2381 3489 2432 τῶν
3544 2375 3714 2451 ἁγίων
3764 2375 3849 2432 εἶ-

2185 2460 2361 2526 κόνες,
2390 2462 2480 2517 καὶ
2510 2470 2608 2533 τῆς
2640 2462 2897 2536 ἐνσάρκου
2945 2470 3042 2520 τοῦ
3092 2467 3330 2541 Χριστοῦ
3380 2465 3704 2538 οἰκονομίας
3751 2471 3854 2534 τῆς

2184 2548 2453 2620 ἀληθινῆς
2476 2551 2567 2607 καὶ
2599 2552 2948 2628 ἀνθρωπίνης
2993 2555 3159 2610 αὑτοῦ
3217 2554 3436 2631 σαρκὸς,
3490 2557 3556 2625 ἢν
3609 2551 3700 2609 διὰ
3746 2555 3849 2624 τήν

2183 2641 2346 2712 ἡμῶν
2390 2642 2666 2716 σωτηρίαν
2723 2639 3096 2716 προσελάϐετο
3156 2643 3218 2700 ἐκ
3273 2651 3374 2713 τῆς
3425 2643 3700 2719 πανάγνου
3757 2644 3849 2699 καὶ

2183 2729 2450 2785 Θεοτόιιου
2482 2733 2716 2804 Μαρίας,
2748 2734 2919 2788 πάντα
2952 2736 3113 2806 ἡμῶν
3179 2728 3389 2802 λαϐὼν,
3448 2733 3624 2808 χωρὶς
3673 2733 3848 2805 μόνης

2180 2824 2280 2887 τῆς
2311 2820 2600 2893 ἁμαρτίας.
2646 2821 2740 2876 Διὸ
2796 2821 2884 2877 καὶ
2943 2824 3042 2891 τήν
3103 2822 3282 2879 εἰκόνα
3339 2823 3532 2891 αὐτοῦ,
3591 2823 3676 2877 καὶ
3740 2826 3840 2888 τῆς

2181 2907 2456 2982 ἀχράντου
2487 2909 2652 2965 αὐτοῦ
2696 2912 2921 2988 Μητρὸς
2978 2917 3394 2985 προσκυνοῦμεν
3439 2913 3528 2968 καὶ
3585 2906 3833 2984 σέϐομεν.

2180 2997 2276 3050 Καὶ
2314 3000 2469 3070 ὑμεῖς
2501 2996 2724 3070 δόκησιν
2756 3000 2818 3055 τὸ
2852 3003 3152 3074 μυστήριον
3202 3001 3589 3078 ἀπεργάζεσθε.
3643 3003 3830 3074 Ἡμεῖς

2179 3084 2236 3140 δὲ
2267 3087 2319 3140 οἱ
2349 3095 2450 3158 τῆς
2478 3088 2761 3162 ἀληθείας,
2815 3093 2918 3155 τῆς
2970 3094 3077 3145 τῶν
3129 3089 3298 3166 ἁγίων
3353 3090 3688 3154 ἀποστόλων,
3729 3088 3816 3144 καί

2175 3179 2279 3229 τῶν
2311 3177 2478 3252 ἁγίων
2511 3177 2688 3234 αὐτῶν
2721 3183 2979 3251 μαθητῶν
3038 3179 3128 3235 καὶ
3180 3176 3484 3257 διαδόχων,
3543 3179 3808 3254 ἡμετέρων

409 3287 543 3326 rum
575 3276 634 3325 et
662 3286 1094 3335 successorum,
1129 3268 1228 3338 qui
1261 3270 1462 3322 Patres
1484 3284 1553 3322 ac
1575 3265 1847 3322 doctores
1869 3265 2058 3320 nostri

2181 3260 2229 3319 δὲ
2263 3264 2512 3341 ΙΙατέρων
2570 3267 2659 3321 καὶ
2716 3265 3077 3341 διδασκάλων,
3127 3269 3226 3338 τήν
3278 3270 3406 3343 παρ’
3451 3268 3623 3325 αὐτῶν
3680 3270 3812 3339 ἡμῖν

408 3359 671 3426 fuerunt,
706 3377 838 3415 eam
870 3375 1001 3430 qua)
1033 3357 1106 3413 ab
1136 3357 1256 3412 illis
1286 3357 1459 3412 nobis
1494 3356 1710 3411 tradita
1758 3355 1870 3410 fuit
1914 3355 2062 3410 ﬁdes

408 3449 566 3506 circa
585 3455 850 3506 sanctam
874 3454 933 3504 et
948 3446 1520 3504 consubstantialem
1544 3445 2060 3516 venerandamque

410 3541 777 3602 Trinitatem,
807 3539 1064 3594 revelata
1095 3537 1266 3604 facie,
1302 3537 1580 3608 claraque
1629 3552 1768 3590 voce
1818 3536 2057 3606 proﬁte-

407 3647 562 3697 mur,
611 3635 969 3701 usurpantes
1018 3627 1167 3683 illud
1217 3627 1381 3682 Isaia:
1422 3627 1764 3698 prophetae:
1816 3626 2060 3680 Ascende

403 3723 503 3790 qui
531 3721 872 3790 evangelizas
900 3722 959 3774 in
987 3725 1224 3773 montem
1251 3717 1522 3772 excelsum
1551 3719 1640 3787 (Γ).
1675 3717 1788 3770 Nos
1821 3731 2057 3786 quoque

405 3809 784 3865 ascendimus
805 3809 878 3864 ad
894 3825 1187 3864 summam
1212 3807 1460 3880 gloriam
1479 3806 1655 3860 trium
1671 3805 2057 3860 consubstan-

403 3899 634 3955 tialium
665 3915 1079 3971 personarum,
1138 3897 1604 3969 evangelizantes
1648 3895 1804 3950 bona
1852 3895 2057 3949 ortho-

404 3987 568 4044 doxae
602 3988 763 4054 ﬁdei,
796 3993 855 4043 et
885 3988 1191 4043 dicentes:

473 4080 526 4135 4.
562 4077 870 4144 Credimus
894 4079 953 4132 in
987 4080 1220 4132 Patrem
1267 4081 1326 4130 et
1388 4076 1601 4130 Filium
1660 4080 1718 4128 et
1770 4073 2053 4145 Spiritum

403 4173 694 4235 sanctum,
728 4185 859 4239 quae
891 4173 982 4224 est
1013 4174 1215 4222 sancta
1241 4166 1517 4231 Trinitas,
1553 4166 1837 4235 increata,
1870 4169 2051 4218 aiter-

403 4275 502 4324 na,
529 4257 863 4325 inconfusa,
897 4257 1169 4325 indivisa,
1223 4254 1770 4322 consubstantialis,
1820 4253 1882 4307 in
1931 4268 2052 4307 una

401 4347 729 4416 divinitate,
763 4364 943 4420 regno
989 4353 1047 4403 et
1093 4347 1523 4416 dominatione,
1570 4362 1701 4416 quas
1749 4344 1811 4398 in
1861 4342 2051 4398 tribus

401 4437 674 4506 personis
705 4437 823 4491 sive
865 4436 1285 4510 hypostasibus
1340 4441 1400 4491 et
1446 4432 1913 4506 proprietatibus
1946 4431 2049 4487 ad-

399 4529 623 4591 oratur,
658 4534 709 4594 e(
757 4525 1140 4597 gloriﬁcatur.
1189 4525 1618 4596 Proprietatem
1666 4527 1868 4578 autem
1913 4537 2049 4576 cum

2171 3351 2565 3429 παραδοθεῖσαν
2599 3357 2779 3412 πίστιν
2835 3357 2958 3434 περὶ
3015 3365 3117 3429 τῆς
3174 3358 3328 3434 ἁγίας
3383 3359 3474 3414 καὶ
3520 3355 3818 3433 ὁμοουσίου

2169 3443 2259 3498 καὶ
2288 3453 2669 3521 προσκυνητῆς
2699 3445 2953 3522 Τριάδος,
2988 3447 3493 3523 ἀνακεκαλκμμένῳ
3545 3449 3824 3524 προσώπῳ

2170 3531 2398 3607 λαμπρᾷ
2427 3556 2486 3590 τε
2517 3539 2670 3612 φωνῇ
2705 3537 2934 3613 λὲγομεν
2979 3538 3045 3593 τὰ
3089 3538 3186 3593 τοῦ
3230 3541 3518 3617 προφήτου
3575 3535 3820 3594 Ἡσαΐου·

2171 3618 2432 3693 Ἀνάϐηθι
2465 3625 2492 3679 6
2534 3624 3025 3701 εὐαγγελιζόμενος
3085 3627 3168 3683 ἐπ’
3225 3624 3352 3704 ὅρος
3413 3626 3653 3702 ὑψηλόν.
3725 3628 3823 3682 Καὶ

2167 3717 2330 3788 ἡμεῖς
2390 3716 2734 3792 ἀνερχόμεθα
2794 3718 2872 3782 εἷς
2929 3721 3028 3790 τήν
3100 3721 3534 3796 τρισυπόστατον
3612 3721 3823 3794 ὁμοου-

2167 3804 2490 3883 σιοκόρυφον
2529 3804 2706 3879 δόξαν,
2739 3807 3220 3884 εὐαγγελιζόμενοι
3248 3809 3317 3865 τὰ
3344 3809 3521 3887 ἀγαθὰ
3567 3813 3670 3876 τῆς
3727 3810 3822 3886 ὁρ-

2167 3892 2392 3964 θοδόξθυ
2412 3894 2669 3966 πίστεως,
2698 3893 2970 3973 λέγοντες⁹

2237 4070 2298 4128 δ’.
2364 4079 2692 4147 Πιστευομεν
2741 4074 2816 4137 εἷς
2879 4074 3092 4150 Πατέρα
3147 4077 3237 4132 καὶ
3300 4077 3422 4132 mw
3505 4078 3594 4133 καὶ
3655 4077 3812 4152 ἃγιον

2165 4168 2402 4238 Πνεῦμα,
2434 4165 2557 4234 ἥτις
2590 4164 2732 4220 ἐστὶν
2787 4168 2822 4236 ἡ
2871 4167 2994 4241 ἁγία
3040 4167 3230 4241 Τριὰς,
3276 4165 3556 4240 ἃκτιστος,
3611 4166 3809 4240 ἀΐδιος,

2164 4253 2489 4329 άσόγχυτος,
2521 4251 2850 4331 ἀδιαίρετος,
2883 4255 3201 4329 ὁμοούσιος,
3235 4255 3285 4313 ἐν
3319 4263 3417 4331 μιᾷ
3447 4257 3665 4328 θεότητι
3721 4255 3811 4312 καὶ

2167 4342 2416 4418 βασιλεία
2445 4342 2532 4398 καί
2562 4344 2870 4420 κυριότητι,
2903 4343 2955 4400 ἐν
2983 4345 3129 4416 τρισὶ
3159 4348 3481 4420 προσώποις
3511 4347 3639 4418 ἢτοι
3674 4348 3813 4403 ὑπο-

2162 4431 2376 4488 στάσεσι
2402 4433 2492 4488 καὶ
2538 4430 2774 4504 ἰδιότησι
2829 4436 3283 4509 προσκυνουμένη
3340 4457 3400 4491 τε
3445 4435 3534 4492 καὶ
3586 4433 3814 4507 δοξολοιο

2161 4524 2427 4599 γουμένη.
2460 4521 2732 4596 ’ἰδιότητα
2761 4524 2861 4601 γάρ
2893 4526 3018 4582 ὅταν
3051 4525 3210 4596 ε’ίπω,
3241 4528 3331 4582 τὸν
3375 4526 3589 4603 Πατέρα
3637 4525 3809 4584 Πατέ-

399 4613 552 4680 dico,
596 4615 829 4670 Patrem
887 4617 1122 4669 Patrem
1174 4613 1388 4686 cogita,
1437 4618 1497 4668 et
1551 4612 1764 4667 Filium
1811 4610 2048 4678 Filium,

2181 4635 2225 4668 mi
2253 4615 2473 4684 νόησον,
2505 4613 2596 4669 καὶ
2623 4615 2714 4669 τὸν
2743 4614 2867 4669 Υἱὸν
2900 4615 3048 4683 Υἱὸν,
3077 4614 3168 4671 καὶ
3215 4616 3278 4672 τὸ
3319 4621 3528 4692 Πνεῦρα
3555 4617 3620 4673 τὸ
3653 4617 3804 4693 ἅγιον

398 4703 804 4776 Spiritumque
826 4709 1097 4760 sanctum
1121 4703 1404 4774 Spiritum
1423 4707 1716 4756 sanctum.
1732 4701 1864 4755 Istzn
1889 4698 2049 4753 enim

398 4794 791 4866 praprietates
848 4793 1310 4863 haudquaquam
1358 4796 1800 4847 convertuntur.
1849 4791 2050 4858 Neque

399 4885 557 4939 enim
591 4889 786 4956 potest
815 4883 916 4955 qui
949 4885 1122 4938 Pater
1152 4889 1241 4937 est
1288 4881 1470 4936 Filius
1525 4897 1676 4950 esse,
1727 4879 1816 4935 vel
1866 4878 2048 4933 Filius

397 4975 590 5042 Pater,
625 4974 714 5030 vel
745 4974 996 5046 Spiritus
1028 4977 1271 5028 sanctus
1303 4988 1432 5026 esse
1465 4973 1640 5026 Pater
1670 4971 1787 5026 sive
1821 4969 2004 5025 Filius
2032 4984 2045 5022 :

399 5063 503 5118 sed
535 5063 1037 5134 quemadmodum
1070 5061 1214 5129 dixi,
1247 5063 1421 5117 Pater
1447 5067 1537 5116 est
1565 5062 1758 5129 Pater,
1783 5066 1840 5115 et
1863 5058 2047 5114 Filius

400 5151 602 5218 Filius,
632 5157 691 5206 et
719 5152 970 5223 Spiritus
1025 5156 1265 5206 sanctus
1315 5149 1568 5221 Spiritus
1609 5154 1869 5206 sanctus.
1921 5151 2046 5205 Non

397 5240 511 5295 fuit
539 5246 774 5313 tempus
805 5241 1043 5312 quando
1075 5257 1196 5296 non
1229 5244 1355 5295 erat
1409 5241 1604 5309 Pater,
1651 5257 1761 5296 nec
1812 5244 2047 5311 tempus

398 5329 510 5386 fuit
539 5331 776 5402 quando
808 5331 990 5386 Filius
1019 5347 1137 5386 non
1169 5335 1315 5402 erat,
1370 5330 1524 5386 sicut
1568 5346 1762 5402 neque
1810 5337 2044 5402 tempus

471 5447 540 5517 (ᾗ)
570 5447 683 5502 Isa.
713 5463 805 5515 XL,
835 5451 890 5504 9.

2162 4704 2382 4773 Πνεῦμα
2411 4700 2587 4774 ἃγιοει.
2622 4701 2789 4757 Αὗται
2817 4704 2919 4777 γὰρ
2951 4704 3006 4757 αἱ
3064 4701 3338 4775 ἶδιότητες
3387 4705 3490 4761 οὐκ
3516 4705 3814 4778 ξᾶντιστρὲ-

2157 4811 2364 4867 φονται.
2400 4789 2476 4848 Οὐ
2510 4787 2727 4845 δύναται
2749 4791 2850 4868 γάρ
2881 4791 2909 4846 ὁ
2945 4794 3130 4867 Πατὴρ
3189 4793 3316 4855 Υἱὸς
3363 4794 3522 4866 εἶναι,
3556 4793 3592 4863 ἤ
3625 4795 3653 4849 6
3685 4794 3812 4855 Υἱὸς

2157 4875 2426 4952 Πατήρ,ἤ
2457 4878 2520 4934 τὸ
2553 4883 2774 4952 Πνεῦμα
2812 4880 2874 4934 τὸ
2925 4880 3078 4956 ἅγιον
3135 4880 3266 4936 εἶναι
3329 4883 3515 4958 Πάτὴρ
3574 4880 3610 4952 ἤ
3668 4882 3810 4944 Υἱὸς·

2159 4965 2285 5023 ἀλλ’
2317 4968 2390 5030 ὡς
2422 4967 2597 5038 εἶπον,
2632 4970 2816 5044 Πατὴρ
2849 4970 2877 5025 6
2909 4970 3119 5045 Πατὴρ,
3154 4971 3246 5026 καὶ
3278 4971 3401 5034 Υἱὸς
3424 4972 3472 5046 ⁵ὁ
3525 4971 3671 5041 Υἱὸς,
3718 4970 3808 5025 καὶ

2157 5061 2378 5132 Πνεῦμα
2409 5060 2562 5134 ἅγιον
2596 5059 2658 5113 τὸ
2691 5063 2910 5132 Πνεῦμα
2939 5060 3002 5116 τὸ
3058 5062 3230 5136 ἅγιεν.
3279 5061 3394 5120 Οὐκ
3428 5061 3496 5132 ἦν
3545 5083 3678 5118 ποτε
3719 5059 3812 5116 ὅτε

2157 5149 2260 5204 οὐκ
2287 5149 2356 5217 ἦν
2388 5149 2597 5220 Πατὴρ,
2631 5147 2723 5203 καὶ
2756 5147 2854 5203 οὐκ
2882 5149 2948 5219 ἦν
2981 5171 3114 5205 ποτε
3144 5149 3234 5206 ὅτε
3263 5149 3363 5207 οὐκ
3403 5152 3471 5222 ἦν
3519 5153 3668 5221 Υἱὸς,
3717 5151 3811 5207 καὶ

2156 5237 2256 5293 οὐκ
2282 5238 2348 5306 ἦν
2379 5257 2517 5292 ποτε
2545 5237 2636 5292 ’ὀτε
2676 5237 2780 5293 οὐκ
2836 5239 2901 5308 ἦν
2959 5239 3023 5295 τὸ
3081 5244 3303 5314 Πνεῦμα
3361 5241 3422 5298 τὸ
3472 5240 3652 5318 ἅγιον,
3714 5239 3818 5296 Διὰ

2154 5330 2316 5382 τοῦτο
2346 5325 2732 5397 ἀκατάληπτος
2759 5326 2852 5383 καὶ
2909 5330 2944 5398 ἡ
2991 5327 3236 5404 γέννησις
3276 5334 3374 5386 τοῦ
3433 5332 3820 5408 Μονογενοῦς,

1989 5547 2210 5601 ΝΟΤίΕ.

460 5663 537 5740 (ᾗ)
568 5663 741 5740 ξοπιε
774 5662 1093 5740 respicitur
1131 5661 1799 5740 adsequentem‘qunam
1832 5661 2050 5718 edituri
2083 5677 2292 5717 sumus
2325 5661 2694 5719 orationem.
2733 5663 2933 5719 Comb.
2975 5665 3126 5721 brevi
3157 5675 3413 5723 conserta
3444 5667 3834 5740 disputatione

469 5733 542 5800 (6)
573 5733 1113 5802 Capronymianam
1147 5731 1430 5804 intelligit
1457 5731 1776 5788 Combeﬁs.
