4120 6394
337 358 482 417 1353

1577 352 1961 407 ADVBRBUB
1997 349 2550 409 ICONOCLABTAS.

3631 363 3768 420 1354

327 485 480 554 καὶή
516 483 838 557 ἔκπόρευσις
900 483 998 535 τοῦ
1051 476 1206 554 ἁγίου
1264 479 1597 552 Πνεόματος.
1661 479 1970 547 Προσκυνεῖι

2105 477 2238 542 fuit,
2272 479 2511 549 quando
2569 498 2690 539 non
2742 487 2871 539 erat
2922 484 3175 556 Spiritus
3233 493 3496 546 sanctus.
3544 491 3772 556 Quam-

323 576 416 629 τὸν
449 574 662 646 Πατέρα
696 571 785 641 ςέν
814 570 961 641 αὐτῷ
992 574 1370 644 προσκυνεῖται
1406 567 1433 623 6
1465 570 1590 629 Υἱὸς
1614 568 1705 621 καὶ
1735 566 1798 620 τὸ
1830 567 1984 638 ἅγιον

327 668 566 735 Πνεῦμα.
602 666 928 738 Προσκυνεῖς
958 659 1050 714 τὸν
1113 659 1236 712 ι”ιόν
1299 678 1313 726 ;
1368 657 1419 712 ἐν
1479 656 1626 728 αὐτῷ
1667 658 1990 729 προσκυνεῖς

321 753 414 808 τὸν
474 753 686 825 Πατέρα
744 751 832 805 καὶ
888 752 947 805 τὸ
1011 750 1162 823 ἅγιον
1235 751 1470 818 Πνεῦμα.
1538 749 1867 820 Προσκυνεῖς
1923 742 1986 796 τὸ

326 845 550 914 Πνεῦμα
579 843 641 896 τὸ
672 839 828 915 ἅγίον
859 859 872 907 ;
906 838 956 894 ἐν
1008 838 1157 910 αῦτῷ
1188 841 1511 912 προσκυνεῖς
1571 833 1659 889 καὶ
1719 833 1811 888 τὸν
1873 838 1983 887 Πα-

323 932 454 1004 τὲρα
483 932 572 985 καὶ
606 931 698 985 τὸν
723 931 869 985 Υἱόν.
897 928 974 986 Οὐ
1037 926 1430 1002 συγχεομένων
1487 929 1595 980 τῶν
1644 924 1977 999 προσώπων,

324 1018 469 1074 ἀλλὰ
523 1017 613 1074 διά
664 1020 725 1072 τὸ
774 1017 971 1072 ταύτὸν
1027 1021 1118 1071 καί
1169 1014 1593 1090 ἀπαράλλακτον
1636 1015 1736 1082 τῆς
1794 1009 1979 1072 οὐσίας

323 1106 468 1163 οὕτω
497 1112 660 1170 νοεῖς.
699 1108 842 1170 Μιᾶς
869 1106 970 1181 γὰρ
993 1104 1160 1175 οὕσης
1186 1111 1286 1174 τῆς
1319 1103 1529 1178 φύσεως
1584 1102 1676 1156 καὶ
1725 1107 1825 1169 τῆς
1885 1097 1980 1152 οῦ-

317 1194 436 1256 σίας
459 1195 679 1263 καὶτῆς
711 1195 991 1264 θεότητος,
1056 1193 1154 1267 μία
1207 1194 1300 1248 καὶ
1355 1195 1389 1262 ἡ
1441 1188 1808 1265 προσκόνησίς
1865 1187 1977 1242 ἐστι

313 1291 416 1352 τῆς
441 1284 595 1358 ἁγίας
625 1284 716 1338 καὶ
747 1282 1050 1351 ὀμοουσίου
1081 1279 1340 1357 Τριάδος.
1376 1280 1531 1338 Ἀλλ’
1563 1276 1752 1346 ἐπειδὴ
1788 1278 1974 1350 Πατήρ

313 1373 406 1427 καὶ
437 1374 560 1435 Γὶὸς
587 1373 677 1428 καὶ
711 1373 861 1446 ἅγιον
891 1377 1129 1445 Πνεῦμα,
1182 1371 1545 1444 ὀνομάζονται
1604 1369 1694 1422 καὶ
1748 1366 1849 1422 εἰσὶ
1906 1367 1976 1438 τῇ

317 1463 415 1534 μὲν
472 1463 632 1534 οὐσίᾳ
677 1463 815 1518 κατὰ
871 1463 1046 1517 πάντα
1107 1458 1192 1516 ἷ’σα
1248 1460 1315 1516 τὰ
1368 1459 1512 1534 τρία·
1558 1455 1804 1513 ἀπέδωκε
1836 1453 1893 1510 δὲ
1934 1457 1969 1525 ἡ

308 1552 669 1616 θεόπνευστος
702 1553 888 1630 Γραφή
919 1552 1018 1620 τὴν
1047 1551 1228 1626 ἀρχὴν
1256 1555 1335 1623 τῷ
1375 1548 1568 1623 Πατρὶ,
1621 1547 1712 1602 καὶ
1771 1545 1968 1601 λοιπὸν

306 1645 381 1714 τῇ
410 1646 510 1696 τοῦ
541 1642 752 1713 ΙΙατρὸς
775 1639 994 1697 εὐδοκία
1021 1642 1111 1695 καὶ
1145 1641 1172 1694 ό
1205 1640 1327 1701 Υἱὸς
1385 1639 1453 1693 τά
1501 1636 1676 1691 πάντα
1719 1635 1966 1705 Etet-qur

307 1731 492 1786 καὶτὸ
528 1733 749 1803 Πνεῦμα
775 1732 840 1786 τὸ
897 1732 1048 1804 ἅγιον
1106 1731 1173 1784 τά
1229 1729 1400 1784 πάντα
1460 1725 1964 1799 ἐτελεσιούργησεν⁸

2104 566 2307 622 obrem
2342 569 2971 642 incomprehensibilis
3005 575 3184 630 etiam
3218 583 3308 630 est
3338 578 3634 650 Unigeniti
3676 597 3770 652 ge-

2101 658 2354 724 neratio,
2379 659 2641 730 itemque
2682 665 2986 732 processio
3021 665 3209 720 sancti
3265 666 3542 736 Spiritus.
3602 669 3760 722 Ado-

2098 762 2193 800 ras
2223 748 2596 803 Patrem‘Hn
2647 751 2774 820 ipso
2808 752 3090 808 adoratur
3147 754 3331 808 Filius
3389 761 3447 809 et
3507 757 3758 827 Spiritus

2095 840 2359 890 sanctus.
2389 837 2617 893 Adoras
2648 840 2863 895 Filium
2885 841 2912 896 ?
2940 841 3003 896 in
3028 842 3155 912 ipso
3186 842 3400 898 adoras
3437 845 3671 899 Patrem
3703 851 3760 901 et

2093 924 2379 994 Spiritum
2404 932 2699 982 sanctum.
2743 929 2968 984 Adoras
3019 931 3301 1002 Spiritum
3334 939 3606 987 sanctum
3628 934 3654 988 ?
3686 935 3748 989 in

2093 1011 2220 1082 ipso
2257 1014 2470 1069 adoras
2516 1021 2574 1070 et
2628 1018 2862 1070 Patrem
2914 1025 2972 1073 et
3023 1019 3260 1074 Filium.
3316 1023 3438 1074 Non
3485 1023 3752 1076 confusis

2089 1103 2387 1170 personis,
2443 1103 2546 1158 sed
2583 1111 2826 1175 pr0pter
2876 1106 3250 1162 identitatem
3299 1109 3754 1166 immutabilita-

2092 1195 2328 1261 temque
2361 1193 2635 1247 essentiaa
2670 1193 2752 1248 sic
2798 1195 3038 1266 cogitas.
3106 1197 3251 1251 Cum
3312 1199 3471 1252 enim
3504 1216 3625 1254 una
3675 1200 3754 1254 sit

2086 1284 2299 1335 natura
2329 1285 2387 1335 et
2417 1282 2675 1337 essentia
2696 1289 2756 1337 et
2785 1283 3211 1349 divinitas,una
3264 1291 3353 1340 est
3409 1289 3587 1341 etiam
3641 1287 3748 1342 ad-

2086 1370 2272 1424 oratio
2289 1377 2506 1427 sancta;
2525 1378 2584 1427 et
2599 1373 3127 1429 consubstantialis
3141 1374 3275 1428 Trin
3288 1375 3589 1430 itatis.Sed
3608 1395 3747 1447 quo-

2085 1460 2248 1515 niam
2275 1462 2466 1529 Pater,
2501 1463 2685 1518 Filius
2717 1480 2783 1518 ac
2831 1464 3084 1534 Spiritus
3108 1470 3370 1533 sanctus,
3429 1468 3748 1522 nominan-

2083 1555 2179 1604 tur
2209 1556 2268 1604 et
2297 1556 2435 1606 sunt
2454 1553 2714 1607 essentia
2735 1553 2979 1624 quidem
3003 1570 3109 1626 per
3131 1555 3330 1609 omnia
3343 1557 3603 1625 aequales
3629 1562 3748 1611 tres

2082 1639 2172 1693 hm
2204 1656 2522 1710 personas;
2570 1642 2873 1712 Scriptura
2930 1660 3068 1698 vero
3112 1644 3396 1700 divinitus
3455 1645 3747 1715 inspirata

2080 1729 2438 1800 principium
2469 1731 2738 1785 attribuit
2788 1733 2968 1796 Patri,
3002 1751 3070 1788 ac
3111 1735 3476 1804 caeteroquin
3508 1752 3574 1787 ex
3633 1736 3743 1789 Pa-

311 1818 456 1874 ἔστιν
514 1819 605 1875 οῦν
664 1820 794 1882 Θεὸς
855 1821 882 1874 ὁ
941 1819 1150 1893 Πατὴρ,
1210 1817 1339 1880 Θεὸς
1405 1817 1433 1870 ὁ
1488 1816 1639 1883 Υἱὸς,
1716 1814 1846 1874 Θεὸς
1904 1812 1966 1867 τὸ

2086 1817 2186 1870 tris
2218 1816 2595 1889 beneplacito
2646 1820 2829 1875 etiam
2861 1821 3045 1878 Filius
3105 1824 3384 1877 universa
3415 1824 3632 1887 efTecit,
3687 1828 3746 1878 et

313 1913 540 1982 Πνεῦμα
569 1911 630 1964 τὸ
662 1909 836 1985 ὁίγιον.
899 1905 1056 1964 Ἀλλ’
1112 1904 1303 1974 ἐπειδὴ
1364 1905 1496 1966 Θεὸς
1546 1902 1636 1958 καὶ
1695 1902 1824 1964 Θεὸς
1877 1900 1966 1956 καὶ

311 1999 468 2068 Θεὸς,
502 1998 562 2053 οὗ
593 1996 814 2053 δύνασαι
847 1998 1041 2062 εἰπεῖν,
1073 2001 1218 2072 τρεῖς
1249 1995 1394 2053 Θεοί.
1431 1992 1606 2050 ’Λλλά
1645 1994 1770 2068 τρία
1799 1990 1970 2066 πρόσ-

311 2109 439 2142 ωπα
513 2087 935 2160 ἐνθυμούμενος,
989 2083 1212 2141 ἕκαστον
1271 2084 1567 2158 πρόσωπον
1641 2079 1966 2155 ὁμολογῶν,

308 2180 394 2240 εἷς
423 2178 552 2238 Θεὸς
583 2175 828 2250 λέγεται,
861 2173 952 2230 διὰ
980 2177 1041 2230 τὸ
1095 2170 1146 2229 ἔν
1207 2173 1299 2229 καὶ
1355 2173 1418 2228 τὸ
1474 2171 1668 2227 ταύτὸν
1716 2169 1818 2237 τῆς
1866 2168 1966 2243 φό-

306 2287 446 2328 σεως
482 2266 571 2321 καὶ
599 2273 699 2334 τῆς
733 2266 991 2335 θεότητος
1022 2264 1113 2320 καὶ
1143 2271 1241 2332 τῆς
1286 2262 1471 2326 οὐσίας
1523 2261 1615 2316 καὶ
1645 2267 1747 2330 τῆς
1779 2263 1962 2313 συναῖ-

303 2352 584 2424 διότητος.
620 2356 714 2409 Διὸ
743 2356 834 2410 καὶ
863 2353 1060 2418 ἑνικῶς
1091 2351 1388 2426 δοξάζομεν
1419 2353 1507 2407 καὶ
1551 2352 1963 2424 προσκυνοῦμεν

298 2446 405 2514 τήν
439 2445 590 2522 ἁγίαν
623 2441 847 2521 Τριάδα.

383 2714 437 2770 ε’.
475 2713 786 2784 ’Βῖμάθομεν
827 2710 917 2765 καὶ
944 2708 1293 2780 πιστεύομεν,
1327 2709 1410 2762 ὅτι
1464 2705 1492 2760 6
1546 2705 1673 2768 Υἱὸς
1699 2708 1798 2758 τοῦ
1829 2707 1962 2758 Θεοῦ

307 2801 572 2875 ἐγεννήθη
629 2799 688 2854 ἐκ
744 2804 844 2854 τοῦ
894 2801 1105 2874 Ιίατρὸς
1161 2797 1432 2874 ἀρρήτως,
1487 2794 1764 2869 ἀχρόνως,
1819 2793 1966 2847 ἀσω-

312 2891 523 2964 μάτως,
555 2889 660 2964 πρὸ
689 2889 906 2943 πάντων
936 2892 1044 2942 τῶν
1083 2885 1321 2943 αῗώνων.
1371 2885 1544 2946 Αὐτὸς
1604 2883 1695 2937 οῦν
1761 2881 1788 2936 6
1841 2881 1966 2947 Υἱὸς

303 2983 408 3033 τοῦ
436 2983 591 3045 Θεοῦ,
622 2978 684 3032 τὸ
715 2982 828 3056 φῶς
852 2976 904 3032 ἐν
931 2981 1028 3031 τοῦ
1059 2975 1258 3054 φωτὸς,
1320 2973 1347 3028 6
1406 2971 1669 3043 ἀληθινὸς
1729 2971 1857 3032 Θεὸς
1906 2969 1966 3024 ὲκ

302 3071 406 3123 τοῦ
439 3065 704 3136 ἀληθινοῦ
733 3070 868 3121 Θεοῦ
897 3065 987 3120 καὶ
1021 3064 1255 3138 ΙΙατρὸς,
1312 3067 1379 3136 τῇ
1437 3059 1656 3132 εὐδοκῖᾳ
1711 3064 1806 3114 τοῦ
1856 3066 1964 3114 Ha-

300 3157 437 3230 τρὸς
469 3155 752 3230 ἐσαρκώθη
807 3155 866 3210 ἐκ
903 3158 971 3228 τῇ
1027 3156 1286 3227 πανάγνῳ
1335 3153 1423 3206 καὶ
1485 3152 1588 3205 ὑπὸ
1648 3149 1961 3220 Πνεόματος

303 3244 462 3320 ἁγίου
519 3245 961 3320 καθαγιαζομένῃ
1021 3245 1280 3317 Παρθένῳ
1327 3244 1395 3314 τῇ
1446 3241 1574 3314 ἁγίᾳ
1630 3239 1832 3313 Μαρίᾳ,
1889 3237 1960 3311 τῇ

299 3335 506 3408 κυρίως
556 3335 646 3390 καὶ
694 3337 809 3390 κατ’
866 3334 1125 3404 ἀλήθειαν
1177 3331 1448 3403 Θεοτόκῳ.
1511 3330 1611 3386 Καὶ
1666 3330 1848 3404 ὥσπερ
1907 3327 1968 3383 ἐκ

298 3428 402 3480 τοῦ
434 3425 650 3496 Πατρὸς
682 3427 716 3491 ἡ
753 3423 958 3498 γένεσις
1017 3423 1182 3478 αὐτοῦ
1233 3426 1329 3476 τοῦ
1387 3421 1516 3474 Υἱοῦ
1575 3417 1964 3488 ἁκατάληπτός

299 3512 387 3574 τίς
418 3512 647 3566 ἐστικαὶ
679 3513 1104 3584 ἀνερμήνευτος,
1159 3513 1246 3564 καὶ
1283 3508 1373 3564 διὰ
1427 3513 1588 3564 τοῦτο
1639 3509 1818 3562 πίστει
1875 3507 1966 3561 καὶ

312 3604 497 3674 σιωπῇ
521 3604 931 3674 προσκυνοῦμεν
961 3600 1050 3653 καὶ
1109 3597 1423 3671 δοξάζομεν
1460 3597 1603 3653 οὕτω
1660 3602 1756 3652 τοῦ
1806 3596 1968 3650 αὐτοῦ

315 3691 445 3745 Υῖοῦ
474 3694 570 3744 τοῦ
601 3687 734 3746 Θεοῦ
763 3691 853 3744 καὶ
884 3690 919 3758 ἡ
955 3688 1014 3744 ἐκ
1041 3695 1142 3758 τῆς
1177 3688 1386 3763 μητρὸς
1445 3688 1535 3741 καὶ
1570 3687 1846 3760 Παρθένου
1896 3683 1968 3740 ἔν-

315 3799 513 3852 σαρκος
539 3779 811 3853 γέννησις,
845 3776 1114 3855 ἅφραστός
1135 3798 1244 3832 εστι
1275 3777 1365 3831 καὶ
1423 3773 1839 3850 ἀνεκδιήγητος.
1866 3772 1969 3829 Καὶ

321 3869 457 3941 μάθε
487 3873 625 3930 πῶς.

388 3961 452 4024 ς’.
484 3960 546 4016 Ὁ
569 3956 661 4012 οῦν
694 3957 999 4031 μονογενὴς
1025 3956 1150 4019 Υἱὸς
1177 3958 1274 4009 τοῦ
1307 3957 1464 4020 Θεοῦ,
1530 3951 1557 4005 6
1617 3952 1722 4025 πρὸ
1753 3949 1966 4004 πάντων

311 4053 421 4104 τῶν
456 4047 670 4102 αἰώνων
705 4046 765 4101 ἐκ
792 4049 890 4101 τοῦ
940 4044 1152 4118 Πατρὸς
1201 4043 1502 4117 γεννηθεὶς,
1561 4039 1968 4116 ἀπερίγραπτός

313 4138 451 4206 ἐστι,
481 4136 571 4192 καὶ
595 4138 706 4191 ἄνω
737 4135 847 4190 ἐστὶ
879 4134 967 4190 καὶ
1017 4134 1191 4196 κάτω,
1239 4132 1328 4186 καὶ
1378 4132 1445 4185 τὰ
1499 4132 1670 4185 πάντα
1731 4129 1782 4184 ἐν
1819 4129 1968 4204 χειρὶ

311 4223 455 4302 ἔχει,
486 4225 665 4280 καὶτὰ
692 4226 866 4280 πάντα
888 4224 938 4278 ἐν
985 4224 1131 4294 αὒτῷ
1162 4220 1473 4292 συνέστηκε,
1531 4220 1622 4274 καὶ
1678 4222 1746 4274 τὰ
1797 4219 1972 4272 πάντα

309 4315 546 4387 πληροῖ,
601 4314 691 4368 καὶ
783 4313 916 4387 ὑπὲρ
1001 4313 1066 4366 τὰ
1133 4311 1312 4366 πάντα
1398 4307 1969 4384 ὁπερεκτείνεται,καὶ

318 4406 570 4478 ὑπεράνω
624 4405 840 4458 πάντων
901 4401 1149 4473 οὐρανῶν
1227 4398 1360 4470 ἐστι,
1402 4397 1493 4454 καὶ
1540 4399 1636 4460 τὰς
1697 4392 1968 4459 ἀϐύσσους

311 4497 540 4568 καθορᾷ.
601 4491 704 4548 Καὶ
763 4491 866 4546 οὐκ
897 4486 1006 4545 ἔστι
1065 4489 1237 4550 κτίσις
1323 4488 1533 4564 ἀφανὴς
1581 4485 1814 4541 ἐνώπιον
1868 4486 1969 4540 αὗ-

2083 1906 2335 1977 Spiritus
2362 1914 2605 1964 sanctus
2634 1910 2910 1965 universa
2939 1911 3187 1982 perfecit
3222 1930 3233 1966 :
3266 1917 3354 1966 est
3373 1929 3744 1982 consequen-

2083 1997 2170 2047 ter
2200 1994 2353 2049 Deus
2394 1996 2586 2061 Pater,
2622 1997 2776 2051 Deus
2827 1997 3032 2066 Filius,
3092 2001 3246 2054 Deus
3301 2001 3551 2070 Spiritus
3603 2017 3740 2055 san-

2080 2086 2227 2137 ctus.
2264 2084 2336 2136 At
2367 2083 2505 2152 quia
2537 2085 2711 2152 Deus,
2743 2091 2801 2138 et
2832 2087 3007 2151 Deus,
3053 2093 3112 2141 et
3174 2089 3322 2142 Deus
3350 2105 3362 2141 :
3414 2105 3534 2142 non
3567 2096 3739 2159 potes

2079 2179 2276 2230 tamen
2305 2175 2523 2236 dicere,
2552 2182 2669 2231 tres
2701 2177 2805 2233 dii.
2841 2179 3056 2233 Verum
3119 2185 3236 2234 tres
3289 2197 3574 2250 personas
3606 2182 3732 2236 ani-

2077 2281 2173 2318 mo
2206 2266 2492 2337 cogitans,
2527 2267 3193 2338 quamlibetpersonam
3226 2270 3541 2336 conﬁtens,
3575 2287 3731 2324 unus

2076 2357 2231 2411 Deus
2264 2356 2480 2412 dicitur
2508 2375 2522 2423 ;
2546 2366 2789 2428 propter
2817 2360 3106 2414 unitatem
3141 2365 3198 2414 et
3226 2360 3595 2414 identitatem
3621 2376 3734 2414 na-

2074 2449 2222 2500 turae
2255 2451 2312 2500 et
2349 2445 2675 2502 divinitatis
2734 2454 2791 2502 et
2848 2448 3121 2504 essentia:
3171 2456 3231 2504 et
3278 2449 3724 2505 coaeternitatis.

2075 2534 2468 2599 Quamobrem
2503 2541 2561 2590 et
2591 2537 2875 2609 singulari
2914 2555 3163 2593 numero
3197 2538 3597 2611 gloriﬁcamus
3629 2553 3725 2592 ve-

2074 2638 2477 2694 neramurque
2509 2631 2775 2680 sanctam
2798 2626 3166 2684 Trinitatem.

2147 2713 2199 2765 5.
2233 2711 2560 2767 Didicimus
2592 2719 2649 2767 et
2685 2713 3007 2774 credimus.
3068 2715 3227 2785 quod
3288 2717 3468 2771 Filius
3495 2716 3596 2770 Dei
3629 2732 3732 2787 ge-

2076 2800 2238 2855 nitus
2271 2805 2459 2854 estex
2487 2803 2658 2856 Patre
2704 2801 3110 2869 ineﬂ‘abiliter,
3173 2804 3301 2858 sine
3352 2810 3621 2876 tempore
3673 2808 3732 2859 et

2076 2904 2342 2959 corpore,
2376 2894 2512 2944 ante
2545 2890 2747 2945 omnia
2778 2891 3015 2946 saecula.
3051 2893 3311 2963 lpsemet
3359 2894 3541 2948 Filius
3600 2893 3726 2960 Dei,

2076 2977 2176 3047 qui
2212 2983 2302 3032 est
2332 2978 2535 3034 lumen
2565 2979 2638 3033 de
2666 2979 2916 3046 lumine,
2950 2982 3103 3036 Deus
3133 2999 3303 3037 verus
3335 2983 3407 3038 de
3442 2985 3558 3038 Deo
3593 3002 3726 3040 vero

2076 3071 2135 3119 et
2164 3068 2357 3127 Patre.
2392 3083 2463 3122 ex
2495 3068 2684 3122 Patris
2716 3067 3092 3140 beneplacito
3130 3070 3321 3126 factus
3355 3077 3445 3127 est
3469 3089 3605 3128 caro
3665 3075 3727 3128 in

2076 3155 2396 3224 purissima
2428 3162 2486 3210 et
2511 3173 2616 3226 per
2643 3157 2922 3227 Spiritum
2939 3165 3209 3214 sanctum
3225 3162 3593 3217 sanctiﬁcata
3608 3164 3734 3217 Vir-

2017 3239 2036 3260 ‘
2077 3243 2213 3314 gine
2248 3249 2452 3299 sancta
2482 3245 2680 3306 Maria.
2707 3263 2838 3316 quae
2897 3253 2988 3301 est
3026 3249 3265 3320 prOprie
3307 3250 3734 3323 verissimeque

2079 3335 2348 3406 Deipara.
2380 3338 2461 3391 Ac
2493 3337 2999 3406 quemadmodum
3033 3356 3165 3409 quae
3197 3346 3287 3395 est
3317 3357 3387 3395 ex
3437 3343 3606 3396 Patre
3634 3359 3733 3415 ge-

2080 3425 2308 3478 neratio
2337 3425 2524 3495 ipsius
2552 3425 2683 3479 Filii
2715 3427 3346 3497 incomprehensibilis
3377 3435 3468 3484 est
3499 3432 3733 3486 etinex-

2078 3512 2399 3583 plicabilis,
2435 3519 2868 3586 proptereaque
2903 3514 3066 3569 illam
3103 3517 3218 3571 ﬁde
3249 3534 3316 3571 ac
3350 3517 3588 3573 silentio
3638 3519 3736 3573 ad-

2080 3617 2319 3656 oramus
2351 3607 2408 3655 et
2433 3601 2874 3674 glorificamus:
2911 3603 2994 3658 sic
3024 3605 3291 3675 ejusdem
3319 3606 3450 3659 Filii
3496 3607 3597 3661 Dei
3629 3607 3736 3663 illa

2081 3691 2259 3744 etiam
2292 3707 2423 3760 quae
2457 3708 2527 3745 ex
2555 3697 2742 3746 matre
2775 3698 2864 3748 est
2893 3699 2952 3747 et
2977 3693 3212 3766 Virgine
3245 3695 3308 3749 in
3339 3713 3514 3751 carne
3555 3713 3736 3768 gene-

2081 3777 2254 3841 ratio,
2289 3776 2611 3832 ineﬂ‘abilis
2645 3784 2733 3832 est
2765 3785 2824 3833 et
2852 3779 3310 3850 inexplicabilis.
3353 3786 3432 3838 Ac
3465 3801 3582 3854 quo
3613 3800 3738 3839 mo-

2083 3868 2180 3931 do,
2205 3867 2387 3922 disce.

2154 3959 2204 4010 6.
2243 3957 2594 4028 Unigenitus
2626 3957 2806 4029 igitur
2837 3957 3021 4013 Filius
3050 3959 3175 4028 Dei,
3211 3960 3311 4030 qui
3350 3965 3487 4016 ante
3539 3963 3745 4018 omnia

2082 4045 2299 4100 saecula
2326 4063 2396 4100 ex
2424 4048 2595 4100 Patre
2635 4051 2810 4101 natus
2869 4052 2978 4113 est,
3041 4047 3596 4121 incircumscriptus
3628 4057 3738 4119 est,

2082 4151 2379 4204 supraque
2411 4139 2502 4188 est
2531 4139 2589 4188 et
2636 4134 2812 4199 infra,
2864 4135 3263 4208 universaque
3312 4137 3371 4192 in
3423 4155 3529 4193 sua
3577 4145 3742 4210 pote-

2082 4229 2229 4278 state
2257 4223 2456 4288 habet,
2483 4228 2541 4277 et
2570 4228 2785 4278 cuncta
2841 4224 2902 4278 in
2934 4224 3063 4295 ipso
3115 4231 3409 4293 constant,
3444 4233 3502 4282 et
3532 4228 3737 4284 omnia

2079 4312 2292 4383 replet,
2324 4318 2383 4368 et
2412 4312 2569 4367 ultra
2591 4313 2812 4383 qumvis
2860 4315 3400 4384 superextenditur,
3435 4333 3736 4388 supraque

2080 4419 2287 4456 omnes
2345 4401 2526 4456 caelos
2584 4405 2694 4469 est,
2757 4405 2814 4456 et
2866 4400 3110 4472 abyssos
3169 4402 3452 4459 intuetur.
3500 4408 3568 4460 Et
3625 4423 3738 4463 non

2078 4497 2155 4546 est
2184 4489 2303 4544 ulla
2329 4497 2585 4544 creatura
2610 4490 2902 4545 invisibilis
2928 4493 2989 4544 in
3035 4499 3330 4562 conspectu
3388 4495 3506 4564 ejus
3540 4497 3635 4566 (g).
3671 4499 3739 4551 In

313 4587 433 4641 τοῦ,
456 4563 556 4637 ’Ἐν
591 4578 844 4656 ἀγγέλοις
877 4579 1044 4648 ἐστὶν,
1079 4577 1210 4640 ὅλος
1243 4576 1355 4632 ἄνω
1387 4576 1554 4644 ἐστὶν,
1599 4575 1731 4638 ὅλος
1763 4595 1967 4629 παντα-

2086 4578 2302 4651 angelis
2357 4584 2466 4642 est,
2517 4583 2675 4633 totus
2734 4595 2914 4650 supra
2962 4585 3071 4649 est,
3139 4585 3296 4636 totus
3355 4563 3739 4654 ubique'est.

318 4677 430 4748 χοῦ
461 4672 626 4727 ἐστιν.
673 4669 848 4730 Αὐτὸς
895 4669 989 4723 οὖν
1047 4668 1075 4722 6
1128 4667 1253 4729 Υἱὸς
1302 4671 1401 4721 τοῦ
1451 4667 1584 4721 Θεοῦ
1643 4665 1671 4720 6
1719 4668 1967 4726 τοιυῦτος

315 4759 670 4831 τηλικοῦτος,
706 4759 734 4813 6
761 4757 1038 4829 ἀπήλικος
1074 4755 1163 4812 καὶ
1219 4755 1516 4831 ἀμεγέθης,
1575 4751 1764 4824 ἐπειδὴ
1799 4751 1972 4808 πάντα

318 4849 564 4920 δύναται,
609 4848 844 4918 ἐδυνήθη
902 4846 992 4902 καὶ
1041 4843 1329 4922 ἄνθρωπος
1374 4845 1639 4918 γενέσθαι.
1692 4843 1799 4898 Καὶ
1857 4842 1974 4897 κατ’

318 4939 579 5010 ἀλήθειαν
639 4937 962 5012 σαρκωθεὶς,
1011 4936 1101 4990 καὶ
1161 4933 1578 5007 ἐνανθρωπήσας
1613 4931 1672 4986 ἐκ
1725 4931 1972 5003 Πνεῦμα-

317 5048 413 5088 τος
445 5027 604 5102 ἁγίου
633 5028 724 5082 καὶ
758 5027 970 5102 Μαρίας
1001 5028 1100 5094 τῆς
1147 5019 1430 5098 Παρθένου
1486 5019 1598 5076 ἅνω
1627 5020 1727 5076 οὐκ
1765 5019 1971 5094 ἕλειψε,

320 5115 412 5170 καὶ
438 5117 587 5170 κάτω
614 5116 913 5190 σαρκωθεὶς
945 5115 972 5170 6
1004 5114 1166 5176 αὐτὸς
1199 5112 1354 5176 ὅλος.
1413 5110 1622 5168 Οὐκοῦν
1672 5109 1754 5172 τίς
1814 5107 1976 5164 δύνα-

317 5225 407 5259 ται
439 5203 638 5281 φράσαι
671 5203 707 5274 ἢ
739 5205 886 5266 ὅλως
917 5201 1278 5278 διηγήσασθαι
1319 5201 1381 5257 τό
1435 5201 1734 5274 μυστήριον
1773 5219 1786 5267 ;
1817 5197 1972 5266 Ηλήν

320 5294 404 5348 ’ὀτι
435 5294 574 5367 πρὸς
599 5294 700 5363 τήν
733 5292 1008 5348 εὐτὲλειαν
1037 5298 1136 5361 τῆς
1159 5291 1509 5364 ἀνθρωπίνης
1557 5288 1792 5367 φύσεως,
1839 5284 1975 5342 ἔδω·

319 5385 462 5452 κενὴ
497 5381 611 5446 θεία
634 5382 822 5460 Γραφὴ
857 5381 1021 5456 ὀλίγα
1057 5380 1178 5435 τι·ιά
1208 5379 1453 5456 ῥήματα,
1506 5378 1576 5433 δι’
1631 5375 1703 5432 ὦν
1760 5377 1787 5431 6
1848 5379 1973 5439 νοῦς

320 5472 373 5529 ἐν
431 5471 733 5529 ἀπολαύσει
802 5469 1088 5540 δυνήσεται
1145 5471 1414 5546 γενέσθαι,
1495 5469 1585 5524 καὶ
1661 5468 1976 5546 ἀφθέγκτως

405 5702 482 5775 (g)
514 5702 690 5758 Hebr.
725 5719 802 5770 ιν,
827 5703 915 5756 13.

607 5814 879 5874 Parnm“
929 5811 1039 5872 Gn.
1087 5808 1294 5872 XCVI.

2085 4668 2218 4740 Ipse
2256 4667 2436 4740 igitur
2465 4667 2648 4722 Filius
2681 4667 2783 4722 Dei
2836 4668 2973 4723 talis
3021 4674 3361 4741 tantusque,
3405 4673 3574 4745 cujus
3632 4690 3744 4729 nec

2085 4771 2273 4810 mvum
2304 4771 2414 4810 nec
2465 4755 2939 4827 magnitudinem
2992 4757 3298 4829 assignare
3336 4758 3475 4815 licet
3505 4778 3518 4826 ;
3553 4777 3744 4831 quan-

2085 4843 2405 4915 doquidem
2438 4844 2641 4898 omnia
2671 4849 2888 4916 potest,
2923 4846 3119 4916 potuit
3139 4847 3317 4901 etiam
3363 4847 3537 4902 homo
3587 4849 3740 4906 fieri.

2084 4935 2275 5004 Atque
2308 4933 2369 4988 in
2401 4933 2646 4988 veritate
2680 4935 3028 4988 incarnatus
3089 4941 3147 4989 et
3202 4935 3380 4990 homo
3421 4935 3612 4991 factus
3672 4953 3743 4992 ex

2085 5022 2307 5093 Spiritu
2339 5027 2544 5077 sancto
2577 5027 2637 5076 et
2680 5023 2860 5078 Maria
2894 5023 3154 5096 Virgine,
3189 5025 3495 5095 superiora
3524 5043 3746 5097 nequa.

2085 5127 2266 5182 quam
2326 5110 2610 5176 deseruit,
2661 5117 2719 5165 et
2778 5112 2839 5166 in
2905 5111 3290 5166 inferioribus
3359 5130 3495 5168 caro
3553 5113 3744 5170 factus

2085 5200 2374 5254 idemmet
2402 5205 2560 5254 totus
2594 5204 2704 5255 est.
2739 5201 2879 5265 Quis
2912 5217 3051 5272 ergo
3085 5201 3273 5272 possit
3303 5201 3499 5258 dicere
3530 5209 3588 5257 et
3625 5221 3744 5259 om-

2085 5289 2228 5344 nino
2261 5305 2540 5344 enarrare
2585 5290 2936 5362 mysterium
2959 5289 2986 5343 ?
3044 5290 3163 5344 Nisi
3220 5291 3378 5361 quod
3409 5309 3515 5362 pro
3551 5293 3748 5349 tenui-

2086 5383 2204 5434 tate
2226 5378 2504 5433 humanae
2536 5383 2763 5433 naturae
2797 5378 3191 5450 suppeditavit
3213 5379 3414 5436 divina
3445 5382 3748 5454 Scriptura

2085 5484 2274 5540 pauca
2303 5467 2580 5540 quaedam
2611 5467 2811 5538 verba,
2842 5484 2950 5540 per
2989 5486 3121 5540 quae
3153 5487 3325 5525 mens
3355 5471 3417 5527 in
3463 5472 3748 5528 fruitione
