4120 6376
476 355 616 410 i355

472 583 604 622 rere
636 566 837 637 queat,
868 566 1125 623 revereri
1157 564 1305 620 illud
1337 570 1397 618 et
1425 562 1696 619 adorare.

544 659 595 708 7.
631 655 815 710 Filius
846 671 981 727 ergo
1015 654 1113 709 Dei
1147 654 1248 725 qui
1281 652 1559 724 nuspiam
1599 651 1728 723 capi
1759 654 1977 722 potest,
2031 650 2125 704 in-

472 761 711 817 gressus
733 749 822 800 est
852 748 1118 799 sanctam
1171 742 1493 814 Virginem,
1564 740 2007 811 assumpsitque
2057 754 2129 792 ex

475 840 691 891 natura
711 834 907 890 carnis
960 833 1146 901 illius,
1199 832 1506 903 univitque
1574 831 1830 903 propriae
1891 828 2126 885 deitatis

474 925 778 997 hypostasi
810 940 1050 979 carnem
1086 928 1305 979 nostra)
1338 921 1934 986 consubstantialem,
1994 918 2124 974 ani-

476 1030 573 1070 ma
602 1021 659 1069 et
684 1014 914 1069 ratione
956 1011 1287 1084 praeditam,
1320 1028 1438 1085 qua
1493 1011 1618 1083 ipse
1678 1011 1841 1068 solus
1891 1010 2125 1064 ratione

472 1103 652 1159 novit.
686 1102 972 1158 Praefatus
1003 1102 1162 1159 enim
1186 1118 1339 1167 sum,
1374 1100 1533 1173 quod
1566 1116 1757 1171 neque
1782 1115 2127 1154 menscom-

472 1192 843 1266 prehendere
888 1191 1060 1255 valet,
1113 1207 1308 1262 neque
1341 1190 1530 1245 oratio
1580 1205 1876 1261 exponere
1909 1191 2122 1259 potest,

470 1297 667 1353 neque
695 1280 873 1335 debet
904 1281 1081 1336 homo
1114 1280 1535 1351 pernaturales
1554 1278 2127 1349 modosinvestigare

471 1371 635 1443 quod
663 1369 1003 1442 investigari
1056 1370 1400 1443 inquirique
1432 1369 1800 1440 impossibile
1834 1374 1943 1422 est.
1980 1367 2124 1421 Cum

469 1461 651 1533 igitur
680 1460 967 1515 univisset
1010 1459 1121 1513 sibi
1181 1463 1483 1530 acceptam
1541 1475 1608 1512 ex
1667 1457 1773 1512 illa
1825 1463 2125 1519 naturam,

471 1550 655 1605 crevit
685 1550 785 1620 qui
816 1565 1082 1605 crescere
1142 1555 1352 1603 nactus
1412 1564 1531 1603 non
1564 1553 1653 1602 est
1693 1548 1793 1601 Dei
1828 1546 2008 1600 Filius
2061 1545 2125 1599 in

472 1639 713 1709 propria
736 1655 913 1693 carne
946 1639 1211 1692 animata
1238 1639 1442 1693 anima
1490 1636 1764 1691 rationali
1801 1641 1861 1690 et
1890 1633 2125 1689 intelle-

473 1727 641 1782 tuali.
673 1729 785 1782 Nec
816 1733 1017 1781 tamen
1055 1728 1335 1782 amittens
1359 1726 1516 1797 quod
1577 1732 1703 1780 erat
1758 1724 1858 1780 Dei
1918 1725 2122 1792 Filius,

472 1818 661 1874 factus
692 1824 783 1873 est
814 1818 1013 1873 infans
1046 1818 1105 1873 in
1130 1824 1298 1873 utero
1333 1817 2002 1887 matris.Completaque
2035 1819 2126 1869 est
2160 1842 2203 1905 Β

472 1908 660 1964 unitio
693 1908 990 1963 indivulsa
1038 1914 1094 1963 et
1126 1907 1441 1963 inconfusa
1473 1907 1799 1963 divinitatis
1831 1905 2010 1961 simul
2070 1909 2128 1958 et

473 1998 884 2061 humanitatis,
916 2004 1160 2069 propter
1191 2014 1371 2068 quam
1412 2014 1546 2052 ecce
1606 1997 1706 2067 qui
1740 1996 2127 2066 incorporeus

473 2092 565 2141 est
594 2092 652 2141 et
681 2087 1074 2160 intangibilis,
1124 2103 1446 2158 corporeus
1501 2086 1692 2140 factus
1724 2090 1816 2139 est
1847 2084 2125 2157 tangique

471 2180 700 2248 potest:
736 2182 794 2231 et
825 2177 924 2247 qui
956 2182 1093 2231 ante
1126 2176 1329 2231 omnia
1378 2175 1597 2230 sarcula
1627 2192 1697 2229 ex
1746 2175 1918 2229 Patre
1948 2177 2125 2229 natus

472 2270 581 2330 est,
617 2281 752 2320 ecce
782 2265 1072 2321 idemmet
1101 2266 1279 2320 etiam
1311 2279 1381 2320 ex
1431 2270 1636 2320 sancta
1696 2263 1930 2331 Virgine
1988 2277 2125 2317 caro

470 2354 662 2411 factus
682 2357 981 2411 nascitur:
1016 2356 1237 2428 quique
1270 2371 1305 2408 a
1327 2361 1575 2427 paterno
1626 2353 1761 2409 sinu
1812 2367 2124 2423 nunquam

470 2444 737 2511 recessit,
782 2444 1177 2516 universaque
1236 2441 1560 2505 divinitatis
1618 2443 1831 2496 virtute
1864 2441 2124 2512 comple-

470 2533 738 2602 ctitur,et
765 2533 968 2589 omnia
996 2533 1389 2605 omnipotenti
1420 2533 1471 2587 vi
1503 2530 1971 2606 continet,;idem
1996 2529 2124 2601 ipse

466 2622 658 2678 factus
689 2623 867 2678 homo
899 2639 970 2678 ex
995 2628 1202 2678 sancta
1260 2623 1494 2695 Virgine
1553 2638 1622 2676 ex
1676 2638 1863 2692 eaque
1923 2626 2120 2688 natus,

457 2711 622 2784 jacet
651 2712 714 2767 in
736 2711 1025 2783 praesepio
1052 2710 1426 2782 puer,fasciis
1448 2710 1983 2776 involutus,sancta
1997 2710 2120 2764 Vir-

464 2802 623 2874 gine,
641 2800 869 2873 virgine
892 2801 1333 2859 manente.H.aac
1357 2799 1518 2856 enim
1534 2799 1732 2854 divina
1745 2801 2123 2865 sunt.Quem-

464 2890 786 2946 admodum
818 2907 1077 2965 namque
1107 2890 1300 2946 unitio
1344 2889 1541 2949 carnis
1572 2895 1630 2944 et
1660 2889 1986 2944 divinitatis
2006 2888 2121 2944 im-

464 2979 942 3052 pervestigabilis
975 2984 1085 3037 est.
1109 2979 1193 3035 sic
1252 2985 1310 3036 et
1339 2979 1635 3034 nativitas.
1672 2980 1868 3033 Potuit
1923 2978 2119 3051 siqui-

464 3067 598 3122 dem
635 3067 898 3121 divinum
932 3066 1186 3121 Verbum
1230 3065 1387 3137 quod
1420 3067 1801 3136 omnipotens
1850 3071 2119 3119 estvera-

464 3155 613 3211 citer
643 3156 945 3210 incarnari
978 3161 1037 3209 et
1066 3155 1243 3210 homo
1303 3155 1432 3210 fieri
1490 3156 1553 3209 in
1614 3155 1862 3209 Domina
1893 3160 2117 3220 nostra,

463 3245 749 3317 nascique
774 3261 843 3299 ex
876 3244 1000 3309 illa,
1044 3260 1112 3299 ac
1140 3243 1541 3317 virginitatem
1572 3244 1702 3316 ejus
1734 3243 1903 3315 quasi
1923 3242 2118 3315 sigillo

461 3334 761 3389 munitam
791 3350 1177 3400 conservare;
1233 3350 1349 3405 quo
1408 3338 1580 3405 pacto
1638 3333 1869 3389 scilicet
1917 3331 2122 3405 januis

463 3423 642 3479 etiam
676 3423 895 3480 clausis
930 3424 1096 3478 stetit
1125 3422 1185 3478 in
1219 3422 1415 3478 medio
1449 3422 1902 3494 discipulorum.

531 3512 587 3567 8.
647 3512 1043 3579 Quamobrem
1103 3517 1309 3567 sancta
1357 3518 1416 3567 et
1470 3510 1797 3582 apostolica
1854 3509 2121 3567 Ecclesia

460 3616 593 3673 quas
624 3606 764 3655 sunt
792 3600 995 3656 divina
1025 3600 1229 3656 omnia
1276 3604 1549 3671 prompte
1600 3599 1869 3670 suscipit,
1917 3599 2119 3655 omnia

458 3688 737 3758 ﬁdeliter,
771 3690 975 3746 omnia
1005 3688 1301 3745 incuriose
1326 3693 1641 3743 veneratur
1697 3693 1756 3743 et
1811 3687 2019 3743 adorat
2059 3692 2118 3743 et

458 3776 620 3832 colit.
679 3779 810 3849 Ipse
865 3794 1001 3850 ergo
1046 3778 1149 3832 Dei
1206 3777 1391 3832 Filius
1436 3778 1590 3832 Deus
1618 3794 1813 3845 verus,
1872 3782 2116 3849 propter

456 3872 725 3922 nostram
784 3867 1039 3923 salutem
1100 3882 1249 3938 puer
1313 3872 1489 3922 natus
1561 3883 1829 3922 crescere
1894 3866 2113 3922 dicitur

456 3957 698 4028 propria
724 3973 923 4024 carne,
984 3942 1205 4011 nostris
1255 3956 1579 4026 inculpatis
1631 3956 1953 4027 assumptis
1983 3970 2113 4027 pas-

457 4043 746 4113 sionibus,
789 4062 856 4100 ac
879 4049 1147 4115 proﬁcere
1175 4047 1450 4115 sapientia
1480 4051 1647 4114 atque
1694 4050 1855 4099 :ctate
1880 4044 1980 4115 (ἡ),
2041 4060 2109 4099 eo

455 4134 616 4205 quod
662 4135 949 4205 paulatim
998 4134 1206 4188 istliznc
1264 4133 1626 4201 ostenderet,
1681 4150 1797 4204 quo
1857 4132 2111 4187 demon-

453 4228 669 4278 straret
695 4224 933 4296 proprie
965 4240 1219 4294 vereque
1251 4223 1436 4277 fuisse
1469 4222 1966 4277 incarnationem.
1996 4223 2107 4277 De-

449 4311 681 4384 fatigari
735 4313 914 4368 etiam
974 4313 1213 4378 dicitur,
1268 4314 1517 4380 esurire,
1608 4313 1795 4381 sitire,
1876 4317 1935 4368 et
1983 4329 2106 4367 cum

450 4400 759 4458 hominibus
791 4408 1136 4458 conversatus
1165 4402 1335 4473 fuisse
1363 4402 1450 4473 (ἰ),
1485 4403 1706 4458 docens
1765 4419 1832 4457 ac
1888 4402 2101 4457 illumi-

447 4505 587 4543 nans
616 4507 826 4546 omnem
851 4492 1121 4547 hominem
1147 4495 1451 4548 venientem
1508 4496 1567 4547 in
1624 4493 1911 4548 mundum.
1972 4493 2104 4563 Ipse

450 4579 607 4634 enim
641 4586 732 4635 est
759 4580 858 4635 tua:
885 4598 1014 4635 vera
1043 4583 1141 4655 (Ις).

516 4670 565 4724 9.
594 4671 884 4725 Czeterum
910 4676 1153 4743 propter
1200 4670 1557 4727 immensam
1618 4687 1787 4727 suam
1832 4668 2098 4741 benigni-

443 4763 625 4816 tatem
647 4776 857 4832 passus
889 4776 1126 4830 quoque
1158 4765 1250 4815 est
1269 4777 1446 4815 carne
1481 4760 1737 4832 propria.
1773 4761 1904 4832 Ipse
1933 4758 2095 4813 enim

2012 340 2376 402 ADDEND‘A.

464 477 686 533 versari
718 462 960 551 poterit,
991 486 1061 533 ac
1091 477 1238 549 quin
1267 452 1469 531 tamen
1520 471 1875 545 mysterium
1896 469 2119 527 edisse-

2239 464 2580 542 ἰκπΑαγῆναι
2653 464 2745 521 καὶ

3750 346 3884 407 me

2858 470 3183 539 προσκυνεῖν
3281 466 3346 522 τὸ
3447 466 3594 524 θεῖον
3677 470 3880 541 μυστή-

2239 575 2380 631 ριον.

2310 647 2371 717 ζ’.
2401 647 2463 704 Ὀ
2496 647 2589 700 οὖν
2622 647 2747 708 Υἱὸς
2773 649 2871 701 τοῦ
2903 650 3038 702 Θεοῦ
3098 646 3126 700 ὁ
3181 645 3480 722 ἀχώρητος
3518 646 3769 715 εἰσῆλθεν
3815 648 3888 712 εἰς

2233 735 2333 803 τὴν
2361 735 2518 810 ἁγίαν
2554 735 2845 809 Παρθένον,
2889 735 2980 789 καί
3011 730 3310 790 ἐπελάϐετο
3341 734 3403 790 ἐκ
3428 742 3528 804 τῆς
3562 736 3771 813 φύσεως
3792 743 3885 807 τῆς

2237 825 2434 899 σαρκὸς
2458 824 2653 892 αὐτῆς,
2686 822 2777 879 καὶ
2807 825 2990 894 ἢνωσε
3014 826 3081 897 τῇ
3113 820 3225 895 ἰδίᾳ
3276 830 3381 893 τῆς
3438 823 3697 895 θεότητος
3758 825 3887 882 ὑπο·-

2235 917 2414 967 στάσει
2448 913 2619 987 σάρκα
2640 912 2739 981 τὴν
2769 915 2909 985 ἡμῖν
2941 912 3268 984 ὁμοούσιον,
3300 910 3555 987 ἔμψυχόν
3576 933 3637 968 τε
3692 913 3782 971 καὶ
3810 910 3887 971 ἔν-

2233 1021 2383 1071 νουν,
2419 1002 2495 1065 ὡς
2528 1000 2689 1064 αὐτὸς
2753 1002 2918 1075 μόνος
2977 999 3113 1058 οἶδε.
3177 1005 3447 1074 Ηροεῖπον
3477 1001 3579 1078 γὰρ
3624 1003 3710 1057 ὅτι
3768 1002 3889 1059 οὕτε

2232 1094 2353 1154 νοῦς
2402 1087 2799 1147 καταλαϐέσθαι
2854 1090 3060 1166 ΐσχύει,
3115 1089 3240 1147 οὕτε
3298 1088 3468 1166 λόγος
3550 1092 3884 1167 παραστῆσαι

2235 1177 2477 1250 δύναται,
2512 1179 2635 1236 οὔτε
2664 1177 2875 1259 ὀφείλει
2907 1179 3192 1254 ἃνθρωπος
3251 1179 3598 1258 φυσιολογεῖν
3647 1180 3713 1235 τὸ
3741 1178 3884 1251 ἀνεξ-

2237 1271 2513 1345 ιχνίαστον
2569 1271 2658 1325 καὶ
2720 1268 3131 1345 ἀνεξερεύνητον
3183 1272 3434 1345 πρᾶγμα.
3496 1270 3739 1334 Ένώσας
3794 1269 3882 1325 οὗν

2235 1359 2409 1430 ἑαυτῷ
2434 1361 2534 1428 τήν
2586 1358 2637 1429 ἐξ
2693 1357 2861 1428 αὐτῆς
2914 1358 3213 1436 ληφθεῖσαν
3273 1358 3455 1434 φύσιν,
3485 1358 3638 1429 ηὕξει
3668 1360 3699 1413 ὁ
3731 1357 3886 1414 ἀναυ-

2235 1449 2332 1518 ξής
2363 1448 2484 1509 Υἱὸς
2512 1452 2615 1502 τοῦ
2644 1452 2780 1502 Θεοῦ
2808 1451 2878 1522 τῇ
2910 1444 3026 1518 ῒδίᾳ
3055 1447 3236 1523 σαρκὶ,
3294 1445 3678 1522 ἐμψυχωμένῃ
3737 1446 3883 1521 ψυχῇ

2234 1536 2435 1612 λογικῇ
2461 1558 2519 1591 τε
2543 1536 2632 1591 καὶ
2664 1540 2846 1612 νοερᾷ.
2882 1536 2984 1592 Καὶ
3021 1538 3097 1609 μὴ
3155 1536 3385 1610 τραπεὶς
3414 1537 3442 1591 ὁ
3470 1536 3593 1599 Υἱὸς
3626 1539 3731 1590 τοῦ
3759 1538 3885 1590 Θεοῦ

2235 1626 2367 1701 ὅπερ
2396 1628 2484 1696 ἧν,
2518 1626 2725 1702 ἐγένετο
2789 1624 2987 1701 βρέφος
3046 1623 3097 1679 έν
3156 1628 3226 1699 τῇ
3279 1623 3467 1697 κοιλίᾳ
3522 1631 3623 1694 τῆς
3658 1622 3882 1699 μητρός·

2236 1718 2338 1773 Καὶ
2395 1714 2723 1785 ἀπετελέσθη
2784 1713 2978 1777 ἓνωσις
3038 1712 3345 1790 ἀδιαίρετος
3401 1716 3494 1771 καὶ
3580 1715 3885 1790 ἀσύγχυτος

2236 1806 2493 1875 θεότητός
2521 1826 2581 1859 τε
2607 1804 2697 1860 καὶ
2729 1803 3174 1879 ἀνθρωπότητος’
3224 1805 3317 1859 καὶ
3349 1803 3475 1859 ῑδοὺ
3525 1804 3554 1859 ὁ
3599 1804 3885 1875 ἀσωματος

2233 1894 2321 1948 καὶ
2349 1895 2716 1973 ἀψηλάφητος
2749 1894 3142 1966 σεσωμάτωται
3172 1895 3265 1948 καὶ
3311 1893 3656 1971 ψηλαφᾶταισ
3716 1892 3805 1948 καὶ
3856 1892 3882 1947 ὁ

2236 1984 2341 2056 πρὸ
2372 1986 2584 2039 πάντων
2615 1988 2723 2039 τῶν
2784 1982 2998 2037 αἰώνων
3057 1982 3117 2037 ἐκ
3165 1988 3263 2038 τοῦ
3320 1984 3534 2058 Ματρὸς
3584 1982 3880 2058 γεννηθεὶς,

2236 2070 2355 2127 ἰδοὺ
2387 2072 2547 2135 αὐτὸς
2576 2072 2666 2129 καὶ
2711 2071 2771 2128 ἐκ
2799 2074 2900 2137 τῆς
2958 2070 3113 2146 ἁγίας
3144 2072 3417 2144 Παρθένου
3475 2071 3881 2145 σεσαρκωμένος

2234 2166 2506 2237 γεννᾶται·
2540 2162 2630 2217 καὶ
2652 2163 2683 2216 ὁ
2719 2162 2828 2217 τῶν
2860 2160 3086 2216 κόλπων
3116 2164 3227 2216 τῶν
3258 2166 3537 2235 πατρικῶν
3574 2162 3657 2234 μή
3715 2180 3883 2236 χωρι-

2235 2251 2403 2317 σθεὶς,
2451 2251 2541 2306 καὶ
2594 2252 2661 2307 τὰ
2708 2251 2993 2325 σύμπαντα
3042 2254 3111 2325 τῇ
3171 2248 3394 2324 δυνάμει
3471 2257 3576 2321 τῆς
3637 2250 3882 2321 θεότητος

2235 2341 2505 2415 συνέχων,
2535 2343 2625 2396 καί
2676 2342 2787 2396 τῶν
2816 2340 3030 2396 πάντων
3084 2343 3155 2415 τῇ
3210 2344 3700 2415 παντοκρατορικῇ
3728 2336 3880 2395 δυνά·

2238 2449 2327 2501 μει
2356 2426 2875 2504 περιδραττόμενος,
2909 2430 2936 2483 ὁ
2969 2428 3132 2491 αὐτὸς
3190 2427 3620 2504 ἔνανθρωπήσας
3678 2428 3741 2483 ἐκ
3791 2435 3881 2498 τῆς

2233 2517 2386 2593 ἁγίας
2420 2516 2693 2593 Παρθένου
2722 2518 2811 2573 καὶ
2858 2516 3157 2594 γεννηθεὶς,
3212 2523 3389 2573 κεῖται
3436 2518 3490 2572 ἐν
3541 2519 3721 2595 φάτνῃ
3772 2538 3883 2572 παι·

2234 2602 2350 2661 δίον
2382 2605 2900 2683 ἐσπαργανωμένον,
2930 2614 3030 2678 τῆς
3074 2606 3227 2682 ἁγίας
3280 2606 3559 2684 Παρθένου
3624 2605 3880 2683 παρθένου

2235 2696 2629 2768 μεινάσης.Τᾶ
2684 2698 2786 2773 γὰρ
2848 2701 2968 2760 θεῖα
3020 2697 3248 2751 τοιαῦτά
3288 2694 3426 2753 ἐστι.
3456 2697 3665 2771 ’Ὠσπερ
3695 2698 3796 2773 γὰρ
3847 2698 3877 2766 ἡ

2232 2783 2427 2848 ἓνωσις
2446 2792 2549 2855 τῆς
2579 2786 2778 2861 σαρκὸς
2826 2785 2918 2840 καὶ
2975 2790 3079 2854 τῆς
3137 2786 3399 2857 θεότητος
3442 2787 3875 2861 ἀνεξερεύνητος,

2231 2874 2374 2929 οὕτω
2404 2876 2493 2930 καὶ
2525 2877 2560 2945 ἡ
2590 2876 2864 2951 γέννησις.
2901 2872 3169 2945 Έδυνήθη
3204 2876 3310 2950 γὰρ
3342 2877 3371 2931 ὁ
3431 2875 3574 2937 θεῖος
3628 2876 3795 2952 Λόγος
3849 2875 3874 2930 ὁ

2228 2961 2652 3038 παντοδύναμος
2678 2964 2816 3019 κατὰ
2874 2962 3137 3034 ἀληθειαν
3194 2967 3549 3040 σαρκωῦἧναι
3606 2966 3697 3020 καὶ
3734 2964 3872 3020 ἐναν-

2230 3055 2518 3126 θρωπῆσαι
2546 3054 2600 3111 ἑν
2630 3057 2699 3128 τῇ
2732 3054 3020 3129 Δεσποίνῃ,
3045 3055 3138 3109 καὶ
3187 3054 3517 3130 γεννηθῆναὶ
3574 3054 3631 3128 ἐξ
3690 3055 3863 3124 αὐτῆς,

2228 3144 2319 3199 καὶ
2348 3146 2448 3214 τήν
2478 3144 2767 3220 παρθενίαν
2800 3144 3240 3222 ἑσφραγισμένην
3303 3143 3649 3220 διαφυλάξαι,
3698 3144 3860 3219 ὥσπερ

2149 3211 2191 3277 C
2230 3234 2326 3288 οὖν
2350 3211 2543 3307 ἀμέλει
2557 3211 2661 3290 ’καὶ
2690 3239 2800 3290 τῶν
3045 3211 3449 3309 κεκλεισμένων
3480 3211 3610 3309 ἔστη
3637 3211 3698 3292 ’ἐν
3732 3211 3867 3309 μέσῷ

2224 3326 2331 3378 τῶν
2369 3328 2653 3398 μαθητῶν.

2295 3506 2366 3573 η’.
2402 3505 2501 3559 Διά
2544 3509 2709 3561 τοῦτο
2764 3507 2800 3575 ἡ
2861 3504 2988 3582 ἁγία
3039 3505 3129 3562 καὶ
3181 3503 3526 3578 ἀποστολική
3586 3503 3879 3576 Ἐκκλησία

2222 3613 2395 3649 παντα
2425 3595 2692 3657 εὐπειθῶς
2722 3596 2790 3650 τὰ
2844 3597 2961 3653 θεῖα
3018 3594 3375 3669 ἀποδέχεται,
3420 3597 3597 3654 πάντα
3650 3600 3881 3672 πιστῶς,

2221 3686 2396 3741 πάντα
2426 3684 2949 3763 ἀπολυπραγμόνως
2995 3684 3141 3745 σέϐει
3192 3689 3285 3745 καὶ
3334 3694 3633 3766 προσκυνεῖ
3674 3691 3768 3745 καὶ
3798 3711 3875 3745 τι·

2223 3779 2316 3845 μᾷ.
2351 3775 2525 3838 Αὐτὸς
2555 3773 2647 3830 οὖν
2680 3774 2709 3830 ὀ
2740 3776 2867 3838 Υἱὸς
2898 3780 3035 3833 Θεοῦ
3067 3778 3095 3832 ὀ
3140 3777 3404 3849 ἀληθινὸς
3460 3778 3618 3849 Θεὸς,
3652 3776 3749 3834 διὰ
3775 3781 3871 3849 τήν

2216 3865 2489 3943 ἡμετέραν
2520 3864 2793 3938 σωτηρίαν
2854 3864 3070 3921 παιδίον
3125 3868 3429 3944 γεννηθεὶς,
3488 3868 3665 3939 αὔξειν
3717 3867 3876 3943 λέγερ

2213 3973 2301 4008 ται
2326 3957 2394 4027 τῇ
2430 3951 2543 4027 ῗδίᾳ
2570 3954 2752 4024 σαργὶ,
2776 3955 2844 4010 τὰ
2871 3954 3117 4032 ἡμέτερα
3157 3952 3535 4031 οἰκειούμενος
3560 3953 3877 4027 ἆδιάϐλητα

2213 4044 2383 4114 πάθη,
2441 4043 2529 4098 καὶ
2586 4043 2917 4119 προκόπτειν
2980 4045 3144 4124 σοφίᾳ
3218 4047 3309 4102 καὶ
3364 4045 3562 4119 ἡλικίᾳ
3625 4044 3723 4103 διὰ
3773 4049 3873 4117 τήν

2211 4132 2350 4187 κατὰ
2382 4132 2546 4205 μέρος
2588 4130 2881 4205 ἀνάδειξιν,
2941 4135 3093 4198 ὃπως
3153 4133 3299 4212 δείξῃ
3340 4137 3544 4212 κυρίως
3588 4137 3683 4193 καὶ
3743 4136 3876 4193 κατὰ

2211 4221 2467 4293 ἂλήθειαν
2492 4223 2622 4277 εἶναι
2668 4224 2768 4292 τὴν
2829 4223 3264 4301 ὲνανθρώπησιν.
3326 4228 3433 4283 Καὶ
3484 4232 3662 4299 κοπᾷν
3723 4227 3878 4303 λέγε-

2206 4331 2318 4381 ται,
2349 4311 2441 4366 καὶ
2463 4314 2656 4381 πεινῆν
2684 4312 2774 4367 καὶ
2821 4310 3004 4388 διψῇν,
3052 4314 3143 4370 καὶ
3202 4320 3319 4379 τοῖς
3377 4316 3698 4392 ἀνθρώποις
3748 4339 3871 4374 συν-

2208 4408 2636 4478 αναστραφῆναι,
2723 4399 2936 4474 διδάξαι
3032 4406 3124 4460 καὶ
3212 4405 3454 4482 φωτίσας
3529 4407 3710 4463 πάντα
3783 4408 3872 4463 ἆν-

2208 4490 2428 4564 Θρωπον
2458 4486 2766 4565 ἐρχόμενον
2801 4491 2880 4557 εἰς
2942 4494 3034 4549 τὸν
3095 4493 3536 4568 κόσμον.Αὗτὸς
3595 4499 3703 4574 γάρ
3761 4496 3868 4553 ἐστι

2133 4586 2178 4648 υ
2205 4579 2269 4632 τὸ
2291 4582 2407 4655 φῶς
2434 4579 2496 4633 τὸ
2525 4578 2811 4647 ἀληθινόν.

2275 4668 2351 4723 0‘.
2383 4667 2592 4721 Λοιπὸν
2624 4664 2683 4722 δὶ
2727 4664 2815 4722 διὰ
2872 4671 2970 4741 τὴν
3023 4668 3256 4747 ἄμετρον
3317 4672 3480 4729 αὐτοῦ
3539 4671 3868 4750 φιλανθρω-

2204 4754 2328 4810 πίαν
2350 4756 2441 4810 καὶ
2474 4750 2637 4819 ἔπαθε
2663 4760 2733 4830 τῇ
2766 4754 2880 4828 ἰδίᾳ
2925 4760 3104 4833 σαρκί.
3168 4759 3337 4823 Λῦτὸς
3398 4760 3503 4837 γὰρ
3566 4761 3595 4817 ὁ
3655 4762 3867 4839 Κύριος

440 4847 728 4906 Dominus
759 4848 961 4921 gloriae
994 4854 1236 4921 propter
1266 4865 1374 4905 nos
1396 4849 1714 4905 cruciﬁxus
1733 4855 1823 4905 est
1842 4863 2095 4920 vereque

2232 4849 2304 4915 ἧς
2331 4840 2493 4915 δόξης
2520 4844 2650 4919 ὑπὲρ
2683 4847 2849 4919 ἡμῶν
2874 4847 3219 4924 ἐσταυρώθη,
3244 4851 3337 4906 καὶ
3381 4852 3583 4928 πάσχει
3614 4850 3866 4924 ἀληθῶς.

440 4954 670 5010 passus.
713 4937 941 4994 Patitur
973 4956 1148 5010 porro
1182 4954 1301 4994 non
1355 4938 1681 5006 divinitate,
1752 4938 1855 4994 sed
1915 4953 2095 4993 carne

2232 4934 2411 5010 Ιάσχει
2440 4935 2546 5009 γὰρ
2579 4937 2732 5009 αὑτῇ
2775 4932 2993 5006 θεότητι
3047 4938 3195 4995 ἀλλά
3239 4945 3309 5013 τῇ
3350 4939 3677 5017 ἀδιαιρέτως
3738 4964 3868 5000 συν-

436 5027 678 5100 prOpria
706 5027 1188 5099 inseparabiliter
1219 5027 1332 5082 sibi
1388 5027 1669 5099 adaptata
1723 5028 2091 5100 praeditaque

2232 5023 2427 5101 ίφθείσῃ
2461 5022 2609 5096 αὐτῷ
2645 5022 2759 5096 ἰδίᾳ
2790 5028 2949 5103 σαρκί
3000 5025 3409 5106 έμψυχωμένῃ,
3464 5033 3554 5088 καὶ
3619 5033 3870 5104 ἀποθνή-

436 5118 639 5172 anima
661 5117 941 5172 rationali
978 5134 990 5172 :
1019 5117 1275 5172 moritur
1302 5123 1529 5188 autem,
1563 5124 1837 5190 separata
1893 5116 2094 5173 videli-

2232 5134 2338 5183 κει,
2367 5118 2471 5184 τῆς
2496 5112 2681 5187 ψυχῆς
2714 5110 2973 5185 δηλονότι
3001 5120 3372 5193 χωρισθείσης
3426 5125 3526 5176 τοῦ
3579 5122 3864 5196 σώματος.

433 5210 526 5260 cet
557 5206 759 5262 anima
787 5222 820 5261 a
850 5223 1116 5278 corpore.
1150 5207 1434 5262 Divinitas
1492 5223 1752 5281 namque
1784 5210 2092 5281 insepara-

2232 5204 2262 5261 Π
2293 5203 2396 5281 γὰρ
2429 5201 2621 5274 θεότης
2657 5200 2967 5279 ἀδιαίρετος
3000 5207 3089 5262 καὶ
3120 5208 3432 5284 ἀσύγχυτος
3463 5210 3555 5265 καὶ
3598 5215 3668 5286 τῇ
3698 5214 3865 5287 ψυχῇ

429 5293 568 5349 bilis
598 5301 656 5350 et
677 5295 990 5351 inconfusa
1022 5299 1357 5368 animaeque
1390 5297 1561 5353 unita
1593 5304 1721 5354 erat
1752 5305 1928 5371 atque
1957 5315 2090 5354 cor-

2232 5291 2457 5366 νωμένη
2490 5292 2557 5361 ἧν
2591 5293 2682 5347 καὶ
2708 5298 2790 5365 τῷ
2839 5295 3075 5368 σώματι.
3141 5298 3425 5367 Κατῆλθεν
3487 5299 3582 5359 οὖν
3640 5301 3667 5356 ὀ
3730 5302 3864 5363 Υἱὸς

427 5383 577 5455 pori.
613 5383 933 5438 Descendit
981 5401 1116 5458 ergo
1177 5385 1277 5439 Dei
1338 5384 1522 5442 Filius
1575 5387 1788 5460 spiritu
1847 5403 1953 5441 suo
2012 5385 2086 5442 ad

2232 5384 2290 5436 οὗ
2320 5384 2456 5437 Θεοῦ
2483 5383 2554 5455 τῇ
2586 5378 2700 5453 ἰδίᾳ
2729 5384 2886 5459 ψυχῇ
2940 5386 3077 5459 πρὸς
3127 5388 3226 5450 τὰς
3269 5391 3378 5442 τῶν
3419 5389 3591 5464 ἁγίων
3650 5390 3863 5465 ψυχὰς,

425 5473 767 5525 sanctorum
823 5470 1088 5543 spiritus,
1147 5489 1508 5545 rursumque
1585 5473 1866 5540 surrexit,
1915 5474 2086 5530 unita

2232 5470 2283 5526 αὶ
2311 5466 2480 5525 πάλιν
2513 5468 2732 5542 ἀνέστη,
2764 5478 2869 5543 τῆς
2896 5475 3084 5550 ψυχῆς
3128 5474 3421 5549 ἰνωθείσης
3477 5482 3557 5551 τῷ
3615 5476 3862 5552 σώματι.

494 5681 570 5755 (Ιι)
599 5684 739 5741 Luc.
770 5701 832 5757 ιι,
855 5686 946 5741 52.
978 5684 1047 5758 (ί)
1077 5684 1309 5741 Baruch
1340 5702 1419 5755 ιιι,
1451 5685 1541 5742 38.
1584 5686 1663 5760 (Ιι)
1686 5685 1855 5742 Joan.
1888 5703 1932 5759 ι,
1963 5690 2017 5744 9.
