4120 6374
315 363 454 421 1357

1533 367 1917 422 ADVERSUS
1953 364 2512 425 ICONOCLABTAS.

3610 373 3749 430 1358

312 488 541 557 Ἀνέστη
601 487 694 542 οὗν
745 486 772 540 6
821 485 984 545 αὐτὸς
1047 488 1348 560 μονογενὴς
1406 490 1530 552 Υἱὸς
1587 493 1684 544 τοῦ
1739 493 1874 543 Θεοῦ
1903 491 1970 561 τῇ

2096 492 2320 561 corpori
2353 493 2571 548 anima.
2605 495 2952 550 Resurrexit
2979 500 3180 552 autem
3210 496 3368 553 idem
3400 499 3743 571 unigenitus

314 575 428 647 ἱδίᾳ
476 574 722 648 δυνάμει·
785 575 1068 647 Ἐξουσίαν
1127 577 1232 650 γὰρ
1289 575 1428 652 ἔχω,
1491 578 1682 654 φησὶν,
1739 578 1842 644 τήν
1878 580 1978 648 ψυ-

316 669 426 741 χήν
480 686 585 737 μου
641 670 858 735 θεῖναι,
917 665 1005 718 καὶ
1068 662 1306 734 ἐξουσίαν
1367 665 1483 741 ἔχω
1542 666 1708 720 πάλιν
1787 660 1976 720 λαϐεῖν

319 756 511 823 αὐτὴν.

395 845 445 900 ι’.
499 844 762 904 ’ΔΛαστᾶς
817 842 995 897 τοίνυν
1040 843 1068 896 6
1099 842 1222 904 Υἱὸς
1281 848 1382 898 τοῦ
1443 848 1581 898 Θεοῦ
1639 842 1699 898 ἐκ
1749 863 1977 917 νεκρων.

320 937 389 1007 τῇ
425 931 538 1004 ἰδίᾳ
596 932 1003 1007 ἐνανθρωπήσει
1063 932 1344 1010 ἀνελήφθη
1406 933 1482 996 εἷς
1512 933 1636 996 τοὺς
1689 931 1977 1005 οὺρανούς.

320 1026 380 1077 Ὀ
433 1025 497 1079 τὸ
554 1025 682 1098 πρὶν
744 1025 1057 1095 ἀσώματος,
1118 1028 1211 1076 νῦν
1250 1025 1278 1077 6
1334 1023 1491 1084 αὐτὸς
1543 1022 1977 1098 σεσαρκωμένος-

322 1115 350 1168 6
380 1114 442 1168 16
472 1113 598 1186 πρὶν
661 1110 897 1179 ἁπλοῦς,
932 1116 1024 1165 νῦν
1057 1113 1084 1167 6
1115 1114 1278 1174 αὐτὸς
1332 1112 1606 1179 σύνθετος,
1650 1113 1780 1172 Θεὸς
1837 1113 1980 1183 ὁμοῦ

319 1202 408 1256 καὶ
459 1200 766 1275 ἄνθρωπος.
822 1200 987 1258 Μὲνει
1045 1201 1144 1274 γὰρ
1203 1201 1256 1255 ἐν
1307 1202 1455 1273 αὐτῷ
1503 1203 1655 1270 καὶή
1689 1201 1846 1277 φύσις
1877 1207 1976 1268 τῆς

317 1292 598 1361 θεότητος·
633 1291 724 1346 καὶ
756 1291 784 1344 6
813 1292 875 1346 16
908 1290 1038 1365 πρὶν
1096 1289 1306 1352 ἁπλοῦς
1340 1289 1412 1346 ὢν
1463 1292 1552 1345 καὶ
1586 1293 1663 1352 εἷς
1691 1298 1791 1360 τῆς
1821 1290 1978 1363 ἁγίας

311 1377 572 1454 Τριάδος,
603 1382 694 1433 καὶ
735 1383 825 1433 νῦν
862 1381 890 1432 6
921 1379 1081 1441 αὐτὸς
1117 1381 1189 1440 εἷς
1243 1379 1352 1434 ἐστι
1409 1388 1510 1449 τῆς
1567 1379 1720 1452 ἁγίας
1747 1376 1978 1454 Τριάδος

312 1469 774 1543 σεσαρκωμὲνος,
837 1469 926 1523 καὶ
987 1466 1456 1541 ἐνανθρωπήσας,
1522 1469 1618 1522 Καὶ
1689 1467 1820 1542 ὅπερ
1880 1466 1978 1521 οὐκ

311 1555 585 1628 ἠδύναντο
616 1558 789 1612 πάσαι
819 1559 874 1611 αἱ
909 1557 1155 1632 οὐράνιαι
1215 1555 1472 1630 δυναμεις
1531 1559 1824 1628 θεωρῆσαι·
1857 1555 1978 1610 θεό-

313 1667 458 1716 τητα
487 1647 589 1721 γὰρ
643 1653 744 1714 τῆς
773 1654 1160 1717 προσκυνητῆς
1188 1644 1422 1719 Τριάδος
1481 1643 1612 1700 ἰδεῖν
1663 1643 1843 1705 οὐδεὶς
1883 1643 1978 1698 δύ-

314 1754 492 1790 ναται·
525 1739 617 1787 νῦν
666 1736 757 1790 τὸν
816 1731 909 1789 ἕνα
965 1742 1063 1803 τῆς
1111 1734 1263 1807 ἁγίας
1295 1732 1544 1810 Τριάδος,
1579 1734 1670 1788 τὸν
1706 1740 1972 1808 μονογενῆ

2090 580 2271 634 Filius
2311 583 2408 635 Dei
2439 583 2652 638 virtute
2684 586 2958 655 prOpria:
2995 589 3322 641 Potestatem
3365 590 3508 642 enim
3549 590 3742 657 habeo,

2092 669 2308 739 inquit,
2353 671 2598 726 animam
2641 691 2812 728 meam
2854 691 3083 744 ponere,
3115 683 3166 730 et
3193 683 3522 746 potestatem
3569 678 3740 732 habeo

2089 761 2288 814 iterum
2319 776 2528 816 sumere
2558 763 2713 816 illam
2735 764 2824 834 (1),

2163 850 2246 903 10.
2292 849 2435 903 Cum
2486 850 2665 921 igitur
2717 853 3076 907 surrexisset
3123 853 3306 908 Filius
3335 855 3434 909 Dei
3469 872 3538 909 ex
3575 872 3744 909 mor-

2089 936 2226 1001 tuis,
2269 938 2498 993 ratione
2554 956 2674 994 sua)
2726 941 3116 997 humanitatis
3157 950 3500 1014 assumptus
3555 951 3644 998 est
3682 944 3743 999 in

2088 1025 2288 1080 caelos.
2322 1028 2375 1080 Is
2407 1044 2622 1099 nempe
2653 1031 2752 1098 qui
2789 1032 2954 1100 prius
2992 1038 3118 1085 erat
3141 1033 3546 1103 incorporeus,
3585 1050 3743 1088 nunc

2089 1113 2245 1168 idem
2281 1116 2406 1186 ipse
2438 1133 2572 1171 caro
2616 1118 2826 1174 factus.
2860 1121 2969 1184 Qui
3031 1121 3194 1190 prius
3249 1121 3520 1192 simplex,
3583 1139 3744 1177 nunc

2087 1202 2244 1258 idem
2275 1205 2400 1276 ipse
2433 1209 2820 1278 compositus,
2846 1211 3000 1264 Deus
3033 1211 3211 1264 simul
3246 1217 3303 1264 et
3325 1211 3522 1265 homo.
3550 1213 3748 1266 Manet

2087 1292 2247 1346 enim
2277 1293 2339 1346 in
2379 1293 2482 1347 illo
2523 1300 2736 1350 natura
2785 1297 2965 1351 etiam
3021 1296 3347 1352 divinitatis
3383 1315 3395 1352 :
3447 1305 3505 1351 et
3560 1300 3610 1354 is
3642 1299 3743 1370 qui

2086 1380 2252 1450 prius
2275 1381 2528 1452 simplex
2571 1389 2697 1438 erat
2741 1401 3016 1456 unusque
3061 1385 3132 1440 de
3179 1391 3385 1441 sancta
3434 1388 3740 1454 Trinitate,

2085 1483 2244 1523 nunc
2275 1469 2454 1525 etiam
2492 1471 2649 1526 idem
2709 1474 2834 1544 ipse
2889 1491 3044 1528 unus
3100 1475 3172 1528 de
3231 1482 3433 1529 sancta
3459 1476 3744 1530 Trinitate

2087 1563 2178 1611 est
2207 1558 2570 1627 incarnatus,
2596 1567 2654 1615 et
2685 1561 2874 1616 factus
2915 1563 3114 1618 homo.
3149 1563 3434 1634 Quodque
3485 1580 3603 1617 non
3639 1581 3745 1634 po-

2087 1651 2283 1700 terant
2318 1665 2527 1704 omnes
2558 1650 2828 1705 cmlestes
2859 1651 3106 1705 virtutes
3158 1651 3451 1721 speculari
3485 1669 3496 1717 ;
3536 1652 3746 1706 divini-

2087 1740 2268 1789 tatem
2301 1737 2459 1791 enim
2488 1737 2806 1793 adoranda:
2837 1740 3142 1794 Trinitatis
3172 1740 3368 1794 videre
3403 1757 3578 1794 nemo
3629 1757 3743 1811 po-

318 1825 444 1878 Υἱὸν
476 1827 573 1878 τοῦ
610 1828 743 1878 Θεοῦ
778 1821 1038 1897 βλέπουσι
1069 1825 1206 1877 κατὰ
1262 1824 1354 1877 τὸν
1409 1825 1726 1897 φαινόμενον
1761 1824 1976 1897 ἄνθρω-

2096 1828 2237 1890 test;
2273 1841 2430 1880 nunc
2462 1843 2645 1882 unum
2677 1827 2749 1882 de
2783 1834 2989 1883 sancta
3018 1829 3302 1883 Trinitate
3362 1829 3734 1901 unigenitum

319 1932 449 1978 πον,
479 1911 782 1972 ἐννοοῦντες
837 1913 900 1966 τὸ
931 1912 1297 1986 απερίγραφον
1354 1919 1454 1981 τῆς
1486 1912 1654 1966 αὐτοῦ
1699 1911 1978 1979 θεότητος.

319 2003 496 2056 Τοῦτο
551 2002 655 2074 γὰρ
716 1999 856 2054 ἐστιν
890 2001 918 2054 ὃ
949 2003 1095 2054 εἶπεν
1140 2002 1168 2054 ὁ
1201 2020 1463 2072 μακάριος
1519 2000 1752 2061 Ηαῦλος.
1802 2001 1978 2073 meo“

313 2087 592 2166 ἀγγέλοις.
656 2085 1037 2164 υρρσελάϐετο
1093 2089 1272 2142 τοίνυν
1314 2089 1344 2144 ὃ
1377 2090 1479 2144 οὐκ
1535 2089 1674 2163 εἶχε,
1715 2089 1806 2143 καὶ
1839 2084 1976 2163 ἔχει,

314 2177 463 2254 λέγω
496 2175 564 2246 δή
597 2178 699 2246 τήν
731 2177 1002 2253 ἡμετέραν
1053 2179 1237 2254 φύσιν,
1296 2177 1371 2239 εἰς
1434 2177 1636 2240 αἰῶνας
1677 2183 1786 2232 τῶν
1843 2177 1978 2232 αίώο

309 2288 422 2321 νων
460 2313 473 2324 ,
539 2267 638 2320 Καὶ
695 2265 863 2320 πάλιν
899 2285 914 2298 ⁸
992 2266 1332 2342 Ἐρχόμενον
1386 2269 1521 2339 μετὰ
1579 2265 1740 2336 δόξης
1799 2271 1983 2341 κρῖναι

310 2359 522 2424 ζῶντας
552 2355 641 2408 καὶ
688 2353 930 2428 νεκροὺς,
990 2353 1116 2424 ἤτοι
1178 2352 1420 2416 δικαίους
1469 2355 1558 2409 καὶ
1592 2353 1978 2430 ἁμαρτωλούς.

306 2445 453 2506 Τοὺς
519 2447 612 2517 μὶν
672 2449 877 2518 κρῖναι,
937 2445 1051 2499 ἀντὶ
1095 2449 1192 2500 τοῦ
1237 2444 1544 2514 δικαιῶσαι,
1579 2443 1668 2500 διὰ
1720 2447 1789 2500 τά
1839 2444 1984 2500 καλὰ

307 2535 492 2589 αὐτῶν
551 2532 704 2608 ἔργα,
762 2533 892 2596 τοὺς
946 2532 1002 2589 δὲ
1058 2540 1378 2608 κατακρῖναι
1429 2533 1518 2588 διὰ
1573 2535 1675 2602 τήν
1729 2533 1979 2588 ἀπιστίαν

314 2623 524 2692 αὐτῶν,
557 2624 647 2677 καὶ
677 2623 773 2684 τὰς
799 2625 898 2691 τῆς
928 2622 1116 2684 κακίας
1148 2621 1324 2676 αὐτῶν
1356 2621 1599 2697 πράξεις.

403 2891 486 2946 ια’.
523 2887 772 2944 Διδάσκει
805 2891 954 2960 ἡμᾶς
1002 2889 1065 2943 τὸ
1114 2884 1395 2961 σύμϐολον
1440 2888 1733 2944 πιστεύεινο
1769 2889 1867 2946 Καὶ
1900 2887 1978 2951 εἷς

323 2979 454 3053 μίαν
514 2979 666 3054 ἁγίαν
732 2975 1034 3046 καθολικὴν
1091 2977 1181 3032 καὶ
1257 2977 1628 3046 ἁποστολικήν
1696 2981 1794 3032 τοῦ
1843 2981 1981 3032 Θεοῦ

327 3071 690 3138 Ἐκκλησίαν.
752 3068 832 3125 Οὐ
891 3065 1110 3122 δύναται
1161 3066 1459 3137 Ἐκκλησία
1498 3070 1533 3136 ἠ
1565 3065 1840 3135 καθολικὴ
1880 3068 1982 3138 μό-

313 3179 411 3214 νον
478 3159 745 3233 ὑπάρχειν
827 3155 1164 3227 ἀποστολική
1200 3203 1212 3214 .
1270 3159 1332 3214 ἸΙ
1387 3156 1487 3230 γὰρ
1565 3155 1981 3229 παντοδύναμος

315 3247 534 3321 ἐξουσία
593 3255 693 3318 τῆς
747 3248 1011 3326 κεφαλῆς,
1071 3250 1192 3317 ἣτις
1248 3247 1388 3302 ἐστίν
1425 3248 1734 3317 όΧριστὸς,
1791 3247 1982 3322 ἴσχυσε

309 3337 406 3394 διὰ
461 3342 568 3394 τῶν
625 3337 948 3392 ἀποστόλων
1011 3339 1100 3392 τὸν
1177 3337 1417 3400 καθόλου
1489 3339 1697 3408 κόσμον
1762 3341 1978 3392 σῶσαι.

305 3429 501 3484 Ἔστιν
526 3425 618 3481 οὖν
647 3430 682 3495 ἡ
719 3427 841 3502 ἁγία
879 3432 978 3481 τοῦ
1034 3431 1173 3480 Θεοῦ
1233 3424 1502 3496 καθολιγή
1568 3425 1887 3496 Ἐκκλησία,
1919 3426 1983 3481 τὸ

312 3519 572 3587 σύστημα
616 3519 724 3568 τῶν
782 3516 872 3568 ἀπ’
930 3516 1126 3574 αἰῶνος
1185 3515 1353 3588 ἁγίων
1410 3514 1980 3590 [1ατέρων,πατριαρ-

319 3609 466 3680 χῶν,
523 3608 822 3680 προφητῶν
882 3602 1250 3670 ἀποστόλων,
1304 3603 1720 3678 εὖαγγελιστῶν,
1779 3603 1984 3676 μαρτύ-

328 3713 437 3766 ρων
495 3695 577 3754 οἷς
626 3692 922 3763 προσετέθη
985 3690 1339 3745 πιστεύσαντα
1413 3690 1763 3763 ὁμοθυμαδὸν
1810 3694 1983 3746 πάντα

326 3783 397 3836 τὰ
452 3777 601 3852 ἔθνη.
663 3782 961 3854 Ἐθεώρουν
1022 3782 1122 3856 γὰρ
1177 3779 1261 3834 ὅτι
1293 3779 1577 3842 ἐκπαντὸς
1624 3784 1814 3855 γένους
1870 3786 1979 3835 τῶν

318 3872 428 3927 ὑπὸ
472 3875 578 3926 τῶν
641 3870 885 3943 οὐρανῶν
946 3871 1035 3926 καὶ
1091 3873 1189 3939 την
1250 3870 1420 3937 αὐτὴν
1478 3875 1585 3924 τῶν
1646 3872 1980 3943 Χριστιανῶν

315 3961 501 4017 πίστιν
536 3959 780 4036 ἔχουσιν.
827 3963 988 4017 Ἀνευ
1046 3963 1145 4036 γὰρ
1197 3964 1294 4014 τοῦ
1354 3959 1512 4034 ἁγίου
1573 3961 1886 4032 Πνεῦματος
1918 3960 1981 4014 οὐ

320 4048 547 4105 δύναται
579 4047 866 4121 πάνδημον
911 4049 1001 4103 καὶ
1039 4047 1459 4122 μυριόγλωσσον
1513 4049 1788 4120 ἄθροισμα
1818 4047 1894 4108 εἷς
1928 4042 1980 4101 ἕν

307 4141 575 4216 φρόνημα
639 4141 739 4206 τῆς
792 4137 1170 4207 ἂληθεστάτης
1228 4137 1462 4200 πίστεως
1518 4137 1694 4191 ἐλθεῖν
1731 4181 1743 4193 .
1811 4135 1979 4191 Πάλιν

307 4229 415 4303 γὰρ
451 4229 617 4302 λέγω,
647 4227 734 4281 ὅτι
789 4227 1060 4294 καθολικὴ
1109 4228 1254 4300 παρᾶ
1281 4227 1443 4280 τοῦτό
1477 4226 1586 4280 ἐστί
1619 4247 1674 4280 τε
1702 4226 1793 4280 καὶ
1826 4225 1984 4298 λεγε-

307 4337 427 4386 ται,
460 4315 550 4372 διά
573 4318 635 4372 τὸ
665 4316 946 4372 ἀλλόκοτα
995 4317 1084 4371 καὶ
1124 4315 1443 4392 πολυσχιδῆ
1472 4318 1560 4372 καὶ
1615 4316 1776 4392 ἄγρια
1805 4317 1982 4385 πάσης

305 4411 418 4475 τῆς
476 4406 716 4479 ὑφηλίου
779 4405 1170 4480 μυριόγλωσσά
1197 4427 1254 4460 τε
1287 4406 1434 4474 ἔθνη,
1471 4405 1546 4467 εἷς
1609 4403 1734 4477 μίαν
1779 4402 1984 4480 ε’ίρηνι-

309 4495 418 4564 κήν
449 4495 538 4549 καὶ
573 4495 846 4571 σωτήριον
879 4493 1058 4548 πίστιν
1089 4514 1148 4548 τε
1178 4494 1267 4548 καὶ
1297 4493 1624 4568 θεογνωσίαν
1654 4494 1811 4550 εἶναι.

396 4674 489 4749 ιβ’.
524 4673 859 4746 Πιστεόομεν
917 4679 1205 4750 τοῖγαροῦν
1253 4673 1328 4737 εἷς
1389 4672 1514 4747 μίαν
1569 4674 1723 4749 ἁγίαν
1755 4673 1984 4738 καθολι-

319 4765 427 4831 κήν
452 4764 542 4817 καὶ
598 4761 972 4832 ἀποστολικὴν
1033 4768 1128 4818 τοῦ
1189 4767 1326 4819 Θεοῦ
1385 4763 1699 4832 Ἐκκησίαν,
1730 4761 1782 4817 ἐν
1882 4784 1984 4836 μα-

326 4854 659 4924 θητευθῆναι
716 4853 772 4908 ἐν
821 4855 889 4926 τῇ
947 4855 1278 4927 κατηχήσει.
1341 4852 1442 4909 Καὶ
1498 4853 1840 4926 γινώσκομεν
1876 4858 1984 4906 Πα-

321 4942 457 5016 τέρα
501 4944 594 4996 καὶ
651 4941 774 4996 Υἱὸν
804 4942 894 4996 καὶ
953 4942 1105 5018 ἅγιον
1169 4945 1412 5014 Πνεῦμα,
1468 4941 1559 4996 καὶ
1612 4941 1988 5016 βαπτιζόμεθα

322 5030 404 5090 εἰς
460 5031 523 5084 τὸ
583 5027 763 5102 ὄνομα
809 5036 906 5086 τοῦ
975 5031 1208 5107 Πατρὸς,
1251 5032 1341 5085 καὶ
1391 5035 1489 5085 τοῦ
1548 5031 1698 5100 Υἱοῦ,
1742 5033 1834 5085 καὶ
1889 5035 1986 5085 τοῦ

324 5117 485 5193 ἁγίου
547 5119 888 5190 Πνεύματος,
943 5123 1030 5176 καὶ
1093 5115 1586 5194 μεταλαμϐάνομεν
1649 5124 1750 5174 τοῦ
1808 5141 1990 5189 σωτη-

329 5207 456 5282 ρίου
502 5209 758 5281 σώματος
813 5211 898 5263 καὶ
961 5209 1190 5281 α’ίματος
1241 5214 1338 5264 τοῦ
1387 5211 1515 5263 Υἱοῦ
1566 5213 1664 5264 τοῦ
1695 5214 1849 5278 Θεοῦ,
1893 5213 1990 5264 τοῦ

332 5297 406 5351 δι’
437 5299 588 5370 ἡμᾶς
627 5301 695 5370 τῇ
754 5302 852 5352 τοῦ
910 5300 1120 5374 ῐῐατρὸς
1178 5297 1399 5370 εὐδοκία
1451 5298 1990 5374 ἐνανθρωπήσαντος,

322 5387 422 5443 καὶ
483 5386 820 5451 ἁπθανόντος
890 5388 1020 5462 ὑπὲρ
1103 5389 1263 5460 ἡμῶν
1301 5431 1313 5443 .
1378 5385 1735 5443 Λιδάσκεσθαι
1799 5385 1856 5442 δὲ
1903 5389 1991 5442 καὶ

330 5479 592 5554 πράττειν
618 5478 715 5540 τὰς
765 5475 913 5542 θείας
969 5476 1134 5533 αὐτοῦ
1189 5477 1279 5532 καὶ
1335 5475 1687 5553 εὒαγγελικᾶς
1741 5477 1996 5547 ἐντολὰς,

402 5699 466 5769 (ι)
495 5699 662 5754 Joan.
696 5716 752 5768 ι,
792 5699 874 5754 18.
919 5697 1062 5770 (m)I
1094 5696 1243 5752 Tim.
1278 5711 1363 5762 ιιι,
1401 5697 1486 5751 16.

2093 1913 2305 1967 Filium
2331 1915 2430 1968 Dei
2455 1916 3024 1987 continenturjuxta
3043 1917 3390 1972 sensibilem
3417 1919 3746 1986 hominem,

2091 2003 2290 2056 animo
2323 2004 2716 2075 imaginantes
2760 2007 3336 2077 incircumscriptam
3369 2007 3497 2076 ejus
3529 2006 3747 2060 divini-

2091 2095 2294 2147 tatem.
2321 2095 2437 2147 Hoc
2465 2094 2610 2148 illud
2645 2101 2734 2149 est
2762 2095 2920 2165 quod
2947 2096 3025 2149 ait
3049 2095 3258 2149 beatus
3291 2095 3540 2148 Paulus:
3584 2097 3741 2148 Visus

2091 2187 2167 2234 est
2197 2182 2405 2249 angelis
2436 2182 2538 2253 (m)
2572 2184 2908 2254 Assumpsit
2947 2200 3081 2255 ergo
3124 2183 3283 2253 quod
3307 2200 3425 2238 non
3458 2182 3736 2248 habebat,

2093 2275 2151 2324 et
2185 2270 2383 2339 habet,
2415 2278 2702 2339 nostram,
2751 2274 3020 2344 inquam,
3074 2280 3369 2339 naturam,
3405 2275 3464 2326 in
3522 2272 3740 2327 saacula

2094 2360 2468 2415 saeculorum.
2499 2363 2909 2432 Rursumque:
2951 2364 3252 2416 Venturum
3285 2379 3406 2416 cum
3437 2363 3618 2429 gloria
3639 2363 3743 2430 ju-

2092 2447 2282 2502 dicare
2327 2451 2476 2504 vivos
2505 2457 2557 2503 et
2603 2457 2866 2515 mortuos,
2921 2451 3042 2505 sive
3059 2451 3263 2522 ‘justos
3295 2456 3354 2504 et
3380 2456 3744 2522 peccatores.

2093 2539 2173 2592 Ac
2250 2537 2385 2592 illos
2460 2538 2702 2608 quidem
2770 2541 3050 2608 judicare,
3104 2540 3218 2594 hoc
3273 2544 3381 2608 est,
3431 2540 3748 2609 justi/team

2092 2630 2335 2694 propter
2364 2625 2521 2679 bona
2565 2641 2770 2680 eorum
2803 2643 3004 2697 opera,
3034 2627 3140 2680 hos
3171 2644 3306 2682 vero
3348 2627 3748 2683 condemnare

2091 2719 2333 2783 propter
2382 2712 2798 2768 inﬁdelitatem
2839 2714 3127 2785 ipsorum,
3165 2719 3223 2769 et
3272 2715 3576 2785 pravitatis
3625 2732 3747 2770 sum

2089 2800 2375 2856 facinora.

2164 2894 2249 2944 ll.
2285 2891 2463 2945 Docet
2490 2906 2601 2945 nos
2642 2889 2986 2962 Symbolum
3035 2890 3320 2946 credere:
3355 2893 3420 2947 Et
3470 2891 3531 2947 in
3574 2909 3746 2948 unam

2089 2986 2335 3034 sanctam
2393 2981 2719 3034 catholicam
2778 2987 2942 3050 atque
3003 2983 3363 3051 apostolicam
3414 2981 3510 3037 Dei
3559 2983 3742 3037 Eccle-

2089 3067 2248 3123 siam.
2311 3070 2435 3122 Non
2483 3073 2679 3139 potest
2735 3069 2998 3123 Ecclesia
3056 3070 3350 3125 catholica
3387 3071 3579 3126 solum
3614 3087 3744 3126 esse

2092 3158 2430 3228 apostolica.
2470 3159 2860 3229 Omnipotens
2910 3159 3073 3214 enim
3117 3159 3202 3212 vis
3253 3161 3462 3230 captis,
3513 3161 3612 3230 qui
3656 3165 3745 3214 est

2093 3248 2384 3313 Christus,
2408 3249 2601 3319 potuit
2629 3264 2735 3319 per
2761 3247 3064 3319 apostolos
3090 3248 3378 3304 mundum
3401 3250 3743 3304 universum

2090 3337 2335 3392 salvare.
2371 3341 2471 3392 Est
2517 3354 2654 3410 ergo
2705 3344 2911 3393 sancta
2968 3339 3069 3392 Dei
3121 3339 3413 3394 catholica
3461 3339 3743 3399 Ecclesia.

2089 3433 2276 3482 castus
2307 3433 2651 3482 sanctorum
2700 3429 2941 3481 Patrum
2976 3428 3076 3496 qui
3110 3444 3143 3480 a
3174 3429 3390 3482 saeculo
3441 3434 3596 3488 sunt.
3643 3445 3746 3498 pa-

2091 3517 2516 3583 triarcharum,
2571 3517 2996 3586 prophetarum
3033 3558 3046 3582 ,
3101 3518 3528 3588 apostolorum,
3572 3534 3745 3571 evan-

2089 3606 2459 3676 gelistarum,
2493 3610 2843 3676 martyrum,
2879 3605 3096 3674 quibus
3146 3605 3390 3674 adjecta)
3424 3612 3562 3660 sunt
3604 3623 3748 3660 con-

2091 3695 2346 3749 corditer
2414 3693 2726 3748 credentes
2789 3700 2993 3765 gentes
3061 3694 3390 3751 universa).
3460 3695 3748 3750 Videbunt

2091 3784 2252 3837 enim
2277 3783 2434 3853 quod
2466 3800 2535 3837 ex
2566 3783 2728 3836 omni
2757 3799 2973 3853 genere
3001 3783 3308 3838 hominum
3334 3785 3432 3854 qui
3458 3784 3564 3838 sub
3596 3784 3744 3839 coelo

2090 3878 2230 3925 sunt
2255 3871 2525 3925 eamdem
2559 3887 2693 3924 cum
2724 3870 3073 3924 Christianis
3107 3871 3284 3925 ﬁdem
3329 3871 3569 3925 habent.
3605 3872 3743 3925 Sine

2092 3966 2294 4015 sancto
2318 3960 2478 4014 enim
2499 3959 2719 4030 Spiritu
2754 3959 2962 4029 nequit
2991 3959 3343 4014 universalis
3368 3977 3435 4014 ac
3478 3959 3740 4015 inﬁnita-

2091 4066 2224 4104 rum
2264 4050 2600 4120 linguarum
2633 4048 2904 4102 collectio
2938 4049 2997 4102 in
3042 4065 3223 4103 unam
3256 4050 3613 4103 sententiam
3645 4065 3740 4104 ve-

2091 4139 2343 4193 rissima)
2372 4138 2509 4192 fidei
2558 4137 2895 4192 convenire.
2952 4139 3174 4192 lterum
3227 4138 3387 4192 enim
3419 4139 3573 4205 dico,
3608 4138 3740 4193 ideo

2091 4227 2444 4283 catholicam
2487 4241 2616 4281 esse
2668 4226 3078 4297 appelarique,
3122 4227 3281 4296 quod
3327 4232 3532 4298 gentes
3563 4226 3742 4282 dissi-

2093 4316 2483 4370 millimorum
2523 4330 2778 4380 morum,
2839 4313 3210 4369 multimodm
3258 4321 3434 4386 atque
3483 4320 3744 4387 agrestes

2093 4405 2272 4460 totius
2299 4404 2479 4471 orbis,
2529 4403 3020 4474 inflnitarumque
3069 4403 3431 4476 linguarum,
3465 4404 3526 4458 in
3565 4419 3747 4458 unam

2093 4494 2404 4566 pacificam
2420 4509 2488 4548 ac
2518 4493 2840 4548 salutarem
2863 4493 3043 4548 (idem
3071 4498 3130 4548 et
3151 4493 3252 4547 Dei
3284 4493 3747 4565 cognitationem

2013 4567 2064 4630 D
2093 4583 2450 4640 coalescant.

2167 4677 2254 4727 l2.
2287 4670 2596 4727 Credimus
2629 4671 2808 4742 igitur
2853 4671 2915 4725 in
2956 4687 3139 4726 unam
3181 4675 3448 4726 sanctam
3498 4669 3750 4726 catholi-

2095 4779 2224 4820 cam
2269 4767 2329 4817 et
2379 4761 2766 4833 apostolicam
2830 4761 2930 4815 Dei
2988 4760 3336 4826 Ecclesiam,
3382 4761 3444 4814 in
3479 4775 3597 4830 qua
3643 4775 3751 4829 per

2098 4852 2534 4910 institutionem
2558 4849 2884 4906 erudimur.
2919 4850 3340 4923 Cognoscimus
3371 4865 3606 4919 quoque
3639 4849 3748 4902 Pa-

2099 4949 2249 4998 trem
2299 4948 2358 4996 et
2405 4939 2617 4995 Filium
2647 4945 2707 4994 et
2735 4939 3018 5010 Spiritum
3070 4944 3362 5002 sanctum,
3393 4945 3454 4992 et
3483 4937 3748 5008 baptiza-

2102 5048 2237 5088 mur
2261 5031 2320 5085 in
2354 5029 2595 5084 nomine
2637 5028 2826 5083 Patris
2857 5034 2916 5083 et
2956 5028 3085 5082 Filii
3132 5034 3191 5082 et
3233 5027 3481 5098 Spiritus
3537 5027 3748 5094 sancti,

2103 5129 2279 5193 atque
2318 5119 2829 5175 communicamus
2887 5119 3150 5174 salviﬁco
3211 5118 3445 5188 corpori
3497 5124 3555 5172 et
3605 5133 3752 5172 san-

2103 5211 2266 5285 guini
2298 5209 2429 5264 Filii
2481 5208 2602 5276 Dei,
2665 5209 2765 5279 qui
2797 5214 3038 5280 propter
3075 5224 3185 5263 nos
3219 5223 3288 5262 ex
3335 5207 3524 5261 Patris
3573 5207 3754 5260 bene-

2106 5300 2318 5372 placito
2366 5297 2559 5353 factus
2617 5303 2707 5351 est
2755 5297 2956 5362 homo,
3003 5303 3062 5351 et
3114 5315 3220 5369 pro
3269 5296 3440 5351 nobis
3490 5300 3761 5350 mortuus

2109 5393 2217 5445 est.
2252 5390 2544 5443 Docemur
2568 5391 2767 5441 autem
2817 5386 2996 5442 etiam
3048 5386 3242 5442 facere
3301 5386 3498 5440 divina
3546 5385 3676 5455 ejus
3708 5387 3767 5437 et

2110 5477 2447 5550 evangelica
2479 5473 2780 5542 mandata,
2813 5475 3127 5532 admittere
3151 5491 3388 5547 quoque
3435 5473 3766 5530 certissime
