4120 6378
392 359 535 416 1359
1933 342 2074 395 Δοι]

2187 342 2277 394 DA
2292 380 2305 396 .
3702 347 3838 404 1360

391 484 677 541 divinitus
734 481 1056 553 inspiratas
1111 478 1443 550 Scripturas
1513 471 1738 528 Veteris
1796 468 2063 539 Novique

2187 464 2626 541 παραλαμϐάνειν
2654 492 2715 527 τε
2754 471 3016 548 ἀσφαλῶς
3058 473 3154 535 τὰς
3193 471 3583 537 θεοπνεύστους
3619 472 3834 547 Γραφάς

392 573 778 638 Testamenti,
814 588 920 642 per
957 586 1105 641 quas
1157 568 1380 640 jugiter
1422 565 1483 619 in
1514 563 1630 618 fide
1660 575 1928 616 crescere
1958 557 2059 612 bo-

2187 563 2264 625 ἰῆς
2296 557 2544 622 ΙΙαλαιᾶς
2593 561 2825 632 καὶτῆς
2885 566 3092 632 Καινῆς
3149 563 3447 633 Διαθήκης,
3481 559 3550 616 δι’
3614 561 3695 614 ὧν
3755 560 3835 615 άει

396 679 593 734 naque
639 661 1004 717 conscientia
1053 659 1103 713 is
1135 657 1347 729 dignus
1383 655 1467 719 tit,
1515 652 1617 724 qui
1667 649 1930 706 studiose
1982 644 2058 702 ad

2187 642 2341 717 ιῦξειν
2375 647 2451 711 εἷς
2484 650 2662 705 πίστιν
2711 651 2803 707 καὶ
2852 652 3062 727 ἀγαθὴν
3116 648 3451 722 συνείδησιν,
3486 652 3513 705 ὸ
3553 650 3839 722 ἐπιμελῶς

397 752 533 807 illas
590 752 790 806 animo
848 747 1144 804 incumbit
1200 761 1304 817 pro
1360 759 1468 799 sua
1519 741 1892 809 aliorumque
1934 735 2058 792 uti-

2187 742 2459 814 τροσὲχων
2513 740 2702 803 αὐταῖς
2759 743 3108 815 καταξιοῦται
3166 741 3307 818 πρός
3372 761 3432 795 τε
3491 740 3692 795 ἑαυτοῦ
3747 737 3839 793 καὶ

403 840 595 896 litate.

2187 823 2356 882 ἷλλων
2389 825 2688 905 ὠφέλειαν.

475 932 559 984 13.
588 932 878 984 Caeterum
910 926 1013 996 qui
1045 925 1172 980 hasc
1206 922 1466 978 fideliter
1496 925 1777 990 recteque
1806 928 2062 987 perpen-

404 1018 619 1073 derant
667 1017 855 1072 sancti
903 1018 1109 1071 Patres
1159 1012 1348 1069 nostri
1387 1027 1457 1067 ac
1511 1006 1821 1081 religionis
1872 1001 2063 1075 magi-

401 1108 507 1162 stri
538 1106 871 1161 docuerunt
900 1121 1011 1159 nos
1061 1117 1322 1174 quonam
1376 1097 1553 1155 modo
1605 1096 1931 1152 debeamus
1962 1105 2063 1147 co-

400 1194 521 1249 lere
554 1198 613 1247 et
640 1192 908 1247 venerari
946 1189 1236 1245 salutaria
1284 1186 1424 1243 tldei
1474 1182 1763 1256 symbola.
1814 1182 2065 1236 Crucem

400 1282 678 1337 videlicet
705 1281 946 1345 Christi,
982 1284 1299 1351 propterea
1342 1274 1505 1347 quod
1558 1274 1621 1328 in
1659 1271 1765 1327 illa
1794 1269 2067 1326 confixus

404 1371 585 1426 fuerit
612 1370 796 1426 clavis
826 1369 1111 1435 Salvator,
1148 1372 1433 1436 tanquam
1466 1363 1565 1434 qui
1616 1379 1722 1434 per
1773 1360 1940 1415 illam
1971 1372 2068 1411 re-

407 1460 817 1531 demptionem
864 1457 1040 1513 nobis
1093 1456 1351 1528 gratiose
1405 1451 1747 1517 indulserit,
1782 1454 1841 1504 et
1884 1464 1919 1503 a
1947 1461 2070 1501 ma-

413 1549 732 1605 ledictione
764 1564 897 1618 quae
930 1564 1001 1602 ex
1050 1546 1213 1617 ligno
1267 1544 1399 1608 fuit,
1434 1541 1792 1598 liberaverit.
1844 1536 2070 1602 Altare,

414 1644 701 1709 tanquam
723 1637 1101 1692 Dominicum
1122 1634 1697 1703 immaculatumque
1721 1642 2074 1685 monumen-

416 1733 562 1781 tum.
615 1726 1025 1789 Oblationem,
1072 1730 1359 1795 tanquam
1409 1738 1627 1792 corpus
1676 1718 1912 1776 Domini
1962 1732 2071 1771 no-

416 1817 520 1871 stri
548 1820 692 1870 Jesu
721 1814 962 1881 Christi,
998 1814 1116 1869 veri
1158 1814 1256 1867 Dei
1291 1818 1352 1868 et
1381 1810 1697 1867 Salvatoris
1732 1809 2071 1864 animarum
2104 1839 2151 1904 Β

414 1910 776 1960 nostrarum.
805 1904 1118 1975 Evangelia
1142 1919 1298 1969 vero,
1323 1908 1610 1972 tanquam
1643 1915 1775 1969 qua;
1805 1897 1878 1953 ab
1910 1897 2074 1967 ipso-

417 2000 540 2049 met
570 1995 687 2048 Deo
724 1993 911 2049 Verbo
948 1992 1333 2064 pronuntiata
1371 1989 1594 2045 fuerint
1640 1994 1700 2044 et
1741 1985 2082 2043 actionibus

417 2086 696 2141 exercita.
730 2085 1026 2157 Imagines
1074 2088 1274 2138 autem
1332 2081 1491 2153 quod
1550 2081 1797 2145 attinet;
1847 2076 2081 2149 quoties

421 2190 552 2230 eam
585 2191 716 2245 qum
749 2179 840 2228 est
873 2173 1105 2228 Domini
1139 2172 1327 2227 nostri
1376 2171 1515 2225 Jesu
1545 2168 1762 2224 Christi
1812 2167 2083 2222 intactas-

423 2279 539 2335 que
578 2281 647 2320 ac
684 2261 1256 2319 immaculatissimaa
1302 2259 1431 2332 ejus
1480 2257 1798 2331 genetricis
1848 2261 1909 2310 et
1954 2253 2083 2309 dei-

424 2369 583 2424 paraa
614 2353 809 2408 Maria;
833 2352 1092 2413 intueor.
1117 2350 1317 2404 statim
1363 2353 1542 2419 atque
1589 2346 1751 2402 illico
1808 2361 1917 2417 per
1946 2342 2083 2399 illas

429 2448 691 2499 mentem
717 2442 877 2513 erigo
906 2440 981 2495 ad
1012 2445 1341 2495 extremam
1372 2437 1501 2508 ejus
1532 2441 1775 2508 propter
1804 2451 1914 2489 nos
1945 2448 2087 2504 pau-

427 2537 720 2604 pertatem
752 2547 819 2585 ac
863 2529 1333 2592 demissionem;
1385 2524 1684 2597 siquidem
1735 2540 1871 2579 cum
1926 2523 2083 2577 Deus

427 2625 584 2677 esset
611 2621 864 2675 formam
922 2618 1073 2673 servi
1137 2616 1387 2688 accepit,
1447 2630 1737 2686 suamque
1798 2611 2083 2668 ancillam

426 2712 667 2765 Matrem
708 2709 924 2776 etTecit,
983 2713 1164 2777 atque
1222 2705 1295 2760 ab
1358 2703 1462 2760 illa
1518 2704 1737 2775 quippe
1796 2700 2085 2775 puerulus

425 2799 825 2871 bajulabatur,
858 2814 926 2853 ac
957 2814 1028 2851 ex
1059 2794 1339 2868 virgineis
1370 2794 1649 2849 mammis
1679 2792 1770 2849 lac
1816 2790 2082 2863 sugebat.

426 2888 571 2944 Cum
639 2887 818 2961 igitur
874 2885 1176 2941 sensibilis
1230 2884 1438 2940 oculus
1488 2882 1811 2955 imaginem
1855 2881 2086 2934 intente

427 2977 693 3048 respicit,
726 2974 1200 3030 intellectualem
1250 2973 1446 3029 cordis
1495 2971 1738 3027 oculum
1770 2971 1831 3025 in
1863 2972 2087 3041 myste-

430 3065 587 3120 rium
618 3066 940 3120 incarnatea
972 3061 1441 3134 dispensationis
1467 3076 1708 3128 exacuo,
1741 3065 1919 3130 atque
1949 3073 2086 3130 gra-

432 3154 812 3208 vissimorum
864 3151 1310 3220 multorumque
1369 3155 1746 3221 peccatorum
1814 3162 2083 3202 meorum

420 3243 656 3297 veniam
687 3241 976 3313 deprecor
999 3256 1033 3295 a
1062 3240 1327 3295 bonitate
1368 3244 1427 3293 et
1454 3236 1867 3293 misericordia
1894 3235 2081 3303 illius,

423 3332 670 3390 dicens:
715 3331 908 3389 Gloria
966 3331 1085 3398 tibi,
1137 3331 1317 3384 Deus:
1377 3329 1636 3386 Salvator
1689 3330 1788 3396 mi,
1828 3328 2085 3383 miserere

423 3425 530 3478 mei
555 3424 884 3493 peccatoris,
943 3427 995 3475 et
1044 3419 1274 3489 indulge
1329 3418 1509 3474 multa
1558 3423 1787 3488 peccata
1836 3432 1957 3472 mea
1984 3417 2085 3487 qui

409 3528 521 3583 pro
550 3528 633 3567 me
679 3517 941 3566 naturam
988 3525 1164 3565 meam
1204 3508 1464 3579 portasti,
1498 3523 1609 3562 uno
1659 3506 1939 3562 duntaxat
1987 3520 2081 3561 εω-

417 3608 575 3672 cepto
600 3605 850 3672 peccato.

482 3692 565 3746 14.
600 3690 842 3756 Quoties
873 3705 1009 3743 vero
1056 3686 1324 3758 Deiparaa
1376 3684 1631 3758 Virginis
1683 3685 1878 3741 Maria;
1924 3684 2078 3739 ima-

413 3780 613 3853 ginem
640 3777 1037 3848 contemplor,
1072 3775 1274 3831 statim
1333 3773 1465 3830 dico
1497 3791 1511 3828 :
1556 3772 1932 3830 Immaculata
1977 3775 2076 3830 Dei

417 3871 685 3939 genitric,
743 3870 923 3922 Mater
974 3866 1177 3921 Christi
1225 3866 1340 3931 Dei,
1393 3880 1494 3919 ora
1550 3864 1753 3918 Filium
1810 3870 1967 3919 tuum
2007 3880 2074 3920 ac

410 3960 579 4012 Deum
608 3973 805 4021 meum,
838 3960 899 4009 ut
937 3955 1267 4009 misereatur
1313 3954 1421 4007 mei
1467 3968 1567 4007 sua
1600 3953 1845 4007 bonitate
1894 3959 1947 4007 et
1970 3955 2077 4008 mi-

406 4046 725 4102 sericordia.
782 4044 1014 4099 Multum
1081 4045 1227 4098 enim
1278 4042 1425 4097 valet
1480 4042 1814 4111 supplicatio
1870 4042 2071 4097 Matris

410 4136 484 4190 ad
508 4136 865 4189 obtinendam
924 4131 1327 4201 benignitatem
1384 4130 1620 4185 Domini.
1671 4132 1749 4186 Ne
1802 4131 2073 4200 despicias

404 4226 758 4296 peccantium
808 4237 1016 4293 preces,
1053 4238 1083 4275 ο
1112 4220 1604 4286 venerabilissima,
1644 4219 1910 4288 quoniam
1964 4222 2069 4275 mi-

408 4318 637 4370 sericors
669 4320 746 4368 est
777 4320 829 4367 et
858 4312 1073 4368 salvere
1123 4316 1336 4381 potest,
1395 4311 1495 4379 qui
1544 4312 1709 4364 etiam
1748 4325 1857 4380 pro
1913 4311 2069 4366 nobis

404 4406 532 4473 pati
564 4404 828 4472 dignatus
857 4408 953 4457 est.

482 4496 567 4546 15.
602 4492 848 4557 Quando
880 4497 1081 4547 autem
1114 4490 1415 4561 conspicio
1446 4489 1766 4561 imaginem
1808 4488 2065 4563 alicujus

2244 916 2308 991 ιγ’
2363 918 2570 973 Λοιπὸν
2627 923 2797 975 ταῦτα
2851 920 2905 974 οἱ
2956 939 3166 981 πιστως
3219 919 3311 975 καὶ
3371 919 3546 995 ὀρθῶς
3608 917 3839 992 ἐρευνή-

2172 1025 2353 1069 σαντες
2386 1007 2440 1062 oi
2471 1008 2619 1083 ἅγιοι
2659 1010 2822 1082 ἡμῶν
2856 1008 3091 1085 Πατὲρες
3139 1010 3229 1065 καὶ
3281 1011 3384 1079 τῆς
3434 1003 3714 1071 εὐσεϐείας
3757 1002 3839 1061 διο

2173 1090 2456 1165 δάσκαλοι,
2506 1094 2754 1168 ἐδίδαξαν
2786 1099 2937 1172 ἡμᾶς
2967 1097 3114 1172 ποίῳ
3141 1099 3335 1175 τρόπῳ
3388 1095 3698 1175 ὀφείλομεν
3748 1092 3840 1151 σί-

2173 1178 2287 1239 6ειν
2316 1184 2407 1240 καὶ
2464 1191 2789 1260 προσκυνεῖν
2841 1186 2911 1243 τὰ
2968 1189 3217 1263 σωτήρια
3268 1182 3526 1260 σύμϐολα
3583 1191 3690 1255 τῆς
3747 1182 3842 1239 πί-

2176 1293 2365 1338 στεως.
2401 1275 2511 1331 Τὸν
2572 1276 2800 1349 σταυρὸν
2855 1280 2955 1332 τοῦ
3013 1278 3277 1352 Χριστοῦ,
3334 1273 3426 1331 διὰ
3478 1275 3570 1330 τὸν
3605 1273 3663 1330 ἐν
3696 1272 3844 1344 αὐτῷ

2174 1361 2608 1436 προσηλωθὶντα
2657 1371 2914 1441 Σωτῆρα,
2947 1366 3023 1428 ὡς
3066 1362 3136 1421 δι’
3178 1365 3344 1421 αὐτοῦ
3373 1367 3514 1437 ἡμῖν
3564 1362 3844 1439 λύτρωσιν

2176 1470 2574 1526 χαρισαμενου,
2601 1455 2691 1509 καὶ
2721 1461 2825 1525 τῆς
2857 1453 2919 1511 ὲκ
2971 1458 3070 1511 τοῦ
3128 1454 3296 1525 ξύλου
3351 1455 3592 1525 κατάρας
3626 1449 3846 1516 ἰλευθε-

2179 1540 2476 1614 ρώσαντος.
2507 1543 2579 1598 Τὸ
2637 1539 2697 1599 δὲ
2754 1546 3167 1620 θυσιαστήριον,
3230 1544 3305 1606 ὡς
3336 1544 3400 1599 τὸ
3429 1541 3694 1617 κυριακὸν
3749 1541 3841 1596 καὶ

2177 1626 2451 1705 ἄχραντον
2486 1638 2699 1706 μνῆμα.
2731 1635 2841 1703 Τὴν
2873 1630 2932 1689 δί
2961 1635 3274 1711 προσφορὰν
3302 1678 3316 1703 ,
3351 1632 3426 1695 ὡς
3454 1633 3519 1687 τὸ
3551 1634 3720 1704 σῶμα
3748 1632 3843 1685 τοῦ

2186 1718 2385 1791 κυρίου
2440 1722 2607 1794 ἡμῶν
2667 1722 2850 1792 Ἰησοῦ
2907 1726 3167 1799 Χριστοῦ,
3217 1726 3317 1778 τοῦ
3377 1720 3652 1791 ἀληθινοῦ
3710 1715 3844 1776 Θεοῦ

2179 1810 2271 1863 καὶ
2301 1808 2560 1882 Σωτῆρος
2606 1814 2717 1865 τῶν
2766 1811 3050 1885 ἡμετὲρων
3102 1814 3322 1887 ψυχῶν.
3355 1811 3442 1868 Τὰ
3489 1805 3550 1864 δὶ
3600 1807 3843 1884 Εὐαγγὲ-

2182 1896 2302 1969 λια,
2333 1897 2409 1959 ὡς
2469 1898 2560 1954 ὑπ’
2602 1900 2773 1955 αὐτοῦ
2826 1905 2926 1956 τοῦ
2980 1905 3115 1956 Θεοῦ
3173 1899 3353 1977 Λόγου
3411 1895 3732 1968 λαληθέντα
3758 1897 3846 1952 καὶ

2183 1989 2517 2063 πραχθὲντα.
2577 1989 2688 2054 Τὰς
2744 1986 2801 2045 δὶ
2869 1989 3106 2059 εἰκόνας,
3165 1991 3269 2059 τὴν
3330 1989 3427 2063 μὲν
3483 1991 3585 2044 τοῦ
3650 1986 3845 2060 Κυρίου

2182 2079 2344 2149 ἡμῶν
2391 2078 2575 2148 Ἰησοῦ
2626 2082 2866 2143 Χριστοῦ
2918 2080 3009 2134 καὶ
3065 2081 3167 2148 τῆς
3222 2077 3503 2155 ἀχράντου
3553 2077 3650 2132 καὶ
3712 2096 3845 2131 παν-

2184 2164 2423 2221 ασπίλου
2479 2165 2646 2222 αὐτοῦ
2705 2168 2917 2243 μητρὸς
2956 2167 3048 2223 καὶ
3105 2168 3377 2223 Θεοτόκου
3435 2167 3661 2243 Μαρίας
3720 2163 3841 2220 ὅταν

2185 2253 2309 2322 ἴδω,
2349 2254 2544 2320 εὐθέως
2583 2256 2675 2312 καὶ
2733 2256 2861 2330 παρ’
2900 2255 3035 2312 αὐτᾶ
3084 2257 3176 2313 τὸν
3207 2260 3336 2312 νοῦν
3394 2252 3578 2330 ἆνᾶγω
3640 2254 3719 2319 εἰς
3745 2255 3840 2323 τὴν

2186 2345 2351 2420 ἄκραν
2392 2345 2559 2400 αὐτοῦ
2610 2346 2746 2421 πρὸς
2802 2348 2952 2420 ἡμᾶς
3003 2347 3289 2422 πτωχείαν
3340 2346 3430 2401 καὶ
3492 2338 3840 2419 συγκατάϐα·

2186 2456 2291 2503 σιν,
2321 2437 2405 2491 ὅτι
2437 2439 2566 2499 Θεὸς
2613 2434 2689 2492 ὢν
2752 2439 2968 2517 μορφήν
3020 2436 3225 2495 δούλου
3282 2432 3471 2508 ἔλαϐε,
3501 2457 3595 2492 και
3627 2436 3729 2505 τὴν
3763 2434 3842 2489 oi-

2186 2525 2333 2581 κείαν
2389 2523 2596 2597 δούλην
2660 2528 2872 2603 μητέρα
2926 2526 3188 2599 ἐποίησε,
3244 2528 3335 2583 καὶ
3394 2528 3485 2582 ὑπ’
3540 2525 3716 2595 αὐτῆς
3772 2524 3841 2584 ὡς

2186 2616 2383 2684 νήπιος
2413 2610 2758 2686 ἐϐαστάζετο,
2805 2615 2896 2671 καὶ
2955 2614 3018 2672 ἐκ
3057 2620 3399 2691 παρθενικῶν
3453 2618 3647 2688 μαζῶν
3702 2610 3842 2688 γάλα

2187 2700 2442 2773 ἐθήλασεο
2492 2704 2583 2759 καὶ
2640 2702 2838 2761 λοιπὸν
2895 2706 2959 2760 τὸ
3015 2704 3275 2776 αἰσθητόν
3334 2704 3493 2779 ὄμμα
3551 2703 3696 2779 πρὸς
3743 2702 3837 2770 τήν

2187 2791 2370 2847 εἰκόνα
2418 2794 2622 2857 ἀτεκῶς
2663 2791 2903 2869 βλέπων,
2933 2794 2999 2849 τὸ
3050 2795 3248 2863 νοητὸν
3278 2800 3379 2862 τῆς
3431 2788 3666 2867 καρδίας
3694 2785 3842 2864 ὄμμα

2188 2880 2282 2935 σὺν
2320 2885 2401 2954 τῷ
2428 2885 2509 2954 νῷ
2537 2881 2612 2944 είς
2640 2882 2705 2937 τὸ
2745 2885 3045 2958 μυστήριον
3076 2889 3178 2952 τῆς
3225 2881 3485 2955 ἐνσάρκου
3524 2879 3838 2952 οἰκονομίας

2188 2970 2479 3041 ἀκοντίζω,
2521 2971 2613 3027 καὶ
2668 2971 2796 3045 περὶ
2850 2976 2960 3028 τῶν
3020 2971 3420 3047 άσυγγνώστων
3476 2970 3570 3026 καὶ
3619 2968 3837 3025 πολΑῶν

2193 3079 2301 3131 μου
2356 3060 2769 3134 ἁμαρτημάτων
2830 3058 3025 3135 δέομαι
3090 3062 3190 3130 τήν
3249 3060 3563 3135 ἀγαθότητα
3618 3058 3708 3115 καὶ
3752 3055 3833 3111 εὐ-

2194 3148 2540 3224 σπλαγγνίαν
2573 3149 2759 3220 αὐτοῦ,
2821 3149 3018 3225 λὲγων·
3084 3151 3224 3223 Δόξα
3282 3171 3388 3221 σοι,
3422 3151 3452 3205 ὁ
3478 3151 3634 3213 Θεός·
3665 3151 3691 3204 ὁ
3719 3152 3827 3201 Σω-

2193 3240 2298 3307 τὴρ
2342 3259 2470 3311 μου,
2520 3237 2746 3311 ἐλέησόν
2811 3261 2883 3314 μο
2928 3240 3021 3295 τὸν
3078 3238 3412 3315 ἁμαρτωλὸν
3478 3238 3570 3295 καὶ
3618 3234 3832 3314 συγχώ-

2194 3347 2362 3402 ρησον
2388 3328 2485 3390 τὰς
2527 3326 2744 3392 πολλάς
2781 3350 2887 3403 μου
2941 3330 3234 3406 ἁμαρτίας,
3284 3330 3314 3385 ὁ
3358 3326 3432 3385 δι’
3479 3328 3579 3404 ἐμὶ
3623 3328 3686 3385 τὸ
3728 3323 3836 3382 κατ’

2192 3415 2292 3490 ἰμέ
2316 3415 2569 3495 φορέσας,
2604 3416 2739 3494 δίχα
2770 3419 2943 3493 μόνης
2964 3426 3065 3490 τῆς
3097 3418 3387 3496 ἁμαρτίας.

2261 3683 2345 3743 ιδ’.
2376 3688 2543 3745 Ὅταν
2577 3684 2636 3744 δὶ
2663 3694 2764 3758 τῆς
2800 3687 3071 3745 Θεοτύκου
3131 3690 3408 3767 Παρθένου
3469 3690 3691 3766 Μαρίας
3742 3688 3838 3756 τήν

2184 3775 2367 3831 εἰκόνα
2424 3775 2699 3850 θεάσωμαι
2735 3821 2749 3847 ,
2804 3777 3008 3843 εὐθέως
3060 3778 3226 3857 λέγω·
3289 3785 3536 3855 Αχραντε
3591 3778 3839 3844 Θεοτόκε,

2184 3870 2369 3940 Μῆτερ
2425 3870 2660 3940 Χριστοῦ
2714 3870 2813 3921 τοῦ
2871 3871 3040 3938 Θεοῦ,
3101 3863 3365 3944 πρὲσϐευε
3416 3869 3512 3923 τὸν
3573 3868 3698 3922 Υἱόν
3750 3886 3841 3921 σου

2180 3953 2270 4009 καὶ
2320 3954 2449 4010 Θεόν
2506 3976 2635 4028 μου,
2704 3954 2856 4017 ὅπως
2917 3955 3120 4032 ἐλεήσῃ
3184 3977 3252 4031 με
3307 3959 3379 4029 τῇ
3430 3957 3597 4013 αὐτοῦ
3643 3951 3836 4032 ἀγαθὸ·

2177 4062 2304 4112 τητι
2351 4042 2441 4097 καὶ
2498 4041 2926 4119 εὐσπλαγχνίᾳ’
2989 4044 3178 4101 πολλὰ
3254 4047 3359 4122 γὰρ
3414 4045 3594 4121 ἰσχύει
3655 4042 3838 4115 δέησις

2178 4131 2405 4205 Μητρὸς
2479 4132 2617 4207 πρὸς
2700 4133 2980 4207 εὐμὲνειαν
3054 4134 3327 4190 Δεσπότου
3359 4178 3373 4192 .
3456 4137 3549 4205 Μὴ
3608 4132 3842 4210 παρίδῃς

2175 4219 2521 4296 ἁμαρτωλῶν
2579 4220 2783 4277 ἱκεσίαν
2821 4265 2835 4291 ,
2887 4226 2923 4293 ἡ
2999 4224 3309 4296 πάνσεμνος
3342 4266 3358 4291 ,
3441 4224 3526 4280 ’ὸτι
3581 4223 3835 4297 ἐλεήμων

2176 4307 2288 4364 ἐστὶ
2317 4310 2407 4364 καὶ
2438 4311 2630 4379 σώζειν
2663 4310 2959 4385 δυναμενος
2989 4355 3005 4384 ,
3056 4314 3085 4367 ὁ
3137 4313 3227 4367 καὶ
3275 4315 3466 4368 παθεῖν
3513 4314 3646 4388 ὑπὲρ
3678 4316 3837 4388 ἡμῶν

2175 4395 2435 4468 καταδεξά
2443 4419 2624 4473 μενος.

2253 4489 2331 4545 ιε’.
2361 4494 2523 4545 Ὅταν
2558 4486 2617 4543 δὶ
2648 4487 2748 4545 ἴδω
2809 4488 2992 4545 εἰκόνα
3039 4489 3364 4547 ἀποστόλου
3395 4492 3431 4561 ἢ
3469 4510 3773 4567 μάρτυρος,
3803 4486 3837 4557 ἢ

408 4550 659 4652 apostoli
702 4586 805 4634 aut
865 4580 1141 4651 martyris
1195 4550 1284 4634 vel
1345 4550 1600 4634 alterius
1634 4579 1844 4643 sancti,
1878 4550 2068 4634 hisuto-

2187 4596 2324 4639 τινος
2370 4581 2480 4631 τῶν
2540 4576 3009 4653 ἁγίων,ίοτορίαν
3062 4584 3171 4634 τῶν
3233 4580 3579 4653 παθημάτων
3639 4580 3835 4648 αὐτῶν,

407 4672 555 4726 riam
602 4687 819 4741 nempe
880 4670 1227 4740 passionum
1287 4684 1516 4733 eorum,
1580 4684 1727 4737 quas
1783 4685 2070 4739 generose

402 4778 506 4832 pro
540 4760 774 4815 Christo
820 4758 1221 4830 pertulerunt,
1276 4756 1444 4812 dico:
1501 4756 1693 4813 Gloria
1749 4758 1874 4825 tibi,
1907 4761 2067 4826 Deus,

407 4850 574 4920 hujus
612 4849 851 4919 apostoli
896 4847 980 4901 vel
1030 4847 1194 4916 hujus
1231 4847 1424 4901 sancti.
1461 4846 1654 4915 Atque
1685 4845 1812 4901 haec
1842 4847 1928 4902 sic
1976 4846 2066 4903 di-

410 4955 581 5005 cens,
638 4938 888 5009 gloriam
939 4937 1057 4990 Deo
1113 4934 1333 4990 tribuo.
1368 4935 1453 4988 Ita
1482 4933 1595 4988 hoc
1623 4934 1799 4989 modo
1829 4938 2063 5008 accepi-

412 5045 545 5082 mus
578 5044 610 5082 a
643 5027 865 5082 sanctis
896 5025 1189 5084 Patribus.
1223 5039 1478 5094 quorum
1517 5023 1696 5079 etiam
1740 5025 1988 5082 nomina
2008 5031 2067 5082 et

408 5117 588 5171 verba
624 5117 683 5170 in
717 5116 868 5169 libro
916 5115 991 5185 (7)
1041 5111 1528 5185 consignabimus
1559 5113 1608 5168 si
1656 5113 1761 5170 Dei
1792 5115 2064 5173 voluntas

409 5222 477 5261 ac
508 5205 878 5277 providentia
908 5204 1131 5259 tulerit.

474 5297 560 5349 16.
587 5297 662 5349 At
691 5312 793 5350 vos
814 5293 949 5348 novi
978 5293 1400 5364 praedicatores
1432 5297 1491 5348 et
1521 5294 1733 5350 inanes
1765 5295 2059 5370 theologi:

402 5385 517 5439 Vos
549 5383 652 5453 qui
684 5382 941 5439 assecuti
966 5382 1107 5437 estis
1138 5382 1627 5453 praedicationem
1650 5385 2059 5455 apostolorum

2178 4666 2253 4719 ὧν
2309 4662 2399 4720 διὰ
2454 4666 2682 4740 Χριστὸν
2748 4669 3039 4741 ὑπέμειναν
3097 4667 3403 4743 γενναίως,
3474 4668 3641 4745 λέγω
3699 4667 3834 4739 Δόξα

2178 4774 2285 4822 σοι,
2345 4755 2373 4809 ὁ
2421 4756 2550 4817 Θεὸς
2604 4754 2766 4811 τοῦδε
2820 4757 3132 4813 ἀποστόλου
3187 4755 3223 4827 ἤ
3272 4754 3437 4813 τοῦδε
3495 4761 3597 4813 τοῦ
3656 4758 3834 4833 ἁγίου.

2178 4842 2281 4899 Καὶ
2310 4847 2480 4899 ταῦτα
2537 4841 2682 4901 οὕτω
2739 4843 2932 4921 λέγων,
2967 4846 3044 4909 εἷς
3099 4848 3228 4903 Θεὸν
3256 4849 3356 4917 τήν
3407 4844 3565 4918 δόξαν
3598 4847 3840 4919 ἀναπεμ-

2175 4951 2285 4989 πω.
2323 4935 2507 4989 Ταῦτα
2563 4933 2709 4991 οὕτω
2739 4931 3125 5011 παρελάϐομεν
3181 4936 3241 4991 ἐκ
3294 4941 3402 4992 τῶν
3436 4937 3607 5011 αγίων
3668 4934 3840 4994 Πατί-

2175 5043 2309 5097 ρων,
2340 5024 2415 5078 ὤν
2446 5022 2537 5079 καὶ
2566 5024 2633 5079 τὰ
2664 5025 2909 5099 ὁνοματα
2946 5025 3040 5081 καὶ
3066 5025 3196 5088 τοὺς
3230 5024 3428 5102 λόγους
3463 5025 3516 5081 ἐν
3577 5030 3661 5098 τῷ
3718 5023 3840 5081 τεῦ-

2173 5131 2263 5187 χει
2293 5112 2890 5187 παρασημειωσόμεθα,
2934 5118 3069 5170 Θεοῦ
3124 5113 3387 5190 βουλήσει
3439 5116 3525 5170 καὶ
3583 5114 3837 5192 προνοίᾳ.

2247 5292 2328 5361 ιζ’.
2365 5292 2551 5365 Ὑμεῖς
2601 5288 2660 5347 δὲ
2711 5292 2764 5347 οἱ
2821 5294 3150 5367 νεοκήρυκες
3203 5293 3295 5348 καὶ
3360 5291 3508 5348 κενοὶ
3557 5291 3838 5368 θεολόγοι.

2173 5386 2332 5458 ὑμεῖς
2369 5384 2422 5439 οἱ
2451 5383 2718 5458 τυχόντες
2748 5381 2812 5439 τὸ
2838 5384 3105 5459 κήρυγμα
3153 5388 3263 5440 τῶν
3314 5382 3481 5460 ἁγίων
3513 5381 3833 5440 ἀποστόλων

2003 5565 2049 5619 Ν
2053 5563 2228 5619 ΟΤᾸΞ.

483 5678 562 5744 (7]
593 5676 807 5735 Confer
836 5678 1167 5735 orationem
1197 5679 1728 5738 demonstrativam
1760 5683 1833 5738 de
1861 5687 2046 5742 sacris
2073 5686 2462 5762 Imaginibus,
2504 5692 2545 5743 t.
2583 5688 2744 5758 XCV,
2776 5687 2882 5744 309
2914 5703 3039 5759 seq.
