4120 6394
373 453 502 510 1364

1605 461 1995 514 ADVERSUS
2029 459 2580 519 IOONOCLASTAB.

3657 465 3792 516 136⁵2

370 579 594 636 καὶτῶν
649 579 824 633 αὐτῶν
871 573 1149 652 διαδόχων
1196 577 1286 632 καὶ
1337 581 1618 650 μαθήτῶν,
1660 582 1942 652 ἡμετέρων
1977 577 2009 633 δ

2149 582 2509 656 illorumque
2541 602 2946 641 successorum
2983 602 3048 640 ac
3081 585 3530 656 discipulorum,
3553 592 3794 644 Patrum

373 669 626 744 Πατέρων
661 670 748 723 καὶ
783 665 1148 738 διδασκάλων,
1204 669 1382 729 καθὼς
1433 667 1586 722 αὐτοὶ
1629 671 1766 740 ἡμῖν
1799 665 2034 742 παραδε-

373 758 608 815 δώκασιν
669 757 766 812 ἐπὸ
821 761 919 812 τοῦ
976 761 1240 827 κυριακοῦ
1301 758 1511 820 πάθους
1569 759 1660 812 καὶ
1707 765 1808 825 τῆς
1857 779 2033 827 σωτη-

369 848 493 924 ρίου
554 848 912 915 ἀναστάσεως,
969 845 1136 920 μέχρι
1197 852 1298 914 τῆς
1357 845 1640 921 παρούσης
1693 845 2034 908 ίνδικτιῶνος

369 935 593 1011 ὀγδόης,
631 933 722 1006 ἔτη
769 933 1066 990 ἑπτακόσια
1119 935 1198 1007 με’
1255 933 1506 1009 λέγουσιν
1542 935 1696 1006 εἶναι,
1730 935 1820 990 καὶ
1853 935 2035 992 ἔκτοτε

365 1028 458 1081 καὶ
508 1025 614 1086 ἓως
678 1026 844 1099 μέχρι
902 1025 990 1078 καί
1050 1028 1140 1077 νῦν
1205 1023 1256 1078 αἶ
1317 1020 1611 1098 σεϐάσμιαι
1661 1025 1863 1087 εἰκόνες
1897 1025 2030 1095 ἦσαν

367 1117 456 1173 καὶ
489 1117 622 1171 εἶ’σὶν
658 1115 760 1170 ὑπὸ
809 1119 916 1168 τῶν
977 1119 1208 1185 πιστῶν,
1271 1115 1346 1176 ὡς
1399 1115 1763 1188 προείπομεν,
1796 1137 2030 1191 προσκυ-

366 1205 644 1278 νούμεναι·
705 1201 938 1274 ἐδείξατε
995 1203 1077 1258 ὃτι
1138 1205 1205 1258 τὰ
1279 1205 1576 1259 ἑπτακόσια
1632 1210 1798 1260 ταῦτα
1851 1203 1942 1276 ἔτη
1998 1209 2032 1274 ἠ

361 1292 642 1360 καθολικὴ
689 1293 780 1346 καὶ
824 1291 1170 1362 ἀποστολικὴ
1230 1292 1556 1363 Ἐκκλησία,
1616 1293 1706 1347 καὶ
1767 1295 1818 1348 οἳ
1871 1291 2034 1349 διδά-

361 1381 682 1438 σκαλοικαὶ
742 1382 794 1436 οἱ
851 1383 1110 1454 ποιμένες
1171 1382 1345 1451 αὐτῆς
1404 1379 1740 1452 ἐπλανῶντο,
1773 1382 1862 1437 καί
1906 1384 2032 1456 ὑμῖν

359 1477 482 1533 τοῖς
513 1471 835 1546 νεοκήρυξιν
864 1471 1222 1550 ἀπεκαλύφθη
1269 1474 1305 1541 ἡ
1357 1471 1586 1541 ἀλήθεια
1613 1479 1714 1540 τῆς
1757 1473 1990 1536 πίστεως
2018 1476 2033 1529 ἲ

363 1562 453 1632 Ἐξ
487 1561 620 1616 ὅτου
676 1561 780 1636 γάρ
837 1561 938 1629 τήν
1001 1555 1224 1636 ἔρευναν
1283 1561 1486 1630 ταύτην
1544 1559 1742 1636 ἤρξατε
1783 1569 2032 1634 ποιῆσαι,

364 1652 506 1708 εἰσὶν
560 1647 652 1722 ἔτη
711 1651 906 1706 πλεῖον
963 1652 998 1722 ἢ
1056 1649 1288 1706 ἔλασσον
1340 1659 1440 1724 με“.
1503 1653 1637 1708 Ἀπὸ
1669 1653 1773 1728 γὰρ
1807 1652 2030 1723 ἒννάτης

362 1739 740 1814 ἐπινεμήσεως
818 1738 1021 1814 ’ἤρξατε
1099 1743 1168 1813 τῇ
1251 1740 1486 1811 ἀληθείᾳ
1542 1743 1880 1796 ἀντιπίπτειν
1941 1728 2032 1798 καἰ

362 1829 574 1902 ἐρευνᾷν
603 1831 668 1883 τὸ
727 1833 847 1890 πῶς
903 1827 1254 1902 διαστρέψετε
1314 1829 1380 1883 τά
1438 1826 1792 1907 ἀδιάστροφα.
1847 1832 2030 1887 Ἐπει-

2141 689 2209 726 ac
2245 676 2664 746 magistrorum
2717 683 3080 734 nostrorum.
3132 677 3428 745 quomodo
3481 679 3588 748 ipsi
3625 681 3794 732 nobis

2141 761 2516 818 tradiderunt
2562 771 2621 830 (a
2679 772 2944 834 tempore
3013 764 3336 818 Dominicze
3397 767 3690 836 passionis
3741 777 3796 820 ct

2144 851 2466 906 salutiferae
2519 853 2976 908 resurrectionis
3051 869 3238 922 usque
3309 853 3382 907 ad
3437 863 3790 924 praésentem

2143 945 2404 995 octavam
2441 941 2848 1004 indictionem,
2874 959 3062 996 annos
3095 959 3222 996 esse
3256 941 3422 996 aiunt
3451 945 3760 1014 septingm

2141 1033 2232 1084 tos
2267 1029 2656 1102 quadraginta
2707 1031 2992 1102 quinque,
3043 1037 3241 1100 atque,
3297 1031 3370 1084 ab
3421 1049 3488 1086 eo
3528 1037 3790 1102 tempore

2141 1134 2328 1188 usque
2361 1119 2651 1174 hactenus
2693 1119 3064 1173 venerabiles
3119 1120 3406 1190 imagines
3463 1119 3708 1174 fuerunt
3739 1128 3796 1174 et

2142 1213 2281 1262 sunt
2302 1215 2598 1262 venerata}
2631 1225 2665 1263 a
2692 1208 2968 1262 ﬁdelibus
3019 1209 3516 1278 quemadmodum
3567 1211 3793 1282 praefati

2141 1299 2388 1366 sumus).
2451 1299 2565 1352 Vos
2623 1297 2989 1364 ostendistis,
3024 1297 3180 1367 quod
3231 1313 3336 1368 per
3385 1299 3792 1368 septingentos

2139 1385 2317 1440 hosce
2349 1403 2540 1441 annos
2581 1387 2872 1441 catholica
2927 1391 2986 1440 et
3025 1386 3350 1456 apostolica
3393 1387 3656 1441 Ecclesia
3686 1388 3790 1441 do-

2141 1479 2450 1545 ctoresque
2491 1481 2548 1530 et
2591 1481 2858 1546 pastores
2904 1475 3032 1546 ejus
3083 1475 3426 1538 erraverint,
3459 1475 3621 1529 vobis
3654 1493 3788 1529 vero

2140 1564 2478 1618 recentibus
2530 1563 3022 1636 prazdicatoribus
3077 1563 3336 1618 revelata
3365 1563 3544 1617 fuerit
3575 1566 3788 1619 veritas

2141 1652 2277 1708 fidei
2300 1654 2326 1708 ?
2347 1656 2427 1708 Ex
2451 1671 2565 1724 quo
2589 1654 2748 1708 enim
2773 1653 3223 1724 inquisitionem
3247 1653 3399 1706 hanc
3423 1653 3788 1720 instituistis,

2139 1747 2276 1797 sunt
2305 1743 2446 1798 anni
2487 1743 2622 1814 plus
2676 1743 2876 1798 minus
2934 1743 3200 1813 quinque
3261 1745 3319 1796 et
3375 1741 3786 1814 quadraginta.

2138 1833 2408 1902 Cmpistis
2440 1849 2699 1903 namque
2754 1849 2788 1886 a
2843 1849 3002 1886 nona
3058 1831 3384 1886 indictione
3421 1831 3652 1886 veritati
3683 1831 3785 1886 ad-

360 1915 428 1986 δὴ
487 1916 572 1971 ἐπὶ
631 1918 732 1984 τήν
791 1917 991 1990 πὲτραν
1042 1923 1142 1985 τῆς
1221 1916 1481 1986 ἀληθείας
1536 1915 1900 1990 ᾠκοδόμησαν
1962 1920 2009 1973 οἱ

2135 1924 2354 1977 versari
2413 1921 2682 1992 illudque
2739 1922 3066 1992 inquirere,
3129 1936 3388 1990 quonam
3449 1926 3618 1990 pacto
3651 1937 3784 1990 quae

359 2005 504 2082 ἃγιοι
561 2008 723 2078 ἡμῶν
782 2005 1037 2080 Πατέρες,
1094 2006 1184 2059 καὶ
1243 2005 1412 2060 πύλαι
1473 2003 1606 2076 ᾇδου
1656 2005 1716 2060 οὗ
1747 2009 2010 2082 κατισχύ-

355 2115 540 2150 σουσιν
575 2095 766 2164 αὐτῆς,
827 2096 962 2169 ἅπερ
1013 2095 1114 2150 εἰσί
1173 2095 1240 2149 τὰ
1291 2092 1450 2150 ἄδικα
1499 2097 1586 2150 καὶ
1636 2097 1853 2172 πονηρά
1895 2102 2004 2152 τῶν

335 2185 626 2260 αἳρετικῶν
689 2184 952 2256 στόματα.
1017 2186 1384 2253 Ἦπιστήσάτε
1435 2191 1554 2246 τοῖς
1611 2185 1842 2258 πατράσι
1914 2176 2002 2242 καιἱ

329 2279 416 2346 τῷ
479 2274 834 2348 βαπτίσματι,
889 2273 918 2328 ’ὀ
977 2275 1110 2346 παρ’
1187 2273 1364 2328 αὐτῶν
1421 2273 1700 2353 εἰλήφατι,
1755 2275 1846 2329 καὶ
1907 2275 2006 2330 οὐκ

333 2361 588 2435 ἐδέξασθε
631 2361 805 2418 αὐτῶν
859 2363 958 2430 τήν
1018 2363 1199 2417 πίστιν
1257 2364 1344 2418 καὶ
1405 2363 1532 2425 τοὺς
1567 2363 1791 2438 λόγους.
1829 2361 2004 2422 Ἐδεί-

331 2454 457 2524 ξατε
485 2455 700 2526 τρανῶς
755 2450 916 2505 τίνων
980 2451 1220 2524 μαθηταί
1280 2451 1399 2506 ἐστε
1454 2453 1544 2506 καὶ
1604 2449 1880 2526 διάδοχοι.
1913 2453 2002 2515 Ὠς

328 2543 502 2614 γὰρὴ
539 2537 698 2595 ὄίνοια
751 2541 904 2613 ὑμῶν
953 2537 1240 2614 πρόδηλος
1292 2541 1634 2616 γενησομένη
1695 2540 1886 2617 ἐφάνη,
1919 2540 2002 2596 ὅτι

335 2629 558 2685 ἐκείνων
615 2629 732 2684 ἐστὶ
793 2631 1060 2700 μαθηταί,
1119 2632 1228 2684 τῶν
1307 2629 1618 2705 κραξάντων
1679 2629 1770 2683 σὺν
1831 2632 2004 2702 ’Ἂννᾳ

329 2721 421 2775 καὶ
459 2720 682 2796 Καϊάφᾳ
736 2717 876 2792 πρὸς
934 2715 1201 2788 Πιλᾶτον,
1258 2717 1534 2794 λέγουσιν·
1594 2721 1784 2792 Ἡμεῖς
1845 2721 2002 2794 βασι-

333 2809 439 2864 λέα
496 2807 595 2862 οὐκ
645 2803 850 2880 ἔχομεν
919 2808 966 2861 εἳ
1031 2808 1106 2879 μὴ
1169 2807 1434 2882 Καίσαρα,
1495 2807 1672 2862 εἶκαὶ
1723 2803 2000 2882 προϐάτου

337 2895 500 2972 δορὰν
563 2895 787 2971 ἐπέχετε
843 2896 932 2950 καὶ
1005 2895 1266 2968 ποιμὲνος
1345 2895 1546 2966 στολὴν
1619 2897 1998 2971 ἀμφιέννυσθε.

333 2989 428 3050 Ὠς
475 2989 578 3064 γὰρ
630 2987 828 3042 ἐκεῖνοι
876 2987 972 3042 τὸν
1023 2993 1259 3060 Σωτῆρα
1297 2987 1603 3062 ἠρνήσαντο
1641 2985 1780 3040 κατά
1829 2987 1998 3061 πρόσ-

339 3098 490 3133 ωπον
553 3075 814 3145 Πιλάτου,
877 3077 964 3132 καὶ
1048 3080 1240 3130 τοῦτον
1318 3079 1534 3149 σταυρῷ
1593 3075 1999 3149 προσπήξαντες

340 3167 660 3238 ἀνήλωσαν
689 3165 850 3228 αὐτὸς
883 3162 940 3220 δὲ
987 3168 1054 3238 τῇ
1101 3168 1256 3238 θεϊκῇ
1318 3163 1482 3218 αὐτοῦ
1521 3162 1748 3236 δυνάμει
1778 3163 1994 3234 ἀνέστη,

2120 2013 2451 2068 rectissima
2484 2017 2621 2066 sunt
2651 2016 2982 2082 pervertere
3015 2009 3274 2080 possitis.
3301 2011 3372 2062 At
3394 2009 3556 2064 enim
3589 2026 3770 2080 supra

2117 2107 2348 2174 petram
2371 2101 2636 2155 veritatis
2659 2100 3099 2154 mdificaverunt
3120 2098 3304 2154 sancti
3327 2101 3528 2152 Patres
3553 2099 3764 2166 nostri,

2117 2198 2170 2246 et
2201 2198 2384 2260 portae
2427 2192 2598 2258 inferi
2641 2205 2748 2243 non
2789 2189 3168 2258 praevalebunt
3217 2189 3472 2242 adversus
3515 2205 3632 2242 eam
3664 2189 3766 2254 (γι),

2117 2297 2249 2351 quas
2302 2278 2580 2334 videlicet
2632 2283 2770 2331 sunt
2825 2278 3031 2348 iniqua
3078 2281 3136 2330 et
3190 2276 3770 2330 consceleratissima

2115 2371 2532 2426 haareticorum
2591 2384 2715 2424 ora.
2759 2367 2964 2421 Fidem
3017 2365 3280 2438 praebere
3339 2367 3624 2420 renuistis
3664 2369 3770 2420 Pa-

2115 2461 2305 2514 tribus
2349 2463 2407 2514 et
2454 2457 2770 2528 baptismo,
2805 2472 2981 2526 quem
3031 2455 3104 2510 ab
3145 2455 3266 2508 illis
3297 2455 3625 2524 recepistis,
3661 2471 3770 2508 nec

2115 2565 2320 2604 eorum
2355 2547 2533 2601 ﬁdem
2567 2561 2990 2616 sermonesque
3016 2543 3380 2614 suscepistis.
3411 2543 3770 2598 Ostendistis

2111 2636 2344 2708 liquido
2379 2650 2776 2706 quorumnam
2809 2633 3084 2703 discipuli
3110 2633 3240 2686 sitis
3271 2649 3338 2686 ac
3371 2647 3765 2686 successores.

2111 2725 2388 2782 Amentia
2448 2723 2606 2777 enim
2665 2727 2861 2776 vestra
2909 2720 3226 2774 manifesta
3272 2719 3472 2774 futura
3503 2720 3624 2773 visa
3656 2726 3766 2788 est,

2111 2813 2271 2886 quod
2301 2827 2516 2883 nempe
2548 2827 2754 2865 eorum
2791 2810 2919 2863 sitis
2961 2807 3260 2879 discipuli,
3293 2808 3394 2878 qui
3429 2823 3562 2862 eum
3593 2815 3766 2863 Anna

2110 2910 2169 2959 et
2193 2903 2414 2973 Caipha
2445 2899 2519 2956 ad
2553 2899 2810 2954 Pilatum
2869 2898 3196 2952 clamantes
3252 2897 3493 2951 dicunt:
3545 2899 3648 2952 Nos
3675 2913 3762 2951 re-

2107 3009 2228 3063 gem
2257 3007 2366 3046 non
2419 2990 2675 3044 habemus
2727 2990 2836 3042 nisi
2895 2987 3152 3040 Casuram
3213 2987 3306 3055 (ο),
3371 2985 3602 3040 tametsi
3637 2987 3762 3040 ovis

2107 3080 2328 3154 pellem
2389 3078 2640 3144 hebetis,
2704 3083 2762 3132 et
2818 3075 3073 3147 pastoris
3151 3073 3364 3128 stolam
3414 3073 3758 3128 induimini.

2107 3166 2620 3236 Quemadmodum
2678 3164 2838 3219 enim
2899 3163 2984 3217 illi
3044 3163 3404 3218 Salvatorem
3471 3167 3766 3235 negarunt

331 3255 425 3312 καί
456 3255 688 3325 ἀνῆλθεν
746 3254 799 3310 ἐν
859 3259 976 3316 τοῖς
1035 3254 1304 3328 ὑψίστοις,
1353 3254 1443 3308 καὶ
1475 3251 1734 3322 ἐκάθησεν
1765 3251 1817 3307 ἐν
1851 3250 1997 3326 δεξιᾷ

2118 3275 2312 3315 coram
2343 3256 2492 3312 facie
2525 3255 2698 3310 Pilati
2768 3260 2947 3324 atque
2997 3253 3156 3308 hunc
3195 3253 3390 3323 ipsum
3431 3252 3592 3306 cruci
3633 3253 3762 3308 affi-

341 3353 442 3415 τῆς
503 3341 899 3420 μεγαλωσύνης
975 3346 1072 3398 τοῦ
1147 3347 1282 3398 Θεοῦ
1337 3341 1429 3396 καὶ
1489 3341 1718 3416 Πατρός
1773 3343 1842 3399 ’Ὀ
1898 3341 1999 3418 γὰρ

341 3431 536 3498 ἔπαθεν
595 3434 726 3506 ὑπὲρ
800 3435 960 3505 ἡμῶν
1040 3431 1220 3506 σαρκὶ,
1299 3425 1490 3486 ἔπαθεν
1563 3430 1789 3509 ἐφάπαξ,
1843 3433 2007 3488 θάνα-

343 3545 438 3587 τος
493 3522 658 3576 αὐτοῦ
715 3521 896 3576 οὐκετι
943 3522 1206 3596 κυριεύει,
1264 3523 1361 3576 κᾶν
1422 3523 1581 3594 ὑμεῖς
1628 3519 2004 3599 φιλοπόλεμοι

345 3611 500 3672 ὐντες
532 3611 670 3685 πρὸς
731 3611 880 3682 ἡμᾶς
937 3607 1326 3685 φιλονεικεῖτε·
1390 3609 1651 3671 ὡσαύτως
1698 3610 1786 3664 καί
1823 3611 2004 3682 ὑμεῖς,

345 3698 397 3754 ἐν
425 3703 506 3772 τῷ
532 3699 624 3752 τὸν
661 3703 894 3771 Σωτῆρα
940 3697 1016 3770 μή
1065 3695 1352 3771 ἰσχύοντες
1384 3695 1443 3750 ἐκ
1475 3693 1728 3770 δευτέρου
1759 3703 2001 3772 σταυρῶ-

344 3809 455 3858 σαι,
506 3787 584 3849 εἷς
631 3785 760 3849 τοὺς
811 3792 914 3855 τῆς
956 3784 1217 3859 ἐνσαρκου
1263 3783 1585 3858 οἰκονομίας
1635 3785 1802 3840 αὑτοῦ
1831 3805 2002 3861 χαρα-

336 3881 545 3952 κτῆρας
605 3877 694 3930 καὶ
756 3875 854 3936 τὰς
937 3875 1301 3946 ὑπομνήσεις,
1363 3873 1455 3928 σὺν
1513 3877 1584 3947 τῇ
1640 3873 1776 3930 κατά
1833 3876 2004 3950 σάρκα

339 3967 506 4022 αὐτοῦ
571 3965 765 4040 μητρὶ,
823 3966 912 4019 καὶ
971 3969 1092 4026 τοῖς
1151 3963 1326 4038 ἁγίοις
1379 3965 1549 4019 αὐτοῦ
1610 3971 1880 4036 μαθηταῖς
1913 3967 2003 4020 καὶ

339 4054 678 4118 ἀποστόλοις
706 4059 876 4108 πᾶσαν
935 4054 1035 4121 τήν
1087 4053 1276 4108 κακίαν
1329 4053 1478 4124 ὑμῶν
1529 4050 1826 4128 προδήλως
1857 4051 2002 4108 ἐδεί-

338 4147 482 4217 ξατε.
547 4143 642 4198 Καί
705 4143 808 4218 γὰρ
870 4141 924 4197 ὲν
981 4143 1110 4214 πυρῖ
1185 4139 1276 4196 καὶ
1335 4139 1388 4196 ἐν
1447 4141 1666 4215 μυρίαις
1725 4147 2004 4217 μηχαναῖς

335 4232 647 4308 ἐχρήσασθε
705 4232 842 4286 κατά
894 4235 1004 4286 τῶν
1067 4229 1230 4305 ἁγίων
1279 4229 1524 4298 εἰκόνιον,
1557 4230 1872 4303 νομίζοντες
1899 4231 1999 4300 τὴν

339 4323 568 4392 μνήμην
624 4317 798 4374 αὐτῶν
851 4317 1057 4380 τελέως
1101 4317 1488 4394 ἀπαλειφῆναι,
1524 4319 1661 4374 κατά
1687 4323 1796 4375 τῶν
1823 4339 2000 4396 χαρα-

332 4412 554 4481 κτήρων
581 4415 682 4478 τῆς
736 4408 1198 4484 χρωματουργίας
1243 4408 1420 4462 αὐτῶν
1461 4407 1821 4478 ἀναμνήσεως
1874 4431 2003 4482 μαι·-

330 4499 580 4571 νόμενοι.
615 4494 776 4553 Ἀλλ’
813 4495 968 4569 ὅμως
993 4496 1086 4550 καὶ
1116 4500 1286 4551 ταῦτα
1315 4495 1666 4570 πράττοντες,
1689 4499 1808 4562 καθ’
1844 4499 1998 4571 ὑμῶν

332 4587 513 4642 αὐτῶν
546 4588 776 4640 ἀκονᾶτε
821 4607 884 4640 το
943 4585 1096 4662 ξίφος
1151 4593 1251 4654 τῆς
1287 4583 1679 4661 δικαιοκρισίας
1715 4591 1810 4641 τοῦ
1839 4591 1999 4661 Θεοῦ,

2113 3355 2319 3424 gentes
2370 3363 2399 3400 e
2451 3345 2648 3400 medio
2703 3343 3116 3408 sustulerunt;
3173 3342 3299 3412 ipse
3338 3349 3536 3396 tamen
3569 3341 3766 3398 divina

2115 3455 2222 3496 sua
2249 3439 2462 3492 virtute
2513 3433 2856 3492 resurrexit.
2903 3432 3292 3502 ascenditque
3341 3433 3402 3485 in
3451 3431 3630 3486 caelos
3661 3448 3763 3486 se-

2113 3529 2318 3599 ditque
2377 3524 2451 3580 ad
2508 3523 2812 3579 dexteram
2867 3520 3196 3592 majestatis
3255 3521 3356 3574 Dei
3417 3525 3476 3574 et
3529 3521 3759 3588 Patris;

2112 3617 2268 3684 Quod
2297 3617 2442 3670 enim
2466 3629 2662 3684 passus
2690 3615 2762 3666 sit
2792 3627 2894 3682 pro
2945 3611 3098 3664 nobis
3145 3625 3310 3664 carne
3339 3609 3440 3678 (p),
3461 3623 3656 3678 passus
3685 3616 3763 3663 est

2109 3705 2272 3762 semel
2293 3721 2313 3768 ;
2342 3719 2486 3757 mors
2515 3704 2566 3756 ei
2615 3701 2852 3770 amplius
2893 3715 3005 3753 non
3043 3699 3362 3753 dominatur
3394 3699 3488 3768 (q),
3525 3699 3758 3752 tametsi

2109 3811 2210 3848 vos
2240 3790 2560 3848 adversarii
2593 3795 2800 3844 contra
2831 3805 2938 3842 nos
2969 3787 3146 3842 rixari
3180 3785 3560 3841 contenditis.
3591 3785 3756 3840 Haud

2109 3883 2284 3938 aliter
2313 3887 2374 3936 et
2399 3897 2520 3942 vos.
2573 3895 2708 3933 cum
2765 3877 3076 3947 nequeatis
3128 3875 3486 3930 Salvatorem
3539 3875 3756 3928 iterum

2107 3971 2268 4026 cruci
2301 3970 2564 4042 afﬁgere,
2597 3969 2659 4022 in
2717 3967 3005 4038 imagines
3064 3971 3123 4019 et
3171 3965 3542 4018 monimenta
3571 3963 3758 4034 ipsius

2107 4077 2214 4133 per
2264 4075 2506 4114 carnem
2555 4055 3036 4128 dispensationis,
3091 4070 3227 4108 cum
3277 4053 3540 4108 humana
3569 4058 3757 4106 matre

2107 4149 2260 4220 ejus,
2293 4153 2352 4201 et
2399 4145 2622 4202 sanctis
2671 4145 2832 4199 illius
2873 4143 3184 4214 discipulis
3231 4147 3408 4212 atque
3448 4141 3755 4212 apostolis,

2105 4237 2439 4293 universam
2489 4233 2778 4288 malitiam
2828 4237 3082 4288 vestram
3141 4232 3446 4286 evidenter
3495 4229 3756 4284 ostendi-

2105 4327 2234 4384 stis.
2267 4327 2406 4398 Igne
2463 4323 2621 4378 enim
2679 4327 2737 4377 et
2791 4321 3045 4376 inﬁnitis
3094 4319 3638 4375 machinationibus
3667 4317 3758 4372 usi

2106 4418 2250 4474 estis
2280 4415 2560 4470 adversus
2609 4417 2844 4466 sanctas
2886 4411 3174 4482 imagines
3221 4410 3356 4474 (rati
3405 4408 3756 4462 memoriam

2106 4522 2314 4564 eorum
2345 4503 2616 4558 funditus
2648 4501 3052 4555 oblitteratum
3077 4499 3195 4570 iri),
3220 4504 3428 4553 contra
3458 4498 3755 4550 characte-

2103 4613 2200 4651 res
2223 4594 2470 4666 depictaa
2517 4607 2722 4645 eorum
2770 4590 3073 4644 memorias
3121 4588 3342 4642 furiose
3385 4584 3752 4639 debacchati.

331 4683 426 4733 καὶ
460 4675 682 4744 πολλῆς
717 4661 1098 4750 μακροθυμίας
1157 4675 1246 4730 καὶ
1305 4675 1665 4750 ἀγαθότητος.
1702 4678 1792 4731 Διὸ
1823 4697 1996 4751 παρα-

2118 4682 2504 4740 Nihilominus
2549 4679 2642 4735 vel
2692 4679 2775 4734 sic
2823 4683 3084 4750 agentes,
3135 4677 3416 4731 adversus
3447 4691 3549 4728 vos
3595 4674 3756 4744 ipsos

329 4765 490 4822 καλῶ
541 4766 682 4838 ὑμᾶς
738 4763 1038 4839 ἀποῤῥίψαι
1089 4766 1188 4831 τήν
1239 4767 1399 4834 κενὴν
1435 4763 1786 4822 διδασκαλίαν
1818 4768 1992 4840 ὑμῶν,

329 4857 421 4910 καὶ
490 4855 776 4928 μὲμψασθε
835 4853 1046 4915 ἑαυτοῖς
1103 4851 1308 4922 καλῶς,
1367 4853 1449 4930 ἐφ’
1507 4857 1591 4918 οἷς
1647 4853 1998 4930 διεπράξασθε

331 4948 541 5006 κακῶς.
602 4945 978 5014 Ἀνορθώσατε
1035 4943 1103 4998 τὰ
1149 4941 1446 5018 παρειμένα
1503 4943 1706 5019 γόνατα
1749 4953 1852 5014 τῆς
1892 4950 1995 5019 ψυ-

332 5040 467 5106 χῆς,
527 5032 617 5085 καὶ
677 5035 940 5105 τραχείας
999 5031 1161 5108 ὀρθὰς
1219 5035 1502 5102 ποιήσατε·
1563 5032 1654 5087 καὶ
1710 5035 1804 5095 τὰς
1845 5033 1999 5110 ἁγίας

331 5119 516 5192 φωνάς
550 5123 654 5172 τῶν
691 5121 945 5193 Πατέρων
1007 5119 1100 5175 σὺν
1159 5124 1296 5193 ἡμῖν
1353 5127 1474 5182 ταῖς
1527 5123 1704 5196 ἁγίαις
1736 5122 1906 5177 εἰκόσι
1934 5125 1996 5177 τὸ

331 5203 497 5268 σέϐας
555 5206 932 5279 ἀναπέμψατε,
979 5207 1131 5271 ὅπως
1181 5213 1340 5284 κοινῇ
1394 5215 1461 5284 τῇ
1495 5215 1650 5288 φωνῇ
1684 5209 1838 5282 δόξαν
1873 5213 2000 5267 ἀνα-

329 5297 646 5368 πέμψωμεν
703 5299 782 5366 τῷ
841 5296 1023 5369 Κυρίῳ
1079 5299 1242 5369 ἡμῶν
1307 5301 1488 5369 Ἰησοῦ
1527 5305 1752 5374 Χριστῷ
1780 5306 1862 5372 τῷ
1889 5301 2001 5373 Υἱῷ

327 5389 432 5440 τοῦ
464 5389 621 5450 Θεοῦ,
655 5383 748 5438 σὺν
780 5389 860 5456 τῷ
909 5386 1138 5460 ἀνάρχῳ
1189 5389 1360 5442 αὐτοῦ
1410 5389 1600 5464 Πατρὶ,
1633 5389 1724 5443 καὶ
1752 5395 1831 5461 τῷ
1863 5395 2003 5458 ζωο-

333 5478 484 5545 ποιῷ
543 5474 712 5528 αὐτοῦ
775 5473 1076 5546 ΙΙνεύματι,
1133 5479 1226 5528 νῦν
1279 5475 1370 5531 καί
1427 5477 1536 5546 ἀεὶ,
1594 5478 1684 5533 καὶ
1746 5479 1822 5540 εἷς
1871 5479 2000 5540 τοὺς

331 5563 540 5626 αἰῶνας
567 5565 676 5617 τῶν
703 5561 940 5619 αἶ’ώνων.
975 5565 1032 5620 Ἀ
1045 5565 1178 5637 μήν.

2105 4772 2368 4847 gladium
2401 4769 2690 4824 exacuitis
2711 4768 2860 4838 justi
2886 4767 3097 4838 judicii
3137 4767 3262 4832 Dei,
3295 4770 3352 4820 et
3391 4763 3592 4818 multa;
3625 4763 3756 4832 ejus

2103 4859 2576 4932 longanimitatis
2635 4863 2694 4912 et
2747 4856 3049 4911 bonitatis.
3111 4853 3506 4919 Quamobrem
3551 4851 3756 4904 hortor

2103 4967 2226 5014 vos,
2261 4954 2326 5003 ut
2355 4947 2650 5019 abjiciatis
2693 4961 2902 5000 novam
2953 4943 3286 4999 doctrinam
3335 4949 3610 5004 vestram,
3645 4940 3754 4992 be-

2106 5055 2302 5109 neque
2335 5036 2586 5091 doleatis
2643 5053 2748 5106 pro
2807 5035 2882 5088 iis
2913 5051 3044 5105 qua:
3103 5034 3260 5088 mole
3287 5032 3508 5101 egistis.
3543 5029 3759 5100 Erigite

2109 5127 2400 5184 dissoluta
2429 5141 2622 5197 genua
2670 5125 2904 5190 animas,
2959 5129 3016 5178 et
3057 5131 3250 5177 rectos
3299 5137 3536 5192 gressus
3565 5119 3760 5186 facite,

2111 5217 2440 5273 secundum
2497 5219 2856 5284 sanctasque
2925 5215 3164 5267 Patrum
3225 5227 3393 5264 voces
3451 5209 3764 5263 nobiscum

2113 5306 2338 5361 sanctis
2389 5304 2661 5358 iconibus
2710 5303 2932 5356 cultum
2987 5301 3269 5354 tribuite:
3319 5315 3434 5368 quo
3466 5297 3764 5352 communi

2109 5411 2250 5449 voce
2281 5395 2530 5466 gloriam
2582 5393 2786 5448 demus
2836 5391 3084 5445 Domino
3133 5395 3336 5443 nostro
3366 5389 3504 5442 Jesu
3537 5387 3769 5442 Christo

2115 5485 2222 5539 Dei
2253 5484 2423 5544 Filio.
2465 5499 2598 5536 cum
2647 5487 2871 5535 aeterno
2923 5481 3052 5550 ejus
3107 5481 3278 5533 Patre
3329 5483 3388 5531 et
3435 5477 3768 5531 vivificante

2115 5574 2246 5644 ejus
2278 5571 2522 5642 Spiritu,
2547 5585 2708 5624 nunc
2759 5573 2816 5624 et
2863 5583 3118 5638 semper,
3152 5573 3210 5620 et
3239 5567 3300 5620 in
3334 5566 3552 5620 saecula
3583 5580 3774 5620 saecu-

2115 5661 2332 5716 lorum.
2365 5663 2575 5716 Amen.

410 5799 491 5870 (n)
525 5797 728 5853 Matth.
761 5814 877 5870 xvx,
913 5800 1002 5854 l8.
1035 5799 1112 5874 (0)
1141 5800 1310 5860 Joan.
1343 5817 1458 5875 xxx,
1494 5802 1584 5859 15.
1625 5803 1706 5877 (ρ)
1735 5805 1760 5858 Ι
1787 5805 1947 5866 Petr.
1975 5821 2009 5862 ιτ

2123 5846 2136 5863 .
2170 5805 2246 5879 (q)
2277 5805 2446 5862 Rom.
2478 5819 2557 5874 v1,
2586 5805 2637 5859 9.
