4120 6370
436 411 455 463 1
469 410 575 465 363

1986 406 2350 461 ΔῡυΒΝῡΛ.

3732 401 3873 459 1364

468 554 3872 593 W

1488 708 1584 797 S.
1644 702 2115 794 JOANNIS
2188 701 2818 787 DAMASCENI

1874 896 2438 1029 HYMNI.

652 1237 839 1294 Canon
890 1239 947 1292 in
992 1239 1388 1293 Domitiorum
1418 1236 1520 1292 Dei
1557 1234 1872 1292 Genitricis.

508 1345 553 1398 Ι.
586 1344 867 1415 Aperiam
921 1361 987 1399 os
1046 1360 1246 1399 meum
1302 1348 1362 1398 et
1419 1342 1634 1414 spiritu
1695 1338 1979 1411 implebo,
2036 1342 2096 1392 et

439 1431 683 1488 verbum
712 1434 947 1505 Reginus
993 1433 1161 1488 Matri
1207 1430 1509 1499 eructabo,
1561 1436 1621 1485 et
1663 1445 1797 1484 eam
1826 1427 2097 1483 hilariter

441 1523 729 1593 aspiciam
761 1522 1051 1590 laudans;
1088 1523 1338 1594 ejusque
1387 1520 1678 1577 miracula
1723 1517 2097 1574 lwtabundus

337 1616 345 1625 “
444 1613 782 1667 concinam.

516 1702 585 1755 ΙΙ.
618 1699 955 1755 Juvenculae
991 1701 1276 1773 Virgines,
1326 1717 1490 1756 nunc
1537 1698 1715 1754 simul
1753 1715 1890 1754 cum
1919 1697 2100 1753 Maria

445 1790 825 1861 prophetissa
854 1790 1162 1845 Canticum
1212 1792 1290 1845 De
1338 1791 1491 1845 exitu
1521 1788 1798 1844 alacriter
1827 1786 2095 1853 fundite;

446 1880 617 1951 Virgo
648 1879 805 1933 enim
836 1885 896 1933 et
924 1879 1101 1935 unica
1149 1880 1405 1952 Deipara
1448 1878 1526 1935 ad
1575 1877 1877 1934 cwlestem
1908 1877 2100 1933 hatre-

442 1970 690 2025 ditatem
722 1970 1167 2026 transmittitur.

512 2061 608 2113 Ill.
641 2061 716 2114 Te
752 2059 965 2114 merito
997 2059 1264 2131 quidem,
1314 2077 1347 2115 ο
1398 2058 1723 2131 purissima
1770 2062 1828 2112 et
1870 2057 2098 2124 Divina,

440 2154 727 2220 tanquam
758 2149 1089 2205 animatum
1139 2148 1377 2211 caelum.
1409 2148 1674 2204 cmlestia
1718 2145 2102 2202 tabernacula

443 2243 845 2308 exceperunt;
878 2238 1140 2309 Regique
1170 2253 1240 2292 ac
1278 2237 1420 2304 Deo,
1480 2254 1514 2291 ο
1572 2236 1750 2306 plane
1799 2234 2103 2305 inculpata

446 2327 696 2398 (Virgo),
729 2333 943 2381 ornata
971 2325 1154 2381 veluti
1184 2326 1434 2397 Sponsa,
1466 2325 1739 2381 hilariter
1767 2324 2027 2379 astitisti.

518 2415 774 2468 Tuarum
833 2412 1079 2468 laudum
1139 2418 1441 2480 cantores,
1487 2428 1521 2468 ο
1574 2411 1845 2482 Deipara,
1892 2410 2015 2467 vive
2045 2416 2105 2467 et

447 2502 790 2573 incorrupte
837 2501 992 2569 fons,
1055 2502 1384 2573 spiritalem
1439 2502 1597 2557 inter
1636 2516 1698 2555 se
1727 2499 1974 2555 chorum
2004 2516 2100 2556 ce-

2118 1230 2172 1297 Α

2349 1227 2531 1281 Κανὼν
2567 1224 2643 1286 εἷς
2673 1224 2772 1292 τὴν
2805 1222 3070 1297 χοίμησιν
3100 1229 3201 1293 τῆς
3234 1223 3591 1296 Θεομήτορος

2275 1334 2355 1389 Α”
2448 1330 2679 1401 Ἀνοίξω
2762 1331 2825 1385 τὸ
2883 1329 3060 1402 στόμα
3121 1350 3227 1402 μου
3285 1328 3374 1383 καὶ
3418 1326 3874 1402 πληρωθήτομαι

2176 1423 2518 1493 ’πνεύματος
2567 1424 2659 1476 καὶ
2708 1420 2874 1494 λόγον
2927 1420 3215 1494 ἐρεύξομαι
3264 1423 3332 1492 τῇ
3387 1414 3633 1493 βασιλίδι
3678 1418 3872 1493 μητρί·

2207 1516 2302 1567 καὶ
2347 1510 2660 1585 ὀφθήσομαι
2715 1508 2959 1585 φαιδρῶς
3013 1510 3422 1584 πανηγυρίζων,
3476 1507 3570 1563 καὶ
3620 1504 3743 1579 ᾅσω
3772 1528 3873 1582 γηο

2207 1600 2436 1674 Θύμενος
2463 1601 2665 1669 ταύτης
2692 1600 2760 1654 τὰ
2790 1599 3060 1672 Θαύματα,

2281 1696 2355 1746 Β’.
2395 1691 2656 1763 Παρθένοι
2707 1685 2966 1753 νεάνιδες,
3025 1686 3117 1743 σὺν
3174 1686 3401 1760 Μαριὰμ
3452 1690 3531 1760 τῇ.
3562 1682 3869 1761 προφήτιδι

2208 1775 2358 1851 ᾠδὴν
2412 1779 2511 1847 τήν
2565 1775 2771 1847 ἐξόδιον
2828 1780 2917 1831 νῦν
2978 1773 3303 1849 ἀλαλάξατε·
3359 1777 3395 1846 ἡ
3457 1774 3737 1850 Παρθένιος
3770 1774 3867 1849 γὰρ

2207 1866 2299 1923 καὶ
2351 1867 2493 1940 μόνη
2545 1866 2807 1928 Θεοτόκος
2862 1866 2998 1939 πρὸς
3045 1863 3200 1936 λῆξιν
3259 1863 3516 1939 οὐράνιον
3555 1858 3868 1933 διαϐιϐάζε-

2207 1975 2320 2013 ται.

2283 2051 2353 2101 l".
2388 2044 2579 2117 Ἀξίως
2630 2045 2705 2108 ὡς
2749 2041 3001 2120 ἔμψυχόν
3048 2064 3108 2099 σε
3152 2043 3379 2119 οὐρανὸν
3436 2039 3735 2114 ὑπεδέξατο
3782 2041 3870 2098 ού-

2211 2137 2390 2212 ράνια,
2447 2134 2708 2209 πάναγνε,
2768 2136 2887 2189 θεῖα
2952 2131 3310 2205 σκηνώματα,
3364 2131 3457 2186 καὶ
3511 2132 3868 2207 παρέστεικας

2210 2221 2453 2303 φαιδρῶς
2483 2224 2822 2296 ὡραϊσμίπη,
2854 2223 2929 2286 ὡς
2961 2220 3054 2296 [ὦ]
3086 2221 3273 2299 νύμφη
3306 2220 3629 2295 πανάμωμε.
3664 2224 3746 2293 τῷ
3779 2220 3873 2297 βα-

2212 2312 2357 2370 σιλεῖ
2385 2312 2474 2368 καὶ
2507 2317 2641 2385 Θεῷ.

2280 2402 2427 2464 Τοὺς
2466 2402 2595 2464 σοὺς
2646 2399 3015 2477 ὁμνολόγους,
3062 2399 3313 2468 Θεοτόκε,
3344 2402 3381 2471 ἡ
3412 2404 3563 2471 ζῶσα
3590 2401 3683 2455 καὶ
3718 2398 3870 2476 ἄφθι-

2209 2513 2305 2554 τος
2350 2493 2530 2566 πηγὴ,
2592 2491 2775 2547 θίασον
2836 2492 3305 2566 συγκροτήσαντας
3358 2488 3733 2563 πνευματικὸν
3762 2508 3865 2544 στε-

449 2590 751 2646 lebrantes
793 2590 1124 2657 conﬁrma;
1176 2595 1236 2645 et
1285 2590 1350 2645 in
1399 2589 1600 2645 divina
1655 2588 1947 2643 memoria
2001 2594 2096 2647 tua

2235 2582 2438 2637 .émov'
2480 2580 2569 2635 καὶ
2603 2579 2657 2637 ἐν
2711 2583 2780 2654 τῇ
2844 2580 2962 2651 θείᾳ
3021 2581 3218 2654 μνήμῃ
3273 2599 3369 2635 σου
3402 2580 3678 2657 στεφάνων
3713 2576 3866 2650 δόξης

448 2679 651 2751 glorias
682 2680 919 2734 coronis
940 2678 1203 2751 dignare.

522 2770 603 2823 Ex
634 2767 868 2823 mortali
903 2774 1073 2823 utero
1121 2768 1409 2839 producta
1440 2768 1773 2826 secundum
1804 2774 2102 2837 naturam,

448 2858 900 2913 convenientem
951 2873 1103 2929 pura
1130 2858 1355 2913 exitum
1406 2857 1750 2927 absolvisti;
1782 2875 2105 2930 veramque

446 2947 624 3001 enixa
659 2947 862 3011 vitam,
915 2945 990 3001 ad
1039 2946 1301 3002 divinam
1352 2946 1896 3019 subsistentemque
1921 2949 2103 3003 vitam

448 3035 737 3106 migrasti.

519 3124 951 3196 Theologorum
981 3123 1159 3179 turba
1198 3139 1229 3179 e
1261 3123 1480 3180 ﬁnibus
1529 3130 1721 3193 terrae,
1753 3126 2103 3199 angelorum

450 3212 771 3268 multitudo
824 3212 896 3267 ab
922 3212 1065 3279 alto,
1098 3212 1496 3284 omnipotenti
1530 3219 1680 3270 nutu
1710 3220 2107 3286 properarunt

448 3302 511 3357 in
544 3302 706 3367 Sion,
760 3307 895 3369 tum,
946 3300 1269 3358 laudabilis
1323 3302 1591 3372 Domina,
1638 3303 1963 3374 sepulturas
1991 3303 2105 3360 mi-

449 3389 780 3446 nistraturi.

526 3481 616 3535 IV.
649 3478 945 3545 Divinum,
999 3477 1412 3552 investigabile
1465 3479 1783 3537 consilium
1830 3481 2109 3539 incarna-

453 3568 636 3623 tionis
666 3585 737 3623 ex
778 3573 833 3621 te
878 3568 1112 3639 Virgine
1158 3566 1588 3638 obstupescens
1617 3568 1906 3625 Altissimi
1960 3587 2106 3642 pro-

455 3658 635 3729 pheta
660 3657 952 3724 Habacuc,
1013 3656 1364 3713 exclamavit
1392 3673 1405 3711 :
1466 3656 1657 3714 Gloria
1678 3661 1943 3727 potentiae
1975 3667 2105 3726 tuae,

454 3747 695 3801 Domine.

527 3835 736 3890 Mirum
771 3852 913 3891 sane
944 3833 1057 3892 fuit
1084 3834 1351 3907 aspicere
1394 3835 1565 3907 Regis
1596 3837 1953 3894 universalis
1982 3839 2110 3895 ani-

2209 2672 2467 2743 ἀξιωσον.

2280 2766 2493 2831 Θνητῆς
2549 2758 2599 2832 ἐξ
2661 2758 2865 2837 ὀσφύος
2922 2762 3265 2834 προαχθεῖσα
3318 2758 3419 2829 τὴν
3476 2756 3640 2836 φύσιν
3668 2754 3860 2813 κατάλ-

2204 2847 2385 2919 ληλον
2445 2848 2584 2923 ἁγνὴ
2640 2848 2742 2917 τὴν
2796 2843 2978 2921 ἔξοδον
3035 2842 3316 2916 διήνυσας*
3380 2850 3610 2902 τεκοῦσα
3670 2844 3727 2902 δὲ
3770 2846 3859 2912 τήν

2208 2939 2381 2999 ὅντως
2444 2939 2589 3007 ζωὴν
2646 2936 2784 3011 πρὸς
2838 2936 2939 3005 τὴν
3002 2935 3150 3005 ζωήν
3213 2937 3559 3008 μεθέστηκας
3590 2936 3695 3006 τὴν
3724 2934 3853 2999 θείαν

2208 3028 2297 3083 καὶ
2328 3026 2711 3082 ἰνυπόστατὸν.

2281 3120 2469 3189 Δῆμος
2525 3114 2801 3190 θεολόγων
2860 3114 2921 3170 ἐκ
2976 3113 3249 3188 περάτων,
3302 3112 3354 3188 ἐξ
3415 3113 3588 3188 ὕψους
3619 3110 3842 3191 ἀγγέλων

2210 3203 2268 3260 δὲ
2294 3204 2505 3272 πληθὺς
2561 3204 2699 3279 πρὸς
2754 3205 2854 3275 τήν
2916 3204 3060 3259 Σιὼν
3119 3203 3415 3278 ἠπείγοντο
3463 3201 3850 3276 παντοδυνάμῳ

2207 3295 2457 3368 νεύματι,
2484 3294 2818 3369 ἀξιόχρεως,
2870 3294 3161 3364 Δεσποινα,
3202 3296 3272 3366 τῇ
3322 3296 3391 3367 σῇ
3430 3297 3579 3372 ταφῇ
3612 3293 3852 3364 λειτουρ-

2207 3387 2486 3461 γήσαντες.

2282 3482 2353 3532 Δ’.
2411 3476 2525 3544 Τὴν
2580 3474 2984 3550 ἀνεξιχνίαστον
3043 3472 3188 3538 θείαν
3252 3472 3460 3546 βουλὴν
3519 3475 3620 3544 τήν
3671 3474 3733 3529 ἐκ
3766 3477 3856 3542 τῆς

2211 3563 2487 3639 Παρθένου
2545 3562 2869 3639 σαρκώσεώς
2925 3583 3022 3618 σου
3095 3564 3193 3617 τοῦ
3266 3562 3518 3636 Ὑψίστου
3572 3565 3856 3642 προφήτης

2213 3648 2496 3726 Ἀϐακουμ
2563 3651 2864 3726 ἐξεστηκὼς
2931 3649 3247 3726 ἐκραύγαζε.
3321 3652 3460 3724 Δόξα
3512 3656 3586 3727 τῇ
3640 3650 3859 3724 δυνάμει

2214 3764 2333 3814 σου,
2360 3746 2540 3817 Κύριε.

2286 3827 2507 3906 Θάμϐος
2562 3832 2627 3902 ἦν
2678 3832 2964 3896 θεάσασθαι
3019 3832 3111 3887 τὸν
3167 3830 3394 3906 οὐρανὸν
3446 3835 3544 3888 τοῦ
3586 3826 3860 3906 παμϐασι-

450 3932 675 3982 matum
707 3926 923 3982 ccelum
953 3932 1126 3981 terrm
1158 3926 1327 3983 sinus
1356 3926 1718 3999 ingrediens.
1742 3929 1929 3994 Quam
1958 3929 2096 3989 mira

2235 3922 2360 3985 ίέως
2393 3916 2643 3997 ἕμφυχον
2693 3920 2819 3983 τοὺς
2877 3924 3143 3982 κενεῶνας
3199 3920 3581 3996 ὑπερχόμενον
3610 3927 3715 3991 τῆς
3743 3926 3862 3997 γῆς.

448 4032 630 4086 opera
662 4021 764 4071 tua
791 4015 802 4070 Ι
838 4014 1031 4073 Gloria
1052 4014 1321 4085 potentia
1344 4022 1473 4083 tua,
1497 4018 1744 4075 Domine.

518 4194 825 4266 Siquidem
910 4192 1538 4265 incomprehensibilis
1625 4194 1805 4267 hujus
1855 4196 2104 4264 fructus,

446 4301 553 4355 per
584 4299 763 4354 quam
796 4283 1010 4338 caelum
1042 4281 1402 4354 locupletius
1434 4283 1655 4339 factum
1686 4289 1796 4350 est,
1834 4284 2102 4357 sepultu-

446 4388 597 4439 ram,
620 4378 686 4427 ut
715 4370 1005 4439 mortalis,
1034 4371 1191 4427 ultro
1222 4372 1506 4426 sustinuit.
1532 4390 1548 4437 ;
1581 4373 1878 4443 quomodo
1911 4374 2107 4446 sepul-

449 4466 641 4515 turam
668 4461 794 4515 sine
817 4459 969 4515 virili
994 4461 1293 4517 consortio
1315 4461 1489 4516 enixa
1515 4461 1684 4531 Virgo
1707 4462 2062 4521 detrectabit
2078 4463 2105 4517 ?

526 4552 583 4602 ln
642 4554 765 4615 tuo,
823 4547 927 4602 Dei
987 4549 1284 4611 Genetrix.
1347 4549 1601 4607 transitu
1659 4551 2102 4621 amplissimum

445 4644 633 4693 tuum.
666 4636 767 4692 Dei
797 4652 984 4706 capax
1013 4652 1231 4707 corpus
1258 4637 1607 4710 angelorum
1638 4640 1875 4711 agmina
1902 4655 2101 4697 sacra-

444 4727 692 4783 tissimis
722 4726 835 4781 alis
865 4741 1000 4782 cum
1033 4732 1290 4782 tremore
1322 4731 1383 4782 et
1407 4726 1621 4799 gaudio
1652 4734 1990 4785 contexere.

521 4819 579 4872 V.
614 4818 843 4872 Cuncta
870 4815 934 4871 in
975 4813 1175 4869 divina
1208 4821 1311 4873 tua
1355 4816 1650 4871 memoria
1699 4816 2098 4889 Obstupuere;

446 4913 507 4963 tu
537 4908 719 4964 enim.
750 4906 1059 4976 inexperta
1112 4904 1229 4960 viri.
1278 4905 1471 4977 Virgo,
1523 4921 1555 4960 e
1602 4910 1779 4974 terra,
1816 4914 2099 4979 tanquam

444 5014 582 5054 arca
612 4996 761 5063 vitm,
786 4995 861 5051 ad
891 4994 1129 5051 caeleste
1160 4993 1537 5051 domicilium
1566 4995 1877 5060 transiisti,
1911 4998 2101 5053 omni—

441 5087 555 5142 bus
584 5093 641 5141 te
672 5084 1127 5141 concinentibus
1149 5099 1356 5155 pacem
1384 5099 1490 5154 pro
1517 5084 1785 5140 mercede
1816 5085 2097 5158 largiens.

512 5175 945 5246 Theologorum
1002 5172 1180 5229 hodie
1233 5178 1598 5243 concrepent
1655 5173 1835 5240 tubae,
1895 5175 2097 5231 multi-

442 5282 590 5321 sona
618 5264 929 5319 hominum
959 5277 1118 5318 nunc
1140 5261 1345 5333 lingua
1374 5261 1696 5333 praedicet;
1729 5278 1831 5318 aer
1861 5264 2097 5319 inﬁnito

440 5355 744 5411 cellucens
774 5351 1022 5417 lumine,
1053 5352 1497 5419 circumsonet;
1532 5350 1730 5423 angeli
1761 5352 2099 5424 purissimae
2134 5318 2151 5382 Ῐ

440 5442 863 5498 dormitionem
897 5439 1134 5511 hymnis
1167 5439 1610 5499 concelebrent.

514 5596 590 5663 (α)
620 5593 863 5663 lanians,
898 5590 1151 5663 Catalog.
1183 5589 1303 5663 cod.
1338 5591 1511 5647 Graec.
1564 5593 1803 5663 Hatria,

2218 4012 2305 4073 Ὠς
2365 4011 2649 4084 θαυμαστά
2698 4009 2767 4067 τά
2821 4006 2956 4083 ἔργα
3012 4010 3147 4066 σουί
3208 4010 3346 4082 Δόξα
3391 4012 3460 4083 τῇ
3493 4006 3726 4083 δυνάμει
3754 4030 3862 4076 σου,

2216 4098 2402 4175 Κύριε.

2285 4187 2350 4245 Ei
2381 4189 2410 4243 ὁ
2439 4187 2831 4257 ἀκατάληπτος
2872 4186 3076 4257 ταύτης
3122 4187 3331 4253 καρπὸς
3387 4184 3460 4242 δι’
3514 4188 3583 4256 ἢν
3639 4185 3861 4264 οὐρανὸς

2212 4275 2558 4353 ἐχρημάτισε
2592 4278 2769 4353 ταφὴν
2832 4276 3037 4344 ὑπέστη
3098 4276 3361 4338 ἑκουσίως
3394 4276 3470 4339 ὡς
3500 4277 3720 4347 Θνητὸς,
3753 4278 3858 4335 πῶς

2210 4367 2310 4436 τήν
2341 4367 2516 4443 ταφὴν
2549 4365 2841 4441 ἀρνήσεται
2870 4367 2905 4435 ἡ
2937 4364 3323 4440 ἁπειρογάμως
3353 4368 3638 4436 κυήσασα;

2283 4549 2373 4603 Ἐν
2403 4550 2471 4619 τῇ
2534 4546 2858 4619 μεταστάσει
2919 4565 3039 4614 σου,
3100 4551 3272 4619 μῆτερ
3331 4548 3487 4612 Θεοῦ,
3545 4543 3861 4621 εύρυχωρόρ

2207 4657 2366 4692 τατον
2425 4641 2585 4708 σῶμα
2639 4656 2736 4690 σου
2813 4632 3077 4710 θεοδόχον
3140 4640 3250 4690 τῶν
3309 4634 3560 4711 ἀγγέλων
3620 4631 3859 4711 στρατιαὶ

2211 4727 2526 4803 ἷερωτάταις
2554 4728 2774 4801 πτέρυξι
2804 4725 2999 4800 τρόμῳ
3027 4726 3115 4781 καὶ
3151 4731 3297 4802 χαρᾷ
3325 4726 3755 4783 συνεκάλυπτον.

2280 4822 2354 4874 Ε⁸.
2391 4818 2607 4887 Ἐξὲστη
2650 4817 2716 4871 τὰ
2764 4817 3051 4889 σύμπαντα
3104 4814 3189 4869 ἐπὶ
3239 4818 3308 4889 τῇ
3359 4816 3477 4887 θείᾳ
3523 4817 3718 4892 μνήμῃ
3748 4836 3857 4872 σου.

2211 4905 2287 4963 Σὺ
2316 4907 2437 4980 γὰρ,
2476 4905 2816 4980 ἀπειρόγαμε
2864 4905 3125 4981 Παρθένε,
3174 4910 3339 4978 γῆθεν
3390 4903 3653 4977 μετέστης
3682 4904 3857 4976 ὥσπερ

2209 4999 2355 5065 ζωῆς
2384 4991 2621 5057 κιϐωτὸς
2671 4995 2807 5064 πρὸς
2854 4994 2955 5063 τήν
3004 4992 3324 5067 ἐπουράνιον
3360 4995 3557 5065 μονὴν,
3589 5000 3720 5050 πᾶσι
3749 4996 3859 5051 τοῖς

2211 5086 2443 5157 ὑμνοῦσί
2474 5105 2530 5139 σε
2559 5085 2659 5152 τήν
2689 5082 2914 5157 εἰρήνην
2948 5077 3309 5157 βραϐεύουσα.

2282 5175 2647 5248 Κροτείτωσαν
2709 5171 3006 5245 σάλπιγγες
3088 5176 3196 5226 τῶν
3258 5169 3542 5246 θεολόγων
3599 5175 3856 5248 σήμερον

2207 5263 2435 5339 γλῶσσα
2465 5260 2522 5318 δὲ
2566 5260 2957 5336 πολύφθογγος
3016 5260 3319 5332 ἀνθρώπων
3376 5265 3469 5315 νῦν
3527 5262 3856 5339 εύφημείτω.

2213 5351 2562 5426 Περιηχείτω
2616 5351 2746 5422 ἀὴρ,
2804 5349 3011 5424 ἀπείρῳ
3070 5346 3429 5421 λαμπόμενος
3474 5349 3636 5427 φωτί.
3673 5353 3859 5425 Ἀγγε-

2211 5438 2303 5495 λοι
2334 5440 2668 5513 ὑμνείτωσαν
2700 5445 2802 5508 τῆς
2832 5439 3106 5513 πανάγνου
3136 5438 3239 5506 τήν
3264 5436 3549 5511 κοίμησιν.

1856 5608 1913 5661 p.
1946 5592 2195 5671 _—
2230 5592 2307 5646 De
2354 5592 2468 5671 l_ioc
2509 5608 2735 5647 canone
2768 5591 2890 5646 sive
2920 5590 3142 5671 hymno
3175 5590 3344 5671 nulla
3372 5590 3857 5671 prorsusmentis

443 5662 501 5717 in
538 5660 1211 5736 L’cquinianaeditione.
1235 5661 1391 5715 Duos
1424 5660 1985 5736 tamenhujusmodi
2013 5662 2084 5717 ab
2104 5663 2330 5736 Joanne
2353 5665 2716 5720 Damasceno
2748 5660 3120 5733 conscriptos
3152 5660 3431 5735 operibus
3463 5664 3593 5736 ejus
3619 5663 3855 5722 iueditis

441 5730 801 5789 annumerat
830 5730 1131 5788 Fabricius
1159 5745 1414 5801 quorum
1445 5730 1596 5791 alter
1627 5730 1753 5805 ipse
1785 5732 1967 5789 estde
1999 5750 2114 5806 quo
2144 5734 2357 5813 agitur.
