4120 6400
342 422 486 480 1365

414 547 488 602 Τὸ
517 548 703 606 σκεῦος
735 541 992 617 διέπρεπε
1050 547 1152 610 τῆς
1211 542 1447 617 ἐκλογῆς
1493 547 1608 602 τοῖς
1659 539 1850 612 ὕμνοις
1884 557 2000 593 σου·
2037 543 2088 608 Α

339 635 474 697 ὅλος
507 633 871 706 ἐξιστάμενος,
909 631 1163 706 Παρθένε·
1210 628 1453 704 ἔκδημος
1513 631 1642 690 ὅλος
1698 630 1999 704 ἱερώμενος

335 729 454 798 Θεῷ
481 729 600 785 τοῖς
633 729 762 778 πᾶσι
797 722 1105 792 θεόληπτος
1164 720 1252 776 καὶ
1302 719 1376 776 ὢν
1437 717 1606 782 ὅντως
1667 727 1756 774 καὶ
1791 716 1996 774 δεικνῦ-

337 835 524 889 μενος,
556 815 788 870 Θεοτόκε
817 810 1158 884 πανύμνητε.

404 991 485 1051 θ’.
542 995 652 1062 Τὴν
711 992 854 1046 θείαν
942 989 1146 1062 ταύτην
1208 990 1297 1045 καὶ
1358 987 1646 1062 πάνδημον
1706 987 1992 1047 τελοῦντες

335 1083 556 1158 ἑορτὴν,
591 1082 644 1136 οἱ
677 1080 986 1154 θεόφρονες,
1018 1087 1120 1148 τῆς
1154 1081 1508 1152 Θεομήτορος
1551 1075 1700 1132 δεῦτε
1746 1077 1840 1138 τὰς
1875 1080 1992 1150 χεῖ-

333 1193 434 1247 ρας
465 1173 826 1246 κρατήσωμεν
859 1169 952 1224 τὸν
983 1167 1035 1239 ἐξ
1067 1168 1234 1239 αὐτῆς
1263 1171 1526 1244 τεχθέντα
1573 1172 1786 1222 πιστοῖς
1837 1163 1993 1236 δοξά-

335 1267 540 1330 ζοντες.

409 1349 506 1406 Ἐκ
537 1349 633 1404 σοῦ
670 1345 786 1414 ζωὴ
817 1343 1145 1400 ἀνατέταλκε
1199 1345 1294 1406 τὰς
1351 1343 1501 1406 κλεῖς
1557 1350 1657 1412 τῆς
1702 1340 1992 1418 παρθενίας

332 1437 414 1510 μὴ
446 1433 676 1492 λύσασα.
715 1436 841 1496 Πῶς
871 1434 966 1488 οὗν
998 1435 1060 1490 τὸ
1115 1433 1387 1508 ἄχραντον
1447 1434 1755 1508 ζωαρχικόν
1788 1433 1845 1486 τέ
1897 1453 1992 1484 σου

333 1527 604 1596 σκήνωμα
673 1526 774 1593 τῆς
827 1527 925 1578 τοῦ
1011 1525 1247 1587 θανάτου
1305 1522 1495 1598 πείρας
1579 1521 1804 1597 γέγονας
1866 1521 1989 1594 μέτ-

333 1634 474 1690 οχος
507 1633 520 1682 ς

407 1709 562 1772 Ζωῆς
593 1703 871 1776 ὑπάρξασα
919 1701 1176 1775 τέμενος,
1239 1707 1386 1772 ζωῆς
1447 1707 1548 1769 τῆς
1603 1696 1782 1754 ἀϊδίου
1837 1697 1991 1753 τετύ-

334 1809 538 1868 χηκας·
572 1789 662 1846 διὰ
691 1791 920 1854 θανάτου
945 1791 1045 1866 γὰρ
1077 1791 1212 1864 πρὸς
1241 1792 1338 1858 τὴν
1403 1791 1547 1858 ζωήν
1616 1783 1990 1861 μεταϐέϐηκας

331 1883 368 1951 ἡ
405 1883 503 1950 τήν
538 1881 682 1950 ζωὴν
715 1885 943 1934 τεκοῦσα
972 1881 1073 1948 τὴν
1101 1879 1483 1934 ἐνυπόστατον.

399 1969 619 2028 Ζ’.Οὖκ
646 1967 966 2041 ἐλάτρευσαν
1021 1972 1088 2042 τῇ
1145 1969 1314 2023 κτίσει
1376 1968 1427 2022 οἷ
1487 1966 1774 2044 Θεόφρονες
1832 1966 1980 2038 παρὰ

321 2061 420 2115 τὸν
454 2060 744 2116 Κτίσαντα·
778 2056 924 2114 ἀλλὰ
966 2061 1136 2133 πυρὸς
1192 2055 1424 2125 ἀπειλὴν
1487 2054 1747 2129 ἀνδρείως
1803 2055 1981 2123 πατή-

320 2169 533 2217 σαντες,
623 2145 845 2223 ἕχαιρον
932 2145 1258 2221 ψάλλοντες,
1336 2147 1708 2219 Ὑπερύμνητε
1787 2145 1812 2197 ὁ
1869 2147 1977 2198 τῶν

325 2239 586 2313 Πατὲρων
625 2237 819 2312 Κύριος
849 2237 940 2291 καὶ
973 2237 1124 2300 Θεὸς,
1159 2235 1458 2310 εὐλογητὸς
1489 2238 1556 2290 εἴ.

399 2342 680 2406 Νεανίσκοι
741 2343 828 2397 καὶ
887 2343 1141 2414 παρθένοι
1207 2349 1306 2410 τῆς
1395 2341 1664 2414 Παρθένου
1749 2361 1806 2394 τε
1889 2337 1980 2394 καὶ

320 2435 686 2507 Θεομήτρρος
742 2434 840 2501 τήν
897 2435 1122 2505 μνήμην
1184 2426 1454 2500 σέϐοντες,
1515 2425 1810 2505 πρεσϐύται
1890 2427 1981 2483 καὶ

316 2521 589 2597 ἃρχοντες
645 2521 734 2576 καὶ
809 2521 1056 2597 βασιλεῖς
1131 2520 1222 2574 σὺν
1302 2525 1512 2595 κριταῖς
1601 2515 1981 2592 μελῳδήσατε,

311 2613 384 2668 Ὀ
449 2615 558 2665 τῶν
651 2610 899 2684 πατέρων
981 2610 1182 2684 Κύριος
1265 2611 1352 2664 καὶ
1439 2609 1591 2678 Θεὸς,
1678 2605 1980 2682 εὐλογητὸς

317 2703 392 2756 εἴ.

397 2785 827 2844 Σαλπισατωσαν
885 2791 954 2862 τῇ
1007 2787 1266 2864 σάλπιγγι
1340 2791 1438 2841 τοῦ
1510 2786 1815 2856 πνεύματος
1878 2781 1976 2859 ὅρη

320 2877 598 2954 οὐράνια,
659 2875 1113 2951 ἂγαλλιάσθωσάν
1181 2876 1367 2952 βουνοὶ
1425 2873 1513 2930 καὶ
1585 2875 1978 2942 σκιρτάτωσαψ

321 2974 462 3034 θεῖοι
496 2966 818 3036 ἀπόστολοι,
844 2969 878 3036 ἡ
910 2969 1211 3041 πανήγυρις
1260 2971 1361 3036 τῆς
1412 2965 1704 3030 Θεοτόκου,
1739 2965 1979 3038 σήμερον

327 3059 606 3131 μυστικῶς
632 3055 1112 3131 πανηγυρίσωμεν.

395 3143 460 3200 Ἠ
513 3143 769 3216 πανίερυς
821 3144 1142 3218 μετάστασις
1205 3149 1306 3212 τῆς
1367 3141 1514 3205 θείας
1563 3159 1659 3192 σου
1709 3139 1798 3192 καὶ
1849 3138 1980 3208 ἀκη-

326 3234 499 3308 ράτου
563 3233 773 3306 μητρὸς
820 3233 888 3286 τὰ
947 3231 1292 3305 ὖπερκόσμια
1344 3234 1453 3285 τῶν
1533 3226 1644 3282 ἄνω
1701 3223 1981 3300 δυνάμεων

323 3321 553 3398 ἤθροισε
583 3323 855 3396 τάγματα’
920 3321 1364 3396 συνευφραίνεσθε
1420 3324 1536 3380 τοῖς
1595 3315 1682 3370 ἐπὶ
1739 3323 1841 3392 γῆς
1901 3331 1985 3369 σοι

337 3410 663 3485 μέλπουσιν·
699 3413 758 3469 Ὀ
791 3417 942 3480 Θεος,
971 3409 1270 3485 εὐλογητὸς
1302 3411 1366 3465 εἴ.

403 3502 478 3555 H'.
544 3499 749 3560 Ηαῖδας
807 3498 1018 3572 εὐαγεῖς
1075 3500 1127 3552 ἐν
1187 3502 1255 3572 τῇ
1306 3498 1522 3571 καμίνῳ
1595 3499 1622 3553 ὁ
1680 3498 1840 3558 τόκος
1892 3502 1991 3564 τῆς

333 3588 602 3643 Θεοτόκου
637 3585 954 3641 διεσώσατο·
1006 3587 1129 3641 τότε
1192 3589 1285 3659 μὲν
1345 3589 1710 3659 τυπούμενος,
1797 3589 1887 3640 νῦν
1933 3581 1990 3638 δὲ

341 3675 750 3752 ἐνεργούμενος,
810 3677 910 3744 τὴν
963 3674 1292 3746 οἰκουμένην
1346 3672 1792 3750 ἅπασανιξῆγειρε
1849 3672 1990 3746 ψάλ-

337 3765 564 3837 λουσαν,
599 3765 705 3822 Τὸν
744 3764 935 3840 Κύριον
973 3765 1207 3836 ὑμνεῖτε,
1237 3765 1304 3819 τὰ
1333 3759 1478 3840 ἔργα.

406 3875 512 3941 Τήν
552 3875 775 3946 μνήμην
807 3894 924 3942 σου,
955 3869 1192 3948 ἅχραντε
1225 3871 1478 3944 Παρθένε,
1538 3873 1740 3946 Ἀρχαί
1785 3893 1843 3926 τε
1899 3873 1988 3926 καὶ

339 3964 610 4036 Ἑξουσίαι
694 3963 784 4018 καὶ
845 3962 1134 4035 Δυνάμεις,
1219 3959 1512 4036 Ἄγγελοι,
1599 3959 1988 4036 Ἀρχάγγελοι,

337 4056 553 4128 Θρόνοι,
582 4052 940 4126 Κυριότητες,
997 4053 1064 4106 τά
1112 4046 1745 4126 Χερουϐἒμξδοξάζουσι·
1777 4049 1868 4104 καὶ
1925 4049 1990 4104 τὰ

339 4141 536 4221 φρικτὰ
568 4141 834 4218 Σεραφίμο
887 4141 1188 4214 ἀνθρώπων
1248 4137 1418 4214 aegra
1475 4137 1632 4214 γένος
1693 4139 1988 4212 ὑμνοῦμεν,

338 4231 429 4286 καὶ
463 4231 842 4306 ὑπερυψοῢμεν
877 4228 952 4292 εἰς
981 4229 1183 4292 πάντας
1215 4228 1342 4290 τοὺς
1381 4227 1603 4291 αἰῶνας.

411 4411 472 4469 Ὀ
503 4410 668 4481 ξένω(
697 4407 923 4477 οἰκήσας
955 4403 1007 4462 έν
1066 4409 1134 4480 τῇ
1191 4405 1449 4482 ἀχράντῳ
1507 4427 1604 4460 σου
1659 4403 1821 4476 νηδύϊ
1837 4408 1990 4480 [σαρ-

337 4498 604 4574 κούμενος
635 4495 799 4558 οὗτος
841 4496 904 4550 τὸ
969 4493 1223 4570 πανίερον
1251 4497 1468 4569 πνεῦμά
1523 4517 1618 4550 σου
1676 4491 1991 4568 δεξάμενος,

340 4588 392 4645 ἐν
429 4590 604 4660 ἑαυτῷ
631 4587 964 4642 κατέπαυσεν
993 4586 1068 4648 ὡς
1102 4583 1394 4662 ὀφειλέτης
1441 4585 1584 4648 Υἱός.
1621 4587 1714 4640 Διό
1774 4605 1832 4640 σε
1885 4586 1985 4653 τήν

337 4679 609 4755 Παρθένον
642 4677 918 4750 ὑμνοῦμεν
949 4675 1040 4729 καὶ
1074 4675 1476 4749 ὑπερυψοῦμεν.

403 4771 472 4824 Ὦ
519 4772 624 4822 τῶν
681 4765 816 4840 ὑπὲρ
877 4761 1082 4818 ἔννοιαν
1143 4764 1432 4837 θαυμάτων
1483 4769 1586 4832 τῆς
1617 4762 1986 4838 ξάειπαρθένου

336 4859 426 4914 καὶ
459 4857 810 4929 Θεομήτορος
846 4854 858 4909 l
893 4852 1075 4930 Τάφον
1117 4852 1222 4928 γὰρ
1281 4851 1546 4922 οἷκήσασα
1605 4849 1772 4926 ἔδειξε
1811 4851 1990 4929 παρώ-

339 4947 515 5005 δεισον
549 4947 594 5018 ᾧ
623 4947 968 5019 παρεστῶτες
1009 4946 1248 5016 σήμερον
1311 4941 1617 5017 χαίροντες,
1674 4941 1984 5016 ψάλλομεν·

337 5037 440 5091 Τὸν
471 5035 675 5109 Κύριον
707 5034 935 5103 ἡμνεῖτε
965 5030 1057 5085 καὶ
1093 5030 1450 5102 ὑπερυψοῦτε.

411 5131 483 5180 Θ“.
539 5127 715 5182 Ἅπας
765 5121 1000 5194 γηγενὴς
1059 5120 1332 5195 σκιρτάτω
1386 5123 1466 5190 τῷ
1517 5118 1784 5192 πνεύματι
1843 5117 1990 5190 λαμ-

333 5210 809 5286 παδουχούμενος.
845 5209 1268 5283 Πανηγυριζέτω
1301 5205 1358 5262 δὲ
1405 5205 1587 5263 ἀΰλων
1647 5207 1786 5263 νόων
1833 5207 1990 5286 φύσις

335 5302 666 5379 γεραίρουσα
715 5300 814 5367 τήν
873 5297 1020 5374 ἱερὰν
1085 5298 1406 5370 μετάστασιν
1462 5304 1564 5366 τῆς
1612 5300 1986 5372 Θεομήτορος·

332 5394 423 5448 καὶ
459 5391 662 5467 βοάτω,
715 5384 966 5462 Χαίροις,
1028 5389 1454 5462 παμμακάριστε
1511 5391 1758 5458 Θεοτὸκε,
1825 5388 1987 5462 ἁγνὴ,

336 5481 674 5555 ἀειπάρθετε.

411 5575 570 5626 Δεῦτε
591 5567 645 5622 έν
683 5567 827 5621 Σιὼν
857 5569 938 5636 τῷ
969 5563 1102 5637 θείῳ
1134 5566 1225 5620 καὶ
1283 5565 1430 5619 πίονι
1489 5560 1606 5639 ὄρει
1660 5569 1756 5620 τοῦ
1785 5569 1987 5635 ζῶντος

338 5665 472 5718 Θεοῦ
527 5653 992 5734 ἀγαλλιασώμεθα
1041 5656 1140 5725 τὴν
1201 5655 1464 5710 Θεοτὸκον
1519 5654 1986 5728 ένοπτριζόμενοιο

338 5751 472 5825 πρὸς
501 5747 601 5823 γὰρ
635 5747 734 5816 τὴν
791 5743 914 5799 λίαν
968 5744 1251 5822 κρείττονα
1306 5743 1396 5800 καὶ
1456 5745 1726 5820 θειοτέραν
1784 5746 1987 5816 σκηνὴν

1291 420 1533 476 CANON
1575 422 1649 474 ΙΝ
1687 420 2192 474 ΒΟΒΜΙΤῙΟΝΕΜ
2236 422 2355 476 DEI
2397 425 2828 479 GENITRICIS.

2019 4631 2066 4697 D

3631 423 3771 478 1366

2193 545 2302 598 Vas
2334 544 2644 602 electionis
2699 547 2855 602 inter
2911 547 3060 602 alios
3107 547 3324 602 claruit
3382 548 3520 614 tuis,
3573 548 3764 618 Virgo,

2109 633 2376 696 canticis,
2415 641 2570 689 totus
2605 637 2663 689 in
2699 636 3154 692 admirationem
3215 641 3452 704 raptus;
3511 637 3767 708 peregri-

2105 737 2220 776 nus
2254 725 2446 778 omnis
2483 726 2827 780 sacriﬁcans
2887 727 3026 790 Deo,
3088 732 3146 780 et
3185 727 3526 796 quicunque
3557 727 3757 780 omni-

2105 810 2215 866 bus
2251 819 2358 882 est,
2395 819 2452 868 et
2485 831 2613 868 vere
2646 816 2981 870 ostenditur
3002 814 3198 868 divino
3223 815 3468 868 numine
3499 814 3755 882 afflatus,

2106 917 2138 955 ο
2173 902 2342 972 Virgo
2377 905 2542 956 omni
2579 921 2823 974 prorsus
2861 909 3035 958 cantu
3069 904 3437 976 dignissima.

2181 993 2268 1046 VI.
2307 993 2576 1048 Divinam
2608 995 2758 1048 lianc.
2793 999 2850 1048 et-
2881 995 3180 1065 publicam
3240 993 3340 1048 Dei
3401 993 3607 1046 matris
3661 1009 3760 1045 co-

2109 1078 2300 1134 lentes
2361 1081 2761 1148 festivitatem,
2823 1101 2854 1135 0
2917 1083 3120 1136 Divina
3177 1081 3495 1152 sapientes,
3583 1081 3757 1147 agite,

2105 1169 2382 1223 manibus
2419 1170 2793 1241 plaudamus,
2830 1188 2898 1224 ex
2922 1171 3026 1226 illa
3055 1177 3260 1226 natum
3293 1169 3566 1224 ﬁdelibus
3599 1169 3757 1224 cele-

2101 1257 2363 1314 brantes.

2175 1349 2342 1402 Exte
2376 1355 2506 1404 orta
2539 1356 2626 1404 est
2671 1350 2786 1404 vita
2849 1349 3210 1422 Virginitatis
3269 1348 3459 1404 claves
3503 1347 3753 1402 minime

2103 1437 2358 1492 solvens.
2393 1439 2694 1502 Quomodo
2719 1440 2916 1508 igitur,
2938 1455 3073 1492 cum
3105 1437 3552 1492 immaculatum
3574 1443 3750 1507 atque

2103 1526 2164 1579 in
2197 1527 2406 1597 primis
2424 1528 2596 1581 vitale
2631 1527 3082 1582 tabernaculum
3115 1533 3280 1581 tuum
3310 1525 3508 1592 fuerit,
3543 1525 3750 1580 mortis

2103 1615 2487 1684 experientiae
2519 1615 2672 1670 facta
2701 1633 2764 1670 es
2797 1615 3090 1686 particeps
3121 1615 3148 1669 ‘I

2177 1706 2318 1760 Vita)
2351 1707 2480 1777 ipsa
2515 1707 2824 1778 templum,
2858 1709 3036 1762 vitam
3069 1711 3244 1762 nacta
3275 1721 3336 1760 es
3367 1709 3748 1776 perpetuam;

2103 1811 2210 1866 per
2240 1800 2492 1849 mortem
2528 1797 2686 1850 enim
2710 1797 2783 1850 ad
2833 1797 3010 1851 vitam
3067 1795 3378 1862 transiisti,
3413 1811 3544 1865 qum
3571 1794 3751 1848 vitam

2021 1915 2066 1978 Β
2101 1900 2234 1938 vere
2260 1885 2682 1939 subsistentem
2712 1885 3034 1956 pepereris.

2168 1975 2284 2026 VII.
2321 1973 2526 2027 Divina
2559 1974 2860 2044 sapientes
2891 1973 2996 2027 viri
3026 1977 3358 2027 creaturam
3410 1988 3514 2042 pro
3572 1971 3744 2025 Crea-

2091 2065 2216 2114 tore
2249 2076 2368 2113 non
2404 2061 2800 2114 adoraverunt
2836 2077 2848 2126 ;
2892 2061 2994 2114 sed
3051 2060 3204 2132 ignis
3255 2060 3447 2114 minas
3496 2057 3746 2112 viriliter

2091 2149 2404 2220 patientes,
2471 2149 2843 2214 laetabantur,
2876 2155 3198 2204 canentes:
3241 2149 3458 2203 Summe
3489 2147 3740 2202 laudabi-

2094 2239 2158 2292 lis
2193 2241 2418 2291 Patrum
2445 2241 2674 2292 Domine
2705 2253 2768 2292 ac
2801 2239 2956 2306 Deus,
2987 2240 3298 2292 benedictus
3329 2253 3399 2292 es.

2163 2346 2468 2402 Juvenculi
2503 2351 2560 2399 et
2615 2347 2890 2417 virgines,
2949 2350 3076 2400 tum
3129 2345 3404 2417 Virginis,
3463 2351 3588 2398 tum
3640 2343 3740 2398 Dei

2093 2435 2291 2490 Matris
2315 2435 2662 2490 memoriam
2695 2439 3065 2502 venerantes,
3097 2451 3270 2489 senes
3330 2439 3389 2487 et
3445 2431 3744 2504 principes

2093 2530 2160 2596 et.
2181 2541 2348 2596 reges
2381 2542 2513 2578 cum
2538 2523 2845 2594 judicibus
2886 2529 3120 2579 cantate
3175 2540 3188 2578 :
3239 2529 3466 2578 Patrum
3519 2521 3746 2576 Domine

2092 2630 2154 2668 ac
2185 2615 2342 2682 Deus,
2372 2613 2683 2668 benedictus
2711 2628 2781 2667 es.

2165 2790 2324 2844 Tuba
2356 2789 2599 2858 spiritus
2633 2794 2867 2844 montes
2899 2789 3168 2844 caelestes
3227 2787 3525 2860 clangant,
3560 2788 3744 2843 colles

2093 2880 2390 2952 gaudeant
2416 2883 2473 2933 et
2503 2877 2820 2932 exsultent.
2857 2877 3060 2942 Hodie,
3085 2875 3336 2947 apostoli
3369 2877 3572 2941 divini,
3607 2875 3746 2932 Dei-

2095 2985 2254 3040 parze
2279 2967 2542 3022 laudatio
2577 2985 2590 3032 ;
2623 2966 2872 3036 mystice
2909 2965 3241 3020 laudemus.

2169 3147 2592 3202 Sam-tissimus
2628 3145 2839 3198 divina}
2902 3149 2960 3198 et
3015 3144 3373 3215 incorruptae
3407 3144 3606 3198 Matris
3634 3148 3748 3199 tua)

2098 3237 2385 3291 transitus
2417 3235 2680 3290 cu-lestia
2711 3249 3100 3304 supernarum
3119 3235 3480 3287 Potestatum
3515 3233 3751 3304 agmina

2101 3325 2450 3380 tremefecit.
2480 3325 2622 3377 Cum
2659 3323 2778 3376 illis
2809 3321 3208 3392 gaudendum,
3237 3323 3338 3392 qui
3367 3322 3471 3376 tibi
3501 3323 3562 3376 in
3597 3327 3752 3377 terra

2100 3421 2322 3470 canunt
2349 3432 2359 3467 :
2395 3415 2716 3468 Benedictus
2746 3429 2818 3478 es,
2849 3413 3001 3466 Deus.

2174 3507 2316 3558 VIII.
2355 3503 2601 3557 Sanctos
2657 3519 2874 3574 pueros
2921 3500 3170 3556 servavit
3220 3501 3282 3554 in
3339 3500 3580 3556 fornace
3647 3501 3750 3554 Dei

2103 3594 2418 3648 Genitricis
2446 3598 2669 3662 partus,
2711 3597 2850 3645 tunc
2910 3591 3195 3661 ﬁguratus
3245 3589 3483 3659 quidem
3521 3606 3534 3652 ;
3591 3605 3752 3644 nunc

2101 3699 2236 3736 vero
2269 3681 2572 3752 impletus,
2607 3681 2946 3734 universum
2989 3678 3191 3732 orbem
3226 3677 3499 3732 excitavit
3531 3693 3748 3731 canen-

2102 3777 2222 3826 tem
2261 3788 2272 3824 :
2307 3771 2575 3836 Laudate,
2610 3785 2794 3839 ope-ra,
2821 3767 3134 3822 Dominum.

2173 3881 2377 3943 Tuam,
2411 3875 2796 3930 immaculata
2827 3875 3018 3947 Virgo,
3074 3873 3424 3928 memoriam
3443 3872 3748 3943 Principa-

2101 3972 2217 4028 tus,
2252 3969 2582 4020 Potestates
2627 3981 2694 4018 ac
2737 3963 2994 4018 Virtutes
3029 3979 3041 4028 ;
3095 3961 3322 4034 Angeli,
3373 3961 3748 4033 Archangeli,

2099 4056 2343 4118 Throni,
2408 4053 2876 4116 Dominationes,
2946 4051 3264 4106 Cherubim
3323 4068 3390 4106 ac
3440 4051 3752 4106 tremenda

2101 4145 2410 4216 Seraphim
2442 4141 2720 4198 laudibus
2751 4141 3211 4208 concelebrant;
3273 4139 3582 4196 hominum
3615 4157 3748 4195 vero

2099 4251 2286 4308 genus
2321 4233 2590 4289 canimus
2625 4235 2682 4286 et
2731 4229 3254 4300 superextollimus
3303 4229 3364 4284 in
3395 4229 3596 4284 omnia
3639 4247 3750 4284 s-

2098 4325 2251 4382 cula.

2173 4415 2279 4480 Qui
2311 4413 2372 4468 in
2405 4417 2504 4466 tuo
2537 4409 2920 4466 immaculato
2975 4413 3178 4462 ventre
3222 4407 3575 4478 hospitatus,
3630 4425 3752 4464 car-

2100 4521 2238 4559 nem
2272 4501 2487 4566 induit,
2513 4501 2565 4555 is
2597 4499 3041 4555 sanctissimum
3099 4497 3375 4568 spiritum
3433 4503 3602 4551 tuum
3646 4515 3748 4553 ex-

2101 4593 2353 4665 cipiens,
2389 4591 2450 4645 in
2479 4591 2631 4661 ipso,
2663 4595 2948 4659 tanquam
2998 4583 3234 4642 debitor
3256 4585 3462 4648 Filius.
3511 4587 3749 4657 requie-

2097 4683 2200 4738 vit.
2225 4681 2362 4736 Ideo
2385 4685 2442 4734 te
2473 4679 2774 4750 Virginem
2811 4677 3086 4732 canimus
3115 4681 3176 4731 et
3201 4675 3746 4746 superextollimus.

2170 4773 2213 4827 Ο
2273 4768 2588 4824 intellectu
2647 4766 2862 4821 altiora
2909 4781 3148 4836 semper
3207 4764 3460 4835 Virginis
3519 4779 3590 4820 ac
3647 4765 3748 4819 Dei

2099 4859 2412 4917 Genitricis
2461 4855 2780 4913 miraculal
2815 4857 3135 4925 Postquam
3191 4853 3352 4910 enim
3411 4853 3750 4925 sepulcrum

2099 4949 2405 5014 habitavit,
2439 4945 2784 5019 paradisum
2817 4945 3097 5009 ostendit,
3145 4943 3238 5000 cui
3271 4949 3535 4999 astantes
3572 4942 3748 4998 hodie

2098 5039 2220 5094 ιωιί
2255 5037 2560 5093 canimus:
2591 5037 2822 5089 Cantate
2845 5040 2898 5087 et
2917 5033 3337 5103 superae-tollite
3369 5033 3674 5087 Dominum.

2169 5129 2268 5181 IX.
2332 5124 2652 5196 Terrigena
2687 5123 2883 5176 omnis
2950 5122 3162 5192 spiritu
3222 5120 3498 5188 exsultet,
3557 5121 3748 5175 facem

2096 5216 2317 5272 ferens.
2353 5214 2636 5269 Mentium
2670 5228 2804 5266 vero
2851 5210 3114 5265 materies
3165 5209 3482 5264 exsortium
3537 5215 3750 5264 natura

2098 5305 2160 5360 in
2193 5305 2399 5359 laudes
2431 5308 2544 5370 eat,
2605 5307 2874 5356 sanctum
2925 5300 3026 5354 Dei
3077 5299 3392 5356 Genitricis
3429 5299 3748 5354 transitum

2097 5410 2422 5458 venerans;
2457 5397 2516 5446 et
2545 5391 2835 5445 exclamet
2870 5405 2881 5443 :
2916 5391 3098 5458 Salve,
3149 5389 3458 5444 beatissima
3491 5389 3746 5457 Deipara,

2089 5500 2261 5555 pura,
2285 5497 2495 5551 semper
2519 5481 2708 5548 Virgo.

2173 5573 2359 5644 Agite,
2394 5571 2456 5624 in
2500 5569 2660 5634 Sion,
2721 5567 2916 5622 divino
2977 5571 3034 5622 et
3089 5565 3292 5638 pingui
3341 5565 3443 5621 Dei
3501 5565 3748 5620 viventis

2099 5667 2302 5717 monte
2357 5657 2808 5720 exsultahimus,
2878 5657 3192 5728 Deiparam
3263 5655 3422 5709 velut
3471 5653 3534 5709 in
3616 5669 3746 5725 spe-

2100 5751 2234 5808 culo
2257 5751 2562 5806 intuentes
2587 5763 2602 5816 ;
2625 5747 2781 5802 hanc
2813 5745 2971 5800 enim
3000 5745 3124 5814 ille,
3158 5750 3440 5816 tanquam
3471 5749 3744 5800 matrem.
