  <div class='ocr_page' id='page_1' title='image "/cluster/home/n/w/nwhite01/storage/ocr_20150623/96:no.3/coo.31924054870005/699.png"; bbox 0 0 4120 6390; ppageno 0'>
   <div class='ocr_carea' id='block_1_1' title="bbox 380 420 517 474">
    <p class='ocr_par' dir='ltr' id='par_1_1' title="bbox 380 420 517 474">
     <span class='ocr_line' id='line_1_1' title="bbox 380 420 517 474; baseline -0.022 0"><span class='ocrx_word' id='word_1_1' title='bbox 380 420 517 474; x_wconf 90' lang='grc'>1367</span> 
     </span>
    </p>
   </div>
   <div class='ocr_carea' id='block_1_2' title="bbox 1901 421 2272 474">
    <p class='ocr_par' dir='ltr' id='par_1_2' title="bbox 1901 421 2272 474">
     <span class='ocr_line' id='line_1_2' title="bbox 1901 421 2272 474; baseline 0.003 -2"><span class='ocrx_word' id='word_1_2' title='bbox 1901 421 2272 474; x_wconf 75' lang='lat' dir='ltr'>ADDENDA.</span> 
     </span>
    </p>
   </div>
   <div class='ocr_carea' id='block_1_3' title="bbox 3667 425 3813 481">
    <p class='ocr_par' dir='ltr' id='par_1_3' title="bbox 3667 425 3813 481">
     <span class='ocr_line' id='line_1_3' title="bbox 3667 425 3813 481; baseline 0 0"><span class='ocrx_word' id='word_1_3' title='bbox 3667 425 3813 481; x_wconf 76' lang='lat'>1368</span> 
     </span>
    </p>
   </div>
   <div class='ocr_carea' id='block_1_4' title="bbox 379 539 2027 623">
    <p class='ocr_par' dir='ltr' id='par_1_4' title="bbox 379 541 2027 616">
     <span class='ocr_line' id='line_1_4' title="bbox 379 541 2027 616; baseline -0.001 -16"><span class='ocrx_word' id='word_1_4' title='bbox 379 543 454 600; x_wconf 93' lang='lat' dir='ltr'>ad</span> <span class='ocrx_word' id='word_1_5' title='bbox 486 542 868 616; x_wconf 77' lang='lat' dir='ltr'>praestantius</span> <span class='ocrx_word' id='word_1_6' title='bbox 898 541 1274 614; x_wconf 89' lang='lat' dir='ltr'>diviniusque</span> <span class='ocrx_word' id='word_1_7' title='bbox 1307 542 1761 599; x_wconf 81' lang='lat' dir='ltr'>tabernaculum</span> <span class='ocrx_word' id='word_1_8' title='bbox 1792 542 1856 597; x_wconf 88' lang='lat' dir='ltr'>in</span> <span class='ocrx_word' id='word_1_9' title='bbox 1887 544 2027 598; x_wconf 88' lang='lat' dir='ltr'>San-</span> 
     </span>
    </p>
   </div>
   <div class='ocr_carea' id='block_1_5' title="bbox 2153 539 3815 623">
    <p class='ocr_par' dir='ltr' id='par_1_5' title="bbox 2153 539 3815 623">
     <span class='ocr_line' id='line_1_5' title="bbox 2153 539 3815 623; baseline 0.007 -29"><span class='ocrx_word' id='word_1_10' title='bbox 2153 539 2226 604; x_wconf 81' lang='grc' dir='ltr'>ὡς</span> <span class='ocrx_word' id='word_1_11' title='bbox 2254 541 2464 618; x_wconf 83' lang='grc' dir='ltr'>μητέρα</span> <span class='ocrx_word' id='word_1_12' title='bbox 2491 541 2695 613; x_wconf 80' lang='grc' dir='ltr'>ταύτην</span> <span class='ocrx_word' id='word_1_13' title='bbox 2722 541 2800 607; x_wconf 68' lang='grc' dir='ltr'>τίς</span> <span class='ocrx_word' id='word_1_14' title='bbox 2835 542 2905 599; x_wconf 74' lang='grc' dir='ltr'>τὰ</span> <span class='ocrx_word' id='word_1_15' title='bbox 2961 545 3134 621; x_wconf 81' lang='grc' dir='ltr'>Ἀγια</span> <span class='ocrx_word' id='word_1_16' title='bbox 3185 550 3299 603; x_wconf 78' lang='grc' dir='ltr'>τῶν</span> <span class='ocrx_word' id='word_1_17' title='bbox 3357 546 3527 623; x_wconf 81' lang='grc' dir='ltr'>ἁγίων</span> <span class='ocrx_word' id='word_1_18' title='bbox 3591 568 3815 623; x_wconf 85' lang='grc' dir='ltr'>μετατι-</span> 
     </span>
    </p>
   </div>
   <div class='ocr_carea' id='block_1_6' title="bbox 382 632 1211 689">
    <p class='ocr_par' dir='ltr' id='par_1_6' title="bbox 382 632 1211 689">
     <span class='ocr_line' id='line_1_6' title="bbox 382 632 1211 689; baseline 0 -1"><span class='ocrx_word' id='word_1_19' title='bbox 382 638 480 688; x_wconf 89' lang='lat' dir='ltr'>cta</span> <span class='ocrx_word' id='word_1_20' title='bbox 503 638 851 689; x_wconf 89' lang='lat' dir='ltr'>sanctorum</span> <span class='ocrx_word' id='word_1_21' title='bbox 883 632 1211 689; x_wconf 79' lang='lat' dir='ltr'>transtulit.</span> 
     </span>
    </p>
   </div>
   <div class='ocr_carea' id='block_1_7' title="bbox 458 719 2034 795">
    <p class='ocr_par' dir='ltr' id='par_1_7' title="bbox 458 719 2034 795">
     <span class='ocr_line' id='line_1_7' title="bbox 458 719 2034 795; baseline -0.001 -18"><span class='ocrx_word' id='word_1_22' title='bbox 458 723 648 795; x_wconf 83' lang='lat' dir='ltr'>Agite,</span> <span class='ocrx_word' id='word_1_23' title='bbox 682 739 714 777; x_wconf 92' lang='grc' dir='ltr'>ο</span> <span class='ocrx_word' id='word_1_24' title='bbox 748 722 978 790; x_wconf 81' lang='lat' dir='ltr'>ﬁdeles,</span> <span class='ocrx_word' id='word_1_25' title='bbox 1011 721 1083 776; x_wconf 91' lang='lat' dir='ltr'>ad</span> <span class='ocrx_word' id='word_1_26' title='bbox 1141 719 1245 777; x_wconf 89' lang='lat' dir='ltr'>Dei</span> <span class='ocrx_word' id='word_1_27' title='bbox 1307 720 1624 777; x_wconf 87' lang='lat' dir='ltr'>Genitricis</span> <span class='ocrx_word' id='word_1_28' title='bbox 1692 721 2034 794; x_wconf 81' lang='lat' dir='ltr'>sepulcrum</span> 
     </span>
    </p>
   </div>
   <div class='ocr_carea' id='block_1_8' title="bbox 391 809 2036 883">
    <p class='ocr_par' dir='ltr' id='par_1_8' title="bbox 391 809 2036 883">
     <span class='ocr_line' id='line_1_8' title="bbox 391 809 2036 883; baseline -0.001 -16"><span class='ocrx_word' id='word_1_29' title='bbox 391 811 767 880; x_wconf 79' lang='lat' dir='ltr'>accedemus,</span> <span class='ocrx_word' id='word_1_30' title='bbox 800 811 1072 882; x_wconf 86' lang='lat' dir='ltr'>illudque</span> <span class='ocrx_word' id='word_1_31' title='bbox 1101 809 1821 883; x_wconf 88' lang='lat' dir='ltr'>amplectemur,pectora,</span> <span class='ocrx_word' id='word_1_32' title='bbox 1845 812 2036 881; x_wconf 89' lang='lat' dir='ltr'>labra,</span> 
     </span>
    </p>
   </div>
   <div class='ocr_carea' id='block_1_9' title="bbox 384 900 2035 973">
    <p class='ocr_par' dir='ltr' id='par_1_9' title="bbox 384 900 2035 973">
     <span class='ocr_line' id='line_1_9' title="bbox 384 900 2035 973; baseline 0.001 -17"><span class='ocrx_word' id='word_1_33' title='bbox 384 900 611 969; x_wconf 89' lang='lat' dir='ltr'>oculos,</span> <span class='ocrx_word' id='word_1_34' title='bbox 643 901 900 956; x_wconf 84' lang='lat' dir='ltr'>frontem</span> <span class='ocrx_word' id='word_1_35' title='bbox 932 901 1163 955; x_wconf 84' lang='lat' dir='ltr'>sincere</span> <span class='ocrx_word' id='word_1_36' title='bbox 1212 900 1562 973; x_wconf 81' lang='lat' dir='ltr'>affigentes;</span> <span class='ocrx_word' id='word_1_37' title='bbox 1595 900 1853 973; x_wconf 88' lang='lat' dir='ltr'>indeque</span> <span class='ocrx_word' id='word_1_38' title='bbox 1886 902 2035 958; x_wconf 89' lang='lat' dir='ltr'>hau-</span> 
     </span>
    </p>
   </div>
   <div class='ocr_carea' id='block_1_10' title="bbox 381 989 2034 1063">
    <p class='ocr_par' dir='ltr' id='par_1_10' title="bbox 381 989 2034 1063">
     <span class='ocr_line' id='line_1_10' title="bbox 381 989 2034 1063; baseline 0.001 -20"><span class='ocrx_word' id='word_1_39' title='bbox 381 989 608 1046; x_wconf 89' lang='lat' dir='ltr'>riemus</span> <span class='ocrx_word' id='word_1_40' title='bbox 637 990 877 1061; x_wconf 89' lang='lat' dir='ltr'>copiosa</span> <span class='ocrx_word' id='word_1_41' title='bbox 914 989 1384 1045; x_wconf 87' lang='lat' dir='ltr'>medicaminum</span> <span class='ocrx_word' id='word_1_42' title='bbox 1415 1006 1686 1061; x_wconf 90' lang='lat' dir='ltr'>munera,</span> <span class='ocrx_word' id='word_1_43' title='bbox 1721 1007 1751 1046; x_wconf 90' lang='lat' dir='ltr'>e</span> <span class='ocrx_word' id='word_1_44' title='bbox 1780 991 2034 1063; x_wconf 84' lang='lat' dir='ltr'>perenni</span> 
     </span>
    </p>
   </div>
   <div class='ocr_carea' id='block_1_11' title="bbox 377 1077 915 1135">
    <p class='ocr_par' dir='ltr' id='par_1_11' title="bbox 377 1077 915 1135">
     <span class='ocr_line' id='line_1_11' title="bbox 377 1077 915 1135; baseline 0.002 -2"><span class='ocrx_word' id='word_1_45' title='bbox 377 1077 541 1133; x_wconf 83' lang='lat' dir='ltr'>fonte</span> <span class='ocrx_word' id='word_1_46' title='bbox 584 1080 915 1135; x_wconf 86' lang='lat' dir='ltr'>manantia.</span> 
     </span>
    </p>
   </div>
   <div class='ocr_carea' id='block_1_12' title="bbox 446 1168 2030 1240">
    <p class='ocr_par' dir='ltr' id='par_1_12' title="bbox 446 1168 2030 1240">
     <span class='ocr_line' id='line_1_12' title="bbox 446 1168 2030 1240; baseline 0.001 -17"><span class='ocrx_word' id='word_1_47' title='bbox 446 1168 663 1239; x_wconf 86' lang='lat' dir='ltr'>Accipe</span> <span class='ocrx_word' id='word_1_48' title='bbox 693 1184 726 1224; x_wconf 91' lang='lat' dir='ltr'>a</span> <span class='ocrx_word' id='word_1_49' title='bbox 758 1168 953 1237; x_wconf 91' lang='lat' dir='ltr'>nobis,</span> <span class='ocrx_word' id='word_1_50' title='bbox 1002 1168 1101 1223; x_wconf 89' lang='lat' dir='ltr'>Dei</span> <span class='ocrx_word' id='word_1_51' title='bbox 1150 1169 1405 1224; x_wconf 87' lang='lat' dir='ltr'>viventis</span> <span class='ocrx_word' id='word_1_52' title='bbox 1461 1170 1663 1240; x_wconf 84' lang='lat' dir='ltr'>Mater,</span> <span class='ocrx_word' id='word_1_53' title='bbox 1732 1171 2030 1226; x_wconf 89' lang='lat' dir='ltr'>canticum</span> 
     </span>
    </p>
   </div>
   <div class='ocr_carea' id='block_1_13' title="bbox 374 1257 2033 1331">
    <p class='ocr_par' dir='ltr' id='par_1_13' title="bbox 374 1257 2033 1331">
     <span class='ocr_line' id='line_1_13' title="bbox 374 1257 2033 1331; baseline 0.002 -20"><span class='ocrx_word' id='word_1_54' title='bbox 374 1258 449 1312; x_wconf 84' lang='lat' dir='ltr'>De</span> <span class='ocrx_word' id='word_1_55' title='bbox 469 1259 623 1311; x_wconf 68' lang='lat' dir='ltr'>exitu</span> <span class='ocrx_word' id='word_1_56' title='bbox 652 1274 674 1321; x_wconf 87' lang='lat'><em>;</em></span> <span class='ocrx_word' id='word_1_57' title='bbox 704 1273 937 1328; x_wconf 91' lang='lat' dir='ltr'>nosque</span> <span class='ocrx_word' id='word_1_58' title='bbox 968 1257 1234 1313; x_wconf 72' lang='lat' dir='ltr'>luciferas</span> <span class='ocrx_word' id='word_1_59' title='bbox 1264 1273 1334 1314; x_wconf 89' lang='lat' dir='ltr'>ac</span> <span class='ocrx_word' id='word_1_60' title='bbox 1390 1258 1604 1313; x_wconf 71' lang='lat' dir='ltr'>divinaa</span> <span class='ocrx_word' id='word_1_61' title='bbox 1658 1263 1773 1314; x_wconf 74' lang='lat' dir='ltr'>tum</span> <span class='ocrx_word' id='word_1_62' title='bbox 1830 1261 2033 1331; x_wconf 63' lang='lat' dir='ltr'>gratias</span> 
     </span>
    </p>
   </div>
   <div class='ocr_carea' id='block_1_14' title="bbox 376 1344 2032 1419">
    <p class='ocr_par' dir='ltr' id='par_1_14' title="bbox 376 1344 2032 1419">
     <span class='ocr_line' id='line_1_14' title="bbox 376 1344 2032 1419; baseline 0.002 -20"><span class='ocrx_word' id='word_1_63' title='bbox 376 1344 486 1400; x_wconf 85' lang='lat' dir='ltr'>sub</span> <span class='ocrx_word' id='word_1_64' title='bbox 516 1344 733 1400; x_wconf 89' lang='lat' dir='ltr'>umbra</span> <span class='ocrx_word' id='word_1_65' title='bbox 761 1351 1003 1418; x_wconf 88' lang='lat' dir='ltr'>protege</span> <span class='ocrx_word' id='word_1_66' title='bbox 1036 1363 1049 1413; x_wconf 92' lang='lat'><strong>;</strong></span> <span class='ocrx_word' id='word_1_67' title='bbox 1082 1346 1205 1419; x_wconf 89' lang='lat' dir='ltr'>regi</span> <span class='ocrx_word' id='word_1_68' title='bbox 1255 1347 1613 1419; x_wconf 89' lang='lat' dir='ltr'>triumphos,</span> <span class='ocrx_word' id='word_1_69' title='bbox 1662 1347 2032 1403; x_wconf 62' lang='lat' dir='ltr'>Christicolae</span> 
     </span>
    </p>
   </div>
   <div class='ocr_carea' id='block_1_15' title="bbox 375 1435 2033 1509">
    <p class='ocr_par' dir='ltr' id='par_1_15' title="bbox 375 1435 2033 1509">
     <span class='ocr_line' id='line_1_15' title="bbox 375 1435 2033 1509; baseline 0.002 -20"><span class='ocrx_word' id='word_1_70' title='bbox 375 1435 596 1506; x_wconf 89' lang='lat' dir='ltr'>populo</span> <span class='ocrx_word' id='word_1_71' title='bbox 628 1450 857 1505; x_wconf 87' lang='lat' dir='ltr'>pacem,</span> <span class='ocrx_word' id='word_1_72' title='bbox 891 1435 1245 1491; x_wconf 85' lang='lat' dir='ltr'>canentibus</span> <span class='ocrx_word' id='word_1_73' title='bbox 1287 1436 1524 1492; x_wconf 81' lang='lat' dir='ltr'>veniam</span> <span class='ocrx_word' id='word_1_74' title='bbox 1576 1437 2033 1509; x_wconf 89' lang='lat' dir='ltr'>animarumque</span> 
     </span>
    </p>
   </div>
   <div class='ocr_carea' id='block_1_16' title="bbox 382 1520 985 1593">
    <p class='ocr_par' dir='ltr' id='par_1_16' title="bbox 382 1520 985 1593">
     <span class='ocr_line' id='line_1_16' title="bbox 382 1520 985 1593; baseline 0.005 -18"><span class='ocrx_word' id='word_1_75' title='bbox 382 1520 638 1576; x_wconf 85' lang='lat' dir='ltr'>salutem</span> <span class='ocrx_word' id='word_1_76' title='bbox 671 1520 985 1593; x_wconf 88' lang='lat' dir='ltr'>elargiens.</span> 
     </span>
    </p>
   </div>
   <div class='ocr_carea' id='block_1_17' title="bbox 632 1890 1779 1961">
    <p class='ocr_par' dir='ltr' id='par_1_17' title="bbox 632 1890 1779 1961">
     <span class='ocr_line' id='line_1_17' title="bbox 632 1890 1779 1961; baseline 0.005 -20"><span class='ocrx_word' id='word_1_77' title='bbox 632 1890 893 1943; x_wconf 81' lang='lat' dir='ltr'>Carmina</span> <span class='ocrx_word' id='word_1_78' title='bbox 907 1890 982 1944; x_wconf 88' lang='lat' dir='ltr'>ad</span> <span class='ocrx_word' id='word_1_79' title='bbox 1001 1890 1400 1947; x_wconf 73' lang='lat' dir='ltr'>exodiasticum</span> <span class='ocrx_word' id='word_1_80' title='bbox 1417 1894 1779 1961; x_wconf 80' lang='lat' dir='ltr'>pertinentia.</span> 
     </span>
    </p>
   </div>
   <div class='ocr_carea' id='block_1_18' title="bbox 379 1993 1923 2073">
    <p class='ocr_par' dir='ltr' id='par_1_18' title="bbox 379 1993 1923 2073">
     <span class='ocr_line' id='line_1_18' title="bbox 379 1993 1923 2073; baseline 0.006 -26"><span class='ocrx_word' id='word_1_81' title='bbox 379 1994 662 2059; x_wconf 80' lang='lat' dir='ltr'>Quamam</span> <span class='ocrx_word' id='word_1_82' title='bbox 694 1993 825 2048; x_wconf 69' lang='lat' dir='ltr'>vitm</span> <span class='ocrx_word' id='word_1_83' title='bbox 854 1995 1145 2067; x_wconf 85' lang='lat' dir='ltr'>voluptas,</span> <span class='ocrx_word' id='word_1_84' title='bbox 1179 2004 1408 2069; x_wconf 74' lang='lat' dir='ltr'>perstat</span> <span class='ocrx_word' id='word_1_85' title='bbox 1437 1999 1660 2056; x_wconf 89' lang='lat' dir='ltr'>doloris</span> <span class='ocrx_word' id='word_1_86' title='bbox 1693 2019 1923 2073; x_wconf 83' lang='lat' dir='ltr'>expers,</span> 
     </span>
    </p>
   </div>
   <div class='ocr_carea' id='block_1_19' title="bbox 382 2082 1941 2156">
    <p class='ocr_par' dir='ltr' id='par_1_19' title="bbox 382 2082 1941 2156">
     <span class='ocr_line' id='line_1_19' title="bbox 382 2082 1941 2156; baseline 0.008 -21"><span class='ocrx_word' id='word_1_87' title='bbox 382 2084 521 2147; x_wconf 83' lang='lat' dir='ltr'>Quae</span> <span class='ocrx_word' id='word_1_88' title='bbox 555 2082 743 2154; x_wconf 79' lang='lat' dir='ltr'>gloria</span> <span class='ocrx_word' id='word_1_89' title='bbox 772 2088 1125 2156; x_wconf 88' lang='lat' dir='ltr'>permansit,</span> <span class='ocrx_word' id='word_1_90' title='bbox 1159 2087 1221 2142; x_wconf 90' lang='lat' dir='ltr'>in</span> <span class='ocrx_word' id='word_1_91' title='bbox 1263 2092 1421 2143; x_wconf 89' lang='lat' dir='ltr'>terra</span> <span class='ocrx_word' id='word_1_92' title='bbox 1464 2089 1565 2145; x_wconf 93' lang='lat' dir='ltr'>diu</span> <span class='ocrx_word' id='word_1_93' title='bbox 1599 2090 1882 2148; x_wconf 90' lang='lat' dir='ltr'>duratura</span> <span class='ocrx_word' id='word_1_94' title='bbox 1913 2095 1941 2148; x_wconf 77' lang='lat' dir='ltr'>‘I</span> 
     </span>
    </p>
   </div>
   <div class='ocr_carea' id='block_1_20' title="bbox 384 2174 2040 2247">
    <p class='ocr_par' dir='ltr' id='par_1_20' title="bbox 384 2174 2040 2247">
     <span class='ocr_line' id='line_1_20' title="bbox 384 2174 2040 2247; baseline 0.006 -18"><span class='ocrx_word' id='word_1_95' title='bbox 384 2175 606 2231; x_wconf 90' lang='lat' dir='ltr'>Umbra</span> <span class='ocrx_word' id='word_1_96' title='bbox 636 2179 850 2230; x_wconf 91' lang='lat' dir='ltr'>cuncta</span> <span class='ocrx_word' id='word_1_97' title='bbox 876 2174 1003 2230; x_wconf 68' lang='lat' dir='ltr'>hazc</span> <span class='ocrx_word' id='word_1_98' title='bbox 1034 2180 1175 2231; x_wconf 86' lang='lat' dir='ltr'>sunt</span> <span class='ocrx_word' id='word_1_99' title='bbox 1204 2177 1555 2247; x_wconf 86' lang='lat' dir='ltr'>infirmiora,</span> <span class='ocrx_word' id='word_1_100' title='bbox 1615 2188 1832 2237; x_wconf 89' lang='lat' dir='ltr'>cuncta</span> <span class='ocrx_word' id='word_1_101' title='bbox 1887 2200 2040 2239; x_wconf 87' lang='lat' dir='ltr'>som-</span> 
     </span>
    </p>
   </div>
   <div class='ocr_carea' id='block_1_21' title="bbox 1469 2270 1960 2339">
    <p class='ocr_par' dir='ltr' id='par_1_21' title="bbox 1469 2270 1960 2339">
     <span class='ocr_line' id='line_1_21' title="bbox 1469 2270 1960 2339; baseline 0.012 -16"><span class='ocrx_word' id='word_1_102' title='bbox 1469 2270 1608 2339; x_wconf 84' lang='lat' dir='ltr'>[niis</span> <span class='ocrx_word' id='word_1_103' title='bbox 1636 2271 1960 2329; x_wconf 87' lang='lat' dir='ltr'>fallaciora.</span> 
     </span>
    </p>
   </div>
   <div class='ocr_carea' id='block_1_22' title="bbox 391 2352 2036 2419">
    <p class='ocr_par' dir='ltr' id='par_1_22' title="bbox 391 2352 2036 2419">
     <span class='ocr_line' id='line_1_22' title="bbox 391 2352 2036 2419; baseline 0.006 -10"><span class='ocrx_word' id='word_1_104' title='bbox 391 2353 448 2409; x_wconf 91' lang='lat' dir='ltr'>Si</span> <span class='ocrx_word' id='word_1_105' title='bbox 520 2352 613 2409; x_wconf 91' lang='lat' dir='ltr'>vel</span> <span class='ocrx_word' id='word_1_106' title='bbox 660 2369 847 2408; x_wconf 89' lang='lat' dir='ltr'>unum</span> <span class='ocrx_word' id='word_1_107' title='bbox 929 2360 1301 2411; x_wconf 87' lang='lat' dir='ltr'>momentum</span> <span class='ocrx_word' id='word_1_108' title='bbox 1347 2356 1536 2413; x_wconf 85' lang='lat' dir='ltr'>ﬂuat:</span> <span class='ocrx_word' id='word_1_109' title='bbox 1587 2366 1803 2417; x_wconf 89' lang='lat' dir='ltr'>cuncta</span> <span class='ocrx_word' id='word_1_110' title='bbox 1850 2362 2036 2419; x_wconf 89' lang='lat' dir='ltr'>letum</span> 
     </span>
    </p>
   </div>
   <div class='ocr_carea' id='block_1_23' title="bbox 1681 2451 1964 2527">
    <p class='ocr_par' dir='ltr' id='par_1_23' title="bbox 1681 2451 1964 2527">
     <span class='ocr_line' id='line_1_23' title="bbox 1681 2451 1964 2527; baseline 0.007 -20"><span class='ocrx_word' id='word_1_111' title='bbox 1681 2451 1964 2527; x_wconf 87' lang='lat' dir='ltr'>[colliget.</span> 
     </span>
    </p>
   </div>
   <div class='ocr_carea' id='block_1_24' title="bbox 393 2533 1606 2602">
    <p class='ocr_par' dir='ltr' id='par_1_24' title="bbox 393 2533 1606 2602">
     <span class='ocr_line' id='line_1_24' title="bbox 393 2533 1606 2602; baseline 0.005 -15"><span class='ocrx_word' id='word_1_112' title='bbox 393 2534 605 2589; x_wconf 90' lang='lat' dir='ltr'>Verum</span> <span class='ocrx_word' id='word_1_113' title='bbox 637 2534 699 2588; x_wconf 92' lang='lat' dir='ltr'>in</span> <span class='ocrx_word' id='word_1_114' title='bbox 732 2533 959 2589; x_wconf 89' lang='lat' dir='ltr'>lumine</span> <span class='ocrx_word' id='word_1_115' title='bbox 989 2534 1186 2591; x_wconf 87' lang='lat' dir='ltr'>vultus</span> <span class='ocrx_word' id='word_1_116' title='bbox 1218 2536 1321 2602; x_wconf 91' lang='lat' dir='ltr'>tui,</span> <span class='ocrx_word' id='word_1_117' title='bbox 1355 2538 1606 2595; x_wconf 88' lang='lat' dir='ltr'>Christe.</span> 
     </span>
    </p>
   </div>
   <div class='ocr_carea' id='block_1_25' title="bbox 391 2622 1535 2694">
    <p class='ocr_par' dir='ltr' id='par_1_25' title="bbox 391 2622 1535 2694">
     <span class='ocr_line' id='line_1_25' title="bbox 391 2622 1535 2694; baseline 0.006 -18"><span class='ocrx_word' id='word_1_118' title='bbox 391 2624 462 2677; x_wconf 87' lang='lat' dir='ltr'>Et</span> <span class='ocrx_word' id='word_1_119' title='bbox 492 2622 552 2677; x_wconf 89' lang='lat' dir='ltr'>in</span> <span class='ocrx_word' id='word_1_120' title='bbox 587 2622 1054 2694; x_wconf 88' lang='lat' dir='ltr'>pulchritudinis</span> <span class='ocrx_word' id='word_1_121' title='bbox 1087 2630 1202 2679; x_wconf 70' lang='lat' dir='ltr'>tum</span> <span class='ocrx_word' id='word_1_122' title='bbox 1226 2627 1535 2694; x_wconf 85' lang='lat' dir='ltr'>suavitate,</span> 
     </span>
    </p>
   </div>
   <div class='ocr_carea' id='block_1_26' title="bbox 389 2712 1797 2794">
    <p class='ocr_par' dir='ltr' id='par_1_26' title="bbox 389 2712 1797 2794">
     <span class='ocr_line' id='line_1_26' title="bbox 389 2712 1797 2794; baseline 0.009 -28"><span class='ocrx_word' id='word_1_123' title='bbox 389 2712 453 2767; x_wconf 91' lang='lat' dir='ltr'>Ei</span> <span class='ocrx_word' id='word_1_124' title='bbox 477 2728 655 2783; x_wconf 88' lang='lat' dir='ltr'>quem</span> <span class='ocrx_word' id='word_1_125' title='bbox 684 2712 933 2785; x_wconf 89' lang='lat' dir='ltr'>elegisti,</span> <span class='ocrx_word' id='word_1_126' title='bbox 968 2712 1043 2768; x_wconf 90' lang='lat' dir='ltr'>da</span> <span class='ocrx_word' id='word_1_127' title='bbox 1069 2716 1361 2786; x_wconf 89' lang='lat' dir='ltr'>requiem,</span> <span class='ocrx_word' id='word_1_128' title='bbox 1390 2724 1455 2773; x_wconf 89' lang='lat' dir='ltr'>ut</span> <span class='ocrx_word' id='word_1_129' title='bbox 1482 2718 1797 2794; x_wconf 86' lang='lat' dir='ltr'>benignus.</span> 
     </span>
    </p>
   </div>
   <div class='ocr_carea' id='block_1_27' title="bbox 388 2800 2039 2886">
    <p class='ocr_par' dir='ltr' id='par_1_27' title="bbox 388 2800 2039 2886">
     <span class='ocr_line' id='line_1_27' title="bbox 388 2800 2039 2886; baseline 0.01 -31"><span class='ocrx_word' id='word_1_130' title='bbox 388 2802 513 2856; x_wconf 86' lang='lat' dir='ltr'>Heu</span> <span class='ocrx_word' id='word_1_131' title='bbox 545 2800 923 2872; x_wconf 83' lang='lat' dir='ltr'>melqualem</span> <span class='ocrx_word' id='word_1_132' title='bbox 953 2803 1173 2859; x_wconf 87' lang='lat' dir='ltr'>luctam</span> <span class='ocrx_word' id='word_1_133' title='bbox 1204 2806 1407 2862; x_wconf 89' lang='lat' dir='ltr'>anima</span> <span class='ocrx_word' id='word_1_134' title='bbox 1434 2824 1466 2863; x_wconf 91' lang='lat' dir='ltr'>e</span> <span class='ocrx_word' id='word_1_135' title='bbox 1487 2825 1734 2883; x_wconf 88' lang='lat' dir='ltr'>corpore</span> <span class='ocrx_word' id='word_1_136' title='bbox 1766 2820 2039 2886; x_wconf 88' lang='lat' dir='ltr'>separata</span> 
     </span>
    </p>
   </div>
   <div class='ocr_carea' id='block_1_28' title="bbox 1630 2899 1968 2972">
    <p class='ocr_par' dir='ltr' id='par_1_28' title="bbox 1630 2899 1968 2972">
     <span class='ocr_line' id='line_1_28' title="bbox 1630 2899 1968 2972; baseline 0.018 -17"><span class='ocrx_word' id='word_1_137' title='bbox 1630 2899 1913 2972; x_wconf 90' lang='lat' dir='ltr'>[sustinet</span> <span class='ocrx_word' id='word_1_138' title='bbox 1939 2905 1968 2961; x_wconf 85' lang='lat'><strong>?</strong></span> 
     </span>
    </p>
   </div>
   <div class='ocr_carea' id='block_1_29' title="bbox 384 2979 2040 3060">
    <p class='ocr_par' dir='ltr' id='par_1_29' title="bbox 384 2979 2040 3060">
     <span class='ocr_line' id='line_1_29' title="bbox 384 2979 2040 3060; baseline 0.011 -27"><span class='ocrx_word' id='word_1_139' title='bbox 384 2980 508 3034; x_wconf 85' lang='lat' dir='ltr'>Heu</span> <span class='ocrx_word' id='word_1_140' title='bbox 540 2995 636 3035; x_wconf 91' lang='lat' dir='ltr'>me</span> <span class='ocrx_word' id='word_1_141' title='bbox 672 2979 684 3033; x_wconf 84' lang='lat'><strong><em>1</em></strong></span> <span class='ocrx_word' id='word_1_142' title='bbox 720 2986 1011 3051; x_wconf 88' lang='lat' dir='ltr'>quantum</span> <span class='ocrx_word' id='word_1_143' title='bbox 1033 2981 1246 3055; x_wconf 88' lang='lat' dir='ltr'>plorat,</span> <span class='ocrx_word' id='word_1_144' title='bbox 1280 3001 1391 3041; x_wconf 91' lang='lat' dir='ltr'>nec</span> <span class='ocrx_word' id='word_1_145' title='bbox 1425 2993 1515 3043; x_wconf 83' lang='lat' dir='ltr'>est</span> <span class='ocrx_word' id='word_1_146' title='bbox 1544 2990 1643 3060; x_wconf 91' lang='lat' dir='ltr'>qui</span> <span class='ocrx_word' id='word_1_147' title='bbox 1680 2991 2040 3050; x_wconf 89' lang='lat' dir='ltr'>misereatur</span> 
     </span>
    </p>
   </div>
   <div class='ocr_carea' id='block_1_30' title="bbox 1784 3083 1961 3155">
    <p class='ocr_par' dir='ltr' id='par_1_30' title="bbox 1784 3083 1961 3155">
     <span class='ocr_line' id='line_1_30' title="bbox 1784 3083 1961 3155; baseline 0.023 -18"><span class='ocrx_word' id='word_1_148' title='bbox 1784 3083 1961 3155; x_wconf 87' lang='lat' dir='ltr'>[ejus.</span> 
     </span>
    </p>
   </div>
   <div class='ocr_carea' id='block_1_31' title="bbox 385 3156 2040 3243">
    <p class='ocr_par' dir='ltr' id='par_1_31' title="bbox 385 3156 2040 3243">
     <span class='ocr_line' id='line_1_31' title="bbox 385 3156 2040 3243; baseline 0.013 -34"><span class='ocrx_word' id='word_1_149' title='bbox 385 3156 474 3211; x_wconf 82' lang='lat' dir='ltr'>Ad</span> <span class='ocrx_word' id='word_1_150' title='bbox 502 3157 750 3229; x_wconf 86' lang='lat' dir='ltr'>angelos</span> <span class='ocrx_word' id='word_1_151' title='bbox 782 3159 829 3213; x_wconf 91' lang='lat' dir='ltr'>si</span> <span class='ocrx_word' id='word_1_152' title='bbox 853 3164 1159 3215; x_wconf 85' lang='lat' dir='ltr'>convertat</span> <span class='ocrx_word' id='word_1_153' title='bbox 1186 3162 1411 3233; x_wconf 88' lang='lat' dir='ltr'>oculos,</span> <span class='ocrx_word' id='word_1_154' title='bbox 1443 3165 1611 3222; x_wconf 91' lang='lat' dir='ltr'>irrite</span> <span class='ocrx_word' id='word_1_155' title='bbox 1644 3168 2040 3243; x_wconf 82' lang='lat' dir='ltr'>deprecatur?</span> 
     </span>
    </p>
   </div>
   <div class='ocr_carea' id='block_1_32' title="bbox 385 3333 2043 3417">
    <p class='ocr_par' dir='ltr' id='par_1_32' title="bbox 385 3333 2043 3417">
     <span class='ocr_line' id='line_1_32' title="bbox 385 3333 2043 3417; baseline 0.013 -30"><span class='ocrx_word' id='word_1_156' title='bbox 385 3333 438 3388; x_wconf 87' lang='lat' dir='ltr'>Si</span> <span class='ocrx_word' id='word_1_157' title='bbox 469 3334 541 3389; x_wconf 90' lang='lat' dir='ltr'>ad</span> <span class='ocrx_word' id='word_1_158' title='bbox 567 3335 844 3391; x_wconf 89' lang='lat' dir='ltr'>homines</span> <span class='ocrx_word' id='word_1_159' title='bbox 877 3336 1083 3393; x_wconf 89' lang='lat' dir='ltr'>tendat</span> <span class='ocrx_word' id='word_1_160' title='bbox 1108 3355 1348 3410; x_wconf 88' lang='lat' dir='ltr'>manus,</span> <span class='ocrx_word' id='word_1_161' title='bbox 1382 3358 1556 3413; x_wconf 89' lang='lat' dir='ltr'>opem</span> <span class='ocrx_word' id='word_1_162' title='bbox 1580 3347 1680 3417; x_wconf 91' lang='lat' dir='ltr'>qui</span> <span class='ocrx_word' id='word_1_163' title='bbox 1724 3347 1897 3416; x_wconf 86' lang='lat' dir='ltr'>ferat,</span> <span class='ocrx_word' id='word_1_164' title='bbox 1922 3368 2043 3410; x_wconf 91' lang='lat' dir='ltr'>non</span> 
     </span>
    </p>
   </div>
   <div class='ocr_carea' id='block_1_33' title="bbox 1701 3439 1967 3505">
    <p class='ocr_par' dir='ltr' id='par_1_33' title="bbox 1701 3439 1967 3505">
     <span class='ocr_line' id='line_1_33' title="bbox 1701 3439 1967 3505; baseline 0.023 -14"><span class='ocrx_word' id='word_1_165' title='bbox 1701 3439 1967 3505; x_wconf 87' lang='lat' dir='ltr'>[invenit.</span> 
     </span>
    </p>
   </div>
   <div class='ocr_carea' id='block_1_34' title="bbox 386 3514 2042 3588">
    <p class='ocr_par' dir='ltr' id='par_1_34' title="bbox 386 3514 2042 3588">
     <span class='ocr_line' id='line_1_34' title="bbox 386 3514 2042 3588; baseline 0.012 -20"><span class='ocrx_word' id='word_1_166' title='bbox 386 3514 634 3581; x_wconf 88' lang='lat' dir='ltr'>Idcirco,</span> <span class='ocrx_word' id='word_1_167' title='bbox 668 3515 868 3572; x_wconf 87' lang='lat' dir='ltr'>dilecti</span> <span class='ocrx_word' id='word_1_168' title='bbox 898 3517 1134 3588; x_wconf 83' lang='lat' dir='ltr'>fratres,</span> <span class='ocrx_word' id='word_1_169' title='bbox 1178 3519 1528 3579; x_wconf 88' lang='lat' dir='ltr'>brevitatem</span> <span class='ocrx_word' id='word_1_170' title='bbox 1587 3526 1716 3582; x_wconf 74' lang='lat' dir='ltr'>vitm</span> <span class='ocrx_word' id='word_1_171' title='bbox 1775 3536 2042 3588; x_wconf 90' lang='lat' dir='ltr'>contem-</span> 
     </span>
    </p>
   </div>
   <div class='ocr_carea' id='block_1_35' title="bbox 391 3619 1967 3778">
    <p class='ocr_par' dir='ltr' id='par_1_35' title="bbox 391 3619 1967 3778">
     <span class='ocr_line' id='line_1_35' title="bbox 391 3619 1967 3778; baseline 0.011 -30"><span class='ocrx_word' id='word_1_172' title='bbox 391 3694 676 3764; x_wconf 83' lang='lat' dir='ltr'>Requiem</span> <span class='ocrx_word' id='word_1_173' title='bbox 708 3694 987 3752; x_wconf 84' lang='lat' dir='ltr'>defuncto</span> <span class='ocrx_word' id='word_1_174' title='bbox 1028 3697 1190 3764; x_wconf 82' lang='lat' dir='ltr'>huic,</span> <span class='ocrx_word' id='word_1_175' title='bbox 1223 3716 1257 3754; x_wconf 88' lang='lat' dir='ltr'>a</span> <span class='ocrx_word' id='word_1_176' title='bbox 1287 3700 1518 3757; x_wconf 87' lang='lat' dir='ltr'>Christo</span> <span class='ocrx_word' id='word_1_177' title='bbox 1551 3619 1967 3778; x_wconf 40' lang='lat' dir='ltr'>deprecgrliziitr.’</span> 
     </span>
    </p>
   </div>
   <div class='ocr_carea' id='block_1_36' title="bbox 384 3873 1891 3946">
    <p class='ocr_par' dir='ltr' id='par_1_36' title="bbox 384 3873 1891 3946">
     <span class='ocr_line' id='line_1_36' title="bbox 384 3873 1891 3946; baseline 0.013 -21"><span class='ocrx_word' id='word_1_178' title='bbox 384 3873 454 3925; x_wconf 90' lang='lat' dir='ltr'>Et</span> <span class='ocrx_word' id='word_1_179' title='bbox 484 3890 762 3946; x_wconf 81' lang='lat' dir='ltr'>magnam</span> <span class='ocrx_word' id='word_1_180' title='bbox 795 3876 1110 3933; x_wconf 88' lang='lat' dir='ltr'>animabus</span> <span class='ocrx_word' id='word_1_181' title='bbox 1141 3881 1363 3936; x_wconf 90' lang='lat' dir='ltr'>nostris</span> <span class='ocrx_word' id='word_1_182' title='bbox 1396 3884 1891 3946; x_wconf 89' lang='lat' dir='ltr'>misericordiam.</span> 
     </span>
    </p>
   </div>
   <div class='ocr_carea' id='block_1_37' title="bbox 383 3963 2032 4045">
    <p class='ocr_par' dir='ltr' id='par_1_37' title="bbox 383 3963 2032 4045">
     <span class='ocr_line' id='line_1_37' title="bbox 383 3963 2032 4045; baseline 0.013 -30"><span class='ocrx_word' id='word_1_183' title='bbox 383 3963 528 4017; x_wconf 85' lang='lat' dir='ltr'>Vani</span> <span class='ocrx_word' id='word_1_184' title='bbox 540 3970 626 4018; x_wconf 83' lang='lat' dir='ltr'>tas</span> <span class='ocrx_word' id='word_1_185' title='bbox 642 3972 781 4020; x_wconf 89' lang='lat' dir='ltr'>sunt</span> <span class='ocrx_word' id='word_1_186' title='bbox 807 3966 1072 4023; x_wconf 90' lang='lat' dir='ltr'>humana</span> <span class='ocrx_word' id='word_1_187' title='bbox 1086 3975 1319 4038; x_wconf 88' lang='lat' dir='ltr'>cuncta,</span> <span class='ocrx_word' id='word_1_188' title='bbox 1346 3989 1479 4042; x_wconf 83' lang='lat' dir='ltr'>quae</span> <span class='ocrx_word' id='word_1_189' title='bbox 1495 3981 1629 4045; x_wconf 88' lang='lat' dir='ltr'>post</span> <span class='ocrx_word' id='word_1_190' title='bbox 1646 3985 1897 4035; x_wconf 88' lang='lat' dir='ltr'>mortem</span> <span class='ocrx_word' id='word_1_191' title='bbox 1912 3998 2032 4037; x_wconf 90' lang='lat' dir='ltr'>non</span> 
     </span>
    </p>
   </div>
   <div class='ocr_carea' id='block_1_38' title="bbox 1308 4061 1957 4135">
    <p class='ocr_par' dir='ltr' id='par_1_38' title="bbox 1308 4061 1957 4135">
     <span class='ocr_line' id='line_1_38' title="bbox 1308 4061 1957 4135; baseline 0.015 -20"><span class='ocrx_word' id='word_1_192' title='bbox 1308 4061 1589 4135; x_wconf 89' lang='lat' dir='ltr'>[amplius</span> <span class='ocrx_word' id='word_1_193' title='bbox 1621 4069 1957 4125; x_wconf 84' lang='lat' dir='ltr'>exstabunt.</span> 
     </span>
    </p>
   </div>
   <div class='ocr_carea' id='block_1_39' title="bbox 378 4139 2036 4218">
    <p class='ocr_par' dir='ltr' id='par_1_39' title="bbox 378 4139 2036 4218">
     <span class='ocr_line' id='line_1_39' title="bbox 378 4139 2036 4218; baseline 0.012 -22"><span class='ocrx_word' id='word_1_194' title='bbox 378 4139 605 4196; x_wconf 83' lang='lat' dir='ltr'>Divitias</span> <span class='ocrx_word' id='word_1_195' title='bbox 636 4158 931 4214; x_wconf 89' lang='lat' dir='ltr'>nusquam</span> <span class='ocrx_word' id='word_1_196' title='bbox 987 4155 1328 4218; x_wconf 87' lang='lat' dir='ltr'>supersunt,</span> <span class='ocrx_word' id='word_1_197' title='bbox 1379 4167 1489 4207; x_wconf 91' lang='lat' dir='ltr'>nec</span> <span class='ocrx_word' id='word_1_198' title='bbox 1548 4170 1658 4211; x_wconf 92' lang='lat' dir='ltr'>nos</span> <span class='ocrx_word' id='word_1_199' title='bbox 1717 4159 2036 4215; x_wconf 87' lang='lat' dir='ltr'>comitatur</span> 
     </span>
    </p>
   </div>
   <div class='ocr_carea' id='block_1_40' title="bbox 1725 4246 1955 4319">
    <p class='ocr_par' dir='ltr' id='par_1_40' title="bbox 1725 4246 1955 4319">
     <span class='ocr_line' id='line_1_40' title="bbox 1725 4246 1955 4319; baseline 0.022 -19"><span class='ocrx_word' id='word_1_200' title='bbox 1725 4246 1895 4319; x_wconf 89' lang='lat' dir='ltr'>[glori</span> <span class='ocrx_word' id='word_1_201' title='bbox 1903 4265 1955 4305; x_wconf 90' lang='lat' dir='ltr'>a.</span> 
     </span>
    </p>
   </div>
   <div class='ocr_carea' id='block_1_41' title="bbox 378 4321 2031 4401">
    <p class='ocr_par' dir='ltr' id='par_1_41' title="bbox 378 4321 2031 4401">
     <span class='ocr_line' id='line_1_41' title="bbox 378 4321 2031 4401; baseline 0.012 -26"><span class='ocrx_word' id='word_1_202' title='bbox 378 4321 641 4391; x_wconf 83' lang='lat' dir='ltr'>Repente</span> <span class='ocrx_word' id='word_1_203' title='bbox 672 4339 933 4395; x_wconf 90' lang='lat' dir='ltr'>namque</span> <span class='ocrx_word' id='word_1_204' title='bbox 962 4329 1389 4397; x_wconf 69' lang='lat' dir='ltr'>superveniens</span> <span class='ocrx_word' id='word_1_205' title='bbox 1422 4346 1603 4401; x_wconf 88' lang='lat' dir='ltr'>mors,</span> <span class='ocrx_word' id='word_1_206' title='bbox 1634 4334 1761 4390; x_wconf 72' lang='lat' dir='ltr'>haac</span> <span class='ocrx_word' id='word_1_207' title='bbox 1817 4343 2031 4395; x_wconf 90' lang='lat' dir='ltr'>cuncta</span> 
     </span>
    </p>
   </div>
   <div class='ocr_carea' id='block_1_42' title="bbox 1656 4423 1953 4498">
    <p class='ocr_par' dir='ltr' id='par_1_42' title="bbox 1656 4423 1953 4498">
     <span class='ocr_line' id='line_1_42' title="bbox 1656 4423 1953 4498; baseline 0.024 -21"><span class='ocrx_word' id='word_1_208' title='bbox 1656 4423 1953 4498; x_wconf 89' lang='lat' dir='ltr'>[dissipat.</span> 
     </span>
    </p>
   </div>
   <div class='ocr_carea' id='block_1_43' title="bbox 544 4526 1856 4602">
    <p class='ocr_par' dir='ltr' id='par_1_43' title="bbox 544 4526 1856 4602">
     <span class='ocr_line' id='line_1_43' title="bbox 544 4526 1856 4602; baseline 0.013 -22"><span class='ocrx_word' id='word_1_209' title='bbox 544 4526 776 4583; x_wconf 90' lang='lat' dir='ltr'>Christo</span> <span class='ocrx_word' id='word_1_210' title='bbox 807 4535 1123 4602; x_wconf 87' lang='lat' dir='ltr'>propterea</span> <span class='ocrx_word' id='word_1_211' title='bbox 1151 4533 1477 4591; x_wconf 86' lang='lat' dir='ltr'>immortali</span> <span class='ocrx_word' id='word_1_212' title='bbox 1505 4537 1856 4598; x_wconf 87' lang='lat' dir='ltr'>clamemus.</span> 
     </span>
    </p>
   </div>
   <div class='ocr_carea' id='block_1_44' title="bbox 374 4631 1574 4713">
    <p class='ocr_par' dir='ltr' id='par_1_44' title="bbox 374 4631 1574 4713">
     <span class='ocr_line' id='line_1_44' title="bbox 374 4631 1574 4713; baseline 0.011 -24"><span class='ocrx_word' id='word_1_213' title='bbox 374 4631 437 4689; x_wconf 84' lang='lat' dir='ltr'>Ei</span> <span class='ocrx_word' id='word_1_214' title='bbox 471 4632 574 4702; x_wconf 88' lang='lat' dir='ltr'>qui</span> <span class='ocrx_word' id='word_1_215' title='bbox 605 4649 639 4688; x_wconf 90' lang='lat' dir='ltr'>a</span> <span class='ocrx_word' id='word_1_216' title='bbox 671 4633 846 4689; x_wconf 87' lang='lat' dir='ltr'>nobis</span> <span class='ocrx_word' id='word_1_217' title='bbox 876 4636 1151 4709; x_wconf 86' lang='lat' dir='ltr'>migravit</span> <span class='ocrx_word' id='word_1_218' title='bbox 1177 4640 1253 4695; x_wconf 92' lang='lat' dir='ltr'>da</span> <span class='ocrx_word' id='word_1_219' title='bbox 1281 4642 1574 4713; x_wconf 76' lang='lat' dir='ltr'>requiem,</span> 
     </span>
    </p>
   </div>
   <div class='ocr_carea' id='block_1_45' title="bbox 369 4720 1594 4789">
    <p class='ocr_par' dir='ltr' id='par_1_45' title="bbox 369 4720 1594 4789">
     <span class='ocr_line' id='line_1_45' title="bbox 369 4720 1594 4789; baseline 0.01 -14"><span class='ocrx_word' id='word_1_220' title='bbox 369 4720 478 4776; x_wconf 90' lang='lat' dir='ltr'>Ubi</span> <span class='ocrx_word' id='word_1_221' title='bbox 509 4722 841 4779; x_wconf 70' lang='lat' dir='ltr'>laetantium</span> <span class='ocrx_word' id='word_1_222' title='bbox 863 4726 1133 4782; x_wconf 89' lang='lat' dir='ltr'>omnium</span> <span class='ocrx_word' id='word_1_223' title='bbox 1162 4734 1257 4785; x_wconf 88' lang='lat' dir='ltr'>est</span> <span class='ocrx_word' id='word_1_224' title='bbox 1285 4729 1594 4789; x_wconf 84' lang='lat' dir='ltr'>habitatio.</span> 
     </span>
    </p>
   </div>
   <div class='ocr_carea' id='block_1_46' title="bbox 370 4809 1168 4873">
    <p class='ocr_par' dir='ltr' id='par_1_46' title="bbox 370 4809 1168 4873">
     <span class='ocr_line' id='line_1_46' title="bbox 370 4809 1168 4873; baseline 0.009 -7"><span class='ocrx_word' id='word_1_225' title='bbox 370 4809 477 4866; x_wconf 86' lang='lat' dir='ltr'>Ubi</span> <span class='ocrx_word' id='word_1_226' title='bbox 510 4812 719 4868; x_wconf 85' lang='lat' dir='ltr'>mundi</span> <span class='ocrx_word' id='word_1_227' title='bbox 753 4819 844 4869; x_wconf 88' lang='lat' dir='ltr'>est</span> <span class='ocrx_word' id='word_1_228' title='bbox 870 4815 1119 4872; x_wconf 74' lang='lat' dir='ltr'>affectus</span> <span class='ocrx_word' id='word_1_229' title='bbox 1139 4817 1168 4873; x_wconf 83' lang='lat'><strong>?</strong></span> 
     </span>
    </p>
   </div>
   <div class='ocr_carea' id='block_1_47' title="bbox 369 4899 1346 4978">
    <p class='ocr_par' dir='ltr' id='par_1_47' title="bbox 369 4899 1346 4978">
     <span class='ocr_line' id='line_1_47' title="bbox 369 4899 1346 4978; baseline 0.007 -23"><span class='ocrx_word' id='word_1_230' title='bbox 369 4899 479 4955; x_wconf 90' lang='lat' dir='ltr'>Ubi</span> <span class='ocrx_word' id='word_1_231' title='bbox 512 4917 712 4956; x_wconf 90' lang='lat' dir='ltr'>rerum</span> <span class='ocrx_word' id='word_1_232' title='bbox 746 4902 1021 4961; x_wconf 87' lang='lat' dir='ltr'>inanium</span> <span class='ocrx_word' id='word_1_233' title='bbox 1067 4907 1298 4978; x_wconf 89' lang='lat' dir='ltr'>species</span> <span class='ocrx_word' id='word_1_234' title='bbox 1319 4907 1346 4962; x_wconf 86' lang='lat'><strong>?</strong></span> 
     </span>
    </p>
   </div>
   <div class='ocr_carea' id='block_1_48' title="bbox 367 4989 1489 5067">
    <p class='ocr_par' dir='ltr' id='par_1_48' title="bbox 367 4989 1489 5067">
     <span class='ocr_line' id='line_1_48' title="bbox 367 4989 1489 5067; baseline 0.009 -23"><span class='ocrx_word' id='word_1_235' title='bbox 367 4989 476 5044; x_wconf 90' lang='lat' dir='ltr'>Ubi</span> <span class='ocrx_word' id='word_1_236' title='bbox 506 5006 719 5046; x_wconf 87' lang='lat' dir='ltr'>aurum</span> <span class='ocrx_word' id='word_1_237' title='bbox 753 4998 812 5047; x_wconf 91' lang='lat' dir='ltr'>et</span> <span class='ocrx_word' id='word_1_238' title='bbox 838 4999 1153 5067; x_wconf 89' lang='lat' dir='ltr'>argentum</span> <span class='ocrx_word' id='word_1_239' title='bbox 1183 4994 1211 5051; x_wconf 85' lang='lat'><strong>?</strong></span> <span class='ocrx_word' id='word_1_240' title='bbox 1484 5044 1489 5047; x_wconf 90' lang='lat'>.</span> 
     </span>
    </p>
   </div>
   <div class='ocr_carea' id='block_1_49' title="bbox 366 5077 1552 5144">
    <p class='ocr_par' dir='ltr' id='par_1_49' title="bbox 366 5077 1552 5144">
     <span class='ocr_line' id='line_1_49' title="bbox 366 5077 1552 5144; baseline 0.009 -11"><span class='ocrx_word' id='word_1_241' title='bbox 366 5077 473 5134; x_wconf 90' lang='lat' dir='ltr'>Ubi</span> <span class='ocrx_word' id='word_1_242' title='bbox 505 5079 681 5137; x_wconf 90' lang='lat' dir='ltr'>turba</span> <span class='ocrx_word' id='word_1_243' title='bbox 709 5086 768 5137; x_wconf 89' lang='lat' dir='ltr'>et</span> <span class='ocrx_word' id='word_1_244' title='bbox 799 5083 1093 5140; x_wconf 90' lang='lat' dir='ltr'>tumultus</span> <span class='ocrx_word' id='word_1_245' title='bbox 1123 5084 1488 5144; x_wconf 90' lang='lat' dir='ltr'>famulorum</span> <span class='ocrx_word' id='word_1_246' title='bbox 1524 5088 1552 5143; x_wconf 73' lang='lat'>‘2</span> 
     </span>
    </p>
   </div>
   <div class='ocr_carea' id='block_1_50' title="bbox 363 5167 821 5242">
    <p class='ocr_par' dir='ltr' id='par_1_50' title="bbox 363 5167 821 5242">
     <span class='ocr_line' id='line_1_50' title="bbox 363 5167 821 5242; baseline 0.004 -18"><span class='ocrx_word' id='word_1_247' title='bbox 363 5167 578 5225; x_wconf 87' lang='lat' dir='ltr'>Omnia</span> <span class='ocrx_word' id='word_1_248' title='bbox 606 5169 821 5242; x_wconf 86' lang='lat' dir='ltr'>pulvis,</span> 
     </span>
    </p>
   </div>
   <div class='ocr_carea' id='block_1_51' title="bbox 359 5256 780 5327">
    <p class='ocr_par' dir='ltr' id='par_1_51' title="bbox 359 5256 780 5327">
     <span class='ocr_line' id='line_1_51' title="bbox 359 5256 780 5327; baseline 0.002 -13"><span class='ocrx_word' id='word_1_249' title='bbox 359 5256 576 5314; x_wconf 89' lang='lat' dir='ltr'>Omnia</span> <span class='ocrx_word' id='word_1_250' title='bbox 604 5258 780 5327; x_wconf 88' lang='lat' dir='ltr'>cinis,</span> 
     </span>
    </p>
   </div>
   <div class='ocr_carea' id='block_1_52' title="bbox 356 5346 1009 5407">
    <p class='ocr_par' dir='ltr' id='par_1_52' title="bbox 356 5346 1009 5407">
     <span class='ocr_line' id='line_1_52' title="bbox 356 5346 1009 5407; baseline 0.009 -6"><span class='ocrx_word' id='word_1_251' title='bbox 356 5346 569 5402; x_wconf 89' lang='lat' dir='ltr'>Omnia</span> <span class='ocrx_word' id='word_1_252' title='bbox 599 5354 740 5404; x_wconf 86' lang='lat' dir='ltr'>sunt</span> <span class='ocrx_word' id='word_1_253' title='bbox 759 5350 1009 5407; x_wconf 61' lang='lat' dir='ltr'>umbris.</span> 
     </span>
    </p>
   </div>
   <div class='ocr_carea' id='block_1_53' title="bbox 354 5434 1874 5519">
    <p class='ocr_par' dir='ltr' id='par_1_53' title="bbox 354 5434 1874 5519">
     <span class='ocr_line' id='line_1_53' title="bbox 354 5434 1874 5519; baseline 0.013 -32"><span class='ocrx_word' id='word_1_254' title='bbox 354 5434 574 5490; x_wconf 88' lang='lat' dir='ltr'>Verum</span> <span class='ocrx_word' id='word_1_255' title='bbox 603 5436 865 5493; x_wconf 88' lang='lat' dir='ltr'>accedite</span> <span class='ocrx_word' id='word_1_256' title='bbox 897 5444 958 5494; x_wconf 90' lang='lat' dir='ltr'>et</span> <span class='ocrx_word' id='word_1_257' title='bbox 981 5440 1307 5500; x_wconf 87' lang='lat' dir='ltr'>immortali</span> <span class='ocrx_word' id='word_1_258' title='bbox 1345 5445 1470 5519; x_wconf 86' lang='lat' dir='ltr'>regi</span> <span class='ocrx_word' id='word_1_259' title='bbox 1499 5446 1833 5506; x_wconf 87' lang='lat' dir='ltr'>clamemus</span> <span class='ocrx_word' id='word_1_260' title='bbox 1860 5467 1874 5506; x_wconf 90' lang='lat'><strong>:</strong></span> 
     </span>
    </p>
   </div>
   <div class='ocr_carea' id='block_1_54' title="bbox 2062 1897 2110 1961">
    <p class='ocr_par' dir='ltr' id='par_1_54' title="bbox 2062 1897 2110 1961">
     <span class='ocr_line' id='line_1_54' title="bbox 2062 1897 2110 1961; baseline 0 0"><span class='ocrx_word' id='word_1_261' title='bbox 2062 1897 2110 1961; x_wconf 88' lang='grc' dir='ltr'><strong>Β</strong></span> 
     </span>
    </p>
   </div>
   <div class='ocr_carea' id='block_1_55' title="bbox 2146 641 2295 701">
    <p class='ocr_par' dir='ltr' id='par_1_55' title="bbox 2146 641 2295 701">
     <span class='ocr_line' id='line_1_55' title="bbox 2146 641 2295 701; baseline 0.02 -18"><span class='ocrx_word' id='word_1_262' title='bbox 2146 641 2295 701; x_wconf 88' lang='grc' dir='ltr'>θησι.</span> 
     </span>
    </p>
   </div>
   <div class='ocr_carea' id='block_1_56' title="bbox 2222 722 3810 802">
    <p class='ocr_par' dir='ltr' id='par_1_56' title="bbox 2222 722 3810 802">
     <span class='ocr_line' id='line_1_56' title="bbox 2222 722 3810 802; baseline 0.006 -27"><span class='ocrx_word' id='word_1_263' title='bbox 2222 724 2407 790; x_wconf 83' lang='grc' dir='ltr'>Δεῦτε,</span> <span class='ocrx_word' id='word_1_264' title='bbox 2442 722 2496 776; x_wconf 79' lang='grc' dir='ltr'>οἱ</span> <span class='ocrx_word' id='word_1_265' title='bbox 2518 723 2726 792; x_wconf 76' lang='grc' dir='ltr'>πιστοὶ,</span> <span class='ocrx_word' id='word_1_266' title='bbox 2754 724 2836 795; x_wconf 83' lang='grc' dir='ltr'>τῷ</span> <span class='ocrx_word' id='word_1_267' title='bbox 2856 722 3011 799; x_wconf 82' lang='grc' dir='ltr'>τάφῳ</span> <span class='ocrx_word' id='word_1_268' title='bbox 3038 725 3434 801; x_wconf 72' lang='grc' dir='ltr'>προσέλθωμεν</span> <span class='ocrx_word' id='word_1_269' title='bbox 3458 732 3559 798; x_wconf 84' lang='grc' dir='ltr'>τῆς</span> <span class='ocrx_word' id='word_1_270' title='bbox 3578 731 3810 802; x_wconf 78' lang='grc' dir='ltr'>Θεομή-</span> 
     </span>
    </p>
   </div>
   <div class='ocr_carea' id='block_1_57' title="bbox 2141 812 3807 893">
    <p class='ocr_par' dir='ltr' id='par_1_57' title="bbox 2141 812 3807 893">
     <span class='ocr_line' id='line_1_57' title="bbox 2141 812 3807 893; baseline 0.006 -29"><span class='ocrx_word' id='word_1_271' title='bbox 2141 830 2326 886; x_wconf 79' lang='grc' dir='ltr'>τορος’</span> <span class='ocrx_word' id='word_1_272' title='bbox 2360 812 2450 867; x_wconf 82' lang='grc' dir='ltr'>καὶ</span> <span class='ocrx_word' id='word_1_273' title='bbox 2484 812 2965 887; x_wconf 79' lang='grc' dir='ltr'>περιπτυξώμεθα,</span> <span class='ocrx_word' id='word_1_274' title='bbox 2997 812 3246 890; x_wconf 78' lang='grc' dir='ltr'>καρδίας,</span> <span class='ocrx_word' id='word_1_275' title='bbox 3297 816 3492 893; x_wconf 80' lang='grc' dir='ltr'>χείλη,</span> <span class='ocrx_word' id='word_1_276' title='bbox 3552 814 3807 891; x_wconf 84' lang='grc' dir='ltr'>ὄμματα,</span> 
     </span>
    </p>
   </div>
   <div class='ocr_carea' id='block_1_58' title="bbox 2147 899 3808 983">
    <p class='ocr_par' dir='ltr' id='par_1_58' title="bbox 2147 899 3808 983">
     <span class='ocr_line' id='line_1_58' title="bbox 2147 899 3808 983; baseline 0.005 -29"><span class='ocrx_word' id='word_1_277' title='bbox 2147 900 2373 971; x_wconf 80' lang='grc' dir='ltr'>μέτωπα</span> <span class='ocrx_word' id='word_1_278' title='bbox 2457 899 2771 975; x_wconf 77' lang='grc' dir='ltr'>εἰλικρινῶς</span> <span class='ocrx_word' id='word_1_279' title='bbox 2838 902 3265 979; x_wconf 75' lang='grc' dir='ltr'>προσάπτοντες³</span> <span class='ocrx_word' id='word_1_280' title='bbox 3322 907 3413 962; x_wconf 85' lang='grc' dir='ltr'>καὶ</span> <span class='ocrx_word' id='word_1_281' title='bbox 3473 907 3808 983; x_wconf 73' lang='grc' dir='ltr'>ἆρυσώμεθα</span> 
     </span>
    </p>
   </div>
   <div class='ocr_carea' id='block_1_59' title="bbox 2144 985 3806 1073">
    <p class='ocr_par' dir='ltr' id='par_1_59' title="bbox 2144 985 3806 1073">
     <span class='ocr_line' id='line_1_59' title="bbox 2144 985 3806 1073; baseline 0.007 -32"><span class='ocrx_word' id='word_1_282' title='bbox 2144 986 2390 1061; x_wconf 72' lang='grc' dir='ltr'>ῗαμάτων</span> <span class='ocrx_word' id='word_1_283' title='bbox 2414 985 2624 1066; x_wconf 67' lang='grc' dir='ltr'>ἄφθονα</span> <span class='ocrx_word' id='word_1_284' title='bbox 2650 992 2969 1067; x_wconf 77' lang='grc' dir='ltr'>χαρίσματα</span> <span class='ocrx_word' id='word_1_285' title='bbox 3027 990 3089 1048; x_wconf 68' lang='grc' dir='ltr'>ἐκ</span> <span class='ocrx_word' id='word_1_286' title='bbox 3143 1001 3330 1071; x_wconf 84' lang='grc' dir='ltr'>πηγῆς</span> <span class='ocrx_word' id='word_1_287' title='bbox 3387 996 3609 1052; x_wconf 80' lang='grc' dir='ltr'>ἀεννάου</span> <span class='ocrx_word' id='word_1_288' title='bbox 3661 995 3806 1073; x_wconf 87' lang='grc' dir='ltr'>βλα-</span> 
     </span>
    </p>
   </div>
   <div class='ocr_carea' id='block_1_60' title="bbox 2145 1077 2420 1137">
    <p class='ocr_par' dir='ltr' id='par_1_60' title="bbox 2145 1077 2420 1137">
     <span class='ocr_line' id='line_1_60' title="bbox 2145 1077 2420 1137; baseline 0.018 -6"><span class='ocrx_word' id='word_1_289' title='bbox 2145 1077 2420 1137; x_wconf 83' lang='grc' dir='ltr'>στάνοντα.</span> 
     </span>
    </p>
   </div>
   <div class='ocr_carea' id='block_1_61' title="bbox 2217 1165 3805 1252">
    <p class='ocr_par' dir='ltr' id='par_1_61' title="bbox 2217 1165 3805 1252">
     <span class='ocr_line' id='line_1_61' title="bbox 2217 1165 3805 1252; baseline 0.007 -31"><span class='ocrx_word' id='word_1_290' title='bbox 2217 1165 2392 1243; x_wconf 83' lang='grc' dir='ltr'>Δέχου</span> <span class='ocrx_word' id='word_1_291' title='bbox 2423 1169 2743 1243; x_wconf 83' lang='grc' dir='ltr'>παρ’ἡμῶν</span> <span class='ocrx_word' id='word_1_292' title='bbox 2802 1167 2953 1243; x_wconf 71' lang='grc' dir='ltr'>ᾠδὴν</span> <span class='ocrx_word' id='word_1_293' title='bbox 3010 1172 3111 1242; x_wconf 78' lang='grc' dir='ltr'>τήν</span> <span class='ocrx_word' id='word_1_294' title='bbox 3168 1171 3401 1245; x_wconf 76' lang='grc' dir='ltr'>ἐξόδιον,</span> <span class='ocrx_word' id='word_1_295' title='bbox 3460 1180 3647 1252; x_wconf 73' lang='grc' dir='ltr'>Μῆτερ</span> <span class='ocrx_word' id='word_1_296' title='bbox 3701 1181 3805 1232; x_wconf 88' lang='grc' dir='ltr'>τοῦ</span> 
     </span>
    </p>
   </div>
   <div class='ocr_carea' id='block_1_62' title="bbox 2146 1259 3804 1341">
    <p class='ocr_par' dir='ltr' id='par_1_62' title="bbox 2146 1259 3804 1341">
     <span class='ocr_line' id='line_1_62' title="bbox 2146 1259 3804 1341; baseline 0.007 -30"><span class='ocrx_word' id='word_1_297' title='bbox 2146 1260 2349 1326; x_wconf 82' lang='grc' dir='ltr'>ζῶντος</span> <span class='ocrx_word' id='word_1_298' title='bbox 2379 1263 2538 1326; x_wconf 82' lang='grc' dir='ltr'>Θεοῦ,</span> <span class='ocrx_word' id='word_1_299' title='bbox 2596 1259 2686 1314; x_wconf 85' lang='grc' dir='ltr'>καὶ</span> <span class='ocrx_word' id='word_1_300' title='bbox 2733 1263 2801 1334; x_wconf 83' lang='grc' dir='ltr'>τῇ</span> <span class='ocrx_word' id='word_1_301' title='bbox 2856 1261 3166 1341; x_wconf 76' lang='grc' dir='ltr'>φωτοφόρῳ</span> <span class='ocrx_word' id='word_1_302' title='bbox 3214 1285 3311 1319; x_wconf 92' lang='grc' dir='ltr'>σου</span> <span class='ocrx_word' id='word_1_303' title='bbox 3363 1266 3453 1320; x_wconf 87' lang='grc' dir='ltr'>καὶ</span> <span class='ocrx_word' id='word_1_304' title='bbox 3501 1265 3619 1338; x_wconf 77' lang='grc' dir='ltr'>θείᾳ</span> <span class='ocrx_word' id='word_1_305' title='bbox 3674 1265 3804 1322; x_wconf 72' lang='grc' dir='ltr'>ἑπι-</span> 
     </span>
    </p>
   </div>
   <div class='ocr_carea' id='block_1_63' title="bbox 2144 1345 3803 1433">
    <p class='ocr_par' dir='ltr' id='par_1_63' title="bbox 2144 1345 3803 1433">
     <span class='ocr_line' id='line_1_63' title="bbox 2144 1345 3803 1433; baseline 0.007 -33"><span class='ocrx_word' id='word_1_306' title='bbox 2144 1345 2361 1401; x_wconf 89' lang='grc' dir='ltr'>σκίασον</span> <span class='ocrx_word' id='word_1_307' title='bbox 2389 1349 2600 1423; x_wconf 83' lang='grc' dir='ltr'>χάριτι’</span> <span class='ocrx_word' id='word_1_308' title='bbox 2652 1352 2732 1421; x_wconf 79' lang='grc' dir='ltr'>τῷ</span> <span class='ocrx_word' id='word_1_309' title='bbox 2788 1349 3008 1423; x_wconf 87' lang='grc' dir='ltr'>βασιλεῖ</span> <span class='ocrx_word' id='word_1_310' title='bbox 3061 1354 3128 1407; x_wconf 81' lang='grc' dir='ltr'>τὰ</span> <span class='ocrx_word' id='word_1_311' title='bbox 3186 1354 3443 1430; x_wconf 83' lang='grc' dir='ltr'>ορόπαια,</span> <span class='ocrx_word' id='word_1_312' title='bbox 3500 1354 3581 1427; x_wconf 77' lang='grc' dir='ltr'>τῷ</span> <span class='ocrx_word' id='word_1_313' title='bbox 3629 1361 3803 1433; x_wconf 76' lang='grc' dir='ltr'>φιλο-</span> 
     </span>
    </p>
   </div>
   <div class='ocr_carea' id='block_1_64' title="bbox 2142 1433 3798 1517">
    <p class='ocr_par' dir='ltr' id='par_1_64' title="bbox 2142 1433 3798 1517">
     <span class='ocr_line' id='line_1_64' title="bbox 2142 1433 3798 1517; baseline 0.007 -27"><span class='ocrx_word' id='word_1_314' title='bbox 2142 1435 2358 1510; x_wconf 79' lang='grc' dir='ltr'>χρίστῳ</span> <span class='ocrx_word' id='word_1_315' title='bbox 2388 1433 2507 1509; x_wconf 86' lang='grc' dir='ltr'>λαῷ</span> <span class='ocrx_word' id='word_1_316' title='bbox 2534 1438 2635 1506; x_wconf 76' lang='grc' dir='ltr'>τὴν</span> <span class='ocrx_word' id='word_1_317' title='bbox 2664 1437 2910 1512; x_wconf 78' lang='grc' dir='ltr'>εἰρήνην,</span> <span class='ocrx_word' id='word_1_318' title='bbox 2958 1437 3147 1515; x_wconf 76' lang='grc' dir='ltr'>ἄφεσιν</span> <span class='ocrx_word' id='word_1_319' title='bbox 3204 1448 3324 1505; x_wconf 85' lang='grc' dir='ltr'>τοῖς</span> <span class='ocrx_word' id='word_1_320' title='bbox 3375 1441 3647 1517; x_wconf 74' lang='grc' dir='ltr'>μέλπουσι</span> <span class='ocrx_word' id='word_1_321' title='bbox 3704 1446 3798 1501; x_wconf 82' lang='grc' dir='ltr'>καὶ</span> 
     </span>
    </p>
   </div>
   <div class='ocr_carea' id='block_1_65' title="bbox 2142 1524 3036 1605">
    <p class='ocr_par' dir='ltr' id='par_1_65' title="bbox 2142 1524 3036 1605">
     <span class='ocr_line' id='line_1_65' title="bbox 2142 1524 3036 1605; baseline 0.007 -25"><span class='ocrx_word' id='word_1_322' title='bbox 2142 1529 2338 1602; x_wconf 78' lang='grc' dir='ltr'>ψυχῶν</span> <span class='ocrx_word' id='word_1_323' title='bbox 2370 1527 2641 1605; x_wconf 72' lang='grc' dir='ltr'>σωτηρίαν</span> <span class='ocrx_word' id='word_1_324' title='bbox 2678 1524 3036 1601; x_wconf 77' lang='grc' dir='ltr'>βραϐεύουσα.</span> 
     </span>
    </p>
   </div>
   <div class='ocr_carea' id='block_1_66' title="bbox 2287 1891 3652 1981">
    <p class='ocr_par' dir='ltr' id='par_1_66' title="bbox 2287 1891 3652 1981">
     <span class='ocr_line' id='line_1_66' title="bbox 2287 1891 3652 1981; baseline 0.01 -31"><span class='ocrx_word' id='word_1_325' title='bbox 2287 1891 2566 1968; x_wconf 83' lang='grc' dir='ltr'>Ἰδιόμελα</span> <span class='ocrx_word' id='word_1_326' title='bbox 2598 1895 2649 1950; x_wconf 73' lang='grc' dir='ltr'>ἰν</span> <span class='ocrx_word' id='word_1_327' title='bbox 2673 1898 2972 1971; x_wconf 68' lang='grc' dir='ltr'>ἀκολουθίᾳ</span> <span class='ocrx_word' id='word_1_328' title='bbox 3013 1904 3109 1955; x_wconf 88' lang='grc' dir='ltr'>τοῦ</span> <span class='ocrx_word' id='word_1_329' title='bbox 3151 1898 3521 1971; x_wconf 80' lang='grc' dir='ltr'>ὲξοδιαστικοῦ</span> <span class='ocrx_word' id='word_1_330' title='bbox 3551 1906 3652 1981; x_wconf 83' lang='grc' dir='ltr'>(α).</span> 
     </span>
    </p>
   </div>
   <div class='ocr_carea' id='block_1_67' title="bbox 2142 2000 3615 2087">
    <p class='ocr_par' dir='ltr' id='par_1_67' title="bbox 2142 2000 3615 2087">
     <span class='ocr_line' id='line_1_67' title="bbox 2142 2000 3615 2087; baseline 0.007 -31"><span class='ocrx_word' id='word_1_331' title='bbox 2142 2000 2281 2056; x_wconf 85' lang='grc' dir='ltr'>Ποία</span> <span class='ocrx_word' id='word_1_332' title='bbox 2311 2006 2411 2087; x_wconf 75' lang='grc' dir='ltr'>τοῦ</span> <span class='ocrx_word' id='word_1_333' title='bbox 2445 2001 2568 2077; x_wconf 81' lang='grc' dir='ltr'>βίου</span> <span class='ocrx_word' id='word_1_334' title='bbox 2588 2005 2767 2082; x_wconf 76' lang='grc' dir='ltr'>τρυφή</span> <span class='ocrx_word' id='word_1_335' title='bbox 2801 2002 3039 2079; x_wconf 84' lang='grc' dir='ltr'>διαμένει</span> <span class='ocrx_word' id='word_1_336' title='bbox 3089 2005 3271 2077; x_wconf 66' lang='grc' dir='ltr'>λύπης</span> <span class='ocrx_word' id='word_1_337' title='bbox 3306 2009 3615 2087; x_wconf 83' lang='grc' dir='ltr'>ἀμέτοχος,</span> 
     </span>
    </p>
   </div>
   <div class='ocr_carea' id='block_1_68' title="bbox 2142 2086 3327 2169">
    <p class='ocr_par' dir='ltr' id='par_1_68' title="bbox 2142 2086 3327 2169">
     <span class='ocr_line' id='line_1_68' title="bbox 2142 2086 3327 2169; baseline 0.01 -28"><span class='ocrx_word' id='word_1_338' title='bbox 2142 2087 2280 2144; x_wconf 82' lang='grc' dir='ltr'>Ῑιοία</span> <span class='ocrx_word' id='word_1_339' title='bbox 2312 2086 2437 2163; x_wconf 79' lang='grc' dir='ltr'>δόξα</span> <span class='ocrx_word' id='word_1_340' title='bbox 2460 2089 2680 2163; x_wconf 69' lang='grc' dir='ltr'>ἔστηκεν</span> <span class='ocrx_word' id='word_1_341' title='bbox 2708 2091 2798 2148; x_wconf 81' lang='grc' dir='ltr'>ἐπὶ</span> <span class='ocrx_word' id='word_1_342' title='bbox 2828 2097 2931 2169; x_wconf 75' lang='grc' dir='ltr'>γῆς</span> <span class='ocrx_word' id='word_1_343' title='bbox 2964 2096 3327 2168; x_wconf 74' lang='grc' dir='ltr'>ἀμετάθετοςς</span> 
     </span>
    </p>
   </div>
   <div class='ocr_carea' id='block_1_69' title="bbox 2148 2177 3800 2265">
    <p class='ocr_par' dir='ltr' id='par_1_69' title="bbox 2148 2177 3800 2265">
     <span class='ocr_line' id='line_1_69' title="bbox 2148 2177 3800 2265; baseline 0.008 -31"><span class='ocrx_word' id='word_1_344' title='bbox 2148 2177 2326 2234; x_wconf 84' lang='grc' dir='ltr'>ΙΙάντα</span> <span class='ocrx_word' id='word_1_345' title='bbox 2371 2186 2524 2245; x_wconf 82' lang='grc' dir='ltr'>σκιᾶς</span> <span class='ocrx_word' id='word_1_346' title='bbox 2593 2182 2967 2261; x_wconf 80' lang='grc' dir='ltr'>ἀσθενέστερα,</span> <span class='ocrx_word' id='word_1_347' title='bbox 3043 2187 3220 2242; x_wconf 86' lang='grc' dir='ltr'>πάντα</span> <span class='ocrx_word' id='word_1_348' title='bbox 3281 2186 3505 2264; x_wconf 80' lang='grc' dir='ltr'>ὀνείρων</span> <span class='ocrx_word' id='word_1_349' title='bbox 3582 2191 3800 2265; x_wconf 80' lang='grc' dir='ltr'>ἀπατη-</span> 
     </span>
    </p>
   </div>
   <div class='ocr_carea' id='block_1_70' title="bbox 3477 2277 3723 2358">
    <p class='ocr_par' dir='ltr' id='par_1_70' title="bbox 3477 2277 3723 2358">
     <span class='ocr_line' id='line_1_70' title="bbox 3477 2277 3723 2358; baseline 0.024 -24"><span class='ocrx_word' id='word_1_350' title='bbox 3477 2277 3723 2358; x_wconf 85' lang='grc' dir='ltr'>[λότερα.</span> 
     </span>
    </p>
   </div>
   <div class='ocr_carea' id='block_1_71' title="bbox 2145 2357 3599 2447">
    <p class='ocr_par' dir='ltr' id='par_1_71' title="bbox 2145 2357 3599 2447">
     <span class='ocr_line' id='line_1_71' title="bbox 2145 2357 3599 2447; baseline 0.009 -33"><span class='ocrx_word' id='word_1_351' title='bbox 2145 2357 2262 2414; x_wconf 88' lang='grc' dir='ltr'>Μία</span> <span class='ocrx_word' id='word_1_352' title='bbox 2292 2358 2459 2435; x_wconf 77' lang='grc' dir='ltr'>ῥοπὴ,</span> <span class='ocrx_word' id='word_1_353' title='bbox 2490 2360 2582 2416; x_wconf 83' lang='grc' dir='ltr'>καὶ</span> <span class='ocrx_word' id='word_1_354' title='bbox 2610 2366 2779 2418; x_wconf 87' lang='grc' dir='ltr'>ταῦτα</span> <span class='ocrx_word' id='word_1_355' title='bbox 2807 2362 2981 2420; x_wconf 86' lang='grc' dir='ltr'>πάντα</span> <span class='ocrx_word' id='word_1_356' title='bbox 3011 2364 3237 2430; x_wconf 83' lang='grc' dir='ltr'>θάνατος</span> <span class='ocrx_word' id='word_1_357' title='bbox 3264 2365 3599 2447; x_wconf 80' lang='grc' dir='ltr'>διαδέχεται.</span> 
     </span>
    </p>
   </div>
   <div class='ocr_carea' id='block_1_72' title="bbox 2142 2536 3562 2622">
    <p class='ocr_par' dir='ltr' id='par_1_72' title="bbox 2142 2536 3562 2622">
     <span class='ocr_line' id='line_1_72' title="bbox 2142 2536 3562 2622; baseline 0.008 -28"><span class='ocrx_word' id='word_1_358' title='bbox 2142 2536 2305 2595; x_wconf 80' lang='grc' dir='ltr'>Ἀλλ’</span> <span class='ocrx_word' id='word_1_359' title='bbox 2332 2537 2386 2594; x_wconf 73' lang='grc' dir='ltr'>έν</span> <span class='ocrx_word' id='word_1_360' title='bbox 2416 2544 2495 2613; x_wconf 87' lang='grc' dir='ltr'>τῷ</span> <span class='ocrx_word' id='word_1_361' title='bbox 2525 2541 2689 2619; x_wconf 79' lang='grc' dir='ltr'>φωτὶ,</span> <span class='ocrx_word' id='word_1_362' title='bbox 2720 2545 2945 2618; x_wconf 77' lang='grc' dir='ltr'>Χριστὲ,</span> <span class='ocrx_word' id='word_1_363' title='bbox 2975 2549 3078 2601; x_wconf 91' lang='grc' dir='ltr'>τοῦ</span> <span class='ocrx_word' id='word_1_364' title='bbox 3108 2547 3409 2622; x_wconf 85' lang='grc' dir='ltr'>προσώπου</span> <span class='ocrx_word' id='word_1_365' title='bbox 3443 2570 3562 2619; x_wconf 84' lang='grc' dir='ltr'>σου,</span> 
     </span>
    </p>
   </div>
   <div class='ocr_carea' id='block_1_73' title="bbox 2144 2626 3318 2711">
    <p class='ocr_par' dir='ltr' id='par_1_73' title="bbox 2144 2626 3318 2711">
     <span class='ocr_line' id='line_1_73' title="bbox 2144 2626 3318 2711; baseline 0.007 -26"><span class='ocrx_word' id='word_1_366' title='bbox 2144 2629 2249 2685; x_wconf 82' lang='grc' dir='ltr'>Καὶ</span> <span class='ocrx_word' id='word_1_367' title='bbox 2276 2626 2356 2702; x_wconf 79' lang='grc' dir='ltr'>τῷ</span> <span class='ocrx_word' id='word_1_368' title='bbox 2378 2628 2685 2705; x_wconf 84' lang='grc' dir='ltr'>γλυκασμῷ</span> <span class='ocrx_word' id='word_1_369' title='bbox 2705 2639 2804 2696; x_wconf 59' lang='lat' dir='ltr'>vi:</span> <span class='ocrx_word' id='word_1_370' title='bbox 2828 2639 2930 2705; x_wconf 84' lang='grc' dir='ltr'>σῆς</span> <span class='ocrx_word' id='word_1_371' title='bbox 2949 2634 3318 2711; x_wconf 83' lang='grc' dir='ltr'>ὡραιότητος,</span> 
     </span>
    </p>
   </div>
   <div class='ocr_carea' id='block_1_74' title="bbox 2143 2717 3432 2802">
    <p class='ocr_par' dir='ltr' id='par_1_74' title="bbox 2143 2717 3432 2802">
     <span class='ocr_line' id='line_1_74' title="bbox 2143 2717 3432 2802; baseline 0.008 -28"><span class='ocrx_word' id='word_1_372' title='bbox 2143 2718 2245 2774; x_wconf 82' lang='lat' dir='ltr'>&quot;Ov</span> <span class='ocrx_word' id='word_1_373' title='bbox 2286 2717 2531 2792; x_wconf 75' lang='grc' dir='ltr'>ἐξελέξω,</span> <span class='ocrx_word' id='word_1_374' title='bbox 2563 2723 2892 2793; x_wconf 83' lang='grc' dir='ltr'>ἀνάπαυσον,</span> <span class='ocrx_word' id='word_1_375' title='bbox 2915 2724 2992 2787; x_wconf 78' lang='grc' dir='ltr'>ὡς</span> <span class='ocrx_word' id='word_1_376' title='bbox 3023 2723 3432 2802; x_wconf 72' lang='grc' dir='ltr'>φιλάνθρωπος.</span> 
     </span>
    </p>
   </div>
   <div class='ocr_carea' id='block_1_75' title="bbox 2144 2804 3795 2893">
    <p class='ocr_par' dir='ltr' id='par_1_75' title="bbox 2144 2804 3795 2893">
     <span class='ocr_line' id='line_1_75' title="bbox 2144 2804 3795 2893; baseline 0.009 -31"><span class='ocrx_word' id='word_1_377' title='bbox 2144 2804 2332 2881; x_wconf 69' lang='grc' dir='ltr'>Οῗμοι,</span> <span class='ocrx_word' id='word_1_378' title='bbox 2367 2809 2479 2864; x_wconf 77' lang='grc' dir='ltr'>οἷον</span> <span class='ocrx_word' id='word_1_379' title='bbox 2508 2811 2694 2887; x_wconf 79' lang='grc' dir='ltr'>ἀγῶνα</span> <span class='ocrx_word' id='word_1_380' title='bbox 2754 2811 2871 2888; x_wconf 78' lang='grc' dir='ltr'>ἔχει</span> <span class='ocrx_word' id='word_1_381' title='bbox 2903 2814 2937 2883; x_wconf 78' lang='grc' dir='ltr'>ἡ</span> <span class='ocrx_word' id='word_1_382' title='bbox 2978 2815 3131 2891; x_wconf 77' lang='grc' dir='ltr'>ψυχὴ</span> <span class='ocrx_word' id='word_1_383' title='bbox 3166 2818 3523 2893; x_wconf 69' lang='grc' dir='ltr'>χωριζομένη</span> <span class='ocrx_word' id='word_1_384' title='bbox 3579 2819 3640 2876; x_wconf 83' lang='grc' dir='ltr'>έκ</span> <span class='ocrx_word' id='word_1_385' title='bbox 3693 2827 3795 2879; x_wconf 90' lang='grc' dir='ltr'>τοῦ</span> 
     </span>
    </p>
   </div>
   <div class='ocr_carea' id='block_1_76' title="bbox 3424 2910 3724 2985">
    <p class='ocr_par' dir='ltr' id='par_1_76' title="bbox 3424 2910 3724 2985">
     <span class='ocr_line' id='line_1_76' title="bbox 3424 2910 3724 2985; baseline 0.023 -23"><span class='ocrx_word' id='word_1_386' title='bbox 3424 2910 3724 2985; x_wconf 83' lang='grc' dir='ltr'>[σώματος.</span> 
     </span>
    </p>
   </div>
   <div class='ocr_carea' id='block_1_77' title="bbox 2143 2984 3790 3075">
    <p class='ocr_par' dir='ltr' id='par_1_77' title="bbox 2143 2984 3790 3075">
     <span class='ocr_line' id='line_1_77' title="bbox 2143 2984 3790 3075; baseline 0.009 -31"><span class='ocrx_word' id='word_1_387' title='bbox 2143 2984 2337 3060; x_wconf 74' lang='grc' dir='ltr'>Οῗμοι,</span> <span class='ocrx_word' id='word_1_388' title='bbox 2368 2989 2493 3044; x_wconf 85' lang='grc' dir='ltr'>τότε</span> <span class='ocrx_word' id='word_1_389' title='bbox 2522 2988 2666 3045; x_wconf 82' lang='grc' dir='ltr'>πόσα</span> <span class='ocrx_word' id='word_1_390' title='bbox 2696 2987 2939 3067; x_wconf 77' lang='grc' dir='ltr'>δακρύει,</span> <span class='ocrx_word' id='word_1_391' title='bbox 2970 2994 3059 3049; x_wconf 78' lang='grc' dir='ltr'>καὶ</span> <span class='ocrx_word' id='word_1_392' title='bbox 3092 2992 3199 3071; x_wconf 82' lang='grc' dir='ltr'>οὐχ</span> <span class='ocrx_word' id='word_1_393' title='bbox 3258 2997 3492 3075; x_wconf 75' lang='grc' dir='ltr'>ὑπάρχει</span> <span class='ocrx_word' id='word_1_394' title='bbox 3538 2984 3579 3055; x_wconf 79' lang='grc' dir='ltr'>ό</span> <span class='ocrx_word' id='word_1_395' title='bbox 3624 2999 3790 3057; x_wconf 70' lang='grc' dir='ltr'>ἐλεῶν</span> 
     </span>
    </p>
   </div>
   <div class='ocr_carea' id='block_1_78' title="bbox 3512 3089 3711 3163">
    <p class='ocr_par' dir='ltr' id='par_1_78' title="bbox 3512 3089 3711 3163">
     <span class='ocr_line' id='line_1_78' title="bbox 3512 3089 3711 3163; baseline 0.02 -19"><span class='ocrx_word' id='word_1_396' title='bbox 3512 3089 3711 3163; x_wconf 76' lang='grc' dir='ltr'>[αὐτήν.</span> 
     </span>
    </p>
   </div>
   <div class='ocr_carea' id='block_1_79' title="bbox 2144 3165 3780 3255">
    <p class='ocr_par' dir='ltr' id='par_1_79' title="bbox 2144 3165 3780 3255">
     <span class='ocr_line' id='line_1_79' title="bbox 2144 3165 3780 3255; baseline 0.01 -36"><span class='ocrx_word' id='word_1_397' title='bbox 2144 3166 2289 3241; x_wconf 85' lang='grc' dir='ltr'>Πρὸς</span> <span class='ocrx_word' id='word_1_398' title='bbox 2327 3165 2457 3231; x_wconf 74' lang='grc' dir='ltr'>τοὺς</span> <span class='ocrx_word' id='word_1_399' title='bbox 2506 3166 2771 3246; x_wconf 75' lang='grc' dir='ltr'>ἀγγέλους</span> <span class='ocrx_word' id='word_1_400' title='bbox 2826 3172 2893 3226; x_wconf 79' lang='grc' dir='ltr'>τὰ</span> <span class='ocrx_word' id='word_1_401' title='bbox 2960 3168 3187 3247; x_wconf 76' lang='grc' dir='ltr'>ὄμματα</span> <span class='ocrx_word' id='word_1_402' title='bbox 3224 3174 3485 3253; x_wconf 80' lang='grc' dir='ltr'>ῥέπουσα,</span> <span class='ocrx_word' id='word_1_403' title='bbox 3548 3181 3780 3255; x_wconf 69' lang='grc' dir='ltr'>ἄπρακτα</span> 
     </span>
    </p>
   </div>
   <div class='ocr_carea' id='block_1_80' title="bbox 3348 3269 3719 3342">
    <p class='ocr_par' dir='ltr' id='par_1_80' title="bbox 3348 3269 3719 3342">
     <span class='ocr_line' id='line_1_80' title="bbox 3348 3269 3719 3342; baseline 0.011 -20"><span class='ocrx_word' id='word_1_404' title='bbox 3348 3269 3719 3342; x_wconf 72' lang='grc' dir='ltr'>[καθικετεῦει.</span> 
     </span>
    </p>
   </div>
   <div class='ocr_carea' id='block_1_81' title="bbox 2154 3344 3801 3430">
    <p class='ocr_par' dir='ltr' id='par_1_81' title="bbox 2154 3344 3801 3430">
     <span class='ocr_line' id='line_1_81' title="bbox 2154 3344 3801 3430; baseline 0.01 -32"><span class='ocrx_word' id='word_1_405' title='bbox 2154 3344 2299 3417; x_wconf 85' lang='grc' dir='ltr'>Πρὸς</span> <span class='ocrx_word' id='word_1_406' title='bbox 2356 3344 2483 3408; x_wconf 79' lang='grc' dir='ltr'>τοὺς</span> <span class='ocrx_word' id='word_1_407' title='bbox 2537 3346 2859 3421; x_wconf 80' lang='grc' dir='ltr'>ἀνθρώπους</span> <span class='ocrx_word' id='word_1_408' title='bbox 2902 3350 2999 3414; x_wconf 78' lang='grc' dir='ltr'>τὰς</span> <span class='ocrx_word' id='word_1_409' title='bbox 3055 3357 3247 3427; x_wconf 81' lang='grc' dir='ltr'>χεῖρας</span> <span class='ocrx_word' id='word_1_410' title='bbox 3323 3352 3654 3430; x_wconf 76' lang='grc' dir='ltr'>ἐκτείνουσα,</span> <span class='ocrx_word' id='word_1_411' title='bbox 3700 3358 3801 3415; x_wconf 74' lang='grc' dir='ltr'>οὐκ</span> 
     </span>
    </p>
   </div>
   <div class='ocr_carea' id='block_1_82' title="bbox 3074 3436 3725 3522">
    <p class='ocr_par' dir='ltr' id='par_1_82' title="bbox 3074 3436 3725 3522">
     <span class='ocr_line' id='line_1_82' title="bbox 3074 3436 3725 3522; baseline 0.015 -27"><span class='ocrx_word' id='word_1_412' title='bbox 3074 3436 3213 3518; x_wconf 78' lang='grc' dir='ltr'>[ἔχει</span> <span class='ocrx_word' id='word_1_413' title='bbox 3267 3444 3360 3499; x_wconf 85' lang='grc' dir='ltr'>τὸν</span> <span class='ocrx_word' id='word_1_414' title='bbox 3396 3447 3725 3522; x_wconf 83' lang='grc' dir='ltr'>βοηθοῦντα.</span> 
     </span>
    </p>
   </div>
   <div class='ocr_carea' id='block_1_83' title="bbox 2151 3522 3802 3611">
    <p class='ocr_par' dir='ltr' id='par_1_83' title="bbox 2151 3522 3802 3611">
     <span class='ocr_line' id='line_1_83' title="bbox 2151 3522 3802 3611; baseline 0.012 -36"><span class='ocrx_word' id='word_1_415' title='bbox 2151 3522 2265 3592; x_wconf 86' lang='grc' dir='ltr'>Διὸ,</span> <span class='ocrx_word' id='word_1_416' title='bbox 2320 3522 2592 3599; x_wconf 82' lang='grc' dir='ltr'>ἀγαπητοί</span> <span class='ocrx_word' id='word_1_417' title='bbox 2649 3549 2757 3601; x_wconf 76' lang='grc' dir='ltr'>μου</span> <span class='ocrx_word' id='word_1_418' title='bbox 2810 3525 3061 3608; x_wconf 75' lang='grc' dir='ltr'>ἀδελφοὶ,</span> <span class='ocrx_word' id='word_1_419' title='bbox 3121 3529 3470 3604; x_wconf 70' lang='grc' dir='ltr'>ἐννοήσαντες</span> <span class='ocrx_word' id='word_1_420' title='bbox 3522 3539 3685 3611; x_wconf 79' lang='grc' dir='ltr'>ἡμῶν</span> <span class='ocrx_word' id='word_1_421' title='bbox 3738 3539 3802 3594; x_wconf 85' lang='grc' dir='ltr'>τὸ</span> 
     </span>
    </p>
   </div>
   <div class='ocr_carea' id='block_1_84' title="bbox 3183 3624 3727 3702">
    <p class='ocr_par' dir='ltr' id='par_1_84' title="bbox 3183 3624 3727 3702">
     <span class='ocr_line' id='line_1_84' title="bbox 3183 3624 3727 3702; baseline -0.011 -1"><span class='ocrx_word' id='word_1_422' title='bbox 3183 3624 3391 3702; x_wconf 72' lang='grc' dir='ltr'>[βραχὺ</span> <span class='ocrx_word' id='word_1_423' title='bbox 3424 3630 3524 3693; x_wconf 76' lang='grc' dir='ltr'>τῆς</span> <span class='ocrx_word' id='word_1_424' title='bbox 3558 3633 3727 3699; x_wconf 76' lang='grc' dir='ltr'>ζωῆς.</span> 
     </span>
    </p>
   </div>
   <div class='ocr_carea' id='block_1_85' title="bbox 2144 3704 3798 3795">
    <p class='ocr_par' dir='ltr' id='par_1_85' title="bbox 2144 3704 3798 3795">
     <span class='ocr_line' id='line_1_85' title="bbox 2144 3704 3798 3795; baseline 0.011 -37"><span class='ocrx_word' id='word_1_425' title='bbox 2144 3704 2241 3774; x_wconf 85' lang='grc' dir='ltr'>Τῷ</span> <span class='ocrx_word' id='word_1_426' title='bbox 2273 3708 2595 3776; x_wconf 81' lang='grc' dir='ltr'>μεταστάντι</span> <span class='ocrx_word' id='word_1_427' title='bbox 2625 3709 2724 3780; x_wconf 78' lang='grc' dir='ltr'>τήν</span> <span class='ocrx_word' id='word_1_428' title='bbox 2785 3712 3083 3769; x_wconf 68' lang='grc' dir='ltr'>ἀνάπαυσιν</span> <span class='ocrx_word' id='word_1_429' title='bbox 3138 3717 3285 3792; x_wconf 86' lang='grc' dir='ltr'>παρᾶ</span> <span class='ocrx_word' id='word_1_430' title='bbox 3336 3719 3577 3795; x_wconf 78' lang='grc' dir='ltr'>Χριστοῦ</span> <span class='ocrx_word' id='word_1_431' title='bbox 3637 3719 3798 3792; x_wconf 73' lang='grc' dir='ltr'>αἴτη-</span> 
     </span>
    </p>
   </div>
   <div class='ocr_carea' id='block_1_86' title="bbox 3455 3808 3721 3885">
    <p class='ocr_par' dir='ltr' id='par_1_86' title="bbox 3455 3808 3721 3885">
     <span class='ocr_line' id='line_1_86' title="bbox 3455 3808 3721 3885; baseline 0.004 -22"><span class='ocrx_word' id='word_1_432' title='bbox 3455 3808 3721 3885; x_wconf 76' lang='grc' dir='ltr'>[σιιῖ›μεθα³</span> 
     </span>
    </p>
   </div>
   <div class='ocr_carea' id='block_1_87' title="bbox 2144 3882 3279 3971">
    <p class='ocr_par' dir='ltr' id='par_1_87' title="bbox 2144 3882 3279 3971">
     <span class='ocr_line' id='line_1_87' title="bbox 2144 3882 3279 3971; baseline 0.012 -32"><span class='ocrx_word' id='word_1_433' title='bbox 2144 3882 2247 3939; x_wconf 82' lang='grc' dir='ltr'>Καὶ</span> <span class='ocrx_word' id='word_1_434' title='bbox 2269 3891 2392 3949; x_wconf 81' lang='grc' dir='ltr'>ταῖς</span> <span class='ocrx_word' id='word_1_435' title='bbox 2418 3888 2624 3963; x_wconf 84' lang='grc' dir='ltr'>ψυχαῖς</span> <span class='ocrx_word' id='word_1_436' title='bbox 2654 3891 2689 3959; x_wconf 76' lang='grc' dir='ltr'><strong>ἡ</strong></span> <span class='ocrx_word' id='word_1_437' title='bbox 2700 3893 2819 3962; x_wconf 82' lang='grc' dir='ltr'>μῶν</span> <span class='ocrx_word' id='word_1_438' title='bbox 2841 3892 2905 3948; x_wconf 89' lang='grc' dir='ltr'>τὸ</span> <span class='ocrx_word' id='word_1_439' title='bbox 2939 3891 3077 3971; x_wconf 77' lang='grc' dir='ltr'>μέγα</span> <span class='ocrx_word' id='word_1_440' title='bbox 3106 3890 3279 3959; x_wconf 82' lang='grc' dir='ltr'>ἔλεος.</span> 
     </span>
    </p>
   </div>
   <div class='ocr_carea' id='block_1_88' title="bbox 2143 3974 3796 4067">
    <p class='ocr_par' dir='ltr' id='par_1_88' title="bbox 2143 3974 3796 4067">
     <span class='ocr_line' id='line_1_88' title="bbox 2143 3974 3796 4067; baseline 0.011 -39"><span class='ocrx_word' id='word_1_441' title='bbox 2143 3974 2325 4029; x_wconf 76' lang='grc' dir='ltr'>Πάντα</span> <span class='ocrx_word' id='word_1_442' title='bbox 2379 3976 2678 4049; x_wconf 76' lang='grc' dir='ltr'>ματαιότης</span> <span class='ocrx_word' id='word_1_443' title='bbox 2718 3980 2785 4034; x_wconf 78' lang='grc' dir='ltr'>τὰ</span> <span class='ocrx_word' id='word_1_444' title='bbox 2841 3982 3177 4058; x_wconf 83' lang='grc' dir='ltr'>ἀνθρώπινα,</span> <span class='ocrx_word' id='word_1_445' title='bbox 3228 3985 3328 4042; x_wconf 78' lang='grc' dir='ltr'>ὅσα</span> <span class='ocrx_word' id='word_1_446' title='bbox 3385 3987 3494 4065; x_wconf 81' lang='grc' dir='ltr'>οὐχ</span> <span class='ocrx_word' id='word_1_447' title='bbox 3553 3990 3796 4067; x_wconf 82' lang='grc' dir='ltr'>ὑπάρχει</span> 
     </span>
    </p>
   </div>
   <div class='ocr_carea' id='block_1_89' title="bbox 3279 4078 3720 4154">
    <p class='ocr_par' dir='ltr' id='par_1_89' title="bbox 3279 4078 3720 4154">
     <span class='ocr_line' id='line_1_89' title="bbox 3279 4078 3720 4154; baseline 0.011 -23"><span class='ocrx_word' id='word_1_448' title='bbox 3279 4078 3437 4151; x_wconf 84' lang='grc' dir='ltr'>[μετᾶ</span> <span class='ocrx_word' id='word_1_449' title='bbox 3466 4079 3720 4154; x_wconf 78' lang='grc' dir='ltr'>θάνατον,</span> 
     </span>
    </p>
   </div>
   <div class='ocr_carea' id='block_1_90' title="bbox 2141 4153 3538 4237">
    <p class='ocr_par' dir='ltr' id='par_1_90' title="bbox 2141 4153 3538 4237">
     <span class='ocr_line' id='line_1_90' title="bbox 2141 4153 3538 4237; baseline 0.01 -27"><span class='ocrx_word' id='word_1_450' title='bbox 2141 4153 2222 4210; x_wconf 82' lang='grc' dir='ltr'>Οὐ</span> <span class='ocrx_word' id='word_1_451' title='bbox 2254 4157 2549 4230; x_wconf 81' lang='grc' dir='ltr'>παραμένει</span> <span class='ocrx_word' id='word_1_452' title='bbox 2582 4158 2610 4213; x_wconf 82' lang='grc' dir='ltr'>ὁ</span> <span class='ocrx_word' id='word_1_453' title='bbox 2640 4157 2903 4231; x_wconf 84' lang='grc' dir='ltr'>πλοῦτος,</span> <span class='ocrx_word' id='word_1_454' title='bbox 2939 4161 3000 4217; x_wconf 81' lang='grc' dir='ltr'>οὗ</span> <span class='ocrx_word' id='word_1_455' title='bbox 3027 4161 3301 4221; x_wconf 82' lang='grc' dir='ltr'>συνοδευει</span> <span class='ocrx_word' id='word_1_456' title='bbox 3324 4169 3358 4236; x_wconf 82' lang='grc' dir='ltr'>ἡ</span> <span class='ocrx_word' id='word_1_457' title='bbox 3393 4164 3538 4237; x_wconf 77' lang='grc' dir='ltr'>δόξα.</span> 
     </span>
    </p>
   </div>
   <div class='ocr_carea' id='block_1_91' title="bbox 2139 4330 3683 4426">
    <p class='ocr_par' dir='ltr' id='par_1_91' title="bbox 2139 4330 3683 4426">
     <span class='ocr_line' id='line_1_91' title="bbox 2139 4330 3683 4426; baseline 0.01 -37"><span class='ocrx_word' id='word_1_458' title='bbox 2139 4330 2417 4398; x_wconf 83' lang='grc' dir='ltr'>Ἐπελθὼν</span> <span class='ocrx_word' id='word_1_459' title='bbox 2448 4336 2549 4410; x_wconf 79' lang='grc' dir='ltr'>γὰρ</span> <span class='ocrx_word' id='word_1_460' title='bbox 2583 4337 2611 4391; x_wconf 85' lang='grc' dir='ltr'>ὁ</span> <span class='ocrx_word' id='word_1_461' title='bbox 2641 4338 2870 4400; x_wconf 84' lang='grc' dir='ltr'>θάνατος</span> <span class='ocrx_word' id='word_1_462' title='bbox 2918 4344 3087 4396; x_wconf 89' lang='grc' dir='ltr'>ταῦτα</span> <span class='ocrx_word' id='word_1_463' title='bbox 3115 4341 3286 4400; x_wconf 84' lang='grc' dir='ltr'>πάντα</span> <span class='ocrx_word' id='word_1_464' title='bbox 3314 4343 3683 4426; x_wconf 76' lang='grc' dir='ltr'>έξηφάνισται,</span> 
     </span>
    </p>
   </div>
   <div class='ocr_carea' id='block_1_92' title="bbox 2426 4543 3510 4627">
    <p class='ocr_par' dir='ltr' id='par_1_92' title="bbox 2426 4543 3510 4627">
     <span class='ocr_line' id='line_1_92' title="bbox 2426 4543 3510 4627; baseline 0.014 -31"><span class='ocrx_word' id='word_1_465' title='bbox 2426 4543 2520 4598; x_wconf 87' lang='grc' dir='ltr'>Διὸ</span> <span class='ocrx_word' id='word_1_466' title='bbox 2547 4545 2770 4620; x_wconf 86' lang='grc' dir='ltr'>Χριστῷ</span> <span class='ocrx_word' id='word_1_467' title='bbox 2798 4551 2878 4620; x_wconf 80' lang='grc' dir='ltr'>τῷ</span> <span class='ocrx_word' id='word_1_468' title='bbox 2909 4547 3161 4623; x_wconf 82' lang='grc' dir='ltr'>ἀθανάτῳ</span> <span class='ocrx_word' id='word_1_469' title='bbox 3195 4552 3510 4627; x_wconf 79' lang='grc' dir='ltr'>βοήσωμεν.</span> 
     </span>
    </p>
   </div>
   <div class='ocr_carea' id='block_1_93' title="bbox 2058 4642 3248 4725">
    <p class='ocr_par' dir='ltr' id='par_1_93' title="bbox 2058 4642 3248 4725">
     <span class='ocr_line' id='line_1_93' title="bbox 2058 4642 3248 4725; baseline 0.013 -29"><span class='ocrx_word' id='word_1_470' title='bbox 2058 4642 2103 4705; x_wconf 72' lang='grc' dir='ltr'>[Ι</span> <span class='ocrx_word' id='word_1_471' title='bbox 2133 4648 2239 4702; x_wconf 87' lang='grc' dir='ltr'>Τὸν</span> <span class='ocrx_word' id='word_1_472' title='bbox 2278 4650 2613 4721; x_wconf 67' lang='grc' dir='ltr'>μεταστάντα</span> <span class='ocrx_word' id='word_1_473' title='bbox 2642 4651 2694 4723; x_wconf 77' lang='grc' dir='ltr'>ἐξ</span> <span class='ocrx_word' id='word_1_474' title='bbox 2724 4654 2885 4725; x_wconf 79' lang='grc' dir='ltr'>ἡμῶν</span> <span class='ocrx_word' id='word_1_475' title='bbox 2917 4654 3248 4718; x_wconf 76' lang='grc' dir='ltr'>ἀνάπαυσον.</span> 
     </span>
    </p>
   </div>
   <div class='ocr_carea' id='block_1_94' title="bbox 2133 4738 3569 4820">
    <p class='ocr_par' dir='ltr' id='par_1_94' title="bbox 2133 4738 3569 4820">
     <span class='ocr_line' id='line_1_94' title="bbox 2133 4738 3569 4820; baseline 0.015 -36"><span class='ocrx_word' id='word_1_476' title='bbox 2133 4738 2302 4801; x_wconf 78' lang='grc' dir='ltr'>Ἔνθα</span> <span class='ocrx_word' id='word_1_477' title='bbox 2332 4739 2548 4794; x_wconf 84' lang='grc' dir='ltr'>πάντων</span> <span class='ocrx_word' id='word_1_478' title='bbox 2576 4739 2719 4795; x_wconf 76' lang='grc' dir='ltr'>ἐστὶν</span> <span class='ocrx_word' id='word_1_479' title='bbox 2761 4742 3205 4820; x_wconf 73' lang='grc' dir='ltr'>εὐφραινομένων</span> <span class='ocrx_word' id='word_1_480' title='bbox 3233 4749 3267 4817; x_wconf 85' lang='grc' dir='ltr'><strong>ἠ</strong></span> <span class='ocrx_word' id='word_1_481' title='bbox 3298 4750 3569 4811; x_wconf 84' lang='grc' dir='ltr'>κατοικία.</span> 
     </span>
    </p>
   </div>
   <div class='ocr_carea' id='block_1_95' title="bbox 2131 4826 3252 4907">
    <p class='ocr_par' dir='ltr' id='par_1_95' title="bbox 2131 4826 3252 4907">
     <span class='ocr_line' id='line_1_95' title="bbox 2131 4826 3252 4907; baseline 0.011 -28"><span class='ocrx_word' id='word_1_482' title='bbox 2131 4830 2244 4880; x_wconf 79' lang='grc' dir='ltr'>Ποῦ</span> <span class='ocrx_word' id='word_1_483' title='bbox 2275 4826 2415 4881; x_wconf 70' lang='grc' dir='ltr'>ἔστιν</span> <span class='ocrx_word' id='word_1_484' title='bbox 2447 4830 2482 4897; x_wconf 73' lang='grc' dir='ltr'>ἢ</span> <span class='ocrx_word' id='word_1_485' title='bbox 2510 4832 2608 4884; x_wconf 86' lang='grc' dir='ltr'>τοῦ</span> <span class='ocrx_word' id='word_1_486' title='bbox 2635 4831 2848 4903; x_wconf 84' lang='grc' dir='ltr'>κόσμου</span> <span class='ocrx_word' id='word_1_487' title='bbox 2869 4834 3211 4907; x_wconf 83' lang='grc' dir='ltr'>προσπάθεια</span> <span class='ocrx_word' id='word_1_488' title='bbox 3239 4856 3252 4906; x_wconf 87' lang='lat'><strong>;</strong></span> 
     </span>
    </p>
   </div>
   <div class='ocr_carea' id='block_1_96' title="bbox 2131 4914 3350 5001">
    <p class='ocr_par' dir='ltr' id='par_1_96' title="bbox 2131 4914 3350 5001">
     <span class='ocr_line' id='line_1_96' title="bbox 2131 4914 3350 5001; baseline 0.011 -32"><span class='ocrx_word' id='word_1_489' title='bbox 2131 4919 2243 4969; x_wconf 85' lang='grc' dir='ltr'>Ποῦ</span> <span class='ocrx_word' id='word_1_490' title='bbox 2276 4914 2419 4971; x_wconf 75' lang='grc' dir='ltr'>ἐστιν</span> <span class='ocrx_word' id='word_1_491' title='bbox 2450 4919 2485 4987; x_wconf 76' lang='grc' dir='ltr'>ἡ</span> <span class='ocrx_word' id='word_1_492' title='bbox 2517 4922 2627 4973; x_wconf 78' lang='grc' dir='ltr'>τῶν</span> <span class='ocrx_word' id='word_1_493' title='bbox 2661 4921 3007 4996; x_wconf 86' lang='grc' dir='ltr'>προσκαίρων</span> <span class='ocrx_word' id='word_1_494' title='bbox 3040 4925 3303 5001; x_wconf 79' lang='grc' dir='ltr'>φαντασία</span> <span class='ocrx_word' id='word_1_495' title='bbox 3336 4945 3350 4996; x_wconf 88' lang='grc'><strong>;</strong></span> 
     </span>
    </p>
   </div>
   <div class='ocr_carea' id='block_1_97' title="bbox 2130 5003 3211 5087">
    <p class='ocr_par' dir='ltr' id='par_1_97' title="bbox 2130 5003 3211 5087">
     <span class='ocr_line' id='line_1_97' title="bbox 2130 5003 3211 5087; baseline -0.003 -27"><span class='ocrx_word' id='word_1_496' title='bbox 2130 5008 2243 5060; x_wconf 82' lang='grc' dir='ltr'>Ποῦ</span> <span class='ocrx_word' id='word_1_497' title='bbox 2265 5003 2408 5059; x_wconf 76' lang='grc' dir='ltr'>ἐστιν</span> <span class='ocrx_word' id='word_1_498' title='bbox 2444 5008 2472 5062; x_wconf 88' lang='grc' dir='ltr'>ὁ</span> <span class='ocrx_word' id='word_1_499' title='bbox 2504 5009 2709 5083; x_wconf 87' lang='grc' dir='ltr'>χρυσὸς</span> <span class='ocrx_word' id='word_1_500' title='bbox 2742 5010 2833 5067; x_wconf 74' lang='grc' dir='ltr'>καὶ</span> <span class='ocrx_word' id='word_1_501' title='bbox 2866 5012 2894 5066; x_wconf 84' lang='grc' dir='ltr'><strong>ὁ</strong></span> <span class='ocrx_word' id='word_1_502' title='bbox 2926 5011 3167 5087; x_wconf 76' lang='grc' dir='ltr'>ἀργυρος</span> <span class='ocrx_word' id='word_1_503' title='bbox 3196 5034 3211 5083; x_wconf 69' lang='grc' dir='ltr'>ς</span> 
     </span>
    </p>
   </div>
   <div class='ocr_carea' id='block_1_98' title="bbox 2128 5092 3712 5184">
    <p class='ocr_par' dir='ltr' id='par_1_98' title="bbox 2128 5092 3712 5184">
     <span class='ocr_line' id='line_1_98' title="bbox 2128 5092 3712 5184; baseline 0.008 -33"><span class='ocrx_word' id='word_1_504' title='bbox 2128 5095 2243 5184; x_wconf 81' lang='grc' dir='ltr'>Ποῦ</span> <span class='ocrx_word' id='word_1_505' title='bbox 2272 5092 2414 5150; x_wconf 79' lang='grc' dir='ltr'>ἐστιν</span> <span class='ocrx_word' id='word_1_506' title='bbox 2444 5100 2553 5151; x_wconf 80' lang='grc' dir='ltr'>τῶν</span> <span class='ocrx_word' id='word_1_507' title='bbox 2586 5096 2813 5154; x_wconf 70' lang='grc' dir='ltr'>οἰκετῶν</span> <span class='ocrx_word' id='word_1_508' title='bbox 2841 5101 2879 5169; x_wconf 79' lang='grc' dir='ltr'>ἡ</span> <span class='ocrx_word' id='word_1_509' title='bbox 2909 5098 3229 5178; x_wconf 82' lang='grc' dir='ltr'>πλημμύρα</span> <span class='ocrx_word' id='word_1_510' title='bbox 3256 5106 3346 5160; x_wconf 79' lang='grc' dir='ltr'>καὶ</span> <span class='ocrx_word' id='word_1_511' title='bbox 3376 5105 3405 5161; x_wconf 85' lang='grc' dir='ltr'><strong>ὀ</strong></span> <span class='ocrx_word' id='word_1_512' title='bbox 3427 5104 3660 5184; x_wconf 78' lang='grc' dir='ltr'>θόρυϐος</span> <span class='ocrx_word' id='word_1_513' title='bbox 3696 5128 3712 5179; x_wconf 86' lang='lat'><strong>;</strong></span> 
     </span>
    </p>
   </div>
   <div class='ocr_carea' id='block_1_99' title="bbox 2126 5183 2508 5254">
    <p class='ocr_par' dir='ltr' id='par_1_99' title="bbox 2126 5183 2508 5254">
     <span class='ocr_line' id='line_1_99' title="bbox 2126 5183 2508 5254; baseline -0.003 -13"><span class='ocrx_word' id='word_1_514' title='bbox 2126 5183 2309 5241; x_wconf 79' lang='grc' dir='ltr'>Πάντα</span> <span class='ocrx_word' id='word_1_515' title='bbox 2336 5184 2508 5254; x_wconf 83' lang='grc' dir='ltr'>κόνις,</span> 
     </span>
    </p>
   </div>
   <div class='ocr_carea' id='block_1_100' title="bbox 2125 5270 2530 5351">
    <p class='ocr_par' dir='ltr' id='par_1_100' title="bbox 2125 5270 2530 5351">
     <span class='ocr_line' id='line_1_100' title="bbox 2125 5270 2530 5351; baseline 0.005 -22"><span class='ocrx_word' id='word_1_516' title='bbox 2125 5270 2307 5329; x_wconf 73' lang='grc' dir='ltr'>Πάντα</span> <span class='ocrx_word' id='word_1_517' title='bbox 2333 5274 2530 5351; x_wconf 74' lang='grc' dir='ltr'>τέφρα,</span> 
     </span>
    </p>
   </div>
   <div class='ocr_carea' id='block_1_101' title="bbox 2124 5365 2476 5422">
    <p class='ocr_par' dir='ltr' id='par_1_101' title="bbox 2124 5365 2476 5422">
     <span class='ocr_line' id='line_1_101' title="bbox 2124 5365 2476 5422; baseline 0.006 -2"><span class='ocrx_word' id='word_1_518' title='bbox 2124 5365 2308 5421; x_wconf 83' lang='grc' dir='ltr'>Πάντα</span> <span class='ocrx_word' id='word_1_519' title='bbox 2335 5365 2476 5422; x_wconf 83' lang='grc' dir='ltr'>σκιά.</span> 
     </span>
    </p>
   </div>
   <div class='ocr_carea' id='block_1_102' title="bbox 2126 5450 3488 5541">
    <p class='ocr_par' dir='ltr' id='par_1_102' title="bbox 2126 5450 3488 5541">
     <span class='ocr_line' id='line_1_102' title="bbox 2126 5450 3488 5541; baseline 0.011 -32"><span class='ocrx_word' id='word_1_520' title='bbox 2126 5450 2304 5509; x_wconf 83' lang='grc' dir='ltr'>Ἀλλὰ</span> <span class='ocrx_word' id='word_1_521' title='bbox 2333 5450 2507 5525; x_wconf 75' lang='grc' dir='ltr'>δεῦτε,</span> <span class='ocrx_word' id='word_1_522' title='bbox 2539 5457 2830 5532; x_wconf 75' lang='grc' dir='ltr'>βοήσωμιν</span> <span class='ocrx_word' id='word_1_523' title='bbox 2854 5463 2936 5533; x_wconf 84' lang='grc' dir='ltr'>τῷ</span> <span class='ocrx_word' id='word_1_524' title='bbox 2966 5461 3221 5537; x_wconf 81' lang='grc' dir='ltr'>ἀθανάτῳ</span> <span class='ocrx_word' id='word_1_525' title='bbox 3247 5464 3488 5541; x_wconf 81' lang='grc' dir='ltr'>βασιλεῖ.</span> 
     </span>
    </p>
   </div>
   <div class='ocr_carea' id='block_1_103' title="bbox 429 5667 3781 5782">
    <p class='ocr_par' dir='ltr' id='par_1_103' title="bbox 429 5667 3781 5782">
     <span class='ocr_line' id='line_1_103' title="bbox 429 5667 3781 5782; baseline 0.014 -62"><span class='ocrx_word' id='word_1_526' title='bbox 429 5667 507 5737; x_wconf 83' lang='grc' dir='ltr'>(α)</span> <span class='ocrx_word' id='word_1_527' title='bbox 535 5672 712 5724; x_wconf 74' lang='lat' dir='ltr'>Anax.</span> <span class='ocrx_word' id='word_1_528' title='bbox 746 5670 920 5725; x_wconf 73' lang='lat' dir='ltr'>ADAL.</span> <span class='ocrx_word' id='word_1_529' title='bbox 956 5672 1190 5758; x_wconf 46' lang='lat' dir='ltr'>prima},</span> <span class='ocrx_word' id='word_1_530' title='bbox 1225 5675 1531 5760; x_wconf 59' lang='lat' dir='ltr'>Tltesaurus</span> <span class='ocrx_word' id='word_1_531' title='bbox 1561 5681 2013 5752; x_wconf 76' lang='lat' dir='ltr'>hymmologicus,</span> <span class='ocrx_word' id='word_1_532' title='bbox 2047 5686 2143 5752; x_wconf 85' lang='grc' dir='ltr'>ΙΙΙ,</span> <span class='ocrx_word' id='word_1_533' title='bbox 2184 5689 2271 5770; x_wconf 54' lang='grc' dir='ltr'>9ῥέ</span> <span class='ocrx_word' id='word_1_534' title='bbox 2308 5689 2540 5763; x_wconf 89' lang='lat' dir='ltr'>Legitur</span> <span class='ocrx_word' id='word_1_535' title='bbox 2568 5693 2747 5750; x_wconf 88' lang='lat' dir='ltr'>etiam</span> <span class='ocrx_word' id='word_1_536' title='bbox 2779 5697 2841 5753; x_wconf 90' lang='lat' dir='ltr'>in</span> <span class='ocrx_word' id='word_1_537' title='bbox 2873 5698 3080 5758; x_wconf 77' lang='lat' dir='ltr'>Ofﬁcio</span> <span class='ocrx_word' id='word_1_538' title='bbox 3139 5704 3559 5775; x_wconf 81' lang='lat' dir='ltr'>exsequiarum</span> <span class='ocrx_word' id='word_1_539' title='bbox 3616 5712 3781 5782; x_wconf 87' lang='lat' dir='ltr'>apud</span> 
     </span>
     <span class='ocr_line' id='line_1_104' title="bbox 435 5738 3187 5782; baseline 0 0"><span class='ocrx_word' id='word_1_540' title='bbox 435 5738 588 5782; x_wconf 76' lang='lat' dir='ltr'>Goar</span> <span class='ocrx_word' id='word_1_541' title='bbox 621 5755 633 5782; x_wconf 71' lang='grc' dir='ltr'><em>ε</em></span> <span class='ocrx_word' id='word_1_542' title='bbox 676 5738 1061 5782; x_wconf 68' lang='grc' dir='ltr'>Επιιειωιηηηηη</span> <span class='ocrx_word' id='word_1_543' title='bbox 1095 5759 1205 5782; x_wconf 69' lang='lat' dir='ltr'>eum</span> <span class='ocrx_word' id='word_1_544' title='bbox 1235 5747 1448 5782; x_wconf 65' lang='lat' dir='ltr'>nshtn&#39;n</span> <span class='ocrx_word' id='word_1_545' title='bbox 1482 5754 1791 5782; x_wconf 66' lang='lat' dir='ltr'>n................</span> <span class='ocrx_word' id='word_1_546' title='bbox 1827 5752 1897 5782; x_wconf 62' lang='grc' dir='ltr'><em>,Α</em></span> <span class='ocrx_word' id='word_1_547' title='bbox 1953 5757 1985 5782; x_wconf 73' lang='grc' dir='ltr'>ο</span> <span class='ocrx_word' id='word_1_548' title='bbox 2045 5759 2299 5782; x_wconf 56' lang='grc' dir='ltr'>νηηι---</span> <span class='ocrx_word' id='word_1_549' title='bbox 2374 5761 2505 5782; x_wconf 62' lang='lat' dir='ltr'>“mn</span> <span class='ocrx_word' id='word_1_550' title='bbox 2562 5764 2656 5782; x_wconf 67' lang='grc' dir='ltr'>...ιι</span> <span class='ocrx_word' id='word_1_551' title='bbox 2802 5769 2817 5782; x_wconf 87' lang='grc'><em>.</em></span> <span class='ocrx_word' id='word_1_552' title='bbox 2875 5770 2916 5782; x_wconf 80' lang='lat'>..</span> <span class='ocrx_word' id='word_1_553' title='bbox 2993 5773 3005 5782; x_wconf 91' lang='lat'>.</span> <span class='ocrx_word' id='word_1_554' title='bbox 3092 5775 3187 5782; x_wconf 78' lang='lat'>-___</span> 
     </span>
    </p>
   </div>
   <div class='ocr_carea' id='block_1_104' title="bbox 352 5737 3215 5835">
    <p class='ocr_par' dir='ltr' id='par_1_104' title="bbox 352 5737 3215 5835">
     <span class='ocr_line' id='line_1_105' title="bbox 352 5737 3215 5835; baseline 0.015 -47"><span class='ocrx_word' id='word_1_555' title='bbox 352 5737 395 5788; x_wconf 92' lang='grc' dir='ltr'>Ι.</span> <span class='ocrx_word' id='word_1_556' title='bbox 435 5738 588 5791; x_wconf 88' lang='lat' dir='ltr'>Goar</span> <span class='ocrx_word' id='word_1_557' title='bbox 620 5755 633 5791; x_wconf 90' lang='lat'>:</span> <span class='ocrx_word' id='word_1_558' title='bbox 668 5738 1063 5809; x_wconf 80' lang='lat' dir='ltr'>Euchologium</span> <span class='ocrx_word' id='word_1_559' title='bbox 1093 5737 1205 5799; x_wconf 71' lang='lat' dir='ltr'>sive</span> <span class='ocrx_word' id='word_1_560' title='bbox 1230 5747 1448 5804; x_wconf 79' lang='lat' dir='ltr'>Rituale</span> <span class='ocrx_word' id='word_1_561' title='bbox 1476 5737 1796 5807; x_wconf 42' lang='lat' dir='ltr'>Hrae‘f’orum</span> <span class='ocrx_word' id='word_1_562' title='bbox 1826 5737 1920 5808; x_wconf 53' lang='lat' dir='ltr'>ad.</span> <span class='ocrx_word' id='word_1_563' title='bbox 1953 5737 2013 5813; x_wconf 40' lang='lat'>2.,</span> <span class='ocrx_word' id='word_1_564' title='bbox 2045 5737 2531 5831; x_wconf 57' lang='lat' dir='ltr'>Véhétiisfﬁ&#39;éo,’</span> 
     </span>
    </p>
   </div>
  </div>
