  <div class='ocr_page' id='page_1' title='image "/cluster/home/n/w/nwhite01/storage/ocr_20150623/96:no.3/coo.31924054870005/700.png"; bbox 0 0 4120 6420; ppageno 0'>
   <div class='ocr_carea' id='block_1_1' title="bbox 367 433 1994 501">
    <p class='ocr_par' dir='ltr' id='par_1_1' title="bbox 367 433 1994 492">
     <span class='ocr_line' id='line_1_1' title="bbox 367 433 1994 492; baseline 0 -3"><span class='ocrx_word' id='word_1_1' title='bbox 367 433 507 489; x_wconf 83' lang='grc'>1369</span> <span class='ocrx_word' id='word_1_2' title='bbox 1356 440 1431 491; x_wconf 82' lang='lat' dir='ltr'><strong>1N</strong></span> <span class='ocrx_word' id='word_1_3' title='bbox 1469 439 1609 492; x_wconf 83' lang='lat' dir='ltr'>SEX</span> <span class='ocrx_word' id='word_1_4' title='bbox 1647 438 1945 491; x_wconf 81' lang='lat' dir='ltr'>HYMNOB</span> <span class='ocrx_word' id='word_1_5' title='bbox 1978 440 1994 489; x_wconf 82' lang='grc' dir='ltr'>ε</span> 
     </span>
    </p>
   </div>
   <div class='ocr_carea' id='block_1_2' title="bbox 2158 433 3785 501">
    <p class='ocr_par' dir='ltr' id='par_1_2' title="bbox 2158 438 3785 495">
     <span class='ocr_line' id='line_1_2' title="bbox 2158 438 3785 495; baseline 0.005 -9"><span class='ocrx_word' id='word_1_6' title='bbox 2158 438 2399 489; x_wconf 79' lang='grc' dir='ltr'>ΙΕΝΤΕΒ</span> <span class='ocrx_word' id='word_1_7' title='bbox 2436 439 2794 493; x_wconf 83' lang='lat' dir='ltr'>MONITUM.</span> <span class='ocrx_word' id='word_1_8' title='bbox 3648 440 3785 495; x_wconf 87' lang='grc'>1370</span> 
     </span>
    </p>
   </div>
   <div class='ocr_carea' id='block_1_3' title="bbox 369 561 1996 650">
    <p class='ocr_par' dir='ltr' id='par_1_3' title="bbox 369 574 1995 650">
     <span class='ocr_line' id='line_1_3' title="bbox 369 574 1995 650; baseline 0 -19"><span class='ocrx_word' id='word_1_9' title='bbox 369 576 557 649; x_wconf 76' lang='grc' dir='ltr'><strong>Κρόιε,</strong></span> <span class='ocrx_word' id='word_1_10' title='bbox 588 574 965 631; x_wconf 69' lang='grc' dir='ltr'>τῶναίωνῗων</span> <span class='ocrx_word' id='word_1_11' title='bbox 1015 596 1110 630; x_wconf 83' lang='grc' dir='ltr'>σου</span> <span class='ocrx_word' id='word_1_12' title='bbox 1162 574 1378 650; x_wconf 78' lang='grc' dir='ltr'><strong>ἀγαθῶν</strong></span> <span class='ocrx_word' id='word_1_13' title='bbox 1440 575 1670 649; x_wconf 78' lang='grc' dir='ltr'>ἀξίωσον</span> <span class='ocrx_word' id='word_1_14' title='bbox 1717 577 1810 631; x_wconf 87' lang='grc' dir='ltr'>τὸν</span> <span class='ocrx_word' id='word_1_15' title='bbox 1863 597 1995 650; x_wconf 84' lang='grc' dir='ltr'>μετα</span> 
     </span>
    </p>
   </div>
   <div class='ocr_carea' id='block_1_4' title="bbox 2155 561 3782 650">
    <p class='ocr_par' dir='ltr' id='par_1_4' title="bbox 2155 561 3782 635">
     <span class='ocr_line' id='line_1_4' title="bbox 2155 561 3782 635; baseline 0 -14"><span class='ocrx_word' id='word_1_16' title='bbox 2155 561 2387 621; x_wconf 85' lang='lat' dir='ltr'>)omine</span> <span class='ocrx_word' id='word_1_17' title='bbox 2427 566 2665 620; x_wconf 83' lang='lat' dir='ltr'>aeternis</span> <span class='ocrx_word' id='word_1_18' title='bbox 2706 566 2821 620; x_wconf 87' lang='lat' dir='ltr'>tuis</span> <span class='ocrx_word' id='word_1_19' title='bbox 2852 565 3024 619; x_wconf 91' lang='lat' dir='ltr'>bonis</span> <span class='ocrx_word' id='word_1_20' title='bbox 3056 565 3212 619; x_wconf 90' lang='lat' dir='ltr'>dona</span> <span class='ocrx_word' id='word_1_21' title='bbox 3250 582 3381 619; x_wconf 91' lang='lat' dir='ltr'>cum</span> <span class='ocrx_word' id='word_1_22' title='bbox 3416 567 3515 635; x_wconf 90' lang='lat' dir='ltr'>qui</span> <span class='ocrx_word' id='word_1_23' title='bbox 3547 583 3580 621; x_wconf 90' lang='lat' dir='ltr'>a</span> <span class='ocrx_word' id='word_1_24' title='bbox 3609 566 3782 621; x_wconf 90' lang='lat' dir='ltr'>nobis</span> 
     </span>
    </p>
   </div>
   <div class='ocr_carea' id='block_1_5' title="bbox 1296 656 2923 738">
    <p class='ocr_par' dir='ltr' id='par_1_5' title="bbox 1296 666 1812 738">
     <span class='ocr_line' id='line_1_5' title="bbox 1296 666 1812 738; baseline 0 -18"><span class='ocrx_word' id='word_1_25' title='bbox 1296 666 1514 738; x_wconf 81' lang='grc' dir='ltr'>[στάντα</span> <span class='ocrx_word' id='word_1_26' title='bbox 1548 669 1598 736; x_wconf 81' lang='grc' dir='ltr'>ἐξ</span> <span class='ocrx_word' id='word_1_27' title='bbox 1630 668 1663 734; x_wconf 84' lang='grc' dir='ltr'>ἡ</span> <span class='ocrx_word' id='word_1_28' title='bbox 1675 670 1812 737; x_wconf 81' lang='grc' dir='ltr'>μῶν,</span> 
     </span>
    </p>
   </div>
   <div class='ocr_carea' id='block_1_6' title="bbox 1997 656 3624 738">
    <p class='ocr_par' dir='ltr' id='par_1_6' title="bbox 3313 656 3624 726">
     <span class='ocr_line' id='line_1_6' title="bbox 3313 656 3624 726; baseline 0 -17"><span class='ocrx_word' id='word_1_29' title='bbox 3313 656 3624 726; x_wconf 87' lang='lat' dir='ltr'>[migravit,</span> 
     </span>
    </p>
   </div>
   <div class='ocr_carea' id='block_1_7' title="bbox 365 744 1992 829">
    <p class='ocr_par' dir='ltr' id='par_1_7' title="bbox 365 751 1702 829">
     <span class='ocr_line' id='line_1_7' title="bbox 365 751 1702 829; baseline 0 -18"><span class='ocrx_word' id='word_1_30' title='bbox 365 754 684 811; x_wconf 76' lang='grc' dir='ltr'>Ἀναπαύων</span> <span class='ocrx_word' id='word_1_31' title='bbox 718 754 877 809; x_wconf 79' lang='grc' dir='ltr'>αὐτὸν</span> <span class='ocrx_word' id='word_1_32' title='bbox 911 753 962 808; x_wconf 81' lang='grc' dir='ltr'>ἐν</span> <span class='ocrx_word' id='word_1_33' title='bbox 989 752 1060 827; x_wconf 72' lang='grc' dir='ltr'>τῇ</span> <span class='ocrx_word' id='word_1_34' title='bbox 1088 752 1281 829; x_wconf 80' lang='grc' dir='ltr'>ἀγήρῳ</span> <span class='ocrx_word' id='word_1_35' title='bbox 1317 751 1702 829; x_wconf 81' lang='grc' dir='ltr'>μακαριότητι.</span> 
     </span>
    </p>
   </div>
   <div class='ocr_carea' id='block_1_8' title="bbox 1926 744 3553 829">
    <p class='ocr_par' dir='ltr' id='par_1_8' title="bbox 2136 744 3553 815">
     <span class='ocr_line' id='line_1_8' title="bbox 2136 744 3553 815; baseline -0.001 -14"><span class='ocrx_word' id='word_1_36' title='bbox 2136 749 2201 801; x_wconf 93' lang='lat' dir='ltr'>In</span> <span class='ocrx_word' id='word_1_37' title='bbox 2233 748 2596 803; x_wconf 83' lang='lat' dir='ltr'>indeﬁcienti</span> <span class='ocrx_word' id='word_1_38' title='bbox 2641 746 3007 802; x_wconf 75' lang='lat' dir='ltr'>beatitudine</span> <span class='ocrx_word' id='word_1_39' title='bbox 3040 744 3177 800; x_wconf 88' lang='lat' dir='ltr'>data</span> <span class='ocrx_word' id='word_1_40' title='bbox 3207 746 3294 799; x_wconf 92' lang='lat' dir='ltr'>illi</span> <span class='ocrx_word' id='word_1_41' title='bbox 3328 745 3553 815; x_wconf 87' lang='lat' dir='ltr'>requie.</span> 
     </span>
    </p>
   </div>
   <div class='ocr_carea' id='block_1_9' title="bbox 1361 1088 2782 1154">
    <p class='ocr_par' dir='ltr' id='par_1_9' title="bbox 1361 1088 2782 1154">
     <span class='ocr_line' id='line_1_9' title="bbox 1361 1088 2782 1154; baseline -0.006 -5"><span class='ocrx_word' id='word_1_42' title='bbox 1361 1095 1692 1149; x_wconf 83' lang='lat' dir='ltr'>MONITUM</span> <span class='ocrx_word' id='word_1_43' title='bbox 1724 1094 1803 1148; x_wconf 87' lang='lat' dir='ltr'>IN</span> <span class='ocrx_word' id='word_1_44' title='bbox 1835 1088 1975 1147; x_wconf 75' lang='lat' dir='ltr'>SEX</span> <span class='ocrx_word' id='word_1_45' title='bbox 2020 1090 2308 1147; x_wconf 85' lang='lat' dir='ltr'>HYMNOS</span> <span class='ocrx_word' id='word_1_46' title='bbox 2345 1088 2782 1154; x_wconf 87' lang='lat' dir='ltr'>SEQUENTES.</span> 
     </span>
    </p>
   </div>
   <div class='ocr_carea' id='block_1_10' title="bbox 1313 1252 2825 1330">
    <p class='ocr_par' dir='ltr' id='par_1_10' title="bbox 1313 1252 2825 1330">
     <span class='ocr_line' id='line_1_10' title="bbox 1313 1252 2825 1330; baseline -0.007 -13"><span class='ocrx_word' id='word_1_47' title='bbox 1313 1262 1484 1330; x_wconf 77' lang='lat' dir='ltr'>(ANG.</span> <span class='ocrx_word' id='word_1_48' title='bbox 1519 1261 1651 1315; x_wconf 77' lang='lat' dir='ltr'>MAI.</span> <span class='ocrx_word' id='word_1_49' title='bbox 1684 1259 1948 1330; x_wconf 80' lang='lat' dir='ltr'>Spicileg.</span> <span class='ocrx_word' id='word_1_50' title='bbox 1979 1262 2135 1314; x_wconf 85' lang='lat' dir='ltr'>Rom.</span> <span class='ocrx_word' id='word_1_51' title='bbox 2167 1259 2259 1329; x_wconf 88' lang='lat' dir='ltr'>IX,</span> <span class='ocrx_word' id='word_1_52' title='bbox 2291 1275 2349 1329; x_wconf 91' lang='lat' dir='ltr'>p.</span> <span class='ocrx_word' id='word_1_53' title='bbox 2380 1273 2500 1324; x_wconf 70' lang='lat' dir='ltr'>xxx,</span> <span class='ocrx_word' id='word_1_54' title='bbox 2533 1257 2634 1309; x_wconf 88' lang='grc'>713</span> <span class='ocrx_word' id='word_1_55' title='bbox 2670 1252 2825 1324; x_wconf 88' lang='lat' dir='ltr'>sqq.)</span> 
     </span>
    </p>
   </div>
   <div class='ocr_carea' id='block_1_11' title="bbox 429 1565 3776 1650">
    <p class='ocr_par' dir='ltr' id='par_1_11' title="bbox 429 1565 3776 1650">
     <span class='ocr_line' id='line_1_11' title="bbox 429 1565 3776 1650; baseline -0.005 -17"><span class='ocrx_word' id='word_1_56' title='bbox 429 1580 495 1633; x_wconf 91' lang='lat' dir='ltr'>In</span> <span class='ocrx_word' id='word_1_57' title='bbox 526 1578 829 1634; x_wconf 85' lang='lat' dir='ltr'>evolendis</span> <span class='ocrx_word' id='word_1_58' title='bbox 854 1579 1069 1635; x_wconf 66' lang='lat' dir='ltr'>Graecis</span> <span class='ocrx_word' id='word_1_59' title='bbox 1101 1580 1384 1635; x_wconf 71' lang='lat' dir='ltr'>vaticanaa</span> <span class='ocrx_word' id='word_1_60' title='bbox 1416 1579 1792 1635; x_wconf 72' lang='lat' dir='ltr'>bibliothecaa</span> <span class='ocrx_word' id='word_1_61' title='bbox 1824 1579 2131 1635; x_wconf 88' lang='lat' dir='ltr'>codicibus</span> <span class='ocrx_word' id='word_1_62' title='bbox 2178 1595 2274 1634; x_wconf 88' lang='lat' dir='ltr'>res</span> <span class='ocrx_word' id='word_1_63' title='bbox 2316 1578 2613 1650; x_wconf 88' lang='lat' dir='ltr'>insperata</span> <span class='ocrx_word' id='word_1_64' title='bbox 2645 1576 2788 1630; x_wconf 89' lang='lat' dir='ltr'>mihi</span> <span class='ocrx_word' id='word_1_65' title='bbox 2824 1574 3056 1630; x_wconf 91' lang='lat' dir='ltr'>accidit.</span> <span class='ocrx_word' id='word_1_66' title='bbox 3090 1574 3234 1625; x_wconf 89' lang='lat' dir='ltr'>Dum</span> <span class='ocrx_word' id='word_1_67' title='bbox 3271 1569 3431 1623; x_wconf 89' lang='lat' dir='ltr'>enim</span> <span class='ocrx_word' id='word_1_68' title='bbox 3480 1565 3776 1637; x_wconf 91' lang='lat' dir='ltr'>poeticum</span> 
     </span>
    </p>
   </div>
   <div class='ocr_carea' id='block_1_12' title="bbox 356 1655 3773 1740">
    <p class='ocr_par' dir='ltr' id='par_1_12' title="bbox 356 1655 3773 1740">
     <span class='ocr_line' id='line_1_12' title="bbox 356 1655 3773 1740; baseline -0.005 -18"><span class='ocrx_word' id='word_1_69' title='bbox 356 1667 636 1722; x_wconf 85' lang='lat' dir='ltr'>volumen</span> <span class='ocrx_word' id='word_1_70' title='bbox 666 1667 1048 1738; x_wconf 81' lang='lat' dir='ltr'>inspicerem,</span> <span class='ocrx_word' id='word_1_71' title='bbox 1080 1669 1141 1722; x_wconf 91' lang='lat' dir='ltr'>in</span> <span class='ocrx_word' id='word_1_72' title='bbox 1177 1686 1292 1740; x_wconf 91' lang='lat' dir='ltr'>quo</span> <span class='ocrx_word' id='word_1_73' title='bbox 1324 1686 1446 1723; x_wconf 90' lang='lat' dir='ltr'>non</span> <span class='ocrx_word' id='word_1_74' title='bbox 1479 1670 1607 1724; x_wconf 90' lang='lat' dir='ltr'>sine</span> <span class='ocrx_word' id='word_1_75' title='bbox 1638 1669 1826 1724; x_wconf 91' lang='lat' dir='ltr'>multo</span> <span class='ocrx_word' id='word_1_76' title='bbox 1863 1669 2225 1725; x_wconf 89' lang='lat' dir='ltr'>scholiorum</span> <span class='ocrx_word' id='word_1_77' title='bbox 2259 1668 2543 1723; x_wconf 88' lang='lat' dir='ltr'>comitatu</span> <span class='ocrx_word' id='word_1_78' title='bbox 2575 1670 2714 1722; x_wconf 90' lang='lat' dir='ltr'>sunt</span> <span class='ocrx_word' id='word_1_79' title='bbox 2745 1664 3051 1729; x_wconf 85' lang='lat' dir='ltr'>Pindarus,</span> <span class='ocrx_word' id='word_1_80' title='bbox 3087 1658 3396 1717; x_wconf 81' lang='lat' dir='ltr'>Hesiodus,</span> <span class='ocrx_word' id='word_1_81' title='bbox 3432 1660 3627 1727; x_wconf 89' lang='lat' dir='ltr'>partes</span> <span class='ocrx_word' id='word_1_82' title='bbox 3653 1655 3773 1707; x_wconf 85' lang='lat' dir='ltr'>Ho-</span> 
     </span>
    </p>
   </div>
   <div class='ocr_carea' id='block_1_13' title="bbox 357 1740 3773 1829">
    <p class='ocr_par' dir='ltr' id='par_1_13' title="bbox 357 1740 3773 1829">
     <span class='ocr_line' id='line_1_13' title="bbox 357 1740 3773 1829; baseline -0.005 -19"><span class='ocrx_word' id='word_1_83' title='bbox 357 1756 532 1823; x_wconf 86' lang='lat' dir='ltr'>meri,</span> <span class='ocrx_word' id='word_1_84' title='bbox 563 1756 838 1828; x_wconf 73' lang='lat' dir='ltr'>Eschyli.</span> <span class='ocrx_word' id='word_1_85' title='bbox 873 1761 931 1811; x_wconf 91' lang='lat' dir='ltr'>et</span> <span class='ocrx_word' id='word_1_86' title='bbox 958 1758 1274 1825; x_wconf 87' lang='lat' dir='ltr'>Theocriti,</span> <span class='ocrx_word' id='word_1_87' title='bbox 1308 1758 1695 1813; x_wconf 81' lang='lat' dir='ltr'>animadverti</span> <span class='ocrx_word' id='word_1_88' title='bbox 1728 1758 1904 1829; x_wconf 90' lang='lat' dir='ltr'>paulo</span> <span class='ocrx_word' id='word_1_89' title='bbox 1936 1758 2248 1813; x_wconf 85' lang='lat' dir='ltr'>dit‘ferente</span> <span class='ocrx_word' id='word_1_90' title='bbox 2280 1758 2621 1812; x_wconf 79' lang='lat' dir='ltr'>charactere</span> <span class='ocrx_word' id='word_1_91' title='bbox 2653 1753 2875 1824; x_wconf 90' lang='lat' dir='ltr'>scripta</span> <span class='ocrx_word' id='word_1_92' title='bbox 2908 1751 3051 1806; x_wconf 88' lang='lat' dir='ltr'>folia</span> <span class='ocrx_word' id='word_1_93' title='bbox 3082 1766 3182 1803; x_wconf 90' lang='lat' dir='ltr'>sex</span> <span class='ocrx_word' id='word_1_94' title='bbox 3214 1749 3274 1802; x_wconf 93' lang='lat' dir='ltr'>in</span> <span class='ocrx_word' id='word_1_95' title='bbox 3324 1744 3571 1800; x_wconf 85' lang='lat' dir='ltr'>diversis</span> <span class='ocrx_word' id='word_1_96' title='bbox 3611 1740 3773 1796; x_wconf 89' lang='lat' dir='ltr'>codi-</span> 
     </span>
    </p>
   </div>
   <div class='ocr_carea' id='block_1_14' title="bbox 357 1830 3773 1918">
    <p class='ocr_par' dir='ltr' id='par_1_14' title="bbox 357 1830 3773 1918">
     <span class='ocr_line' id='line_1_14' title="bbox 357 1830 3773 1918; baseline -0.006 -18"><span class='ocrx_word' id='word_1_97' title='bbox 357 1845 445 1900; x_wconf 91' lang='lat' dir='ltr'>cis</span> <span class='ocrx_word' id='word_1_98' title='bbox 478 1846 766 1916; x_wconf 88' lang='lat' dir='ltr'>partibus,</span> <span class='ocrx_word' id='word_1_99' title='bbox 787 1846 989 1916; x_wconf 88' lang='lat' dir='ltr'>ibique</span> <span class='ocrx_word' id='word_1_100' title='bbox 1022 1847 1268 1901; x_wconf 83' lang='lat' dir='ltr'>totidem</span> <span class='ocrx_word' id='word_1_101' title='bbox 1299 1847 1664 1918; x_wconf 85' lang='lat' dir='ltr'>deprehendi</span> <span class='ocrx_word' id='word_1_102' title='bbox 1687 1848 1989 1918; x_wconf 88' lang='lat' dir='ltr'>prosaicos</span> <span class='ocrx_word' id='word_1_103' title='bbox 2006 1848 2195 1902; x_wconf 90' lang='lat' dir='ltr'>sancti</span> <span class='ocrx_word' id='word_1_104' title='bbox 2214 1847 2454 1902; x_wconf 84' lang='lat' dir='ltr'>Joannis</span> <span class='ocrx_word' id='word_1_105' title='bbox 2486 1843 2833 1900; x_wconf 88' lang='lat' dir='ltr'>Damasceni</span> <span class='ocrx_word' id='word_1_106' title='bbox 2860 1843 3135 1912; x_wconf 89' lang='lat' dir='ltr'>hymnos,</span> <span class='ocrx_word' id='word_1_107' title='bbox 3161 1854 3308 1908; x_wconf 92' lang='lat' dir='ltr'>quos</span> <span class='ocrx_word' id='word_1_108' title='bbox 3340 1834 3523 1889; x_wconf 78' lang='lat' dir='ltr'>Graeci</span> <span class='ocrx_word' id='word_1_109' title='bbox 3546 1830 3773 1888; x_wconf 80' lang='grc' dir='ltr'>κανόνας</span> 
     </span>
    </p>
   </div>
   <div class='ocr_carea' id='block_1_15' title="bbox 354 1920 3778 2009">
    <p class='ocr_par' dir='ltr' id='par_1_15' title="bbox 354 1920 3778 2009">
     <span class='ocr_line' id='line_1_15' title="bbox 354 1920 3778 2009; baseline -0.005 -20"><span class='ocrx_word' id='word_1_110' title='bbox 354 1935 684 2006; x_wconf 88' lang='lat' dir='ltr'>appellant,</span> <span class='ocrx_word' id='word_1_111' title='bbox 717 1935 976 1991; x_wconf 90' lang='lat' dir='ltr'>ineditos</span> <span class='ocrx_word' id='word_1_112' title='bbox 1009 1953 1253 2007; x_wconf 88' lang='lat' dir='ltr'>prorsus</span> <span class='ocrx_word' id='word_1_113' title='bbox 1281 1943 1339 1990; x_wconf 92' lang='lat' dir='ltr'>et</span> <span class='ocrx_word' id='word_1_114' title='bbox 1369 1937 1700 2009; x_wconf 91' lang='lat' dir='ltr'>incognitos</span> <span class='ocrx_word' id='word_1_115' title='bbox 1740 1937 1956 1991; x_wconf 87' lang='lat' dir='ltr'>Allatio</span> <span class='ocrx_word' id='word_1_116' title='bbox 1989 1937 2124 2008; x_wconf 89' lang='lat' dir='ltr'>ipsi,</span> <span class='ocrx_word' id='word_1_117' title='bbox 2159 1936 2444 2000; x_wconf 86' lang='lat' dir='ltr'>Fabricio,</span> <span class='ocrx_word' id='word_1_118' title='bbox 2478 1941 2537 1990; x_wconf 92' lang='lat' dir='ltr'>et</span> <span class='ocrx_word' id='word_1_119' title='bbox 2567 1932 2871 2003; x_wconf 89' lang='lat' dir='ltr'>Lequinio,</span> <span class='ocrx_word' id='word_1_120' title='bbox 2905 1931 3003 2001; x_wconf 90' lang='lat' dir='ltr'>qui</span> <span class='ocrx_word' id='word_1_121' title='bbox 3037 1929 3109 1983; x_wconf 90' lang='lat' dir='ltr'>de</span> <span class='ocrx_word' id='word_1_122' title='bbox 3142 1926 3330 1981; x_wconf 88' lang='lat' dir='ltr'>sancti</span> <span class='ocrx_word' id='word_1_123' title='bbox 3362 1924 3468 1977; x_wconf 85' lang='lat' dir='ltr'>viri</span> <span class='ocrx_word' id='word_1_124' title='bbox 3499 1920 3778 1975; x_wconf 88' lang='lat' dir='ltr'>lucubra-</span> 
     </span>
    </p>
   </div>
   <div class='ocr_carea' id='block_1_16' title="bbox 352 2009 3777 2097">
    <p class='ocr_par' dir='ltr' id='par_1_16' title="bbox 352 2009 3777 2097">
     <span class='ocr_line' id='line_1_16' title="bbox 352 2009 3777 2097; baseline -0.004 -20"><span class='ocrx_word' id='word_1_125' title='bbox 352 2024 619 2078; x_wconf 83' lang='lat' dir='ltr'>tionibus</span> <span class='ocrx_word' id='word_1_126' title='bbox 650 2030 769 2079; x_wconf 88' lang='lat' dir='ltr'>tam</span> <span class='ocrx_word' id='word_1_127' title='bbox 800 2032 1073 2080; x_wconf 89' lang='lat' dir='ltr'>accurate</span> <span class='ocrx_word' id='word_1_128' title='bbox 1100 2026 1485 2097; x_wconf 89' lang='lat' dir='ltr'>scripserunt.</span> <span class='ocrx_word' id='word_1_129' title='bbox 1523 2029 1721 2096; x_wconf 84' lang='lat' dir='ltr'>Neque</span> <span class='ocrx_word' id='word_1_130' title='bbox 1748 2043 1884 2081; x_wconf 91' lang='lat' dir='ltr'>vero</span> <span class='ocrx_word' id='word_1_131' title='bbox 1908 2027 2033 2081; x_wconf 64' lang='lat' dir='ltr'>haec</span> <span class='ocrx_word' id='word_1_132' title='bbox 2072 2026 2215 2080; x_wconf 86' lang='lat' dir='ltr'>folia</span> <span class='ocrx_word' id='word_1_133' title='bbox 2272 2026 2469 2080; x_wconf 89' lang='lat' dir='ltr'>aliena</span> <span class='ocrx_word' id='word_1_134' title='bbox 2511 2030 2651 2078; x_wconf 90' lang='lat' dir='ltr'>sunt</span> <span class='ocrx_word' id='word_1_135' title='bbox 2680 2040 2715 2077; x_wconf 91' lang='lat' dir='ltr'>a</span> <span class='ocrx_word' id='word_1_136' title='bbox 2740 2022 2963 2088; x_wconf 90' lang='lat' dir='ltr'>codice,</span> <span class='ocrx_word' id='word_1_137' title='bbox 3023 2018 3109 2072; x_wconf 89' lang='lat' dir='ltr'>vel</span> <span class='ocrx_word' id='word_1_138' title='bbox 3151 2017 3425 2078; x_wconf 86' lang='lat' dir='ltr'>obtrusa;</span> <span class='ocrx_word' id='word_1_139' title='bbox 3469 2011 3576 2066; x_wconf 92' lang='lat' dir='ltr'>sed</span> <span class='ocrx_word' id='word_1_140' title='bbox 3635 2009 3777 2079; x_wconf 84' lang='lat' dir='ltr'>quia</span> 
     </span>
    </p>
   </div>
   <div class='ocr_carea' id='block_1_17' title="bbox 356 2100 3774 2186">
    <p class='ocr_par' dir='ltr' id='par_1_17' title="bbox 356 2100 3774 2186">
     <span class='ocr_line' id='line_1_17' title="bbox 356 2100 3774 2186; baseline -0.004 -19"><span class='ocrx_word' id='word_1_141' title='bbox 356 2114 585 2168; x_wconf 86' lang='lat' dir='ltr'>scholia</span> <span class='ocrx_word' id='word_1_142' title='bbox 616 2113 689 2167; x_wconf 90' lang='lat' dir='ltr'>ad</span> <span class='ocrx_word' id='word_1_143' title='bbox 722 2114 1037 2184; x_wconf 69' lang='lat' dir='ltr'>prmdictos</span> <span class='ocrx_word' id='word_1_144' title='bbox 1069 2121 1275 2185; x_wconf 89' lang='lat' dir='ltr'>poetas</span> <span class='ocrx_word' id='word_1_145' title='bbox 1306 2116 1604 2170; x_wconf 86' lang='lat' dir='ltr'>interdum</span> <span class='ocrx_word' id='word_1_146' title='bbox 1659 2117 2023 2170; x_wconf 89' lang='lat' dir='ltr'>rarescentia</span> <span class='ocrx_word' id='word_1_147' title='bbox 2067 2115 2322 2186; x_wconf 89' lang='lat' dir='ltr'>spatium</span> <span class='ocrx_word' id='word_1_148' title='bbox 2354 2130 2600 2170; x_wconf 89' lang='lat' dir='ltr'>vacuum</span> <span class='ocrx_word' id='word_1_149' title='bbox 2634 2112 2680 2166; x_wconf 89' lang='lat' dir='ltr'>si</span> <span class='ocrx_word' id='word_1_150' title='bbox 2716 2129 2835 2166; x_wconf 90' lang='lat' dir='ltr'>non</span> <span class='ocrx_word' id='word_1_151' title='bbox 2867 2109 3127 2164; x_wconf 89' lang='lat' dir='ltr'>universi</span> <span class='ocrx_word' id='word_1_152' title='bbox 3184 2106 3310 2160; x_wconf 90' lang='lat' dir='ltr'>folii</span> <span class='ocrx_word' id='word_1_153' title='bbox 3340 2109 3399 2158; x_wconf 87' lang='lat' dir='ltr'>at</span> <span class='ocrx_word' id='word_1_154' title='bbox 3430 2102 3612 2174; x_wconf 90' lang='lat' dir='ltr'>partis</span> <span class='ocrx_word' id='word_1_155' title='bbox 3643 2100 3774 2169; x_wconf 85' lang='lat' dir='ltr'>ejus</span> 
     </span>
    </p>
   </div>
   <div class='ocr_carea' id='block_1_18' title="bbox 352 2193 3778 2277">
    <p class='ocr_par' dir='ltr' id='par_1_18' title="bbox 352 2193 3778 2277">
     <span class='ocr_line' id='line_1_18' title="bbox 352 2193 3778 2277; baseline -0.004 -21"><span class='ocrx_word' id='word_1_156' title='bbox 352 2204 633 2257; x_wconf 68' lang='lat' dir='ltr'>maxima:</span> <span class='ocrx_word' id='word_1_157' title='bbox 667 2203 1105 2273; x_wconf 85' lang='lat' dir='ltr'>relinquebant,</span> <span class='ocrx_word' id='word_1_158' title='bbox 1139 2203 1360 2259; x_wconf 90' lang='lat' dir='ltr'>idcirco</span> <span class='ocrx_word' id='word_1_159' title='bbox 1394 2207 1779 2260; x_wconf 89' lang='lat' dir='ltr'>amanuensis</span> <span class='ocrx_word' id='word_1_160' title='bbox 1806 2206 2023 2277; x_wconf 87' lang='lat' dir='ltr'>aliquis</span> <span class='ocrx_word' id='word_1_161' title='bbox 2054 2205 2141 2259; x_wconf 90' lang='lat' dir='ltr'>vel</span> <span class='ocrx_word' id='word_1_162' title='bbox 2167 2204 2387 2259; x_wconf 88' lang='lat' dir='ltr'>codicis</span> <span class='ocrx_word' id='word_1_163' title='bbox 2410 2205 2688 2259; x_wconf 78' lang='lat' dir='ltr'>dominus</span> <span class='ocrx_word' id='word_1_164' title='bbox 2719 2206 3019 2255; x_wconf 86' lang='lat' dir='ltr'>vacantem</span> <span class='ocrx_word' id='word_1_165' title='bbox 3045 2202 3253 2251; x_wconf 90' lang='lat' dir='ltr'>nactus</span> <span class='ocrx_word' id='word_1_166' title='bbox 3284 2195 3503 2255; x_wconf 87' lang='lat' dir='ltr'>locum,</span> <span class='ocrx_word' id='word_1_167' title='bbox 3538 2193 3778 2245; x_wconf 87' lang='lat' dir='ltr'>Damas-</span> 
     </span>
    </p>
   </div>
   <div class='ocr_carea' id='block_1_19' title="bbox 350 2283 3770 2369">
    <p class='ocr_par' dir='ltr' id='par_1_19' title="bbox 350 2283 3770 2369">
     <span class='ocr_line' id='line_1_19' title="bbox 350 2283 3770 2369; baseline -0.004 -20"><span class='ocrx_word' id='word_1_168' title='bbox 350 2295 484 2349; x_wconf 89' lang='lat' dir='ltr'>ceni</span> <span class='ocrx_word' id='word_1_169' title='bbox 513 2295 619 2349; x_wconf 91' lang='lat' dir='ltr'>hos</span> <span class='ocrx_word' id='word_1_170' title='bbox 652 2295 924 2366; x_wconf 87' lang='lat' dir='ltr'>hymnos,</span> <span class='ocrx_word' id='word_1_171' title='bbox 960 2296 1174 2366; x_wconf 90' lang='lat' dir='ltr'>quibus</span> <span class='ocrx_word' id='word_1_172' title='bbox 1225 2298 1520 2369; x_wconf 72' lang='lat' dir='ltr'>prmcipue</span> <span class='ocrx_word' id='word_1_173' title='bbox 1554 2298 1979 2367; x_wconf 86' lang='lat' dir='ltr'>delectabatur,</span> <span class='ocrx_word' id='word_1_174' title='bbox 2023 2298 2146 2352; x_wconf 88' lang='lat' dir='ltr'>illic</span> <span class='ocrx_word' id='word_1_175' title='bbox 2195 2298 2512 2369; x_wconf 85' lang='lat' dir='ltr'>descripsit</span> <span class='ocrx_word' id='word_1_176' title='bbox 2548 2295 2814 2367; x_wconf 84' lang='lat' dir='ltr'>profanis</span> <span class='ocrx_word' id='word_1_177' title='bbox 2862 2292 3105 2348; x_wconf 87' lang='lat' dir='ltr'>scholiis</span> <span class='ocrx_word' id='word_1_178' title='bbox 3154 2286 3535 2357; x_wconf 82' lang='lat' dir='ltr'>interpositos</span> <span class='ocrx_word' id='word_1_179' title='bbox 3572 2301 3583 2337; x_wconf 90' lang='lat'><strong>:</strong></span> <span class='ocrx_word' id='word_1_180' title='bbox 3618 2288 3676 2336; x_wconf 91' lang='lat' dir='ltr'>et</span> <span class='ocrx_word' id='word_1_181' title='bbox 3721 2283 3770 2336; x_wconf 92' lang='lat' dir='ltr'>si</span> 
     </span>
    </p>
   </div>
   <div class='ocr_carea' id='block_1_20' title="bbox 347 2373 3769 2457">
    <p class='ocr_par' dir='ltr' id='par_1_20' title="bbox 347 2373 3769 2457">
     <span class='ocr_line' id='line_1_20' title="bbox 347 2373 3769 2457; baseline -0.004 -20"><span class='ocrx_word' id='word_1_182' title='bbox 347 2384 698 2438; x_wconf 87' lang='lat' dir='ltr'>eorumdem</span> <span class='ocrx_word' id='word_1_183' title='bbox 724 2385 1084 2456; x_wconf 86' lang='lat' dir='ltr'>hymnorum</span> <span class='ocrx_word' id='word_1_184' title='bbox 1116 2392 1315 2456; x_wconf 90' lang='lat' dir='ltr'>partes</span> <span class='ocrx_word' id='word_1_185' title='bbox 1345 2387 1594 2457; x_wconf 87' lang='lat' dir='ltr'>aliquot,</span> <span class='ocrx_word' id='word_1_186' title='bbox 1631 2388 1932 2443; x_wconf 89' lang='lat' dir='ltr'>consuetis</span> <span class='ocrx_word' id='word_1_187' title='bbox 1964 2387 2235 2442; x_wconf 90' lang='lat' dir='ltr'>codicum</span> <span class='ocrx_word' id='word_1_188' title='bbox 2268 2387 2503 2442; x_wconf 86' lang='lat' dir='ltr'>casibus</span> <span class='ocrx_word' id='word_1_189' title='bbox 2535 2384 2862 2456; x_wconf 90' lang='lat' dir='ltr'>perierunt.</span> <span class='ocrx_word' id='word_1_190' title='bbox 2890 2387 2999 2453; x_wconf 83' lang='lat' dir='ltr'>Ego</span> <span class='ocrx_word' id='word_1_191' title='bbox 3034 2381 3213 2451; x_wconf 89' lang='lat' dir='ltr'>igitur</span> <span class='ocrx_word' id='word_1_192' title='bbox 3236 2384 3294 2432; x_wconf 91' lang='lat' dir='ltr'>et</span> <span class='ocrx_word' id='word_1_193' title='bbox 3324 2375 3471 2429; x_wconf 91' lang='lat' dir='ltr'>tanti</span> <span class='ocrx_word' id='word_1_194' title='bbox 3509 2373 3769 2427; x_wconf 79' lang='lat' dir='ltr'>auctoris</span> 
     </span>
    </p>
   </div>
   <div class='ocr_carea' id='block_1_21' title="bbox 345 2460 3770 2546">
    <p class='ocr_par' dir='ltr' id='par_1_21' title="bbox 345 2460 3770 2546">
     <span class='ocr_line' id='line_1_21' title="bbox 345 2460 3770 2546; baseline -0.004 -19"><span class='ocrx_word' id='word_1_195' title='bbox 345 2473 616 2538; x_wconf 88' lang='lat' dir='ltr'>nomine,</span> <span class='ocrx_word' id='word_1_196' title='bbox 651 2473 807 2543; x_wconf 92' lang='lat' dir='ltr'>quod</span> <span class='ocrx_word' id='word_1_197' title='bbox 840 2474 901 2527; x_wconf 92' lang='lat' dir='ltr'>in</span> <span class='ocrx_word' id='word_1_198' title='bbox 939 2473 1309 2546; x_wconf 88' lang='lat' dir='ltr'>singulorum</span> <span class='ocrx_word' id='word_1_199' title='bbox 1342 2475 1700 2546; x_wconf 81' lang='lat' dir='ltr'>hymnorum</span> <span class='ocrx_word' id='word_1_200' title='bbox 1732 2476 1923 2531; x_wconf 90' lang='lat' dir='ltr'>titulis</span> <span class='ocrx_word' id='word_1_201' title='bbox 1954 2477 2320 2540; x_wconf 90' lang='lat' dir='ltr'>occurrebat,</span> <span class='ocrx_word' id='word_1_202' title='bbox 2355 2482 2414 2530; x_wconf 87' lang='lat' dir='ltr'>et</span> <span class='ocrx_word' id='word_1_203' title='bbox 2443 2476 2573 2546; x_wconf 90' lang='lat' dir='ltr'>ipsa</span> <span class='ocrx_word' id='word_1_204' title='bbox 2599 2490 2663 2529; x_wconf 90' lang='lat' dir='ltr'>re</span> <span class='ocrx_word' id='word_1_205' title='bbox 2686 2473 3033 2536; x_wconf 87' lang='lat' dir='ltr'>delectatus,</span> <span class='ocrx_word' id='word_1_206' title='bbox 3062 2468 3182 2539; x_wconf 90' lang='lat' dir='ltr'>pati</span> <span class='ocrx_word' id='word_1_207' title='bbox 3213 2482 3334 2520; x_wconf 91' lang='lat' dir='ltr'>non</span> <span class='ocrx_word' id='word_1_208' title='bbox 3365 2462 3551 2535; x_wconf 91' lang='lat' dir='ltr'>potui,</span> <span class='ocrx_word' id='word_1_209' title='bbox 3584 2467 3649 2514; x_wconf 86' lang='lat' dir='ltr'>ut</span> <span class='ocrx_word' id='word_1_210' title='bbox 3680 2460 3770 2514; x_wconf 66' lang='lat' dir='ltr'>hae</span> 
     </span>
    </p>
   </div>
   <div class='ocr_carea' id='block_1_22' title="bbox 348 2557 3769 2635">
    <p class='ocr_par' dir='ltr' id='par_1_22' title="bbox 348 2557 3769 2635">
     <span class='ocr_line' id='line_1_22' title="bbox 348 2557 3769 2635; baseline -0.004 -20"><span class='ocrx_word' id='word_1_211' title='bbox 348 2561 704 2616; x_wconf 65' lang='lat' dir='ltr'>Christianas</span> <span class='ocrx_word' id='word_1_212' title='bbox 734 2578 853 2616; x_wconf 92' lang='lat' dir='ltr'>non</span> <span class='ocrx_word' id='word_1_213' title='bbox 885 2564 1310 2617; x_wconf 89' lang='lat' dir='ltr'>contemnendi</span> <span class='ocrx_word' id='word_1_214' title='bbox 1342 2565 1518 2635; x_wconf 89' lang='lat' dir='ltr'>pretii</span> <span class='ocrx_word' id='word_1_215' title='bbox 1541 2564 1812 2635; x_wconf 75' lang='lat' dir='ltr'>reliquiaa</span> <span class='ocrx_word' id='word_1_216' title='bbox 1846 2565 1907 2617; x_wconf 93' lang='lat' dir='ltr'>in</span> <span class='ocrx_word' id='word_1_217' title='bbox 1939 2565 2176 2619; x_wconf 87' lang='lat' dir='ltr'>ethnico</span> <span class='ocrx_word' id='word_1_218' title='bbox 2209 2566 2432 2620; x_wconf 88' lang='lat' dir='ltr'>diutius</span> <span class='ocrx_word' id='word_1_219' title='bbox 2466 2563 2693 2618; x_wconf 89' lang='lat' dir='ltr'>tumulo</span> <span class='ocrx_word' id='word_1_220' title='bbox 2741 2563 3023 2632; x_wconf 69' lang='lat' dir='ltr'>dispersaa</span> <span class='ocrx_word' id='word_1_221' title='bbox 3065 2559 3357 2629; x_wconf 91' lang='lat' dir='ltr'>jacerent.</span> <span class='ocrx_word' id='word_1_222' title='bbox 3405 2557 3769 2622; x_wconf 88' lang='lat' dir='ltr'>Hymnorum</span> 
     </span>
    </p>
   </div>
   <div class='ocr_carea' id='block_1_23' title="bbox 348 2642 3766 2725">
    <p class='ocr_par' dir='ltr' id='par_1_23' title="bbox 348 2642 3766 2725">
     <span class='ocr_line' id='line_1_23' title="bbox 348 2642 3766 2725; baseline -0.004 -21"><span class='ocrx_word' id='word_1_223' title='bbox 348 2650 496 2704; x_wconf 91' lang='lat' dir='ltr'>ordo</span> <span class='ocrx_word' id='word_1_224' title='bbox 529 2651 590 2704; x_wconf 93' lang='lat' dir='ltr'>in</span> <span class='ocrx_word' id='word_1_225' title='bbox 639 2650 842 2705; x_wconf 90' lang='lat' dir='ltr'>codice</span> <span class='ocrx_word' id='word_1_226' title='bbox 874 2650 969 2705; x_wconf 92' lang='lat' dir='ltr'>hic</span> <span class='ocrx_word' id='word_1_227' title='bbox 1000 2657 1107 2705; x_wconf 89' lang='lat' dir='ltr'>est.</span> <span class='ocrx_word' id='word_1_228' title='bbox 1148 2652 1297 2707; x_wconf 90' lang='lat' dir='ltr'>lfol.</span> <span class='ocrx_word' id='word_1_229' title='bbox 1351 2654 1381 2706; x_wconf 88' lang='grc'>4</span> <span class='ocrx_word' id='word_1_230' title='bbox 1413 2657 1579 2719; x_wconf 86' lang='lat' dir='ltr'>et5;</span> <span class='ocrx_word' id='word_1_231' title='bbox 1640 2654 1700 2707; x_wconf 88' lang='lat' dir='ltr'>in</span> <span class='ocrx_word' id='word_1_232' title='bbox 1732 2659 2001 2708; x_wconf 90' lang='lat' dir='ltr'>sanctum</span> <span class='ocrx_word' id='word_1_233' title='bbox 2062 2654 2346 2709; x_wconf 88' lang='lat' dir='ltr'>Basilium</span> <span class='ocrx_word' id='word_1_234' title='bbox 2404 2655 2677 2725; x_wconf 83' lang='lat' dir='ltr'>Magnum</span> <span class='ocrx_word' id='word_1_235' title='bbox 2734 2652 2810 2721; x_wconf 82' lang='grc'>(1)</span> <span class='ocrx_word' id='word_1_236' title='bbox 2861 2652 2929 2717; x_wconf 90' lang='grc'><strong>11,</strong></span> <span class='ocrx_word' id='word_1_237' title='bbox 2981 2648 3020 2702; x_wconf 84' lang='lat' dir='ltr'>f.</span> <span class='ocrx_word' id='word_1_238' title='bbox 3073 2652 3125 2715; x_wconf 81' lang='grc'>5,</span> <span class='ocrx_word' id='word_1_239' title='bbox 3178 2647 3240 2699; x_wconf 92' lang='lat' dir='ltr'>in</span> <span class='ocrx_word' id='word_1_240' title='bbox 3292 2646 3565 2699; x_wconf 84' lang='lat' dir='ltr'>sanctum</span> <span class='ocrx_word' id='word_1_241' title='bbox 3594 2642 3766 2694; x_wconf 87' lang='lat' dir='ltr'>Joan-</span> 
     </span>
    </p>
   </div>
   <div class='ocr_carea' id='block_1_24' title="bbox 348 2732 3768 2812">
    <p class='ocr_par' dir='ltr' id='par_1_24' title="bbox 348 2732 3768 2812">
     <span class='ocr_line' id='line_1_24' title="bbox 348 2732 3768 2812; baseline -0.003 -21"><span class='ocrx_word' id='word_1_242' title='bbox 348 2754 487 2792; x_wconf 90' lang='lat' dir='ltr'>nem</span> <span class='ocrx_word' id='word_1_243' title='bbox 523 2739 1011 2807; x_wconf 86' lang='lat' dir='ltr'>Chrysostomum</span> <span class='ocrx_word' id='word_1_244' title='bbox 1045 2740 1139 2806; x_wconf 88' lang='lat' dir='ltr'>III,</span> <span class='ocrx_word' id='word_1_245' title='bbox 1174 2739 1213 2793; x_wconf 91' lang='lat' dir='ltr'>f.</span> <span class='ocrx_word' id='word_1_246' title='bbox 1264 2742 1386 2807; x_wconf 89' lang='grc'><strong>107,</strong></span> <span class='ocrx_word' id='word_1_247' title='bbox 1438 2741 1497 2795; x_wconf 94' lang='lat' dir='ltr'>in</span> <span class='ocrx_word' id='word_1_248' title='bbox 1548 2747 1819 2796; x_wconf 88' lang='lat' dir='ltr'>sanctum</span> <span class='ocrx_word' id='word_1_249' title='bbox 1871 2742 2175 2797; x_wconf 85' lang='lat' dir='ltr'>Nicolaum</span> <span class='ocrx_word' id='word_1_250' title='bbox 2226 2744 2576 2812; x_wconf 88' lang='lat' dir='ltr'>Myrensem.</span> <span class='ocrx_word' id='word_1_251' title='bbox 2633 2743 2723 2793; x_wconf 87' lang='lat' dir='ltr'>IV.</span> <span class='ocrx_word' id='word_1_252' title='bbox 2758 2740 2798 2793; x_wconf 88' lang='lat' dir='ltr'>f.</span> <span class='ocrx_word' id='word_1_253' title='bbox 2846 2742 2943 2791; x_wconf 90' lang='grc'><strong>107</strong></span> <span class='ocrx_word' id='word_1_254' title='bbox 2972 2737 3029 2801; x_wconf 90' lang='lat' dir='ltr'>b,</span> <span class='ocrx_word' id='word_1_255' title='bbox 3075 2736 3136 2788; x_wconf 93' lang='lat' dir='ltr'>in</span> <span class='ocrx_word' id='word_1_256' title='bbox 3197 2738 3468 2789; x_wconf 88' lang='lat' dir='ltr'>sanctum</span> <span class='ocrx_word' id='word_1_257' title='bbox 3527 2732 3768 2782; x_wconf 77' lang='lat' dir='ltr'>Petrum</span> 
     </span>
    </p>
   </div>
   <div class='ocr_carea' id='block_1_25' title="bbox 347 2821 3765 2901">
    <p class='ocr_par' dir='ltr' id='par_1_25' title="bbox 347 2821 3765 2901">
     <span class='ocr_line' id='line_1_25' title="bbox 347 2821 3765 2901; baseline -0.004 -21"><span class='ocrx_word' id='word_1_258' title='bbox 347 2827 759 2897; x_wconf 84' lang='lat' dir='ltr'>apostolorum</span> <span class='ocrx_word' id='word_1_259' title='bbox 820 2828 1171 2898; x_wconf 90' lang='lat' dir='ltr'>principem.</span> <span class='ocrx_word' id='word_1_260' title='bbox 1231 2831 1287 2896; x_wconf 90' lang='lat' dir='ltr'>V,</span> <span class='ocrx_word' id='word_1_261' title='bbox 1322 2829 1361 2882; x_wconf 86' lang='lat' dir='ltr'>f.</span> <span class='ocrx_word' id='word_1_262' title='bbox 1400 2832 1520 2897; x_wconf 84' lang='grc'>153,</span> <span class='ocrx_word' id='word_1_263' title='bbox 1565 2831 1627 2884; x_wconf 93' lang='lat' dir='ltr'>in</span> <span class='ocrx_word' id='word_1_264' title='bbox 1686 2837 1957 2886; x_wconf 88' lang='lat' dir='ltr'>sanctum</span> <span class='ocrx_word' id='word_1_265' title='bbox 2019 2832 2329 2901; x_wconf 83' lang='lat' dir='ltr'>Georgium</span> <span class='ocrx_word' id='word_1_266' title='bbox 2388 2836 2732 2901; x_wconf 86' lang='lat' dir='ltr'>martyrem,</span> <span class='ocrx_word' id='word_1_267' title='bbox 2767 2830 2853 2891; x_wconf 82' lang='lat' dir='ltr'>Vi,</span> <span class='ocrx_word' id='word_1_268' title='bbox 2887 2828 3056 2880; x_wconf 65' lang='lat'>£172</span> <span class='ocrx_word' id='word_1_269' title='bbox 3078 2830 3137 2878; x_wconf 90' lang='lat' dir='ltr'>et</span> <span class='ocrx_word' id='word_1_270' title='bbox 3194 2824 3314 2888; x_wconf 88' lang='grc'><strong>173,</strong></span> <span class='ocrx_word' id='word_1_271' title='bbox 3373 2822 3434 2874; x_wconf 90' lang='lat' dir='ltr'>in</span> <span class='ocrx_word' id='word_1_272' title='bbox 3495 2821 3765 2872; x_wconf 88' lang='lat' dir='ltr'>sanctum</span> 
     </span>
    </p>
   </div>
   <div class='ocr_carea' id='block_1_26' title="bbox 345 2905 3766 2991">
    <p class='ocr_par' dir='ltr' id='par_1_26' title="bbox 345 2905 3766 2991">
     <span class='ocr_line' id='line_1_26' title="bbox 345 2905 3766 2991; baseline -0.004 -22"><span class='ocrx_word' id='word_1_273' title='bbox 345 2914 609 2969; x_wconf 89' lang='lat' dir='ltr'>Blasium</span> <span class='ocrx_word' id='word_1_274' title='bbox 638 2932 806 2985; x_wconf 64' lang='lat' dir='ltr'>teque</span> <span class='ocrx_word' id='word_1_275' title='bbox 838 2922 1159 2987; x_wconf 87' lang='lat' dir='ltr'>martyrem</span> <span class='ocrx_word' id='word_1_276' title='bbox 1195 2933 1207 2970; x_wconf 92' lang='lat'>:</span> <span class='ocrx_word' id='word_1_277' title='bbox 1234 2918 1295 2972; x_wconf 90' lang='lat' dir='ltr'>in</span> <span class='ocrx_word' id='word_1_278' title='bbox 1324 2919 1540 2988; x_wconf 89' lang='lat' dir='ltr'>quibus</span> <span class='ocrx_word' id='word_1_279' title='bbox 1570 2919 1681 2973; x_wconf 90' lang='lat' dir='ltr'>rite</span> <span class='ocrx_word' id='word_1_280' title='bbox 1714 2920 1786 2973; x_wconf 93' lang='lat' dir='ltr'>ad</span> <span class='ocrx_word' id='word_1_281' title='bbox 1819 2922 2032 2974; x_wconf 68' lang='lat' dir='ltr'>Graacaa</span> <span class='ocrx_word' id='word_1_282' title='bbox 2064 2920 2315 2991; x_wconf 71' lang='lat' dir='ltr'>liturgim</span> <span class='ocrx_word' id='word_1_283' title='bbox 2346 2937 2617 2974; x_wconf 87' lang='lat' dir='ltr'>normam</span> <span class='ocrx_word' id='word_1_284' title='bbox 2651 2935 2717 2973; x_wconf 90' lang='lat' dir='ltr'>ac</span> <span class='ocrx_word' id='word_1_285' title='bbox 2738 2918 2896 2989; x_wconf 81' lang='lat' dir='ltr'>leges</span> <span class='ocrx_word' id='word_1_286' title='bbox 2927 2911 3361 2969; x_wconf 88' lang='lat' dir='ltr'>constituendis</span> <span class='ocrx_word' id='word_1_287' title='bbox 3393 2905 3766 2963; x_wconf 86' lang='lat' dir='ltr'>commodam</span> 
     </span>
    </p>
   </div>
   <div class='ocr_carea' id='block_1_27' title="bbox 348 2998 3764 3082">
    <p class='ocr_par' dir='ltr' id='par_1_27' title="bbox 348 2998 3764 3082">
     <span class='ocr_line' id='line_1_27' title="bbox 348 2998 3764 3082; baseline -0.004 -21"><span class='ocrx_word' id='word_1_288' title='bbox 348 3006 499 3061; x_wconf 87' lang='lat' dir='ltr'>mihi</span> <span class='ocrx_word' id='word_1_289' title='bbox 531 3023 771 3077; x_wconf 89' lang='lat' dir='ltr'>operam</span> <span class='ocrx_word' id='word_1_290' title='bbox 805 3008 1059 3077; x_wconf 74' lang='lat' dir='ltr'>praebuit</span> <span class='ocrx_word' id='word_1_291' title='bbox 1088 3010 1153 3063; x_wconf 79' lang='grc' dir='ltr'>Β.</span> <span class='ocrx_word' id='word_1_292' title='bbox 1187 3010 1395 3063; x_wconf 87' lang='lat' dir='ltr'>Petrus</span> <span class='ocrx_word' id='word_1_293' title='bbox 1430 3011 1726 3082; x_wconf 84' lang='lat' dir='ltr'>Matranga</span> <span class='ocrx_word' id='word_1_294' title='bbox 1757 3012 2235 3075; x_wconf 59' lang='lat' dir='ltr'>Gnaeo-Siculus,</span> <span class='ocrx_word' id='word_1_295' title='bbox 2278 3028 2454 3081; x_wconf 89' lang='lat' dir='ltr'>quem</span> <span class='ocrx_word' id='word_1_296' title='bbox 2488 3017 2545 3065; x_wconf 90' lang='lat' dir='ltr'>et</span> <span class='ocrx_word' id='word_1_297' title='bbox 2575 3010 2721 3065; x_wconf 89' lang='lat' dir='ltr'>alias</span> <span class='ocrx_word' id='word_1_298' title='bbox 2752 3007 2997 3063; x_wconf 87' lang='lat' dir='ltr'>honoris</span> <span class='ocrx_word' id='word_1_299' title='bbox 3040 3021 3219 3060; x_wconf 88' lang='lat' dir='ltr'>causa</span> <span class='ocrx_word' id='word_1_300' title='bbox 3266 3000 3578 3073; x_wconf 88' lang='lat' dir='ltr'>appellavi.</span> <span class='ocrx_word' id='word_1_301' title='bbox 3614 2998 3764 3052; x_wconf 84' lang='lat' dir='ltr'>Sane</span> 
     </span>
    </p>
   </div>
   <div class='ocr_carea' id='block_1_28' title="bbox 350 3087 3762 3172">
    <p class='ocr_par' dir='ltr' id='par_1_28' title="bbox 350 3087 3762 3172">
     <span class='ocr_line' id='line_1_28' title="bbox 350 3087 3762 3172; baseline -0.003 -22"><span class='ocrx_word' id='word_1_302' title='bbox 350 3096 585 3151; x_wconf 88' lang='lat' dir='ltr'>occasio</span> <span class='ocrx_word' id='word_1_303' title='bbox 612 3096 761 3151; x_wconf 90' lang='lat' dir='ltr'>forte</span> <span class='ocrx_word' id='word_1_304' title='bbox 794 3114 914 3151; x_wconf 90' lang='lat' dir='ltr'>non</span> <span class='ocrx_word' id='word_1_305' title='bbox 946 3097 1137 3151; x_wconf 88' lang='lat' dir='ltr'>deerit</span> <span class='ocrx_word' id='word_1_306' title='bbox 1180 3115 1296 3168; x_wconf 90' lang='lat' dir='ltr'>qua</span> <span class='ocrx_word' id='word_1_307' title='bbox 1323 3100 1429 3154; x_wconf 87' lang='lat' dir='ltr'>hos</span> <span class='ocrx_word' id='word_1_308' title='bbox 1453 3100 1732 3170; x_wconf 90' lang='lat' dir='ltr'>pulchros</span> <span class='ocrx_word' id='word_1_309' title='bbox 1764 3101 2019 3172; x_wconf 86' lang='lat' dir='ltr'>hymnos</span> <span class='ocrx_word' id='word_1_310' title='bbox 2052 3101 2364 3156; x_wconf 85' lang='lat' dir='ltr'>Latinitate</span> <span class='ocrx_word' id='word_1_311' title='bbox 2398 3100 2570 3155; x_wconf 89' lang='lat' dir='ltr'>simul</span> <span class='ocrx_word' id='word_1_312' title='bbox 2592 3106 2652 3155; x_wconf 92' lang='lat' dir='ltr'>et</span> <span class='ocrx_word' id='word_1_313' title='bbox 2674 3100 2887 3153; x_wconf 90' lang='lat' dir='ltr'>idoneo</span> <span class='ocrx_word' id='word_1_314' title='bbox 2912 3093 3340 3152; x_wconf 89' lang='lat' dir='ltr'>commentario</span> <span class='ocrx_word' id='word_1_315' title='bbox 3373 3091 3595 3143; x_wconf 89' lang='lat' dir='ltr'>donare</span> <span class='ocrx_word' id='word_1_316' title='bbox 3626 3087 3762 3140; x_wconf 85' lang='lat' dir='ltr'>lice-</span> 
     </span>
    </p>
   </div>
   <div class='ocr_carea' id='block_1_29' title="bbox 346 3178 3765 3261">
    <p class='ocr_par' dir='ltr' id='par_1_29' title="bbox 346 3178 3765 3261">
     <span class='ocr_line' id='line_1_29' title="bbox 346 3178 3765 3261; baseline -0.002 -23"><span class='ocrx_word' id='word_1_317' title='bbox 346 3185 437 3239; x_wconf 90' lang='lat' dir='ltr'>bit</span> <span class='ocrx_word' id='word_1_318' title='bbox 474 3202 486 3239; x_wconf 91' lang='lat'><strong>:</strong></span> <span class='ocrx_word' id='word_1_319' title='bbox 522 3202 678 3241; x_wconf 90' lang='lat' dir='ltr'>nunc</span> <span class='ocrx_word' id='word_1_320' title='bbox 710 3186 769 3239; x_wconf 90' lang='lat' dir='ltr'>hi</span> <span class='ocrx_word' id='word_1_321' title='bbox 804 3191 1001 3241; x_wconf 89' lang='lat' dir='ltr'>tamen</span> <span class='ocrx_word' id='word_1_322' title='bbox 1034 3187 1123 3241; x_wconf 90' lang='lat' dir='ltr'>vix</span> <span class='ocrx_word' id='word_1_323' title='bbox 1153 3188 1213 3241; x_wconf 92' lang='lat' dir='ltr'>in</span> <span class='ocrx_word' id='word_1_324' title='bbox 1236 3188 1453 3260; x_wconf 79' lang='lat' dir='ltr'>angulo</span> <span class='ocrx_word' id='word_1_325' title='bbox 1481 3189 1641 3260; x_wconf 89' lang='lat' dir='ltr'>pleni</span> <span class='ocrx_word' id='word_1_326' title='bbox 1666 3190 1795 3260; x_wconf 91' lang='lat' dir='ltr'>jam</span> <span class='ocrx_word' id='word_1_327' title='bbox 1825 3190 2142 3245; x_wconf 87' lang='lat' dir='ltr'>voluminis</span> <span class='ocrx_word' id='word_1_328' title='bbox 2173 3191 2460 3261; x_wconf 87' lang='lat' dir='ltr'>hospitari</span> <span class='ocrx_word' id='word_1_329' title='bbox 2493 3195 2739 3259; x_wconf 86' lang='lat' dir='ltr'>queunt.</span> <span class='ocrx_word' id='word_1_330' title='bbox 2772 3187 3016 3242; x_wconf 88' lang='lat' dir='ltr'>Interim</span> <span class='ocrx_word' id='word_1_331' title='bbox 3050 3183 3467 3256; x_wconf 68' lang='lat' dir='ltr'>praedictorum</span> <span class='ocrx_word' id='word_1_332' title='bbox 3496 3178 3765 3231; x_wconf 88' lang='lat' dir='ltr'>divorum</span> 
     </span>
    </p>
   </div>
   <div class='ocr_carea' id='block_1_30' title="bbox 344 3271 3764 3351">
    <p class='ocr_par' dir='ltr' id='par_1_30' title="bbox 344 3271 3764 3351">
     <span class='ocr_line' id='line_1_30' title="bbox 344 3271 3764 3351; baseline -0.003 -23"><span class='ocrx_word' id='word_1_333' title='bbox 344 3274 527 3329; x_wconf 88' lang='lat' dir='ltr'>rebus</span> <span class='ocrx_word' id='word_1_334' title='bbox 557 3276 759 3347; x_wconf 79' lang='lat' dir='ltr'>gestis,</span> <span class='ocrx_word' id='word_1_335' title='bbox 797 3275 1053 3346; x_wconf 88' lang='lat' dir='ltr'>scriptis,</span> <span class='ocrx_word' id='word_1_336' title='bbox 1090 3277 1417 3344; x_wconf 88' lang='lat' dir='ltr'>miraculis,</span> <span class='ocrx_word' id='word_1_337' title='bbox 1451 3294 1518 3332; x_wconf 88' lang='lat' dir='ltr'>ac</span> <span class='ocrx_word' id='word_1_338' title='bbox 1550 3280 1850 3349; x_wconf 88' lang='lat' dir='ltr'>martyriis</span> <span class='ocrx_word' id='word_1_339' title='bbox 1885 3296 2071 3333; x_wconf 88' lang='lat' dir='ltr'>novus</span> <span class='ocrx_word' id='word_1_340' title='bbox 2094 3296 2160 3335; x_wconf 90' lang='lat' dir='ltr'>ac</span> <span class='ocrx_word' id='word_1_341' title='bbox 2194 3279 2307 3333; x_wconf 80' lang='lat' dir='ltr'>fide</span> <span class='ocrx_word' id='word_1_342' title='bbox 2338 3280 2551 3351; x_wconf 87' lang='lat' dir='ltr'>dignus</span> <span class='ocrx_word' id='word_1_343' title='bbox 2583 3277 2811 3333; x_wconf 89' lang='lat' dir='ltr'>accedit</span> <span class='ocrx_word' id='word_1_344' title='bbox 2860 3275 3025 3330; x_wconf 90' lang='lat' dir='ltr'>testis</span> <span class='ocrx_word' id='word_1_345' title='bbox 3055 3275 3311 3328; x_wconf 86' lang='lat' dir='ltr'>Joannes</span> <span class='ocrx_word' id='word_1_346' title='bbox 3344 3271 3764 3323; x_wconf 88' lang='lat' dir='ltr'>Damascenus.</span> 
     </span>
    </p>
   </div>
   <div class='ocr_carea' id='block_1_31' title="bbox 346 3356 3767 3439">
    <p class='ocr_par' dir='ltr' id='par_1_31' title="bbox 346 3356 3767 3439">
     <span class='ocr_line' id='line_1_31' title="bbox 346 3356 3767 3439; baseline -0.003 -22"><span class='ocrx_word' id='word_1_347' title='bbox 346 3363 545 3418; x_wconf 88' lang='lat' dir='ltr'>Basilii</span> <span class='ocrx_word' id='word_1_348' title='bbox 581 3370 759 3434; x_wconf 90' lang='lat' dir='ltr'>atque</span> <span class='ocrx_word' id='word_1_349' title='bbox 781 3365 1184 3435; x_wconf 88' lang='lat' dir='ltr'>Chrysostomi</span> <span class='ocrx_word' id='word_1_350' title='bbox 1216 3366 1595 3421; x_wconf 90' lang='lat' dir='ltr'>celebrantur</span> <span class='ocrx_word' id='word_1_351' title='bbox 1625 3368 1917 3438; x_wconf 87' lang='lat' dir='ltr'>sapientia</span> <span class='ocrx_word' id='word_1_352' title='bbox 1939 3374 1995 3423; x_wconf 89' lang='lat' dir='ltr'>et</span> <span class='ocrx_word' id='word_1_353' title='bbox 2024 3369 2235 3439; x_wconf 88' lang='lat' dir='ltr'>pietas,</span> <span class='ocrx_word' id='word_1_354' title='bbox 2260 3368 2481 3424; x_wconf 86' lang='lat' dir='ltr'>Nicolai</span> <span class='ocrx_word' id='word_1_355' title='bbox 2517 3368 2762 3422; x_wconf 88' lang='lat' dir='ltr'>virtutes</span> <span class='ocrx_word' id='word_1_356' title='bbox 2796 3372 2854 3419; x_wconf 91' lang='lat' dir='ltr'>et</span> <span class='ocrx_word' id='word_1_357' title='bbox 2874 3364 3144 3436; x_wconf 85' lang='lat' dir='ltr'>prodigia</span> <span class='ocrx_word' id='word_1_358' title='bbox 3165 3380 3183 3416; x_wconf 90' lang='lat'><strong><em>:</em></strong></span> <span class='ocrx_word' id='word_1_359' title='bbox 3213 3364 3421 3431; x_wconf 91' lang='lat' dir='ltr'>quarto</span> <span class='ocrx_word' id='word_1_360' title='bbox 3455 3358 3513 3411; x_wconf 91' lang='lat' dir='ltr'>in</span> <span class='ocrx_word' id='word_1_361' title='bbox 3545 3356 3767 3426; x_wconf 88' lang='lat' dir='ltr'>hymno</span> 
     </span>
    </p>
   </div>
   <div class='ocr_carea' id='block_1_32' title="bbox 348 3445 3765 3528">
    <p class='ocr_par' dir='ltr' id='par_1_32' title="bbox 348 3445 3765 3528">
     <span class='ocr_line' id='line_1_32' title="bbox 348 3445 3765 3528; baseline -0.004 -21"><span class='ocrx_word' id='word_1_362' title='bbox 348 3452 496 3507; x_wconf 89' lang='lat' dir='ltr'>dicit</span> <span class='ocrx_word' id='word_1_363' title='bbox 524 3452 927 3507; x_wconf 88' lang='lat' dir='ltr'>Damascenus</span> <span class='ocrx_word' id='word_1_364' title='bbox 951 3455 1428 3510; x_wconf 86' lang='lat' dir='ltr'>commendatam</span> <span class='ocrx_word' id='word_1_365' title='bbox 1462 3458 1634 3511; x_wconf 88' lang='lat' dir='ltr'>Petro</span> <span class='ocrx_word' id='word_1_366' title='bbox 1668 3457 1990 3512; x_wconf 90' lang='lat' dir='ltr'>Ecclesiam</span> <span class='ocrx_word' id='word_1_367' title='bbox 2022 3475 2054 3512; x_wconf 89' lang='lat' dir='ltr'>a</span> <span class='ocrx_word' id='word_1_368' title='bbox 2084 3458 2338 3527; x_wconf 90' lang='lat' dir='ltr'>Christo,</span> <span class='ocrx_word' id='word_1_369' title='bbox 2370 3474 2547 3528; x_wconf 90' lang='lat' dir='ltr'>quam</span> <span class='ocrx_word' id='word_1_370' title='bbox 2590 3457 2691 3511; x_wconf 90' lang='lat' dir='ltr'>ille</span> <span class='ocrx_word' id='word_1_371' title='bbox 2724 3454 2953 3527; x_wconf 78' lang='lat' dir='ltr'>egregie</span> <span class='ocrx_word' id='word_1_372' title='bbox 2985 3452 3150 3506; x_wconf 90' lang='lat' dir='ltr'>navis</span> <span class='ocrx_word' id='word_1_373' title='bbox 3185 3451 3373 3503; x_wconf 88' lang='lat' dir='ltr'>instar</span> <span class='ocrx_word' id='word_1_374' title='bbox 3400 3445 3765 3518; x_wconf 68' lang='lat' dir='ltr'>gubernant.</span> 
     </span>
    </p>
   </div>
   <div class='ocr_carea' id='block_1_33' title="bbox 354 3532 3771 3619">
    <p class='ocr_par' dir='ltr' id='par_1_33' title="bbox 354 3532 3771 3619">
     <span class='ocr_line' id='line_1_33' title="bbox 354 3532 3771 3619; baseline -0.003 -25"><span class='ocrx_word' id='word_1_375' title='bbox 354 3540 628 3611; x_wconf 84' lang='lat' dir='ltr'>Appellat</span> <span class='ocrx_word' id='word_1_376' title='bbox 654 3541 900 3610; x_wconf 90' lang='lat' dir='ltr'>insuper</span> <span class='ocrx_word' id='word_1_377' title='bbox 925 3543 1165 3597; x_wconf 90' lang='lat' dir='ltr'>Petrum</span> <span class='ocrx_word' id='word_1_378' title='bbox 1199 3546 1398 3599; x_wconf 69' lang='lat' dir='ltr'>Romaa</span> <span class='ocrx_word' id='word_1_379' title='bbox 1422 3550 1697 3612; x_wconf 86' lang='lat' dir='ltr'>tutorem,</span> <span class='ocrx_word' id='word_1_380' title='bbox 1727 3548 1890 3619; x_wconf 81' lang='lat' dir='ltr'>regni</span> <span class='ocrx_word' id='word_1_381' title='bbox 1921 3547 2177 3601; x_wconf 60' lang='lat' dir='ltr'>caelestis</span> <span class='ocrx_word' id='word_1_382' title='bbox 2209 3548 2544 3601; x_wconf 85' lang='lat' dir='ltr'>divitiarum</span> <span class='ocrx_word' id='word_1_383' title='bbox 2575 3545 2901 3609; x_wconf 89' lang='lat' dir='ltr'>custodem,</span> <span class='ocrx_word' id='word_1_384' title='bbox 2938 3541 3075 3597; x_wconf 80' lang='lat' dir='ltr'>fidei</span> <span class='ocrx_word' id='word_1_385' title='bbox 3099 3545 3347 3609; x_wconf 85' lang='lat' dir='ltr'>petram,</span> <span class='ocrx_word' id='word_1_386' title='bbox 3381 3541 3437 3590; x_wconf 88' lang='lat' dir='ltr'>et</span> <span class='ocrx_word' id='word_1_387' title='bbox 3467 3532 3771 3588; x_wconf 84' lang='lat' dir='ltr'>catholicae</span> 
     </span>
    </p>
   </div>
   <div class='ocr_carea' id='block_1_34' title="bbox 354 3623 3773 3705">
    <p class='ocr_par' dir='ltr' id='par_1_34' title="bbox 354 3623 3773 3705">
     <span class='ocr_line' id='line_1_34' title="bbox 354 3623 3773 3705; baseline -0.003 -22"><span class='ocrx_word' id='word_1_388' title='bbox 354 3627 632 3683; x_wconf 71' lang='lat' dir='ltr'>Ecclesiaa</span> <span class='ocrx_word' id='word_1_389' title='bbox 668 3628 905 3682; x_wconf 83' lang='lat' dir='ltr'>ﬁrmum</span> <span class='ocrx_word' id='word_1_390' title='bbox 933 3628 1410 3686; x_wconf 83' lang='lat' dir='ltr'>fundamentum.</span> <span class='ocrx_word' id='word_1_391' title='bbox 1449 3634 1723 3688; x_wconf 82' lang='lat' dir='ltr'>Reditum</span> <span class='ocrx_word' id='word_1_392' title='bbox 1758 3653 1994 3705; x_wconf 91' lang='lat' dir='ltr'>quoque</span> <span class='ocrx_word' id='word_1_393' title='bbox 2026 3638 2295 3705; x_wconf 85' lang='lat' dir='ltr'>ejusdem</span> <span class='ocrx_word' id='word_1_394' title='bbox 2330 3636 2488 3690; x_wconf 86' lang='lat' dir='ltr'>Petri</span> <span class='ocrx_word' id='word_1_395' title='bbox 2521 3634 2989 3703; x_wconf 81' lang='lat' dir='ltr'>Hierosolymam</span> <span class='ocrx_word' id='word_1_396' title='bbox 3020 3629 3151 3700; x_wconf 88' lang='lat' dir='ltr'>(sub</span> <span class='ocrx_word' id='word_1_397' title='bbox 3174 3625 3415 3681; x_wconf 85' lang='lat' dir='ltr'>Claudio</span> <span class='ocrx_word' id='word_1_398' title='bbox 3446 3623 3614 3693; x_wconf 90' lang='lat' dir='ltr'>imp.)</span> <span class='ocrx_word' id='word_1_399' title='bbox 3646 3637 3773 3675; x_wconf 89' lang='lat' dir='ltr'>me—</span> 
     </span>
    </p>
   </div>
   <div class='ocr_carea' id='block_1_35' title="bbox 353 3714 3767 3797">
    <p class='ocr_par' dir='ltr' id='par_1_35' title="bbox 353 3714 3767 3797">
     <span class='ocr_line' id='line_1_35' title="bbox 353 3714 3767 3797; baseline -0.003 -24"><span class='ocrx_word' id='word_1_400' title='bbox 353 3724 565 3781; x_wconf 89' lang='lat' dir='ltr'>morat,</span> <span class='ocrx_word' id='word_1_401' title='bbox 601 3734 710 3772; x_wconf 91' lang='lat' dir='ltr'>nec</span> <span class='ocrx_word' id='word_1_402' title='bbox 743 3718 870 3788; x_wconf 82' lang='lat' dir='ltr'>ejus</span> <span class='ocrx_word' id='word_1_403' title='bbox 906 3718 978 3773; x_wconf 90' lang='lat' dir='ltr'>de</span> <span class='ocrx_word' id='word_1_404' title='bbox 1011 3719 1252 3774; x_wconf 90' lang='lat' dir='ltr'>Simone</span> <span class='ocrx_word' id='word_1_405' title='bbox 1277 3723 1436 3793; x_wconf 88' lang='lat' dir='ltr'>Mago</span> <span class='ocrx_word' id='word_1_406' title='bbox 1472 3722 1836 3793; x_wconf 89' lang='lat' dir='ltr'>triumphum</span> <span class='ocrx_word' id='word_1_407' title='bbox 1873 3726 2095 3780; x_wconf 90' lang='lat' dir='ltr'>reticet.</span> <span class='ocrx_word' id='word_1_408' title='bbox 2128 3728 2393 3797; x_wconf 88' lang='lat' dir='ltr'>Hymnus</span> <span class='ocrx_word' id='word_1_409' title='bbox 2434 3726 2494 3779; x_wconf 90' lang='lat' dir='ltr'>in</span> <span class='ocrx_word' id='word_1_410' title='bbox 2544 3724 2857 3795; x_wconf 84' lang='lat' dir='ltr'>Georgium</span> <span class='ocrx_word' id='word_1_411' title='bbox 2899 3727 3217 3791; x_wconf 87' lang='lat' dir='ltr'>martyrem</span> <span class='ocrx_word' id='word_1_412' title='bbox 3264 3732 3331 3769; x_wconf 93' lang='lat' dir='ltr'>eo</span> <span class='ocrx_word' id='word_1_413' title='bbox 3364 3714 3612 3768; x_wconf 82' lang='lat' dir='ltr'>fortasse</span> <span class='ocrx_word' id='word_1_414' title='bbox 3648 3718 3767 3764; x_wconf 83' lang='lat' dir='ltr'>stu-</span> 
     </span>
    </p>
   </div>
   <div class='ocr_carea' id='block_1_36' title="bbox 349 3803 3769 3881">
    <p class='ocr_par' dir='ltr' id='par_1_36' title="bbox 349 3803 3769 3881">
     <span class='ocr_line' id='line_1_36' title="bbox 349 3803 3769 3881; baseline -0.003 -19"><span class='ocrx_word' id='word_1_415' title='bbox 349 3807 577 3862; x_wconf 91' lang='lat' dir='ltr'>diosius</span> <span class='ocrx_word' id='word_1_416' title='bbox 610 3808 856 3879; x_wconf 90' lang='lat' dir='ltr'>legetur,</span> <span class='ocrx_word' id='word_1_417' title='bbox 887 3808 1027 3877; x_wconf 90' lang='lat' dir='ltr'>quia</span> <span class='ocrx_word' id='word_1_418' title='bbox 1060 3808 1174 3862; x_wconf 89' lang='lat' dir='ltr'>divi</span> <span class='ocrx_word' id='word_1_419' title='bbox 1208 3810 1385 3880; x_wconf 85' lang='lat' dir='ltr'>hujus</span> <span class='ocrx_word' id='word_1_420' title='bbox 1413 3810 1663 3867; x_wconf 90' lang='lat' dir='ltr'>historia</span> <span class='ocrx_word' id='word_1_421' title='bbox 1697 3813 1899 3867; x_wconf 90' lang='lat' dir='ltr'>multis</span> <span class='ocrx_word' id='word_1_422' title='bbox 1940 3815 2201 3870; x_wconf 89' lang='lat' dir='ltr'>tenebris</span> <span class='ocrx_word' id='word_1_423' title='bbox 2232 3816 2425 3870; x_wconf 91' lang='lat' dir='ltr'>adhuc</span> <span class='ocrx_word' id='word_1_424' title='bbox 2474 3820 2565 3869; x_wconf 89' lang='lat' dir='ltr'>est</span> <span class='ocrx_word' id='word_1_425' title='bbox 2593 3813 2887 3868; x_wconf 89' lang='lat' dir='ltr'>obvoluta.</span> <span class='ocrx_word' id='word_1_426' title='bbox 2924 3812 3187 3881; x_wconf 86' lang='lat' dir='ltr'>Hymnus</span> <span class='ocrx_word' id='word_1_427' title='bbox 3219 3804 3476 3874; x_wconf 89' lang='lat' dir='ltr'>denique</span> <span class='ocrx_word' id='word_1_428' title='bbox 3530 3803 3590 3854; x_wconf 90' lang='lat' dir='ltr'>in</span> <span class='ocrx_word' id='word_1_429' title='bbox 3618 3818 3769 3854; x_wconf 85' lang='lat' dir='ltr'>mar-</span> 
     </span>
    </p>
   </div>
   <div class='ocr_carea' id='block_1_37' title="bbox 346 3890 3771 3975">
    <p class='ocr_par' dir='ltr' id='par_1_37' title="bbox 346 3890 3771 3975">
     <span class='ocr_line' id='line_1_37' title="bbox 346 3890 3771 3975; baseline -0.003 -24"><span class='ocrx_word' id='word_1_430' title='bbox 346 3903 537 3971; x_wconf 88' lang='lat' dir='ltr'>tyrem</span> <span class='ocrx_word' id='word_1_431' title='bbox 572 3897 833 3951; x_wconf 85' lang='lat' dir='ltr'>Blasium</span> <span class='ocrx_word' id='word_1_432' title='bbox 866 3898 959 3951; x_wconf 86' lang='lat' dir='ltr'>vix</span> <span class='ocrx_word' id='word_1_433' title='bbox 990 3897 1149 3951; x_wconf 89' lang='lat' dir='ltr'>brevi</span> <span class='ocrx_word' id='word_1_434' title='bbox 1182 3899 1383 3969; x_wconf 90' lang='lat' dir='ltr'>aliqua</span> <span class='ocrx_word' id='word_1_435' title='bbox 1414 3900 1629 3955; x_wconf 88' lang='lat' dir='ltr'>lacuna</span> <span class='ocrx_word' id='word_1_436' title='bbox 1658 3902 1925 3969; x_wconf 88' lang='lat' dir='ltr'>laborat;</span> <span class='ocrx_word' id='word_1_437' title='bbox 1960 3921 2142 3974; x_wconf 90' lang='lat' dir='ltr'>quare</span> <span class='ocrx_word' id='word_1_438' title='bbox 2179 3905 2583 3959; x_wconf 87' lang='lat' dir='ltr'>continentem</span> <span class='ocrx_word' id='word_1_439' title='bbox 2630 3909 2929 3975; x_wconf 81' lang='lat' dir='ltr'>gestorum</span> <span class='ocrx_word' id='word_1_440' title='bbox 2970 3900 3098 3968; x_wconf 90' lang='lat' dir='ltr'>ejus</span> <span class='ocrx_word' id='word_1_441' title='bbox 3135 3913 3201 3949; x_wconf 92' lang='lat' dir='ltr'>ac</span> <span class='ocrx_word' id='word_1_442' title='bbox 3233 3892 3634 3965; x_wconf 83' lang='lat' dir='ltr'>prodigiorum</span> <span class='ocrx_word' id='word_1_443' title='bbox 3670 3890 3771 3943; x_wconf 88' lang='lat' dir='ltr'>de-</span> 
     </span>
    </p>
   </div>
   <div class='ocr_carea' id='block_1_38' title="bbox 351 3980 3774 4065">
    <p class='ocr_par' dir='ltr' id='par_1_38' title="bbox 351 3980 3774 4065">
     <span class='ocr_line' id='line_1_38' title="bbox 351 3980 3774 4065; baseline -0.003 -23"><span class='ocrx_word' id='word_1_444' title='bbox 351 3986 747 4056; x_wconf 90' lang='lat' dir='ltr'>scriptionem</span> <span class='ocrx_word' id='word_1_445' title='bbox 774 3985 1064 4043; x_wconf 89' lang='lat' dir='ltr'>videmus.</span> <span class='ocrx_word' id='word_1_446' title='bbox 1099 3987 1277 4041; x_wconf 90' lang='lat' dir='ltr'>Porro</span> <span class='ocrx_word' id='word_1_447' title='bbox 1302 3989 1650 4044; x_wconf 90' lang='lat' dir='ltr'>Damasceni</span> <span class='ocrx_word' id='word_1_448' title='bbox 1675 3992 1788 4046; x_wconf 91' lang='lat' dir='ltr'>vim</span> <span class='ocrx_word' id='word_1_449' title='bbox 1816 3993 2383 4065; x_wconf 86' lang='lat' dir='ltr'>hymnographicam</span> <span class='ocrx_word' id='word_1_450' title='bbox 2417 4010 2522 4047; x_wconf 89' lang='lat' dir='ltr'>cur</span> <span class='ocrx_word' id='word_1_451' title='bbox 2551 4009 2655 4065; x_wconf 88' lang='lat' dir='ltr'>ego</span> <span class='ocrx_word' id='word_1_452' title='bbox 2676 3991 2911 4046; x_wconf 89' lang='lat' dir='ltr'>laudem</span> <span class='ocrx_word' id='word_1_453' title='bbox 2931 3986 3329 4060; x_wconf 82' lang='lat' dir='ltr'>?jampridem</span> <span class='ocrx_word' id='word_1_454' title='bbox 3360 3980 3721 4036; x_wconf 84' lang='lat' dir='ltr'>dilaudatam</span> <span class='ocrx_word' id='word_1_455' title='bbox 3740 3996 3774 4033; x_wconf 91' lang='lat' dir='ltr'>a</span> 
     </span>
    </p>
   </div>
   <div class='ocr_carea' id='block_1_39' title="bbox 347 4070 3775 4153">
    <p class='ocr_par' dir='ltr' id='par_1_39' title="bbox 347 4070 3775 4153">
     <span class='ocr_line' id='line_1_39' title="bbox 347 4070 3775 4153; baseline -0.003 -23"><span class='ocrx_word' id='word_1_456' title='bbox 347 4077 576 4131; x_wconf 87' lang='lat' dir='ltr'>Joanne</span> <span class='ocrx_word' id='word_1_457' title='bbox 608 4074 1144 4143; x_wconf 86' lang='lat' dir='ltr'>Hierosolymitano</span> <span class='ocrx_word' id='word_1_458' title='bbox 1177 4076 1309 4147; x_wconf 89' lang='lat' dir='ltr'>ejus</span> <span class='ocrx_word' id='word_1_459' title='bbox 1342 4077 1665 4150; x_wconf 90' lang='lat' dir='ltr'>biographo</span> <span class='ocrx_word' id='word_1_460' title='bbox 1698 4098 1824 4151; x_wconf 90' lang='lat' dir='ltr'>cap.</span> <span class='ocrx_word' id='word_1_461' title='bbox 1859 4084 1920 4136; x_wconf 89' lang='grc'><strong>31</strong></span> <span class='ocrx_word' id='word_1_462' title='bbox 1958 4088 2016 4136; x_wconf 89' lang='lat' dir='ltr'>et</span> <span class='ocrx_word' id='word_1_463' title='bbox 2051 4099 2241 4153; x_wconf 90' lang='lat' dir='ltr'>seqq.,</span> <span class='ocrx_word' id='word_1_464' title='bbox 2271 4089 2328 4137; x_wconf 86' lang='lat' dir='ltr'>et</span> <span class='ocrx_word' id='word_1_465' title='bbox 2354 4100 2387 4137; x_wconf 88' lang='lat' dir='ltr'>a</span> <span class='ocrx_word' id='word_1_466' title='bbox 2417 4081 2596 4136; x_wconf 89' lang='lat' dir='ltr'>Suida</span> <span class='ocrx_word' id='word_1_467' title='bbox 2627 4095 2862 4151; x_wconf 90' lang='lat' dir='ltr'>quoque</span> <span class='ocrx_word' id='word_1_468' title='bbox 2892 4097 3016 4133; x_wconf 87' lang='lat' dir='ltr'>voc.</span> <span class='ocrx_word' id='word_1_469' title='bbox 3042 4078 3217 4132; x_wconf 70' lang='grc' dir='ltr'>Ἰωαν,</span> <span class='ocrx_word' id='word_1_470' title='bbox 3250 4081 3487 4143; x_wconf 58' lang='lat' dir='ltr'>Annam.</span> <span class='ocrx_word' id='word_1_471' title='bbox 3523 4070 3615 4123; x_wconf 88' lang='lat' dir='ltr'>his</span> <span class='ocrx_word' id='word_1_472' title='bbox 3647 4086 3775 4122; x_wconf 87' lang='lat' dir='ltr'>ver-</span> 
     </span>
    </p>
   </div>
   <div class='ocr_carea' id='block_1_40' title="bbox 348 4158 3775 4242">
    <p class='ocr_par' dir='ltr' id='par_1_40' title="bbox 348 4158 3775 4242">
     <span class='ocr_line' id='line_1_40' title="bbox 348 4158 3775 4242; baseline -0 -25"><span class='ocrx_word' id='word_1_473' title='bbox 348 4164 444 4217; x_wconf 87' lang='lat' dir='ltr'>bis</span> <span class='ocrx_word' id='word_1_474' title='bbox 504 4163 927 4234; x_wconf 84' lang='lat' dir='ltr'>amplissimis:</span> <span class='ocrx_word' id='word_1_475' title='bbox 981 4161 1391 4238; x_wconf 61' lang='grc' dir='ltr'>Συῃρᾶμματα</span> <span class='ocrx_word' id='word_1_476' title='bbox 1450 4165 1612 4221; x_wconf 76' lang='grc' dir='ltr'>αὐτοῦ</span> <span class='ocrx_word' id='word_1_477' title='bbox 1671 4169 1760 4223; x_wconf 84' lang='grc' dir='ltr'>καὶ</span> <span class='ocrx_word' id='word_1_478' title='bbox 1820 4170 1871 4223; x_wconf 76' lang='grc' dir='ltr'>οἱ</span> <span class='ocrx_word' id='word_1_479' title='bbox 1932 4170 2223 4242; x_wconf 76' lang='grc' dir='ltr'>ᾆσματικοῖ</span> <span class='ocrx_word' id='word_1_480' title='bbox 2281 4170 2500 4230; x_wconf 79' lang='grc' dir='ltr'>κανόνες</span> <span class='ocrx_word' id='word_1_481' title='bbox 2560 4165 2811 4240; x_wconf 73' lang='grc' dir='ltr'>ἷαμὸικοί</span> <span class='ocrx_word' id='word_1_482' title='bbox 2864 4188 2921 4222; x_wconf 77' lang='grc' dir='ltr'>τι</span> <span class='ocrx_word' id='word_1_483' title='bbox 2976 4167 3063 4221; x_wconf 84' lang='grc' dir='ltr'>καὶ</span> <span class='ocrx_word' id='word_1_484' title='bbox 3122 4158 3523 4235; x_wconf 56' lang='grc' dir='ltr'>καταλογάδην</span> <span class='ocrx_word' id='word_1_485' title='bbox 3560 4159 3775 4229; x_wconf 69' lang='grc' dir='ltr'>οἳγοῦν</span> 
     </span>
    </p>
   </div>
   <div class='ocr_carea' id='block_1_41' title="bbox 356 4249 3771 4333">
    <p class='ocr_par' dir='ltr' id='par_1_41' title="bbox 356 4249 3771 4333">
     <span class='ocr_line' id='line_1_41' title="bbox 356 4249 3771 4333; baseline 0.001 -29"><span class='ocrx_word' id='word_1_486' title='bbox 356 4250 651 4323; x_wconf 78' lang='grc' dir='ltr'>ᾆσματιχοὶ</span> <span class='ocrx_word' id='word_1_487' title='bbox 691 4250 909 4312; x_wconf 81' lang='grc' dir='ltr'>κανόνες</span> <span class='ocrx_word' id='word_1_488' title='bbox 972 4253 1223 4306; x_wconf 64' lang='grc' dir='ltr'>Ἰωάννου)</span> <span class='ocrx_word' id='word_1_489' title='bbox 1254 4274 1310 4308; x_wconf 86' lang='grc' dir='ltr'>τε</span> <span class='ocrx_word' id='word_1_490' title='bbox 1341 4255 1428 4308; x_wconf 81' lang='grc' dir='ltr'>καὶ</span> <span class='ocrx_word' id='word_1_491' title='bbox 1490 4258 1683 4328; x_wconf 83' lang='grc' dir='ltr'>Κοσμᾶ</span> <span class='ocrx_word' id='word_1_492' title='bbox 1741 4257 2021 4333; x_wconf 78' lang='grc' dir='ltr'>σύγκρισιν</span> <span class='ocrx_word' id='word_1_493' title='bbox 2080 4260 2179 4313; x_wconf 78' lang='grc' dir='ltr'>οὐκ</span> <span class='ocrx_word' id='word_1_494' title='bbox 2236 4257 2497 4329; x_wconf 69' lang='grc' dir='ltr'>ἐδέξαντο,</span> <span class='ocrx_word' id='word_1_495' title='bbox 2532 4256 2657 4313; x_wconf 78' lang='grc' dir='ltr'>οὐδὲ</span> <span class='ocrx_word' id='word_1_496' title='bbox 2720 4255 2981 4331; x_wconf 75' lang='grc' dir='ltr'>δέξαιντο,</span> <span class='ocrx_word' id='word_1_497' title='bbox 3048 4256 3242 4329; x_wconf 69' lang='grc' dir='ltr'>μέχρις</span> <span class='ocrx_word' id='word_1_498' title='bbox 3302 4251 3361 4304; x_wconf 62' lang='grc' dir='ltr'>ἂν</span> <span class='ocrx_word' id='word_1_499' title='bbox 3397 4250 3569 4302; x_wconf 75' lang='grc' dir='ltr'>δκαθ’</span> <span class='ocrx_word' id='word_1_500' title='bbox 3622 4249 3771 4316; x_wconf 70' lang='grc' dir='ltr'>ἡμᾶς</span> 
     </span>
    </p>
   </div>
   <div class='ocr_carea' id='block_1_42' title="bbox 353 4334 3772 4417">
    <p class='ocr_par' dir='ltr' id='par_1_42' title="bbox 353 4334 3772 4417">
     <span class='ocr_line' id='line_1_42' title="bbox 353 4334 3772 4417; baseline -0.001 -24"><span class='ocrx_word' id='word_1_501' title='bbox 353 4334 477 4402; x_wconf 78' lang='grc' dir='ltr'>ϐίος</span> <span class='ocrx_word' id='word_1_502' title='bbox 506 4342 962 4413; x_wconf 62' lang='grc' dir='ltr'>περαιωΜσεταν</span> <span class='ocrx_word' id='word_1_503' title='bbox 996 4345 1148 4397; x_wconf 81' lang='lat' dir='ltr'>Inter</span> <span class='ocrx_word' id='word_1_504' title='bbox 1192 4347 1425 4401; x_wconf 79' lang='lat' dir='ltr'>Joannis</span> <span class='ocrx_word' id='word_1_505' title='bbox 1470 4350 1679 4417; x_wconf 82' lang='lat' dir='ltr'>scripta</span> <span class='ocrx_word' id='word_1_506' title='bbox 1733 4358 2097 4405; x_wconf 78' lang='lat' dir='ltr'>numerantur</span> <span class='ocrx_word' id='word_1_507' title='bbox 2153 4354 2490 4406; x_wconf 76' lang='lat' dir='ltr'>canticorum</span> <span class='ocrx_word' id='word_1_508' title='bbox 2544 4365 2798 4415; x_wconf 86' lang='lat' dir='ltr'>canones,</span> <span class='ocrx_word' id='word_1_509' title='bbox 2832 4357 2943 4402; x_wconf 86' lang='lat' dir='ltr'>tum</span> <span class='ocrx_word' id='word_1_510' title='bbox 2999 4344 3196 4401; x_wconf 76' lang='lat' dir='ltr'>iambis</span> <span class='ocrx_word' id='word_1_511' title='bbox 3246 4350 3357 4396; x_wconf 86' lang='lat' dir='ltr'>tum</span> <span class='ocrx_word' id='word_1_512' title='bbox 3389 4343 3553 4394; x_wconf 80' lang='lat' dir='ltr'>etiam</span> <span class='ocrx_word' id='word_1_513' title='bbox 3593 4339 3772 4392; x_wconf 79' lang='lat' dir='ltr'>solum</span> 
     </span>
    </p>
   </div>
   <div class='ocr_carea' id='block_1_43' title="bbox 350 4430 3767 4509">
    <p class='ocr_par' dir='ltr' id='par_1_43' title="bbox 350 4430 3767 4509">
     <span class='ocr_line' id='line_1_43' title="bbox 350 4430 3767 4509; baseline -0.001 -24"><span class='ocrx_word' id='word_1_514' title='bbox 350 4433 602 4485; x_wconf 81' lang='lat' dir='ltr'>oratione</span> <span class='ocrx_word' id='word_1_515' title='bbox 631 4433 845 4500; x_wconf 79' lang='lat' dir='ltr'>scripti.</span> <span class='ocrx_word' id='word_1_516' title='bbox 882 4434 955 4486; x_wconf 78' lang='lat' dir='ltr'>lli</span> <span class='ocrx_word' id='word_1_517' title='bbox 998 4436 1337 4489; x_wconf 82' lang='lat' dir='ltr'>canticorum</span> <span class='ocrx_word' id='word_1_518' title='bbox 1367 4452 1620 4505; x_wconf 87' lang='lat' dir='ltr'>canones,</span> <span class='ocrx_word' id='word_1_519' title='bbox 1656 4444 1765 4493; x_wconf 84' lang='lat' dir='ltr'>tam</span> <span class='ocrx_word' id='word_1_520' title='bbox 1792 4442 2023 4495; x_wconf 76' lang='lat' dir='ltr'>Joannis</span> <span class='ocrx_word' id='word_1_521' title='bbox 2053 4458 2219 4509; x_wconf 84' lang='lat' dir='ltr'>quam</span> <span class='ocrx_word' id='word_1_522' title='bbox 2270 4442 2468 4496; x_wconf 75' lang='lat' dir='ltr'>Cosma:</span> <span class='ocrx_word' id='word_1_523' title='bbox 2500 4440 2710 4494; x_wconf 84' lang='lat' dir='ltr'>nullam</span> <span class='ocrx_word' id='word_1_524' title='bbox 2755 4456 2871 4493; x_wconf 87' lang='lat' dir='ltr'>cum</span> <span class='ocrx_word' id='word_1_525' title='bbox 2904 4439 3142 4492; x_wconf 84' lang='lat' dir='ltr'>aliorum</span> <span class='ocrx_word' id='word_1_526' title='bbox 3186 4436 3341 4505; x_wconf 80' lang='lat' dir='ltr'>paris</span> <span class='ocrx_word' id='word_1_527' title='bbox 3375 4432 3585 4501; x_wconf 80' lang='lat' dir='ltr'>generis</span> <span class='ocrx_word' id='word_1_528' title='bbox 3634 4430 3767 4483; x_wconf 82' lang='lat' dir='ltr'>scri-</span> 
     </span>
    </p>
   </div>
   <div class='ocr_carea' id='block_1_44' title="bbox 339 4521 3187 4600">
    <p class='ocr_par' dir='ltr' id='par_1_44' title="bbox 339 4521 3187 4600">
     <span class='ocr_line' id='line_1_44' title="bbox 339 4521 3187 4600; baseline 0.002 -27"><span class='ocrx_word' id='word_1_529' title='bbox 339 4522 459 4591; x_wconf 80' lang='lat' dir='ltr'>ptis</span> <span class='ocrx_word' id='word_1_530' title='bbox 492 4521 962 4590; x_wconf 80' lang='lat' dir='ltr'>comparationem</span> <span class='ocrx_word' id='word_1_531' title='bbox 990 4538 1236 4592; x_wconf 86' lang='lat' dir='ltr'>unquam</span> <span class='ocrx_word' id='word_1_532' title='bbox 1267 4525 1630 4593; x_wconf 78' lang='lat' dir='ltr'>admiserunt,</span> <span class='ocrx_word' id='word_1_533' title='bbox 1661 4545 1836 4598; x_wconf 84' lang='lat' dir='ltr'>neque</span> <span class='ocrx_word' id='word_1_534' title='bbox 1864 4530 2176 4595; x_wconf 75' lang='lat' dir='ltr'>admittant,</span> <span class='ocrx_word' id='word_1_535' title='bbox 2211 4531 2461 4600; x_wconf 81' lang='lat' dir='ltr'>quandiu</span> <span class='ocrx_word' id='word_1_536' title='bbox 2492 4530 2773 4583; x_wconf 84' lang='lat' dir='ltr'>hominum</span> <span class='ocrx_word' id='word_1_537' title='bbox 2802 4528 2918 4583; x_wconf 73' lang='lat' dir='ltr'>vita</span> <span class='ocrx_word' id='word_1_538' title='bbox 2944 4526 3187 4581; x_wconf 82' lang='lat' dir='ltr'>durabit.</span> 
     </span>
    </p>
   </div>
   <div class='ocr_carea' id='block_1_45' title="bbox 1954 4682 2175 4738">
    <p class='ocr_par' dir='ltr' id='par_1_45' title="bbox 1954 4682 2175 4738">
     <span class='ocr_line' id='line_1_45' title="bbox 1954 4682 2175 4738; baseline 0.009 -2"><span class='ocrx_word' id='word_1_539' title='bbox 1954 4682 2175 4738; x_wconf 77' lang='grc' dir='ltr'>ΝΟΤιΕ.</span> 
     </span>
    </p>
   </div>
   <div class='ocr_carea' id='block_1_46' title="bbox 424 4796 3774 4878">
    <p class='ocr_par' dir='ltr' id='par_1_46' title="bbox 424 4796 3774 4878">
     <span class='ocr_line' id='line_1_46' title="bbox 424 4796 3774 4878; baseline 0.003 -30"><span class='ocrx_word' id='word_1_540' title='bbox 424 4796 801 4878; x_wconf 72' lang='lat' dir='ltr'>(1)Piversus</span> <span class='ocrx_word' id='word_1_541' title='bbox 835 4796 1010 4877; x_wconf 80' lang='lat' dir='ltr'>plane</span> <span class='ocrx_word' id='word_1_542' title='bbox 1042 4797 1139 4852; x_wconf 91' lang='lat' dir='ltr'>hic</span> <span class='ocrx_word' id='word_1_543' title='bbox 1166 4804 1261 4878; x_wconf 84' lang='lat' dir='ltr'>est</span> <span class='ocrx_word' id='word_1_544' title='bbox 1289 4801 1547 4878; x_wconf 73' lang='lat' dir='ltr'>hymnus</span> <span class='ocrx_word' id='word_1_545' title='bbox 1590 4803 1662 4858; x_wconf 90' lang='lat' dir='ltr'>ab</span> <span class='ocrx_word' id='word_1_546' title='bbox 1696 4804 1814 4878; x_wconf 87' lang='lat' dir='ltr'>alio</span> <span class='ocrx_word' id='word_1_547' title='bbox 1848 4806 2004 4876; x_wconf 89' lang='lat' dir='ltr'>ejus-</span> <span class='ocrx_word' id='word_1_548' title='bbox 2122 4807 2695 4878; x_wconf 86' lang='lat' dir='ltr'>multiplicabantur.</span> <span class='ocrx_word' id='word_1_549' title='bbox 2731 4837 2792 4847; x_wconf 65' lang='grc' dir='ltr'><strong>-ι</strong></span> <span class='ocrx_word' id='word_1_550' title='bbox 2828 4808 2960 4861; x_wconf 83' lang='lat' dir='ltr'>Haec</span> <span class='ocrx_word' id='word_1_551' title='bbox 3006 4806 3066 4861; x_wconf 89' lang='lat' dir='ltr'>in</span> <span class='ocrx_word' id='word_1_552' title='bbox 3110 4806 3240 4861; x_wconf 94' lang='lat' dir='ltr'>loco</span> <span class='ocrx_word' id='word_1_553' title='bbox 3295 4806 3537 4878; x_wconf 56' lang='lat' dir='ltr'>praefato</span> <span class='ocrx_word' id='word_1_554' title='bbox 3591 4804 3774 4878; x_wconf 86' lang='lat' dir='ltr'>refert</span> 
     </span>
    </p>
   </div>
   <div class='ocr_carea' id='block_1_47' title="bbox 343 4867 3769 4950">
    <p class='ocr_par' dir='ltr' id='par_1_47' title="bbox 343 4867 3769 4950">
     <span class='ocr_line' id='line_1_47' title="bbox 343 4867 3769 4950; baseline 0.002 -29"><span class='ocrx_word' id='word_1_555' title='bbox 343 4867 487 4950; x_wconf 63' lang='lat' dir='ltr'>dein</span> <span class='ocrx_word' id='word_1_556' title='bbox 514 4868 863 4950; x_wconf 66' lang='lat' dir='ltr'>Damasceni</span> <span class='ocrx_word' id='word_1_557' title='bbox 899 4869 960 4923; x_wconf 91' lang='lat' dir='ltr'>in</span> <span class='ocrx_word' id='word_1_558' title='bbox 1012 4876 1283 4950; x_wconf 77' lang='lat' dir='ltr'>sanctum</span> <span class='ocrx_word' id='word_1_559' title='bbox 1325 4867 1630 4950; x_wconf 72' lang='lat' dir='ltr'>Basilium,</span> <span class='ocrx_word' id='word_1_560' title='bbox 1661 4877 1759 4950; x_wconf 89' lang='lat' dir='ltr'>qui</span> <span class='ocrx_word' id='word_1_561' title='bbox 1794 4867 2010 4950; x_wconf 69' lang='lat' dir='ltr'>legitur</span> <span class='ocrx_word' id='word_1_562' title='bbox 2122 4882 2261 4935; x_wconf 71' lang='lat' dir='ltr'>Anc.</span> <span class='ocrx_word' id='word_1_563' title='bbox 2293 4867 2402 4933; x_wconf 78' lang='grc' dir='ltr'>ΜΑι</span> <span class='ocrx_word' id='word_1_564' title='bbox 2432 4896 2442 4932; x_wconf 93' lang='lat'><strong>:</strong></span> <span class='ocrx_word' id='word_1_565' title='bbox 2478 4904 2520 4950; x_wconf 14' lang='grc' dir='ltr'>«ί</span> <span class='ocrx_word' id='word_1_566' title='bbox 2552 4880 2617 4932; x_wconf 90' lang='lat' dir='ltr'>In</span> <span class='ocrx_word' id='word_1_567' title='bbox 2650 4878 2853 4950; x_wconf 83' lang='lat' dir='ltr'>codice</span> <span class='ocrx_word' id='word_1_568' title='bbox 2904 4879 3077 4950; x_wconf 66' lang='lat' dir='ltr'>[Vah</span> <span class='ocrx_word' id='word_1_569' title='bbox 3103 4879 3229 4948; x_wconf 73' lang='lat'>2233]</span> <span class='ocrx_word' id='word_1_570' title='bbox 3272 4867 3311 4929; x_wconf 43' lang='lat' dir='ltr'>f3</span> <span class='ocrx_word' id='word_1_571' title='bbox 3348 4880 3469 4950; x_wconf 52' lang='lat'>250,</span> <span class='ocrx_word' id='word_1_572' title='bbox 3514 4876 3727 4950; x_wconf 81' lang='lat' dir='ltr'>legitur</span> <span class='ocrx_word' id='word_1_573' title='bbox 3757 4893 3769 4928; x_wconf 90' lang='lat'><strong>:</strong></span> 
     </span>
    </p>
   </div>
   <div class='ocr_carea' id='block_1_48' title="bbox 343 4941 1970 5021">
    <p class='ocr_par' dir='ltr' id='par_1_48' title="bbox 343 4941 1969 5021">
     <span class='ocr_line' id='line_1_48' title="bbox 343 4941 1969 5021; baseline 0.007 -29"><span class='ocrx_word' id='word_1_574' title='bbox 343 4941 417 5021; x_wconf 41' lang='lat' dir='ltr'>in.</span> <span class='ocrx_word' id='word_1_575' title='bbox 440 4942 661 5021; x_wconf 69' lang='lat' dir='ltr'>Menam</span> <span class='ocrx_word' id='word_1_576' title='bbox 687 4942 1023 5021; x_wconf 67' lang='lat' dir='ltr'>Grazcorum</span> <span class='ocrx_word' id='word_1_577' title='bbox 1048 4941 1517 5021; x_wconf 68' lang='lat' dir='ltr'>die_t_Januarii,</span> <span class='ocrx_word' id='word_1_578' title='bbox 1546 4941 1799 5021; x_wconf 78' lang='lat' dir='ltr'>etcujus</span> <span class='ocrx_word' id='word_1_579' title='bbox 1834 4941 1969 5003; x_wconf 39' lang='lat' dir='ltr'>vverb</span> 
     </span>
    </p>
   </div>
   <div class='ocr_carea' id='block_1_49' title="bbox 2139 4941 3766 5021">
    <p class='ocr_par' dir='ltr' id='par_1_49' title="bbox 2139 4941 3766 5021">
     <span class='ocr_line' id='line_1_49' title="bbox 2139 4941 3766 5021; baseline -0.003 -19"><span class='ocrx_word' id='word_1_580' title='bbox 2139 4951 2475 5020; x_wconf 58' lang='grc' dir='ltr'>ιαμασκηνὸς</span> <span class='ocrx_word' id='word_1_581' title='bbox 2507 4949 2557 5003; x_wconf 82' lang='grc' dir='ltr'>ἐν</span> <span class='ocrx_word' id='word_1_582' title='bbox 2589 4953 2667 5017; x_wconf 80' lang='grc' dir='ltr'>τῷ</span> <span class='ocrx_word' id='word_1_583' title='bbox 2727 4949 2802 5009; x_wconf 76' lang='grc' dir='ltr'>εἷς</span> <span class='ocrx_word' id='word_1_584' title='bbox 2862 4941 2953 5003; x_wconf 72' lang='grc' dir='ltr'>τδν</span> <span class='ocrx_word' id='word_1_585' title='bbox 3020 4947 3180 5020; x_wconf 69' lang='grc' dir='ltr'>μέγαν</span> <span class='ocrx_word' id='word_1_586' title='bbox 3213 4941 3528 5021; x_wconf 11' lang='grc' dir='ltr'>’Βαῄσίλείον</span> <span class='ocrx_word' id='word_1_587' title='bbox 3558 4941 3766 5021; x_wconf 44' lang='lat' dir='ltr'>iamdiu,</span> 
     </span>
    </p>
   </div>
   <div class='ocr_carea' id='block_1_50' title="bbox 339 5010 1966 5097">
    <p class='ocr_par' dir='ltr' id='par_1_50' title="bbox 339 5010 1966 5097">
     <span class='ocr_line' id='line_1_50' title="bbox 339 5010 1966 5097; baseline 0.007 -33"><span class='ocrx_word' id='word_1_588' title='bbox 339 5010 571 5097; x_wconf 66' lang='lat' dir='ltr'>aliquot</span> <span class='ocrx_word' id='word_1_589' title='bbox 611 5012 1008 5097; x_wconf 81' lang='lat' dir='ltr'>recitavimus,</span> <span class='ocrx_word' id='word_1_590' title='bbox 1034 5020 1098 5094; x_wconf 38' lang='lat' dir='ltr'>.t.</span> <span class='ocrx_word' id='word_1_591' title='bbox 1156 5015 1243 5068; x_wconf 86' lang='lat' dir='ltr'>VI.</span> <span class='ocrx_word' id='word_1_592' title='bbox 1285 5016 1481 5097; x_wconf 41' lang='lat' dir='ltr'>&#39;Praef.‘</span> <span class='ocrx_word' id='word_1_593' title='bbox 1508 5010 1575 5087; x_wconf 12' lang='lat' dir='ltr'>7p.</span> <span class='ocrx_word' id='word_1_594' title='bbox 1752 5020 1901 5097; x_wconf 80' lang='lat' dir='ltr'>sane</span> <span class='ocrx_word' id='word_1_595' title='bbox 1943 5037 1966 5075; x_wconf 77' lang='grc' dir='ltr'>ῑ</span> 
     </span>
    </p>
   </div>
   <div class='ocr_carea' id='block_1_51' title="bbox 2142 5010 3769 5097">
    <p class='ocr_par' dir='ltr' id='par_1_51' title="bbox 2142 5010 3769 5097">
     <span class='ocr_line' id='line_1_51' title="bbox 2142 5010 3769 5097; baseline -0.003 -21"><span class='ocrx_word' id='word_1_596' title='bbox 2142 5010 2295 5076; x_wconf 55' lang='grc' dir='ltr'>Εῗέὼν</span> <span class='ocrx_word' id='word_1_597' title='bbox 2353 5010 2508 5097; x_wconf 40' lang='lat' dir='ltr'>qia-nol,</span> <span class='ocrx_word' id='word_1_598' title='bbox 2567 5025 2664 5075; x_wconf 80' lang='grc' dir='ltr'>τοῦ</span> <span class='ocrx_word' id='word_1_599' title='bbox 2726 5023 2931 5094; x_wconf 77' lang='grc' dir='ltr'>Ιιατρὸς</span> <span class='ocrx_word' id='word_1_600' title='bbox 2975 5010 3183 5087; x_wconf 57' lang='grc' dir='ltr'>ὁὙὶὶς,</span> <span class='ocrx_word' id='word_1_601' title='bbox 3245 5019 3331 5073; x_wconf 69' lang='grc' dir='ltr'><strong>καῖ</strong></span> <span class='ocrx_word' id='word_1_602' title='bbox 3392 5023 3508 5097; x_wconf 37' lang='grc' dir='ltr'>τοῦ-</span> <span class='ocrx_word' id='word_1_603' title='bbox 3547 5018 3677 5069; x_wconf 77' lang='grc' dir='ltr'>Υἳοῦ</span> <span class='ocrx_word' id='word_1_604' title='bbox 3707 5017 3769 5071; x_wconf 90' lang='grc' dir='ltr'>τὸ</span> 
     </span>
    </p>
   </div>
   <div class='ocr_carea' id='block_1_52' title="bbox 344 5081 3769 5164">
    <p class='ocr_par' dir='ltr' id='par_1_52' title="bbox 344 5081 3769 5164">
     <span class='ocr_line' id='line_1_52' title="bbox 344 5081 3769 5164; baseline 0.006 -28"><span class='ocrx_word' id='word_1_605' title='bbox 344 5081 613 5164; x_wconf 47' lang='lat' dir='ltr'>eju‘sdem</span> <span class='ocrx_word' id='word_1_606' title='bbox 637 5096 794 5152; x_wconf 86' lang='lat' dir='ltr'>saepe</span> <span class='ocrx_word' id='word_1_607' title='bbox 826 5085 1079 5164; x_wconf 88' lang='lat' dir='ltr'>oratoris</span> <span class='ocrx_word' id='word_1_608' title='bbox 1103 5088 1448 5164; x_wconf 76' lang='lat' dir='ltr'>complures</span> <span class='ocrx_word' id='word_1_609' title='bbox 1468 5081 1755 5164; x_wconf 74' lang='lat' dir='ltr'>homilias</span> <span class='ocrx_word' id='word_1_610' title='bbox 1783 5090 1853 5164; x_wconf 87' lang='lat' dir='ltr'>de</span> <span class='ocrx_word' id='word_1_611' title='bbox 1885 5108 2006 5146; x_wconf 91' lang='lat' dir='ltr'>uno</span> <span class='ocrx_word' id='word_1_612' title='bbox 2118 5081 2758 5164; x_wconf 69' lang='grc' dir='ltr'>Πνεῦμα-’Βαὴῑαςοεηιιε</span> <span class='ocrx_word' id='word_1_613' title='bbox 2794 5081 2851 5147; x_wconf 75' lang='lat' dir='ltr'>in</span> <span class='ocrx_word' id='word_1_614' title='bbox 2892 5111 3101 5148; x_wconf 77' lang='lat' dir='ltr'>canone</span> <span class='ocrx_word' id='word_1_615' title='bbox 3133 5081 3425 5162; x_wconf 66' lang='lat' dir='ltr'>(tropar-iOl</span> <span class='ocrx_word' id='word_1_616' title='bbox 3472 5092 3536 5164; x_wconf 62' lang='lat' dir='ltr'>de</span> <span class='ocrx_word' id='word_1_617' title='bbox 3567 5106 3769 5159; x_wconf 67' lang='lat'>77109710</span> 
     </span>
    </p>
   </div>
   <div class='ocr_carea' id='block_1_53' title="bbox 345 5151 3765 5240">
    <p class='ocr_par' dir='ltr' id='par_1_53' title="bbox 345 5151 3765 5240">
     <span class='ocr_line' id='line_1_53' title="bbox 345 5151 3765 5240; baseline 0.003 -35"><span class='ocrx_word' id='word_1_618' title='bbox 345 5151 676 5240; x_wconf 75' lang='lat' dir='ltr'>eodemque</span> <span class='ocrx_word' id='word_1_619' title='bbox 708 5151 1058 5240; x_wconf 80' lang='lat' dir='ltr'>argumento</span> <span class='ocrx_word' id='word_1_620' title='bbox 1096 5157 1194 5240; x_wconf 80' lang='lat' dir='ltr'>vel_</span> <span class='ocrx_word' id='word_1_621' title='bbox 1213 5151 1415 5240; x_wconf 73' lang='lat' dir='ltr'>sancto</span> <span class='ocrx_word' id='word_1_622' title='bbox 1449 5162 1570 5214; x_wconf 91' lang='lat' dir='ltr'>viro</span> <span class='ocrx_word' id='word_1_623' title='bbox 1604 5161 1663 5215; x_wconf 90' lang='lat' dir='ltr'>in</span> <span class='ocrx_word' id='word_1_624' title='bbox 1698 5162 1865 5240; x_wconf 79' lang='lat' dir='ltr'>libris</span> <span class='ocrx_word' id='word_1_625' title='bbox 1898 5165 2003 5240; x_wconf 80' lang='lat' dir='ltr'>ha-</span> <span class='ocrx_word' id='word_1_626' title='bbox 2115 5151 2326 5221; x_wconf 62' lang='lat' dir='ltr'>Basilio</span> <span class='ocrx_word' id='word_1_627' title='bbox 2357 5169 2480 5220; x_wconf 83' lang='lat' dir='ltr'>ait:</span> <span class='ocrx_word' id='word_1_628' title='bbox 2514 5166 2706 5237; x_wconf 80' lang='lat' dir='ltr'>imago</span> <span class='ocrx_word' id='word_1_629' title='bbox 2754 5172 2855 5240; x_wconf 16' lang='lat' dir='ltr'>est,</span> <span class='ocrx_word' id='word_1_630' title='bbox 2888 5166 3078 5220; x_wconf 89' lang='lat' dir='ltr'>Patris</span> <span class='ocrx_word' id='word_1_631' title='bbox 3129 5151 3336 5230; x_wconf 66' lang='lat' dir='ltr'>Filius,</span> <span class='ocrx_word' id='word_1_632' title='bbox 3387 5162 3516 5218; x_wconf 88' lang='lat' dir='ltr'>Filii</span> <span class='ocrx_word' id='word_1_633' title='bbox 3566 5151 3765 5217; x_wconf 60' lang='lat' dir='ltr'>autem</span> 
     </span>
    </p>
   </div>
   <div class='ocr_carea' id='block_1_54' title="bbox 345 5222 3079 5311">
    <p class='ocr_par' dir='ltr' id='par_1_54' title="bbox 345 5222 3079 5311">
     <span class='ocr_line' id='line_1_54' title="bbox 345 5222 3079 5311; baseline 0.005 -34"><span class='ocrx_word' id='word_1_634' title='bbox 345 5222 575 5311; x_wconf 71' lang='lat' dir='ltr'>bemus,</span> <span class='ocrx_word' id='word_1_635' title='bbox 630 5222 805 5294; x_wconf 81' lang='lat' dir='ltr'>prout</span> <span class='ocrx_word' id='word_1_636' title='bbox 861 5242 1062 5311; x_wconf 51' lang='lat' dir='ltr'>a‘nnua</span> <span class='ocrx_word' id='word_1_637' title='bbox 1111 5229 1459 5311; x_wconf 77' lang='lat' dir='ltr'>solemnitas</span> <span class='ocrx_word' id='word_1_638' title='bbox 1504 5232 1866 5311; x_wconf 82' lang='lat' dir='ltr'>recurrebat,</span> <span class='ocrx_word' id='word_1_639' title='bbox 1921 5235 2005 5290; x_wconf 90' lang='lat' dir='ltr'>sic</span> <span class='ocrx_word' id='word_1_640' title='bbox 2116 5240 2309 5311; x_wconf 89' lang='lat' dir='ltr'>imago</span> <span class='ocrx_word' id='word_1_641' title='bbox 2344 5222 2673 5309; x_wconf 48' lang='lat' dir='ltr'>Spiritus;</span> <span class='ocrx_word' id='word_1_642' title='bbox 2706 5240 2801 5292; x_wconf 84' lang='lat' dir='ltr'>Eo.</span> <span class='ocrx_word' id='word_1_643' title='bbox 2838 5239 3079 5292; x_wconf 68' lang='lat' dir='ltr'>PATROL.</span> 
     </span>
    </p>
   </div>
   <div class='ocr_carea' id='block_1_55' title="bbox 344 5294 2002 5366">
    <p class='ocr_par' dir='ltr' id='par_1_55' title="bbox 344 5294 2002 5366">
     <span class='ocr_line' id='line_1_55' title="bbox 344 5294 2002 5366; baseline 0.009 -19"><span class='ocrx_word' id='word_1_644' title='bbox 344 5294 551 5365; x_wconf 89' lang='lat' dir='ltr'>hymni</span> <span class='ocrx_word' id='word_1_645' title='bbox 582 5311 821 5366; x_wconf 91' lang='lat' dir='ltr'>quoque</span> <span class='ocrx_word' id='word_1_646' title='bbox 849 5297 922 5350; x_wconf 92' lang='lat' dir='ltr'>ob</span> <span class='ocrx_word' id='word_1_647' title='bbox 957 5299 1229 5355; x_wconf 89' lang='lat' dir='ltr'>eamdem</span> <span class='ocrx_word' id='word_1_648' title='bbox 1262 5303 1729 5360; x_wconf 88' lang='lat' dir='ltr'>anniversariam</span> <span class='ocrx_word' id='word_1_649' title='bbox 1762 5294 2002 5362; x_wconf 86' lang='lat' dir='ltr'>causam</span> 
     </span>
    </p>
   </div>
  </div>
