4120 6374
399 342 534 400 1371

396 477 2744 506 ______________________~

1921 358 2284 414 ADDENDA.

3680 367 3834 426 i372

2749 500 2876 506 -_-_.
2991 501 3817 511 -~——.--——_..--__-r-‘«—-~—.—_—

1079 628 1616 726 JOANNIS
1680 633 2272 733 MONACHI
2338 641 2772 738 HYMNI
2842 645 3121 740 SEX-

1894 845 2309 859 ᾑ-

883 1020 1182 1075 JOANNIS
1229 1021 1563 1075 MONACHI

642 1108 928 1164 HYMNUS
970 1109 1040 1162 IN
1090 1109 1416 1163 SANCTUM
1458 1109 1810 1165 BASILIUM.

401 1199 569 1268 Cujus
591 1199 788 1267 prima
820 1198 1027 1254 litterae
1056 1215 1074 1251 :
1101 1197 1385 1252 Cantibus
1408 1214 1559 1253 cano
1585 1215 1867 1269 magnum
1891 1201 2053 1256 Basi-

542 1269 711 1323 lium.
749 1269 860 1324 Ode
894 1273 943 1336 1,
975 1271 1154 1325 Sonus
1203 1269 1282 1338 pl.
1332 1272 1382 1322 2.
1430 1272 1600 1324 Maris
1629 1272 1905 1339 ﬂuctibus.

471 1376 556 1430 Ab
589 1375 726 1430 altis
751 1375 916 1431 calis
948 1375 1236 1446 despicito
1256 1392 1385 1443 nos,
1420 1375 1685 1431 divinum
1713 1379 2056 1433 honestum-

401 1482 516 1536 que
543 1471 599 1519 et
633 1481 868 1520 sacrum
892 1472 1106 1536 caput;
1141 1471 1523 1536 mentemque
1553 1483 1742 1539 regas,
1777 1485 1845 1523 ac
1875 1468 2052 1523 vitam

402 1559 671 1608 nostram
695 1569 930 1625 semper
954 1553 1028 1608 ad
1060 1553 1351 1624 optimum
1386 1553 1623 1626 dirigas.

477 1733 557 1786 Tu
613 1732 1047 1800 indesinenter,
1106 1738 1172 1787 ut
1221 1732 1461 1799 Paulus,
1519 1732 1731 1789 avebas
1789 1735 2056 1806 corporis

407 1820 551 1876 solvi
583 1821 874 1876 vinculis:
918 1821 1200 1876 benevole
1232 1838 1388 1889 vero,
1422 1828 1488 1876 ut
1531 1822 1769 1894 benigni
1801 1824 1898 1878 Dei
1933 1841 2054 1879 ser-

409 1924 533 1976 vus,
559 1909 911 1965 existimasti
942 1911 1150 1966 utilius
1179 1916 1383 1966 nostra
1411 1927 1593 1968 causa
1622 1913 1686 1966 in
1709 1928 1887 1968 carne
1918 1930 2056 1984 per-

405 2015 641 2056 manere
650 2042 662 2055 .

479 2089 794 2163 Magnusin
818 2090 1001 2162 signis
1014 2089 1421 2163 prodigiisque
1434 2090 1592 2146 visus
1611 2107 1702 2147 es:
1725 2091 1880 2148 facta
1897 2093 2060 2148 enim

404 2180 733 2236 reverenda
763 2180 1136 2234 invocatione
1159 2181 1290 2251 ejus
1321 2180 1421 2251 qui
1463 2197 1649 2235 areas
1697 2182 1819 2236 orci
1861 2189 2060 2253 portas

403 2269 714 2341 confregit,
744 2274 805 2323 tu
847 2268 1039 2323 ferrea
1087 2268 1372 2339 repagula
1423 2269 1772 2334 contudisti,
1823 2287 2060 2342 quoque

401 2358 705 2414 interdicti
737 2358 973 2412 fuerant
1002 2357 1291 2428 templum
1314 2357 1592 2414 fidelibus
1612 2359 1948 2415 restituisti.

475 2446 758 2502 Cantibus
796 2445 1013 2501 divinis
1059 2445 1394 2501 divinorum
1443 2447 1794 2518 angelorum
1825 2455 2059 2520 oporte-

403 2535 506 2592 bat
537 2535 649 2590 coli
680 2541 858 2606 atque
887 2535 1161 2590 coronari
1194 2540 1354 2590 tuam
1395 2537 1723 2608 angelicam
1769 2539 1971 2606 vitam,
2004 2545 2061 2594 et

405 2626 467 2680 in
498 2625 749 2680 materia
782 2625 1049 2679 materia
1081 2630 1406 2696 expertem,
1440 2642 1620 2696 quam
1653 2627 1713 2682 in
1745 2628 1838 2682 bis
1884 2630 2058 2685 terris

403 2715 621 2770 duxisti
655 2731 774 2768 non
801 2713 975 2768 aliter
1003 2729 1071 2768 ac
1099 2714 1400 2768 terrestris
1429 2715 1695 2788 angelus.

471 2806 742 2875 Deipara.
787 2835 857 2844 —
903 2807 977 2858 Te
1036 2802 1456 2875 praflgurabat
1534 2804 1636 2860 ille
1710 2823 1816 2877 per
1887 2823 2052 2863 mare

398 2893 689 2948 transitus
718 2893 949 2963 antiqui
975 2891 1152 2946 Israel
1184 2909 1198 2958 ;
1232 2909 1370 2947 nam
1403 2893 1716 2950 immadidi
1744 2896 2052 2951 madidum

397 2982 650 3038 fundum
681 2986 1092 3054 peragrarunt,
1127 2981 1282 3036 sicut
1313 2982 1444 3037 sine
1482 2983 1614 3038 labe
1639 2985 1986 3056 concepisti,
2018 3002 2051 3041 0

403 3071 575 3143 Virgo
605 3071 1009 3127 immaculata.

846 3179 958 3235 Ode
986 3180 1086 3234 ΙΠ.
1120 3181 1186 3234 Te
1213 3196 1379 3250 super
1406 3196 1595 3250 aquas.

471 3268 544 3323 Ut
573 3283 815 3338 caperes
847 3273 1035 3322 totum
1067 3276 1286 3324 sancta
1317 3269 1620 3324 Trinitatis
1644 3269 2046 3342 splendorem,

397 3363 500 3413 tuo
523 3359 722 3413 animo
759 3359 1038 3413 omnibus
1069 3360 1324 3415 terrenis
1369 3359 1826 3432 cogitationibus
1870 3360 2049 3414 inter-

397 3449 598 3504 dixisti
625 3466 637 3516 ;
672 3449 831 3504 hunc
847 3449 1164 3505 virtutibus
1196 3450 1452 3506 reddens
1475 3449 1859 3522 splendidum
1890 3449 2052 3506 velut

396 3539 624 3595 clarum
657 3539 1166 3611 purissimumque
1213 3541 1544 3611 speculum.

467 3631 542 3684 Te
570 3629 825 3685 alterum
861 3631 1059 3684 Mosen
1113 3629 1329 3701 adepta
1358 3637 1448 3685 est
1502 3629 1676 3685 turba
1723 3631 2047 3686 monacho-

2075 1007 2130 1074 Α

2647 1014 2948 1069 ΙΩΑΝΝΟΥ
2999 1016 3337 1074 ΜΟΝΑΧΟΥ

2341 1099 2577 1154 ΚΑΝΩΝ
2617 1103 2731 1158 ΕΙΣ
2775 1105 2922 1159 TON
2964 1106 3178 1162 APION
3222 1110 3634 1177 ΒΑΣΙΑΕΙΟΝ,

2158 1184 2236 1244 Οὗ
2269 1189 2302 1256 ἡ
2336 1187 2684 1269 ἀκροστιχίς·
2728 1194 3008 1269 ξᾼσμασιν
3043 1192 3210 1269 Αᾷδω-
3239 1195 3526 1269 Βασίλειον
3584 1197 3676 1251 τὸν
3709 1199 3822 1269 μέ·-

2292 1259 2417 1332 γαν,
2444 1259 2688 1336 ’ῼδῆἏη
2722 1259 2868 1338 ἦχος
2902 1264 2996 1319 πλ.
3137 1266 3350 1339 Κύματι
3382 1267 3677 1339 Θαλάσσης.

2231 1367 2534 1438 Οὐρανόθεν
2590 1372 2679 1446 ἀφ’
2727 1371 2899 1444 ὕψους
2959 1375 3108 1444 ἡμᾶς
3166 1373 3504 1445 ἐποπτεῦοις,
3555 1376 3671 1439 θεία
3724 1380 3820 1432 καῖ

2159 1457 2398 1529 πάντιμε
2457 1459 2545 1513 καὶ
2596 1461 2714 1535 ἱερά
2763 1460 3000 1537 κεφαλήο
3053 1465 3139 1518 καὶ
3193 1465 3541 1528 κατευθύναις
3591 1467 3682 1520 τὸν
3713 1465 3819 1521 λό-

2161 1567 2280 1620 γον,
2327 1548 2417 1602 καὶ
2469 1550 2562 1605 τὸν
2621 1549 2739 1623 βίον
2798 1552 2889 1606 τὸν
2939 1553 3206 1629 ἡμέτερον
3262 1551 3534 1628 ὃιεξάγοις
3587 1555 3822 1611 πάντοτε

2161 1637 2298 1713 πρὸς
2326 1637 2390 1692 τὸ
2421 1637 2886 1716 λυσιτελέστερον.

2236 1733 2310 1781 Συ
2340 1729 2478 1783 κατὰ
2505 1729 2600 1783 τὸν
2630 1729 2849 1786 Παῦλον
2888 1732 2987 1799 τήν
3033 1731 3320 1806 ἰπιθυμίαν
3372 1740 3475 1803 τῆς
3508 1732 3818 1799 ἀναλύσεως

2164 1818 2311 1892 εἶχες
2343 1814 2648 1872 ἀνένδοτον’
2700 1820 2764 1873 τὸ
2808 1823 2878 1891 τῇ
2912 1821 3066 1894 σαρκὶ
3100 1819 3156 1875 δὲ
3188 1821 3514 1896 προσμένειν
3551 1820 3620 1877 δι’
3667 1826 3819 1897 ἡμᾶς

2163 1907 2583 1981 ἀναγκαιότερον
2637 1907 3042 1984 φιλανθρώπως
3094 1906 3328 1986 ἔκρινας,
3377 1913 3453 1974 ὡς
3497 1910 3694 1975 δοῦλος
3726 1936 3816 1988 φι·

2166 1996 2492 2070 λανθρώπου
2519 1995 2672 2053 Θεοῦ.

2238 2087 2424 2160 Μέγας
2473 2085 2525 2140 ἐν
2587 2086 2840 2158 σημείοις
2895 2088 3233 2163 καὶτάρασιν
3291 2084 3502 2166 ὤφθηςο
3561 2096 3660 2146 τοῦ
3714 2093 3815 2168 γὰρ

2164 2175 2459 2250 τρίψοντος
2499 2175 2676 2238 πύλας
2721 2181 2820 2230 τοῦ
2877 2174 3009 2247 ᾅδου
3059 2177 3275 2252 χαλκᾶς
3323 2183 3393 2254 τῇ
3445 2175 3652 2255 φοϐερᾷ
3697 2180 3813 2236 ἐπι-

2165 2263 2360 2334 κλήσει
2416 2262 2678 2340 σιδηροῦς
2743 2267 2999 2341 μοχλοῦς
3055 2267 3412 2334 συνέθλασας,
3467 2269 3558 2325 καὶ
3607 2275 3822 2332 πιστοῖς

2090 2365 2138 2429 Β
2166 2351 2452 2418 ἀπέδωκας
2481 2356 2608 2409 ναὸν
2641 2357 2700 2410 ’ὸν
2732 2355 3098 2431 ἀφῃρέθησαν.

2237 2450 2506 2518 ’ᾼτμασιν
2553 2443 2746 2508 ἀΰλοις
2800 2443 2986 2501 ὰῦλων
3043 2446 3296 2521 ἀγγέλων
3339 2445 3452 2502 ἔδει
3477 2449 3817 2524 γεραίρεσθαι

2159 2537 2249 2593 καὶ
2302 2537 2724 2614 καταστέφεσθαί
2775 2558 2877 2591 σου
2908 2537 2999 2592 τὸν
3035 2535 3326 2611 ἷσάγγελον
3389 2538 3534 2612 βίον,
3595 2539 3685 2594 καὶ
3714 2541 3812 2608 τὴν

2160 2624 2328 2682 ἄϋλον
2359 2625 2412 2681 ἐν
2446 2624 2551 2701 ὕλῃ
2589 2627 2758 2696 ζωὴν,
2790 2625 2854 2694 ἢν
2888 2624 2942 2680 ἐν
2971 2629 3042 2702 γῇ
3074 2628 3440 2702 κατώρθωσας
3471 2628 3547 2692 ὡς
3579 2625 3813 2704 ἄγγελος

2158 2714 2416 2791 ὶπίγειος.

2229 2804 2540 2860 Θεοτόκιον.
2577 2837 2640 2846 —-
2684 2804 2756 2859 Σὲ
2803 2803 3209 2881 προεζιυγράφει
3259 2807 3295 2874 ἡ
3347 2803 3398 2860 ἐν
3441 2809 3512 2880 τῇ
3563 2803 3804 2879 θαλάσσῃ

2155 2893 2328 2961 ἐκείνη
2399 2889 2646 2956 διάϐασις
2712 2898 2812 2948 τοῦ
2869 2891 3111 2950 παλαιοῦ
3195 2893 3439 2968 Ἰσραήλ·
3525 2893 3616 2949 καὶ
3701 2894 3802 2969 γὰρ

2154 2983 2360 3045 ἐκεῖνος
2381 2978 2642 3058 ἀϐρόχως
2671 2985 2764 3038 τὸν
2797 2984 2958 3058 ὑγρὸν
3006 2983 3168 3058 βυθὸν
3201 2982 3500 3052 ἐπέζευσεν,
3535 2984 3612 3045 ὡς
3662 2984 3793 3057 αὐτῇ

2153 3075 2482 3150 γεγέννηκας
2512 3076 2788 3148 ἀσπορως,
2819 3075 3177 3149 ὑπεράμιυμε.

2550 3178 2680 3260 ’ῼδή
2713 3182 2784 3236 ῐ“.
2821 3181 2890 3236 Σὶ
2919 3185 3027 3235 τῶν
3061 3180 3149 3236 ἐπὶ
3183 3179 3414 3237 ὑδάτων.

2228 3272 2364 3345 [Ἵνα
2397 3274 2456 3345 χ]
2489 3273 2711 3344 ωρήσῃς
2769 3273 2846 3344 (1)
2899 3270 3037 3340 ὅλην
3065 3273 3164 3339 τήν
3211 3269 3491 3345 ἔλλαμψιν
3524 3279 3624 3340 τῆς
3652 3269 3802 3345 ἁγίας

2155 3357 2408 3437 Τριάδος,
2441 3360 2715 3435 ἐχώρισας
2771 3360 2862 3414 τὸν
2905 3365 3029 3414 νοῧν
3062 3382 3159 3415 σου
3188 3360 3365 3432 πάσης
3421 3359 3670 3423 ὑλώδους
3711 3359 3802 3434 ἆμ-

2157 3452 2364 3527 φάσεως
2400 3469 2413 3480 °
2474 3450 2690 3526 ἀρεταῖς
2750 3444 3088 3512 ὲστίΛϐωσας
3147 3456 3340 3506 τοῦτον
3398 3451 3474 3512 ὡς
3543 3448 3800 3526 ἔσοπτρον

2157 3538 2370 3615 διαυγὲς
2392 3539 2481 3594 καὶ
2503 3539 2909 3614 καθαρώτατον.

2227 3630 2363 3686 Νέον
2394 3633 2452 3683 σὲ
2481 3628 2711 3684 Μωΰσέα
2767 3629 3038 3704 εὐτυχησε
3082 3633 3192 3683 τῶν
3228 3635 3511 3701 μοναστῗ-ιι
3570 3630 3635 3684 τὸ
3695 3627 3802 3684 στίο

396 3736 572 3774 rum:
616 3724 748 3774 tuos
793 3735 1100 3774 sermones
1140 3718 1388 3790 perinde
1418 3734 1488 3774 ac
1536 3718 1766 3774 divinas
1813 3719 2048 3792 regulas

2183 3718 2430 3782 ›ος’τοὺς
2458 3718 2592 3780 σοὺς
2624 3718 2784 3773 αὐτοὶ
2828 3717 3027 3794 λόγους
3085 3719 3159 3780 ὡς
3212 3720 3393 3784 θείους
3420 3719 3626 3792 νόμους
3680 3739 3802 3774 κατο

397 3809 680 3877 retinent,
730 3814 912 3880 utque
961 3808 1243 3864 Mosaicas
1295 3807 1526 3864 tabulas
1562 3814 1663 3864 tua
1707 3809 1928 3881 scripta
1973 3809 2045 3864 de

399 3899 656 3957 ascetica
677 3899 814 3954 vita.

465 3991 604 4044 Sine
635 3989 928 4060 principio
961 3991 1217 4054 Patrem,
1252 3994 1432 4060 atque
1466 3989 1702 4056 Filium,
1745 3995 2047 4046 sanctum-

396 4097 510 4152 que
542 4080 826 4151 Spiritum
859 4079 1271 4150 pradicavisti,
1306 4085 1364 4135 et
1392 4079 1464 4134 de
1491 4096 1611 4135 una
1643 4081 1821 4136 trium
1854 4097 2053 4151 perso-

396 4187 610 4227 narum
643 4169 1138 4226 consubstantiali
1158 4169 1463 4224 divinitate
1494 4169 1830 4225 disseruisti
1856 4187 1869 4237 ;
1893 4186 2049 4225 unus

399 4262 562 4316 enim
594 4262 749 4315 Deus
780 4265 870 4315 est
891 4265 1096 4314 sancta
1126 4259 1399 4315 Trinitas.

473 4349 827 4407 Orthodoxis
868 4348 1046 4404 ﬁdem
1095 4348 1493 4404 corroborasti
1526 4349 1884 4421 sapientium
1909 4365 2050 4420 apo-

400 4441 728 4504 stolorum;
764 4455 1016 4510 quorum
1047 4437 1532 4511 praedicationem
1563 4439 1767 4510 impiis
1814 4438 2052 4494 vocibus

399 4529 804 4599 impugnatam
827 4526 1178 4592 obﬁrmasti,
1210 4544 1243 4581 o
1269 4526 1466 4581 Basili.

468 4624 816 4692 Deipara.—
841 4619 1163 4692 Splendida
1193 4618 1344 4674 lucis
1373 4619 1565 4674 nubes
1596 4636 1666 4674 ex
1696 4619 1816 4674 iliis
1847 4620 1985 4686 tuis,
2017 4637 2049 4688 ο

404 4714 595 4786 Virgo,
649 4710 954 4766 suscitavit
1001 4709 1189 4764 solem
1237 4708 1462 4777 gloria,
1510 4707 1928 4780 splendoribus
1960 4709 2049 4764 in-

401 4808 616 4860 creata
674 4799 1021 4866 divinitatis,
1081 4797 1245 4851 omni
1308 4802 1594 4852 creatura
1641 4804 2049 4869 apparentem,

401 4891 791 4962 fraudemque
832 4886 1155 4960 impietatis
1186 4885 1514 4940 tollentem.

797 4997 910 5052 Ode
955 4997 1048 5052 IV.
1082 4994 1315 5048 Audiuit
1335 5010 1648 5064 perversus.

2157 3809 2365 3885 ἔχουσι’
2405 3810 2700 3872 Μωσαῒκάς
2770 3809 2844 3870 ὡς
2899 3806 3115 3872 πλὰκας
3173 3805 3231 3863 δὶ
3285 3808 3352 3863 τὰ
3409 3808 3806 3885 συγγράμματα

2154 3901 2220 3954 τὰ
2250 3900 2386 3974 πρὸς
2420 3903 2645 3968 ἀσκησιν
2677 3896 2993 3971 ἁλείφοντα.

2229 3990 2504 4064 Ἀναρχον
2556 3988 2650 4043 τὸν
2711 3989 2944 4063 Πατέρα,
3005 3986 3346 4062 συνανάριχον
3398 3989 3496 4041 τὸν
3539 3988 3688 4056 Υἱὸν,
3718 3986 3805 4042 καὶ

2155 4080 2219 4134 τὸ
2252 4083 2472 4150 Πνεῦμα
2522 4077 2807 4151 ἐκήρυξας·
2869 4077 2961 4132 καὶ
3025 4079 3151 4150 μίαν
3209 4081 3319 4131 τῶν
3349 4081 3522 4151 τριῶν-
3574 4077 3805 4132 ὁποστάο

2159 4189 2294 4224 σεων
2355 4169 2577 4244 ὁμοφυῆ
2636 4167 2866 4236 θεότητα
2922 4164 3280 4241 ιθεολόγησα.
3341 4167 3422 4228 εἷς.
3476 4165 3723 4241 Θεὸςγὰρ
3771 4166 3802 4234 ἡ

2158 4256 2283 4334 ἁγία
2314 4258 2505 4331 Τριάς.

2231 4346 2419 4403 Πίστιν
2475 4341 2784 4419 ὁρθοδόεοις
2845 4344 3131 4421 ὲκράτυνας
3190 4349 3296 4399 τῶν
3348 4349 3528 4422 σοφῶν
3576 4344 3806 4398 ἀποστό·

2161 4435 2294 4492 λωνο
2328 4437 2391 4490 τὸ
2445 4437 2701 4510 κήρυγμα
2747 4431 2804 4488 δὲ
2833 4439 2996 4490 τοῦτο
3033 4436 3143 4496 ιέῖς
3173 4435 3438 4498 ἀντιθέοις
3491 4434 3804 4511 κηρύγμασι

2159 4522 2631 4600 πολιορκούμενον
2663 4523 3092 4600 κατωχύρωσας,
3126 4524 3398 4582 Baro-{Asia

2218 4617 2544 4671 Θεοτόκιον.
2580 4620 2731 4670 -Ἡ
2787 4619 2885 4670 τοῦ
2951 4615 3130 4693 φωτὺς
3187 4613 3384 4688 νεφέλη
3449 4611 3718 4668 ἀνέτειλεν
3750 4613 3804 4667 ἐκ

2161 4702 2412 4780 λαγόνων
2471 4725 2589 4770 σου,
2646 4704 2820 4779 Κόρη,
2877 4704 2972 4759 τὸν
3022 4703 3185 4773 ἥλιον
3241 4711 3342 4772 τῆς
3400 4701 3583 4774 δόξης,
3617 4702 3802 4775 αὐγαῖς

2163 4794 2422 4848 ἀκτίστου
2477 4795 2736 4859 θεότητος
2772 4837 2785 4863 ,
2844 4814 2988 4867 πασῃ
3043 4797 3112 4867 τῇ
3170 4795 3342 4848 κτίσει
3400 4792 3663 4871 φανέντα,
3719 4789 3803 4846 καὶ

2163 4882 2492 4959 ἀφανίσαντα
2520 4883 2618 4952 τήν
2653 4883 2863 4954 ἀπάτην
2893 4890 2990 4953 τῆς
3023 4882 3340 4955 ἀθεότητος.

2558 4988 2686 5068 ᾨδή
2719 4995 2789 5046 Δ’.
2817 4991 3077 5061 Ἀκήκοεν
3103 4991 3130 5044 ὁ
3154 4990 3415 5064 πονηρός.

471 5085 983 5156 Quemadmodum
1003 5084 1162 5158 regio
1189 5083 1372 5155 pallio
1403 5085 1553 5138 sacri
1577 5084 1868 5140 sacerdoti
1892 5086 2049 5143 chla-

2240 5081 2525 5140 Βασέλειον
2577 5081 2652 5141 ὡς
2687 5077 2948 5155 χλαμύδα
3004 5082 3104 5148 τῆς
3161 5079 3304 5144 θείας
3361 5078 3665 5154 ἱερωσύνης
3717 5077 3812 5145 τὴν

397 5182 571 5254 myde
619 5179 864 5234 indutus
921 5181 1096 5247 atque
1165 5180 1396 5230 erectus
1453 5176 1782 5246 apparuisti
1849 5193 2049 5232 coram

395 5269 720 5335 tribunali;
749 5268 879 5322 visu
916 5266 1185 5321 turbatus
1231 5265 1362 5332 fuit,
1397 5264 1458 5320 in
1517 5266 1690 5322 corde
1740 5266 2051 5338 perculsus

393 5359 510 5416 fuit
541 5356 993 5414 crudelissimus
1025 5355 1368 5425 imperator.

468 5448 726 5505 Audenti
759 5445 1012 5518 Spiritus
1044 5443 1233 5498 sancti
1276 5449 1554 5499 naturam
1600 5445 1856 5500 maxime
1883 5460 2054 5499 vene-

398 5539 647 5594 randam
704 5550 946 5608 negare,
979 5541 1044 5588 tu
1083 5531 1189 5586 tibi
1219 5533 1346 5604 ipse
1386 5532 1542 5587 male
1598 5533 1828 5604 precari
1859 5531 2040 5587 susti-

2162 5168 2424 5226 διπλοῖδα
2464 5164 2910 5241 ἀναϐεϐλημένον
2971 5189 3026 5221 σε
3075 5169 3161 5222 καὶ
3197 5165 3380 5234 ὄρθιον
3436 5167 3810 5238 ἀνεστήλωσας

2160 5262 2320 5317 αὐτὸν
2355 5261 2460 5335 πρὸ
2491 5263 2587 5315 τοῦ
2628 5259 2878 5334 βήματος
2911 5302 2924 5326 ,
2980 5254 3112 5313 ἰδὼν
3175 5254 3464 5326 διεσείσθη,
3496 5256 3591 5318 τὰς
3624 5257 3814 5330 φρένας

2162 5352 2431 5424 ἐξεπλάγη
2469 5348 2726 5424 βασιλεὺς
2755 5349 2781 5401 ὁ
2814 5349 3194 5419 ἀνομώτατος.

2239 5443 2398 5496 Κάτω
2431 5441 2531 5508 τήν
2556 5434 3001 5516 φρικωδεστάτην
3055 5440 3152 5490 τοῦ
3211 5442 3524 5508 Πνευματος
3573 5435 3812 5491 ἐκπεσεῖν

2165 5551 2309 5607 φημι
2357 5533 2454 5583 τοῦ
2512 5527 2714 5603 ἁγίου,
2774 5530 2981 5597 σεαυτῷ
3038 5524 3336 5602 ἐῦαῤῥησάς
3392 5527 3704 5600 ἀράσασθαι·
3770 5523 3813 5578 εί

469 5716 546 5788 (1)
577 5713 681 5769 Hic
713 5717 771 5768 et
799 5709 942 5766 alibi
973 5709 1208 5766 codices
1233 5707 1468 5781 pagina
1499 5709 1687 5764 cuitro
1721 5708 2040 5765 decurtata
2072 5707 2511 5780 aliquantulum
2563 5707 2824 5764 fuerunt.
2853 5705 3068 5762 Confer
3115 5712 3315 5762 tamen
3359 5704 3536 5776 infra,
3579 5722 3635 5778 p.
3688 5708 3809 5762 7l9.
