4120 6410
351 388 492 446 1373

1590 389 1891 443 HYMNUS
1927 389 2003 443 1N
2039 392 2099 445 8.
2138 392 2500 450 BASILIUM.

3630 405 3767 462 1374

350 511 426 583 μή
462 514 707 572 συνπτῶς
744 508 878 583 μετὰ
930 506 1139 583 Πατρὸς
1190 508 1281 562 καὶ
1312 508 1441 563 rio?»
1472 508 1547 569 ὡς
1595 506 1749 584 φύσει
1795 507 1978 579 ὁμότι-

2116 513 2321 581 nuisti,
2354 518 2469 572 nisi
2501 522 2923 577 convenienter
2970 541 3106 580 cum
3159 527 3330 580 Patre
3381 531 3438 579 et
3495 526 3639 582 Filio
3698 532 3764 582 ut

351 622 453 674 μον
479 600 583 675 [λέ]
620 621 713 674 γοι
744 599 904 663 ςαὺτὸ
936 598 999 653 τὸ
1032 600 1254 671 Πνεῦμα
1284 598 1373 651 καὶ
1417 598 1487 659 ὡς
1522 595 1845 671 ὁμοοὺσιον.

422 777 631 857 Σοφίας
658 779 745 834 καὶ
809 776 1121 851 ἐπιστήμης
1180 774 1422 849 ἐκράτεις
1476 774 1556 847 τῷ
1591 775 1835 850 περιόντι
1890 778 1998 830 τῶν

352 870 691 944 μετεχόντων
718 874 820 937 τῆς
850 868 1024 937 αὐτῆς
1055 864 1302 928 παιδείας
1340 865 1426 935 σὺ,
1460 863 1734 920 Βασίλειε·
1768 868 1864 919 σοῦ
1896 864 1998 939 γὰρ

348 961 485 1034 πρὸς
514 961 606 1015 τὸν
640 957 845 1034 δρόμον
879 959 967 1013 καὶ
1027 959 1119 1013 τὸν
1173 958 1376 1029 τρόπον
1436 955 1589 1011 αὐτοὶ
1643 955 1800 1026 πεζοὶ
1854 957 1999 1030 παρά

346 1047 545 1104 Λὺδιον
572 1051 720 1124 ἅρμα
749 1046 970 1104 ἐδόκουν
998 1050 1237 1124 τρέχειν,
1268 1046 1365 1102 κᾶν
1387 1044 1699 1123 συντρέχειν
1727 1042 1921 1119 ᾤοντο.

421 1229 625 1291 Ἰθόνας
649 1227 829 1300 ὥσπερ
888 1225 1097 1284 ὁλκάδα
1127 1226 1315 1290 δεινῶς
1364 1224 1844 1299 κλυδωνιζομένην
1892 1228 1993 1296 τὴν

342 1316 673 1395 Ἐκκλησίαν
704 1323 783 1389 τῷ
814 1315 1038 1392 σφοδρῷ
1090 1322 1326 1392 χειμῶνι
1384 1321 1491 1371 τῶν
1548 1316 1823 1388 αἱρέσεων,
1857 1316 1993 1389 πρὸς

336 1405 656 1480 ἀρθοδοξίας
689 1406 862 1483 ὅρμον
896 1405 1160 1463 ἄκλυστον
1191 1411 1291 1461 τοῦ
1313 1404 1593 1470 κλύδωνος
1618 1413 1719 1475 τῆς
1751 1401 1995 1471 ἀσεϐείας

348 1496 561 1573 ἐρῥύσω
590 1498 812 1568 ταύτην,
848 1495 989 1552 οἷάκι
1020 1502 1128 1552 τῶν
1164 1495 1344 1572 λόγων
1375 1516 1491 1551 σου.

413 1674 723 1730 Θεοτόκιον.
781 1708 851 1718 —
908 1674 1240 1751 Ἑξαλείφειν
1299 1675 1569 1750 ἁμαρτίας
1617 1674 1645 1727 ὁ
1700 1669 1992 1745 δυνάμενος

340 1764 498 1838 μόνῳ
528 1767 773 1839 νεύματι,
805 1766 905 1834 τὴν
951 1764 1193 1839 μεγάλην
1225 1764 1493 1838 ἁμαρτίαν
1527 1768 1623 1818 τοῦ
1671 1767 1866 1817 πιστοῦ
1894 1784 1991 1838 γυ-

332 1854 493 1910 ναίου
526 1856 797 1930 ἐξήλειψε·
855 1855 945 1911 καὶ
994 1860 1103 1909 τῶν
1158 1856 1417 1909 πάντοθεν
1476 1853 1639 1909 αὑτοῦ
1695 1858 1871 1907 κακῶν
1907 1851 1993 1907 διὰ

338 1949 439 2000 σοῦ
470 1942 633 2019 ἄκραν
668 1943 1048 2000 κατεσκέδασεν
1082 1944 1501 2018 ἀμνημοσύνην.

624 2079 752 2158 ᾨδή
788 2082 861 2138 Ε’.
895 2084 986 2152 Τῷ
1017 2077 1299 2153 συνδέσμῳ
1327 2086 1427 2149 τῆς
1456 2080 1697 2153 ἀγάπης.

404 2187 545 2244 Ἴσον
578 2187 772 2249 πάντες
804 2187 940 2242 κατά
969 2186 1137 2260 λόγον
1169 2188 1361 2261 ἀρετὴν
1394 2186 1450 2242 τέ
1471 2209 1567 2241 σου
1598 2185 1978 2241 ἀπελείποντο·

320 2276 562 2346 οὐρανοῦ
620 2276 906 2351 καθάπερ,
973 2282 1199 2351 μάκαρ,
1265 2284 1365 2345 τῆς
1443 2278 1658 2338 ἀκτῖνος
1740 2276 1981 2346 ἡλιακῆς

314 2366 569 2441 ἀτεχνῶς
600 2367 651 2421 οἱ
702 2367 1044 2441 πανταχόθεν
1098 2367 1233 2440 πρὸς
1288 2366 1423 2422 αὑτά
1484 2364 1797 2440 βλέποντες·
1860 2363 1982 2439 ὕψει

320 2456 609 2519 πολιτείας
642 2458 744 2532 γὰρ
779 2455 1010 2533 οὐρανὸς
1041 2454 1254 2527 ὤφθης.

402 2635 652 2710 Οὐρανίῳ
684 2634 811 2707 θείῳ
866 2633 1035 2709 ἄρτῳ,
1099 2633 1298 2707 ὑψηλῷ
1357 2654 1452 2688 σου
1501 2631 1671 2709 λόγῳ,
1706 2632 1977 2703 Βασίλειε,

322 2725 503 2797 Λόγος
529 2726 690 2800 ἄρτος
720 2726 820 2799 γὰρ
852 2723 1119 2799 ἀγγέλων,
1151 2720 1452 2799 διατρέφεις
1485 2723 1665 2797 ψυχὰς
1712 2724 1980 2787 πεινώσας

321 2815 480 2885 Θεὸν,
523 2814 612 2870 καὶ
645 2813 974 2883 ἐκζητούσας
1010 2812 1219 2889 τροφὴν
1251 2811 1313 2865 οὐ
1351 2810 1593 2889 ῥέουσαν,
1625 2811 1845 2884 μᾶλλον
1880 2813 1974 2884 μὲν

326 2905 422 2961 οὗν
461 2902 726 2977 μένουσαν
753 2902 827 2965 εἷς
848 2903 936 2957 τὸν
965 2901 1155 2959 αἰῶνα.

401 2996 592 3068 [Πεπν]
619 2994 789 3055 ευκὼς
821 2990 950 3046 εἶ’σω
978 2992 1067 3046 καὶ
1109 2991 1331 3053 σύννους
1383 2990 1449 3045 τὰ
1498 2989 1704 3058 πολλὰ,
1742 2994 1975 3065 τρισμά-

323 3104 452 3159 καρ,
511 3079 749 3144 ἐδείκνυς
806 3082 905 3148 τήν
941 3080 1139 3150 ἐσθῆτα
1188 3082 1275 3134 καὶ
1336 3082 1435 3149 τὴν
1499 3081 1700 3155 βρῶσιν
1753 3079 1977 3148 εὐτελὴς

320 3172 407 3227 ἀεὶ
439 3171 528 3227 καὶ
562 3167 871 3239 λιτότατος,
905 3168 1089 3245 ὠχρὸς
1112 3170 1175 3224 τὸ
1208 3166 1368 3240 εἶδες,
1394 3168 1589 3241 σεμνὸς
1621 3191 1682 3224 το
1715 3166 1974 3245 βάδισμα,

316 3263 630 3331 σιωπηλὸς,
667 3261 966 3335 πρόχειρος
999 3259 1123 3334 περὶ
1154 3260 1244 3314 τὸν
1276 3258 1457 3335 λόγον.

396 3352 684 3408 Θεοτόκιον
718 3393 731 3405 .
793 3384 862 3392 -
919 3351 1031 3418 Τήν
1086 3350 1271 3424 ψυχὴν
1328 3348 1641 3423 ἀγιασθεῖσα
1676 3394 1689 3419 ,
1771 3351 1861 3405 καὶ
1917 3351 1979 3404 τὸ

317 3446 485 3514 σῶμα
544 3440 1001 3512 προκαθαρθεῖσα,
1062 3438 1260 3510 σεμνὴ,
1320 3437 1645 3501 ἐπελθόντος
1672 3460 1769 3494 του
1821 3438 1980 3514 ἁγίου

316 3527 407 3582 ἐπὶ
473 3528 570 3596 σὲ,
629 3530 962 3597 πανάμωμε,
1022 3524 1361 3597 ῙΙνεὺματος,
1420 3528 1518 3594 τήν
1576 3532 1673 3580 τοῦ
1730 3528 1981 3600 Ὑψίστου

318 3612 545 3688 ἄπειρον
574 3612 801 3686 δύναμιν
836 3612 921 3666 σοὶ
956 3612 1342 3669 ἐπισκιάσασαν
1372 3613 1737 3686 καθυπεδέξω.

862 3747 990 3829 ᾮδή
1029 3752 1089 3820 ζ’.
1141 3757 1243 3805 Συν
1253 3751 1439 3827 εχέθη.

404 3859 739 3939 Ὀρθοδόξων
772 3861 898 3918 ἀλλ’
949 3862 1013 3917 οὑ
1044 3860 1356 3932 κακοδόζων
1414 3861 1709 3935 πρόμαχος
1758 3856 1978 3935 ἄμαχος

330 3954 533 4031 ὀφθεὶς,
563 3955 663 4022 τὴν
696 3952 926 4029 πυρίνην
957 3951 1206 4028 γλῶσσαν
1268 3953 1340 4013 ὡς
1383 3950 1652 4027 ῥομφαίαν
1709 3950 1976 4026 φλογερὰν

327 4042 519 4119 ἐκχέας
557 4088 570 4113 ,
623 4042 916 4113 ἐξεναντίας
972 4048 1081 4097 τῶν
1154 4043 1368 4116 ἐχθρῶν
1459 4041 1823 4103 συνέκλεισας·
1882 4045 1978 4095 τοῦ

320 4134 485 4209 ἀέρος
518 4131 575 4189 δὲ
604 4138 701 4203 τῆς
734 4133 975 4204 ἐξουσίας
1017 4132 1109 4188 τὸν
1158 4134 1353 4208 πικρὸν
1413 4129 1655 4206 ἄρχοντα
1703 4129 1973 4205 κατέτρω-

324 4243 418 4284 σας
443 4223 495 4276 ἐν
528 4224 668 4297 αὐτῇ
700 4228 820 4287 τοῖς
847 4225 946 4291 τῆς
973 4222 1250 4283 ἀπειθείας
1284 4221 1602 4295 ἐνεργοῦντα
1634 4221 1795 4281 υἱοῖς.

394 4313 748 4384 Νοουμένων,
798 4311 923 4367 ἀλλ’
965 4311 1025 4366 οὑ
1064 4311 1440 4387 βλεπομένων,
1487 4309 1861 4383 ἐλπιζομένων
1897 4308 1973 4377 δὲ,

324 4407 507 4479 σαφῶς
567 4403 856 4464 ὑπόστασις
896 4406 930 4471 ἡ
976 4402 1177 4464 πίστις·
1238 4401 1305 4472 ἢν
1362 4401 1424 4454 σὺ
1471 4402 1808 4473 κτησάμενος
1865 4406 1973 4457 τῶν

327 4491 711 4567 βλεπομένων,
770 4491 842 4553 ὡς
900 4490 1208 4564 λυομένων,
1259 4495 1536 4565 νουνεχῶς
1596 4489 1876 4567 ἡλόγησας
1904 4496 1971 4566 τῇ

319 4578 491 4657 ἐφέσει
522 4586 628 4636 τῶν
667 4584 744 4655 μὴ
783 4580 1163 4656 βλεπομένων·
1196 4582 1264 4636 τὰ
1288 4581 1389 4656 γὰρ
1446 4579 1757 4656 βλεπόμενα
1798 4582 1969 4658 πρόσ-

322 4692 483 4745 καιρα
512 4671 601 4725 καὶ
634 4670 847 4745 ῥευστὰ,
878 4672 946 4726 τά
976 4667 1033 4725 δὲ
1066 4672 1143 4743 μὴ
1181 4669 1493 4744 βλεπόμενα
1524 4669 1739 4729 αἲώνια.

400 4760 805 4838 Μεγαλόφρων,
858 4759 986 4816 ἀλλ’
1040 4762 1103 4815 οὑ
1160 4762 1558 4839 ταπεινόφρων,
1602 4757 1787 4837 ὤφθης
1843 4767 1976 4817 Θεοῦ

326 4858 721 4927 προπολεμῶν,
756 4854 944 4907 ὁπᾶσι
1004 4850 1071 4906 δι’
1127 4851 1330 4906 ἐκεῖνον
1391 4853 1825 4925 παπεινοῦμενος
1883 4854 1971 4906 καὶ

326 4943 711 5017 προσπίπτων·
763 4940 855 4995 καὶ
913 4942 1015 5015 γὰρ
1078 4940 1340 5016 ὑπάρχων
1394 4941 1595 5011 κτίσμα
1635 4944 1789 5008 Θεοῦ,
1826 4941 1977 5013 ὅμως

320 5031 412 5085 καὶ
466 5033 597 5093 Θεὸς
653 5034 791 5085 εἶναι
870 5031 1292 5103 κεκελευσμένος
1330 5074 1343 5100 ,
1422 5030 1655 5091 ἀπείπας
1722 5029 1974 5102 κτίσματι

316 5125 639 5192 προσκυνεῖν
701 5120 774 5181 ὡς
832 5124 991 5191 Θεῷ·
1038 5122 1167 5181 Θεὸς
1227 5122 1329 5195 γὰρ
1392 5121 1419 5174 ὁ
1477 5118 1699 5189 κτίστης
1759 5118 1974 5173 πάντων

319 5206 596 5271 ἄκτιστος.

397 5300 484 5355 Ἐν
512 5297 592 5371 τῷ
618 5296 895 5372 πράττειν,
954 5296 1082 5352 ἀλλ’
1136 5298 1239 5352 οὑκ
1286 5295 1338 5352 ἐν
1381 5302 1460 5370 τῷ
1491 5295 1693 5373 λέγειν,
1755 5296 1972 5371 μᾶλλον

321 5384 482 5449 είδὼς
511 5390 610 5457 τήν
644 5387 860 5462 ἀρετήν·
891 5388 981 5440 καὶ
1036 5386 1139 5461 γὰρ
1194 5387 1470 5460 ἀπράκτου
1504 5382 1675 5460 λόγου
1705 5394 1974 5461 κρεῖσσον,

318 5477 391 5537 ὥς
422 5499 609 5554 φησιν,
643 5474 859 5553 ἄφωνον
891 5472 1073 5551 ἔργον·
1127 5476 1193 5531 τὰ
1237 5476 1473 5531 πλεῖστα.
1517 5477 1765 5550 πράττων
1800 5478 1833 5546 ἢ
1873 5500 1975 5550 μα-

320 5569 453 5632 θὼν,
504 5563 798 5629 ἐδίδασκες·
838 5566 866 5620 ὁ
898 5567 1133 5635 ποιήσας
1194 5565 1320 5639 γὰρ,
1377 5566 1488 5620 είτα
1548 5558 1786 5639 διδάξας,
1820 5569 1977 5631 οὗτος

325 5654 661 5725 κληθήσεται
719 5654 885 5729 μέγας
929 5655 983 5709 ἐν
1028 5654 1301 5730 οὐρανοῖς,
1348 5656 1377 5707 ὅ
1422 5660 1529 5709 τῶν
1585 5655 1825 5731 οὐρανῶν
1875 5658 1973 5731 βα-

330 5746 515 5809 σιλεὺς
564 5743 803 5821 εἴρηκεν.
864 5748 1059 5813 (Deest
1098 5751 1252 5802 Θεοτ.
1302 5753 1360 5803 et
1401 5747 1528 5803 Odm
1580 5748 1692 5803 VII.
1748 5749 1974 5825 echus.)

2078 610 2293 660 natura
2323 610 2449 678 pari
2483 611 2708 669 honore
2742 615 3020 671 affectum
3068 623 3124 670 et
3173 617 3749 674 consubstantialem

2112 694 2395 765 Spiritum
2430 708 2701 758 sanctum
2732 706 3117 775 proﬁtereris.

2114 858 2119 863 ἡ
2183 788 2296 841 Per
2321 792 2675 861 sapientiam
2727 799 2902 863 atque
2956 795 3287 862 scientiam,
3340 813 3372 850 o
3406 796 3604 864 Basili,
3639 813 3767 851 om-

2109 894 2216 932 nes
2248 881 2569 953 participes
2602 883 2871 953 ejusdem
2916 885 3312 939 institutionis
3362 885 3550 939 vicisti
3582 905 3595 953 ;
3630 900 3769 940 nam

2109 970 2436 1025 secundum
2468 977 2637 1027 tuum
2668 990 2908 1028 cursum
2938 980 2994 1027 et
3026 980 3157 1028 tuos
3192 991 3409 1038 mores,
3446 974 3531 1028 illi
3567 980 3632 1028 ut
3664 992 3769 1045 pe-

2108 1056 2259 1113 dites
2307 1059 2380 1113 ad
2440 1062 2686 1133 Lydium
2738 1080 2979 1117 currum
3034 1063 3323 1117 cursitare
3383 1062 3761 1122 videbantur:

2106 1150 2377 1217 quamvis
2415 1157 2467 1205 te
2502 1153 2667 1222 sequi
2702 1169 2873 1223 posse
2905 1153 3333 1207 existimarent.

2178 1242 2491 1310 Postquam
2526 1240 2793 1295 direxisti
2844 1247 2908 1294 ut
2961 1258 3191 1307 navem,
3244 1240 3754 1312 Ecclesiam,gra-

2104 1329 2251 1383 viter
2307 1331 2585 1401 agitatam
2639 1330 2974 1384 vehementi
3034 1331 3338 1384 hmreseon
3380 1336 3757 1400 tempestate,

2106 1421 2167 1474 in
2198 1421 2536 1475 orthodoxa:
2558 1421 2693 1476 fidei
2715 1426 2948 1491 portum
2971 1426 3163 1475 tutum
3190 1436 3224 1474 a
3254 1420 3532 1489 procellis
3554 1420 3767 1491 impie-

2105 1512 2265 1577 tatis,
2309 1527 2652 1565 sermonum
2700 1518 2939 1565 tuorum
2979 1509 3148 1579 quasi
3194 1508 3594 1580 gubernaculo
3647 1508 3760 1562 du-

2101 1600 2259 1654 xisti.

2178 1690 2443 1759 Deiparaz.
2478 1720 2544 1728 —
2604 1689 2711 1755 Qui
2770 1693 2965 1760 potest
3022 1686 3145 1742 solo
3204 1690 3353 1740 nutu
3410 1684 3752 1739 oblitterare

2104 1786 2344 1850 peccata
2366 1795 2537 1851 grave
2571 1778 2766 1835 fidelis
2808 1778 3045 1832 feminas
3094 1780 3402 1848 peccatum
3447 1772 3756 1827 oblittera-

2103 1869 2203 1937 vit,
2244 1885 2349 1940 per
2406 1875 2579 1939 teque
2638 1867 2837 1922 omnia
2900 1866 3060 1921 mala
3111 1870 3396 1936 perpetua
3453 1862 3749 1917 oblivione

2021 1941 2070 2007 B
2101 1958 2400 2014 exstinxit.

2512 2076 2622 2130 Ode
2662 2077 2725 2128 V.
2766 2074 2997 2127 Vincula
3024 2072 3335 2126 charitatis.

2166 2202 2393 2256 Pariter
2424 2217 2632 2255 amnes
2666 2199 2956 2269 sapientia
2990 2202 3047 2250 et
3087 2195 3300 2249 virtute
3352 2200 3407 2248 te
3439 2192 3750 2247 inferiores

2095 2296 2301 2358 erant;
2362 2290 2529 2360 quasi
2592 2287 2837 2353 ecmlis,
2896 2286 3153 2349 obeate,
3212 2298 3421 2337 omnes
3474 2281 3749 2335 homines

2092 2380 2361 2451 undique
2393 2380 2847 2433 circumstantes
2878 2375 3179 2430 habebant
3210 2389 3279 2426 ea
3300 2377 3457 2425 certe
3492 2371 3745 2424 solarem

2090 2469 2361 2535 radium;
2419 2468 2661 2523 sublimi
2694 2467 2854 2521 enim
2910 2466 3038 2519 vitai
3070 2478 3283 2536 genere
3334 2460 3547 2514 oculum
3578 2464 3749 2529 puta-

2089 2558 2271 2613 baris.

2160 2647 2392 2703 Ccelesti
2428 2646 2623 2701 divino
2656 2663 2829 2717 pane,
2871 2662 2977 2715 per
3024 2650 3155 2697 tuos
3197 2641 3481 2696 sublimes
3513 2655 3741 2693 sermo-

2091 2754 2219 2799 nes,
2249 2754 2282 2790 o
2318 2736 2491 2790 Basili
2525 2738 2682 2804 (nam
2732 2735 2975 2790 verbum
3016 2733 3187 2804 panis
3226 2735 3315 2787 est
3343 2729 3739 2801 angelorum),

2090 2826 2285 2881 nutris
2316 2826 2548 2881 animas
2582 2828 2767 2881 Deum
2800 2826 3153 2887 esurientes,
3188 2840 3256 2877 ac
3292 2825 3628 2891 quaerentes
3660 2819 3745 2873 ci-

2086 2914 2229 2969 bum
2261 2932 2380 2969 non
2395 2914 2753 2980 fluxum,sed
2768 2912 3037 2985 potiusin
3062 2917 3351 2966 aeternum
3378 2913 3739 2964 manentem.

2160 3006 2375 3061 Tecum
2406 3011 2690 3077 reputans
2734 3010 2791 3058 et
2838 3004 3188 3073 plerumque
3221 2997 3673 3071 cogitabundus,
3707 3013 3740 3050 o

2090 3099 2179 3149 ter
2209 3094 2400 3160 beate,
2451 3110 2685 3164 semper
2734 3092 3032 3148 videbaris
3081 3091 3299 3145 vestitu
3325 3106 3391 3144 ac
3423 3087 3555 3142 cibo
3588 3086 3739 3139 sim-

2089 3182 2225 3254 plex
2256 3199 2323 3239 ac
2352 3182 2618 3255 frugalis,
2652 3182 2814 3237 fusco
2849 3181 3032 3249 vultu,
3065 3179 3255 3253 gravis
3299 3180 3558 3243 incessu,
3596 3176 3741 3229 taci-

2096 3278 2327 3339 turnus,
2362 3271 2517 3327 haud
2548 3288 2771 3343 pronus
2800 3272 2873 3327 ad
2904 3269 3167 3325 verbum.

2166 3362 2438 3430 Deiparaa.
2480 3392 2547 3402 -
2593 3362 2805 3417 Sancta
2853 3360 3056 3415 anima
3104 3363 3163 3413 et
3210 3372 3456 3427 corpore
3506 3370 3676 3426 puro,
3709 3370 3742 3407 ο

2092 3452 2429 3507 veneranda
2458 3451 2651 3523 Virgo,
2685 3450 2903 3522 Spiritu
2934 3453 3137 3503 sancto
3177 3446 3251 3501 ad
3283 3452 3359 3512 te,
3391 3462 3425 3499 o
3456 3444 3742 3498 immacu-

2090 3540 2230 3608 lata,
2266 3543 2565 3605 veniente,
2598 3542 2952 3595 immensam
2991 3536 3281 3592 Altissimi
3330 3533 3654 3605 potentiam
3689 3538 3743 3586 te

2089 3630 2545 3686 adumbrantem
2580 3629 2833 3685 subiisti.

2581 3761 2691 3815 Ode
2730 3762 2820 3814 Vl.
2852 3760 3090 3814 Collecta
3119 3758 3251 3826 fuit.

2161 3867 2659 3933 Orthodoxorum,
2684 3884 2803 3921 non
2827 3864 3325 3920 heterodoxorum
3352 3863 3466 3916 Lux
3486 3861 3736 3915 invictus

2089 3958 2437 4028 apparuisti,
2474 3963 2531 4010 et
2562 3958 2793 4029 igneam
2844 3957 3108 4026 linguam
3159 3960 3223 4007 ut
3255 3952 3599 4005 flammeum
3634 3966 3735 4003 en-

2088 4065 2213 4103 sem
2246 4048 2627 4119 distringens,
2653 4045 3021 4102 adversarios
3044 4043 3381 4099 confudisti.
3409 4043 3488 4095 Ea
3519 4057 3734 4095 smvum

2088 4138 2241 4192 aeris
2302 4137 2631 4208 principem
2699 4136 3033 4206 adjutorem
3092 4134 3353 4189 ﬁliorum
3410 4130 3735 4199 impietatis

2088 4226 2413 4298 perculisti.

2158 4318 2222 4371 In
2256 4316 2525 4388 cogitatis
2557 4332 2624 4370 ac
2669 4314 2941 4386 speratis,
2987 4330 3107 4368 non
3162 4328 3296 4367 vero
3347 4311 3409 4364 in
3455 4308 3730 4379 aspectis,

2086 4423 2221 4461 vera
2254 4407 2397 4462 fides
2430 4413 2518 4461 est
2548 4406 2904 4477 hypostasis,
2935 4421 3109 4475 quam
3146 4410 3205 4457 tu
3238 4402 3575 4472 acquirens,
3604 4399 3736 4452 visi-

2083 4496 2248 4559 bilia,
2284 4501 2345 4550 ut
2377 4495 2598 4551 caduca
2639 4496 2940 4567 sapienter
2982 4493 3302 4566 despexisti
3350 4490 3737 4545 invisibilium

2090 4586 2284 4641 studio
2312 4604 2324 4651 ;
2360 4602 2495 4640 nam
2529 4602 2622 4641 res
2671 4585 2806 4640 visae
2853 4590 2992 4639 sunt
3035 4584 3208 4638 fluxa:
3240 4600 3308 4637 ac
3340 4579 3737 4652 temporariae,

2001 4673 2051 4741 D
2088 4680 2150 4731 at
2180 4692 2274 4730 res
2306 4692 2425 4730 non
2457 4680 2709 4747 aspectas
2742 4679 2879 4729 sunt
2905 4679 3162 4728 internae.

2160 4765 2587 4836 Magnanimus,
2615 4771 2672 4817 at
2694 4782 2813 4817 non
2854 4763 3169 4827 demissus,
3199 4778 3304 4832 pro
3337 4761 3454 4814 Deo
3486 4759 3641 4812 visus
3674 4773 3735 4811 es

2089 4853 2773 4927 prOpugnans,omnibus
2796 4853 3043 4908 humilis
3062 4852 3133 4905 ob
3154 4851 3319 4904 illum
3341 4847 3736 4911 etmodestus;

2088 4949 2153 4998 ut
2184 4944 2341 4998 enim
2376 4960 2506 4998 eras
2539 4943 2639 4999 Dei
2687 4949 2976 5006 creatura,
3031 4941 3169 4995 licet
3199 4942 3351 4994 Deus
3382 4954 3510 4992 esse
3531 4938 3737 5007 jussus

2085 5031 2292 5099 fueris,
2353 5049 2473 5087 non
2530 5032 2767 5087 voluisti
2846 5032 3093 5086 adorare
3171 5036 3502 5085 creaturam
3558 5026 3737 5080 veluti

2088 5123 2314 5187 Deum;
2347 5122 2501 5176 Deus
2535 5121 2697 5176 enim
2729 5125 2960 5177 creator
2988 5120 3257 5174 omnium
3289 5123 3378 5172 est
3417 5117 3735 5171 increatus.

2162 5302 2226 5354 In
2258 5301 2424 5364 actis,
2458 5318 2576 5356 non
2611 5300 2667 5354 in
2704 5300 2896 5355 verbis
2928 5316 3157 5371 ponens
3188 5297 3405 5369 potius,
3438 5297 3736 5361 virtutem,

2086 5407 2223 5445 nam
2264 5390 2556 5445 inefﬁcaci
2598 5390 2795 5453 verbo,
2839 5390 3025 5455 utait,
3055 5395 3297 5459 praestat
3328 5393 3528 5441 mutus
3549 5392 3737 5440 actus.

2086 5481 2445 5553 Plerumque
2504 5498 2705 5554 agens,
2765 5481 3069 5535 discensve
3118 5479 3408 5545 docebas;
3442 5479 3540 5549 qui
3575 5478 3735 5532 enim

2087 5571 2225 5643 egit,
2259 5566 2395 5625 dein
2426 5572 2645 5635 docuit,
2682 5571 2781 5626 ille
2819 5570 3124 5626 vocabitur
3174 5586 3423 5641 magnus
3456 5575 3515 5622 tn
3549 5568 3732 5636 cmlis,

2085 5668 2152 5717 ut
2180 5664 2300 5717 Rex
2328 5662 2612 5717 caelorum
2646 5661 2812 5715 dixit.
