4120 6414
388 415 533 475 4375
1918 410 2289 466 ΔΠΒΕΝΒΔ.
3690 402 3871 459 1376

1074 539 1184 596 Odc
1220 539 1365 593 VIII.
2076 536 2129 603 Α

2076 536 2129 603 Λ
2816 535 2836 607 [
2867 530 2996 613 ᾭδῆ
3030 534 3108 591 ΙΓ·
3144 534 3163 607 ]

465 651 655 707 Curru
685 652 886 705 vectus
913 647 1095 713 aerio,
1145 660 1266 700 non
1314 659 1450 699 vero
1506 643 1803 700 flammeis
1855 643 2048 715 equis,

2233 636 2688 714 Ἀρματηλάτης,
2748 635 3060 715 ἀεροϐατῶν
3101 642 3338 714 αἰθέριος
3395 640 3462 695 ού
3522 637 3860 719 φιλογίνων

394 740 670 796 insidens
702 736 863 793 aerio
895 733 1166 790 vehiculo
1199 733 1506 802 virtutum,
1530 750 1564 789 o
1595 733 1798 802 Basili,
1826 732 1902 788 ad
1932 748 2021 788 me

2227 749 2340 783 πων
2401 723 2614 801 ἐπιϐὰς,
2671 730 2951 803 πτερόεντι
3002 727 3061 785 δὶ
3114 730 3321 805 ἀρετῶν
3391 729 3645 806 ὀχήματι
3710 725 3854 781 ἐπι-

395 835 519 887 tam
549 829 851 886 caelestem
880 840 942 879 es
967 828 1297 896 provectus.

2226 816 2453 890 υρεύων,
2485 816 2754 889 Βασίλειε,
2788 818 2877 874 καὶ
2926 820 3065 895 πρὸς
3114 820 3307 874 νύσσαν
3341 819 3596 895 ούρανιον
3655 814 3853 871 ἐλαύ-

2156 927 2289 965 νων.

469 1006 770 1064 Pastorale
788 1020 1028 1061 carmen
1047 1019 1182 1059 cum
1200 1006 1298 1058 tuo
1321 1001 1605 1074 pastorali
1621 1000 1772 1074 pedo
1790 1000 2049 1072 tubaque

2230 996 2440 1068 Νόμιον
2497 995 2667 1071 μέλος
2714 1002 3012 1073 ποιμενικῇ
3082 1020 3183 1053 σου
3238 996 3550 1072 καλαύροπι
3609 994 3843 1069 λογικῇ

392 1096 690 1167 spirituali
721 1109 944 1150 canens
968 1094 1337 1166 congregasti
1369 1109 1505 1148 oves
1542 1092 1604 1146 in
1639 1107 1819 1147 unam
1846 1089 2019 1145 fidem

2246 1085 2461 1163 σύριγγι
2521 1091 2711 1163 φωνῶν
2770 1095 2870 1157 τῆς
2928 1087 3169 1162 ποίμνης
3218 1084 3479 1162 ἤθροισας
3529 1086 3596 1141 τὰ
3649 1086 3845 1159 θρέμ-

394 1186 459 1241 in
492 1185 651 1240 idem
681 1198 991 1256 pascuum,
1020 1183 1292 1255 spinosas
1323 1183 1581 1237 hereses
1610 1181 1926 1254 fugientes.

2213 1196 2303 1231 ιτα
2333 1174 2409 1237 εἷς
2472 1175 2599 1249 μίαν
2650 1175 2852 1247 πίστιν,
2903 1175 2980 1239 είς
3036 1172 3128 1232 ἕνα
3171 1176 3341 1233 τόπον
3391 1174 3596 1252 χλόης,
3652 1175 3840 1229 ἀκαν-

2159 1260 2355 1327 θώδεις
2386 1263 2619 1339 αἱρέσεις
2647 1263 2970 1343 ἐκφυγόντα.

467 1364 624 1418 Nove
681 1360 886 1426 Paule,
933 1358 1332 1415 Ecclesiarum
1380 1358 1680 1431 magister,
1707 1349 2049 1414 universam

2229 1353 2291 1410 Ὀ
2338 1351 2455 1415 νέος
2504 1351 2742 1422 Παῦλος,
2799 1350 3148 1424 Ἐκκλησιῶν
3208 1356 3236 1411 6
3295 1350 3645 1420 διδάσκαλος,
3681 1353 3712 1407 6
3750 1357 3843 1426 τῷ

397 1456 619 1508 terram
650 1464 791 1505 voce
838 1453 941 1503 tua
989 1445 1525 1519 comprehendens,
1559 1463 1592 1502 ο
1639 1463 1812 1502 mens
1842 1445 2024 1502 caales

2213 1440 2377 1516 ὶόγγῳ
2434 1435 2879 1515 συμπαραλαϐὼν
2936 1444 3036 1512 τὴν
3101 1444 3192 1499 ὑπ’
3249 1441 3740 1516 ούρανῶν,ὁνοῦς
3808 1442 3840 1495 ὁ

398 1541 496 1606 tis,
530 1538 843 1611 theologia
873 1537 1100 1592 tonitru
1136 1535 1452 1606 divinaque
1499 1536 1664 1606 tuba,
1717 1534 1983 1600 laudare,
2014 1552 2025 1587 ι

2212 1530 2435 1606 ἱράνιος,
2465 1530 2500 1600 ἠ
2534 1529 2793 1604 θεοΛόγος
2828 1531 3030 1607 βροντή
3064 1532 3155 1587 καὶ
3199 1532 3314 1587 θεία
3358 1530 3611 1607 σάλπιγξ,
3645 1531 3839 1608 εὐφη-

400 1628 603 1683 Basili.

2162 1619 2390 1693 μείσθω,
2432 1619 2736 1682 Βασίλειος.

474 1717 616 1771 Cum
678 1715 953 1771 Creatore
1012 1715 1284 1786 quisquis
1339 1715 1402 1770 in
1457 1713 1662 1787 lingua
1704 1712 1856 1786 gerit
1882 1717 2051 1767 tuum

2234 1710 2383 1767 Μετᾶ
2419 1714 2516 1765 τοῦ
2547 1709 2775 1767 Κτίστου
2806 1714 2909 1773 πᾶς
2969 1711 2997 1767 ὁ
3052 1713 3153 1781 τήν
3204 1712 3303 1780 σὴν
3359 1711 3665 1785 ὲξαήμερον
3732 1707 3837 1766 διὰ

403 1805 799 1860 hexaemeron
844 1809 903 1859 et
931 1804 985 1860 ei
1014 1803 1288 1871 attendit,
1340 1809 1399 1859 et
1448 1803 1607 1858 novit
1639 1808 1925 1859 creatura)
1955 1817 2030 1857 ra‘

2208 1793 2397 1871 λόττης
2451 1798 2627 1876 φέρων
2686 1798 2776 1855 καὶ
2835 1800 2971 1874 αὐτῇ
3028 1801 3121 1856 τὸν
3180 1804 3303 1856 νοῦν
3364 1799 3592 1878 ἐφιστῶν
3628 1847 3644 1872 ,
3725 1799 3835 1857 καὶ

400 1894 617 1963 tiones,
663 1898 722 1950 et
767 1895 1106 1950 Creatorem
1157 1893 1410 1949 miratur
1460 1891 1586 1949 visu
1634 1891 1760 1947 solo
1791 1889 2027 1947 doctori:

2210 1885 2388 1961 ivnoni;
2435 1888 2523 1942 καὶ
2555 1889 2780 1952 κτίσεως
2830 1890 3084 1965 γινώσκει
3146 1888 3364 1965 λόγους,
3414 1889 3503 1944 καὶ
3553 1888 3837 1963 Θαυμάζει

397 1988 596 2039 utens.
2160 1997 2220 2032 τε
2248 1977 2339 2032 τὸν
2374 1976 2609 2048 Κτίστην
2643 1978 2761 2053 ὄψει
2790 1978 2929 2053 μόνῃ
2963 1980 3255 2055 χρώμενος
3287 1975 3641 2035 διδασκάλου.

468 2074 741 2142 Πείρανω.
786 2103 855 2112 -
914 2070 1079 2127 Idem
1140 2072 1297 2127 Deus
1356 2071 1580 2126 nostris
1636 2069 1906 2142 patribus
1964 2068 2055 2122 lo-

2235 2065 2545 2121 Θεοτόκιον.
2587 2065 2746 2123 -Ὁ
2801 2071 2919 2130 τοῖς
2974 2067 3207 2139 πατράσι
3266 2066 3396 2128 Θεός
3454 2064 3710 2136 λαλήσας
3764 2066 3835 2120 τὸ

398 2166 571 2217 cutus
603 2166 779 2216 antea
808 2160 1042 2216 diverse
1069 2178 1137 2216 ac
1187 2160 1600 2229 multifariam,
1650 2159 1825 2214 nobis
1856 2159 1919 2213 in
1951 2156 2025 2213 Fi«

2210 2152 2429 2228 ρότερον
2462 2150 2831 2229 πολυτρόπως
2877 2154 2967 2209 καὶ
3022 2158 3353 2229 πολυμερῶς
3386 2201 3400 2220 ,
3430 2157 3567 2228 ἡμῖν
3617 2153 3673 2210 έν
3713 2155 3837 2226 me]:

396 2249 482 2305 lio
514 2256 819 2321 posterum
851 2249 1084 2305 locutus
1116 2255 1226 2316 est,
1268 2264 1408 2304 nam
1455 2249 1608 2303 Deus
1656 2247 1911 2303 Verbum
1961 2246 2023 2300 in

2204 2262 2387 2316 στερον
2422 2240 2678 2312 ἐλάλησε.
2731 2244 2837 2300 Καὶ
2865 2243 2965 2320 γὰρ
3025 2244 3053 2299 6
3110 2243 3312 2299 τούτου
3366 2242 3657 2319 σύνθρονος
3688 2245 3831 2307 Θεὸς

399 2343 680 2399 carnatus
711 2354 968 2411 regnans
998 2354 1135 2393 cum
1180 2339 1298 2393 Deo
1331 2339 1502 2393 Patre
1539 2353 1611 2393 ex
1640 2341 1697 2392 te
1736 2341 1912 2392 natus
1944 2341 2026 2393 est

1792 2341 1912 2392 itus
1944 2341 2053 2396 est,
2165 2329 2348 2406 Λόγος
2375 2332 2713 2408 σαρκοφόρος
2736 2329 2795 2387 ἐκ
2820 2336 2915 2387 σοῦ
2942 2329 3209 2407 προῆλθε,
3245 2330 3419 2405 Κόρη.

403 2443 437 2482 o
471 2427 642 2499 Virgo
675 2432 902 2483 sancta.
1342 2450 1345 2451 ν

792 2604 905 2660 Ode
934 2603 1017 2659 IX.
1051 2605 1253 2674 Legum
1273 2608 1657 2674 paternarum.

2601 2606 2732 2688 ’ῼδή
2765 2615 2837 2666 Θ¹.
2868 2608 3067 2683 Νόμων
3096 2609 3386 2683 πατρῴων.

474 2746 717 2801 Noctem
748 2745 1106 2818 profundam
1136 2746 1569 2818 obscuramque
1605 2746 2059 2803 tenebrosarum

2240 2755 2419 2812 Νύκτα
2481 2757 2701 2825 βαθεῖαν
2758 2757 2845 2811 καὶ
2909 2755 3173 2827 ἀσέληνον
3247 2760 3358 2812 τῶν
3430 2760 3670 2834 ζοφερῶν
3734 2759 3826 2812 at-

406 2836 715 2891 haereseon
746 2835 1070 2908 dissipasti,
1105 2852 1354 2910 surgens
1382 2842 1451 2893 ut
1471 2836 1580 2904 sol,
1615 2851 1914 2909 supraque
1936 2852 2033 2892 om

2197 2845 2366 2902 ίσεων
2427 2842 2772 2907 διεσκέδασας
2808 2890 2822 2916 ,
2882 2843 3163 2908 ἀνατείλας
3228 2846 3409 2922 ὥσπερ
3465 2846 3670 2915 ἥλιος,
3728 2847 3824 2902 καὶ

401 2942 511 2981 nes
541 2924 847 2997 explicans
876 2931 1054 2982 rectm
1084 2926 1225 2982 fidei
1254 2926 1473 2991 radios,
1506 2926 1840 2998 incolisque
1868 2932 2028 2983 terra

2198 2942 2328 2992 πᾶσιν
2388 2932 2716 3013 ἒφαπλώσας
2777 2941 2982 3011 χρυσᾶς
3037 2935 3254 2998 ἀκτῖνας
3327 2936 3560 2998 πίστεως
3611 2936 3783 3013 ὀρθῆς
3811 2982 3825 3008 ,

401 3031 558 3078 rum,
591 3030 625 3068 o
657 3014 858 3084 Basili,
891 3014 1086 3071 lucem
1144 3015 1283 3071 fidei
1335 3016 1678 3072 orthodoxa)
1734 3032 2020 3089 spargens

2195 3025 2257 3081 Lai
2308 3030 2428 3087 τοῖς
2484 3025 2537 3080 ἐν
2591 3028 2665 3099 γῇ
2721 3025 3116 3099 κατασπείρας,
3170 3021 3443 3091 Βασίλειε,
3507 3023 3822 3099 ὁρθοδοξίας

406 3101 667 3157 tenebras
698 3102 861 3157 enim
892 3102 954 3157 in
1003 3103 1201 3159 lucem
1250 3103 1668 3171 immutantur,
1717 3110 1777 3159 et
1829 3105 2033 3160 veritat

2187 3115 2390 3192 ρέγγος·
2426 3112 2690 3185 ἐξίσταται
2723 3114 2865 3188 φωτῖ
2890 3113 2994 3188 γὰρ
3024 3113 3082 3169 τὸ
3111 3113 3324 3185 σκότος,
3355 3113 3448 3169 καὶ
3490 3118 3560 3189 τῇ
3590 3111 3814 3185 ἀληθείᾳ

408 3191 567 3247 cedit
594 3191 996 3247 mendacium.

2095 3266 2131 3278 _
2172 3191 2440 3278 έπιχωρεῑ
2469 3203 2533 3257 τὸ
2558 3199 2778 3276 ψεῦδος.

481 3281 773 3336 Ornavisti
808 3285 863 3336 te
893 3281 1071 3336 variis
1120 3280 1409 3337 doctrinm
1454 3281 1666 3337 divinas
1714 3281 1964 3338 floribus
1995 3282 2057 3337 in
2089 3266 2108 3332 (

2239 3266 2410 3361 νλνθη
2463 3266 2688 3346 ποικίλα
2732 3289 2876 3355 θείας
2903 3291 3159 3366 γνώσεως
3208 3291 3269 3347 ἐκ
3314 3291 3565 3368 λογικῶν
3616 3289 3816 3364 λειμώ-

409 3369 597 3441 pratis
644 3369 1097 3441 spiritualibus;
1148 3370 1559 3458 intelligibiles
1606 3371 1769 3427 enim
1799 3371 2033 3443 Scriptu

2191 3400 2278 3433 ιων
2338 3376 2807 3451 ἀπανθισάμενος·
2874 3379 3094 3454 νοεροὺς
3151 3380 3255 3455 γὰρ
3338 3379 3664 3458 περιίπτασο
3717 3387 3818 3448 τῆς

409 3475 491 3513 rae
521 3458 726 3513 hortos
756 3458 1231 3527 circumvolasti;
1278 3465 1344 3514 ut
1393 3457 1656 3531 prudens
1695 3459 1825 3533 apis
1852 3459 2030 3515 indus

2194 3474 2394 3546 .‘pacpﬁc
2448 3465 2805 3543 παραδείσους
2836 3487 2849 3502 ⁸
2924 3469 2999 3531 ὡς
3052 3470 3213 3546 νοερὰ
3266 3490 3350 3529 τις
3397 3470 3627 3543 μέλισσα
3681 3469 3821 3544 σοφὴ

411 3548 527 3603 tria
556 3565 626 3604 ac
664 3548 983 3617 laboriosa,
1034 3551 1353 3622 mysticum
1400 3549 1723 3606 condidisti
1754 3550 2038 3622 theologia

2198 3556 2264 3613 ιαὶ
2298 3556 2577 3635 φιλεργὸς,
2622 3558 2881 3630 μυστικὸν
2915 3555 3263 3634 ἐγεώργησας
3321 3556 3612 3634 θεολογίας
3674 3559 3825 3631 μέλι,

411 3636 552 3705 mel,
585 3637 1048 3694 amaritudinem
1097 3638 1405 3694 haareseon
1455 3638 1765 3708 hebetans,
1819 3638 2035 3695 hacum

2201 3646 2432 3723 ιῐρέσεων
2486 3645 2703 3720 πικρίαν
2760 3642 3069 3720 ἀμϐλύνας,
3126 3647 3216 3702 καὶ
3273 3647 3402 3712 τοὺς
3456 3646 3828 3723 μετασχόντας

414 3743 529 3798 que
561 3726 880 3799 participes
912 3725 1280 3783 demulcens.

1205 3744 1280 3783 18.
2178 3733 2345 3789 αὐτοῦ
2366 3733 2832 3810 καταγλυκαίνων.

485 3817 739 3887 Tempus
771 3820 830 3871 et
858 3816 1197 3888 sepulcrum
1230 3833 1361 3887 quas
1393 3815 1750 3872 oblivionem
1779 3815 2074 3871 inducunt

2253 3822 2459 3899 Χρόνος
2512 3823 2602 3877 καὶ
2657 3822 2826 3901 τάφος
2894 3822 3076 3895 λήθης
3138 3822 3390 3900 πρόξενοι
3444 3826 3544 3895 τήν
3606 3825 3836 3904 φυσικὴν

413 3906 565 3961 viam
590 3905 857 3961 innatam
880 3907 1356 3970 amiserunt,non
1374 3907 1865 3962 sustinentestuaa
1888 3922 2040 3961 sacrt

2209 3911 2446 3988 νέργειαν
2498 3913 2889 3986 ἀπηρνήσαντο
2922 3956 2934 3979 ,
2982 3911 3069 3968 ἐπὶ
3131 3912 3215 3968 σοὶ
3274 3916 3349 3988 μή
3410 3916 3836 3991 κατισχύσαντες

417 3996 719 4052 memoriae
742 3994 977 4067 pondus
997 4011 1166 4062 ;nam
1189 3995 1349 4063 licet,
1373 4012 1406 4051 ο
1428 3995 1700 4063 beate,ex
1722 3995 1884 4050 hisce
1899 3993 2042 4050 terri

2208 4010 2281 4073 ﬁ;
2340 4003 2488 4078 ἱερᾶς
2541 4025 2641 4058 σου
2704 4006 2930 4076 μνήμης
2962 4021 2975 4035 ·
3027 4000 3122 4058 κᾶν
3177 4005 3280 4080 γὰρ
3327 4003 3515 4061 ἐνθάδε
3549 4050 3564 4075 ,
3627 4008 3835 4082 μάκαρ,

421 4085 767 4153 excesseris,
800 4084 946 4139 vivis
980 4091 1217 4150 tamen;
1244 4085 1393 4156 justi
1426 4084 1587 4140 enim
1619 4085 1680 4140 in
1721 4086 1840 4140 Deo
1875 4083 2047 4139 vivun

2205 4090 2548 4168 ιπηχλάγης,
2598 4089 2745 4147 ἀλλὰ
2777 4096 2895 4167 ζῇς.
2948 4093 3036 4150 Ἐν
3065 4096 3182 4164 Θεῷ
3210 4100 3312 4170 γαρ
3366 4096 3419 4149 οἳ
3453 4092 3654 4151 δίκαιοι
3707 4102 3832 4166 ζωσι

424 4178 483 4228 et
512 4178 642 4245 post
676 4179 922 4230 mortem
965 4173 1144 4229 vitam
1188 4174 1252 4230 in
1302 4173 1534 4229 Christo
1583 4172 1869 4240 abditam,
1902 4173 2051 4245 cuju:

2207 4181 2272 4236 ιαί
2310 4184 2443 4253 μετὰ.
2466 4178 2630 4245 τέλος
2660 4182 2804 4250 ζωὴν
2841 4183 2940 4251 τὴν
2974 4180 3026 4236 ἒν
3060 4184 3280 4258 Χριστῳ
3307 4184 3691 4259 κρυπτομένην
3725 4229 3738 4254 ι
3767 4186 3834 4255 ἧς

421 4264 515 4318 fac
546 4279 664 4317 non
696 4264 1017 4335 participes
1048 4263 1166 4318 tuis
1195 4262 1493 4335 precibus.

2184 4271 2334 4346 ἡμᾶς
2369 4270 2641 4345 μετόχους
2673 4268 2949 4342 ἀνάδειξον
2979 4271 3169 4347 εὐχαῖς
3199 4293 3315 4331 σου.

496 4353 854 4407 Immensam
886 4352 1122 4425 igneam
1153 4351 1496 4409 columnam
1530 4357 1584 4408 te
1615 4350 1760 4408 vidit
1796 4351 2079 4408 columna

2258 4361 2633 4436 Οὖρανομήκη
2667 4357 2863 4415 στύλον
2926 4361 3152 4438 πύρινον
3187 4362 3215 4417 6
3244 4369 3343 4433 τῆς
3375 4361 3588 4439 ἐρήμου
3646 4363 3835 4426 στύλος

426 4441 645 4497 deserti
676 4442 959 4514 Ephraim
985 4460 1000 4510 ;
1034 4443 1161 4498 visu
1192 4442 1637 4515 obstupefactus
1657 4457 1957 4513 occupans
1978 4457 2051 4495 ur

2208 4449 2426 4527 Εφραῖμ
2453 4447 2666 4505 κατεῖδε
2720 4450 2798 4505 σέο
2864 4448 3155 4526 ἐκπλαγεῖς
3203 4448 3262 4507 δὲ
3318 4456 3397 4524 τῷ
3454 4453 3835 4528 ὁρᾶματι,τήν

427 4531 564 4586 hem
594 4533 1053 4601 Cmsarum,cum
1084 4532 1311 4587 invenit
1340 4538 1396 4587 te
1427 4548 1563 4587 cum
1593 4531 1813 4603 populo
1842 4545 2054 4586 versan

2211 4540 2503 4610 (αισαρέων
2555 4538 2720 4593 πόλιν
2774 4534 3235 4612 καταλαμϐάνων,
3295 4541 3740 4616 προσομιλοῦντα
3765 4545 3838 4614 τῷ

430 4625 571 4685 tem,
628 4619 881 4675 miratur
928 4620 1199 4693 prodigia
1246 4621 1476 4692 majora
1522 4620 1846 4692 prioribus,
1894 4618 2057 4689 siqui

430 4708 561 4745 rlnm
616 4710 843 4745 agnovi}
896 4709 955 4745 in
1018 4711 1302 4745 involat-in
1364 4709 1700 4745 nnlnmhnm
1764 4708 1955 4745 annum
2009 4723 2057 4745 ιιι

2203 4631 2310 4699 λαῷ
2364 4628 2617 4703 εὖρηκὼς
2648 4648 2727 4695 σε,
2783 4628 3024 4684 τεθέαται
3079 4631 3369 4705 καινότερα
3426 4634 3532 4685 τῶν
3588 4634 3830 4707 πρώτων,

2203 4716 2394 4745 3--.--.Ξη
2428 4717 2745 4745 ---..---ἒ.-.
2788 4719 2925 4745 _-l-
2975 4718 3031 4745 -1
3082 4719 3171 4745 ΑΙ-
3208 4740 3283 4745 __.
3321 4716 3659 4745 ﬁ...\l_--_,_--,
3712 4718 3830 4745 ID!“

429 4708 565 4764 dem
613 4710 846 4781 aspexit
896 4709 958 4764 in
1018 4711 1302 4781 mysterio
1364 4709 1704 4765 columbam
1762 4708 1959 4764 albam
2008 4723 2056 4762 ει

2205 4717 2394 4785 λευκήν
2427 4717 2746 4793 περιστερὰν
2787 4719 2925 4789 πρὸς
2974 4718 3036 4773 τὸ
3080 4719 3171 4782 οῦς
3202 4740 3288 4775 σοι
3317 4706 3680 4794 διαλέγουσαν
3712 4718 3832 4776 ἰδὼν

428 4815 633 4855 aurem
667 4798 770 4854 tibi
805 4798 1171 4870 loquentem.

962 4804 1171 4854 autem.
2196 4805 2248 4862 ἰν
2287 4828 2459 4880 μυστη
2472 4806 2589 4883 ρίῳ.

502 4885 2083 4975 Οείρονω.-Οοι·ροτοίῐιᾶιιῑιιε,ᾳιιίθεῑὶιιοοτροτθιιε,
2266 4896 2578 4954 θεοτόκιον,
2635 4929 2700 4939 _
2759 4892 3170 4975 Σωματοφὸρος
3222 4898 3250 4953 δ
3299 4897 3590 4973 ἀσώματος
3650 4899 3709 4954 ἐκ
3752 4905 3843 4967 τῆς

430 4994 500 5033 ex
529 4984 731 5033 ventre
762 4983 885 5045 tuo,
919 4994 951 5032 o
984 4975 1226 5050 Regina,
1273 4975 1453 5042 exiit;
1505 4976 1606 5048 qui
1656 4974 1836 5033 verbo
1869 4973 2057 5031 creavi

2211 4985 2424 5062 γαστρός
2479 5006 2616 5051 σου,
2672 4986 2938 5041 Δέσποινα
2994 4973 3371 5061 προελήλοθεν
3404 5008 3415 5019 ·
3477 4990 3505 5042 ὁ
3558 4990 3638 5061 τῷ
3699 4987 3838 5062 λόγῳ

430 5067 839 5138 incorpoream
865 5071 1346 5137 naturam,atque
1373 5081 1582 5121 omnes
1604 5070 1928 5132 creaturas,
1958 5069 2057 5119 tun

2214 5073 2602 5147 ιυστησάμενος
2663 5075 2764 5143 τήν
2827 5076 3116 5147 ἀσώματον
3175 5075 3334 5153 φύσιν
3369 5121 3383 5145 ,
3442 5076 3531 5132 καὶ
3586 5077 3841 5139 οὐσιώσας

430 5157 753 5212 rationales
778 5163 901 5211 tum
922 5155 1623 5223 irrationales,exsistere
1646 5154 1805 5223 fecit,
1838 5153 1941 5209 Dei
1973 5154 2056 5208 Pa

2211 5165 2401 5220 ἳπασαν
2436 5163 2620 5220 οὐτίαν
2650 5166 2941 5240 γεννητὴν,
2992 5162 3221 5241 λογικὴν
3254 5187 3311 5221 τε
3339 5166 3429 5221 καὶ
3464 5166 3723 5243 ἅλλογον.
3754 5170 3838 5221 τοῦ

430 5246 537 5301 tris
566 5246 840 5312 Verbum;
866 5247 1066 5317 itaque
1093 5244 1451 5318 cupiditates
1477 5245 1742 5316 corporis
1760 5243 2057 5315 restingue

2211 5258 2334 5311 θεοῦ
2359 5255 2568 5330 Πατρὸς
2602 5254 2796 5328 Λόγος·
2846 5251 2931 5309 διό
2994 5275 3099 5328 μου
3154 5255 3222 5310 τὰ
3268 5260 3366 5311 τοῦ
3424 5257 3681 5329 σώματος
3709 5257 3838 5325 πάθη

430 5351 563 5407 qua:
594 5336 858 5391 animam
884 5351 1079 5391 meam
1110 5334 1477 5399 interimunt,
1508 5350 1541 5389 ο
1578 5334 1718 5389 Vita:
1749 5334 1952 5388 Mater.

2196 5341 2497 5418 νὲκρωσον,
2527 5347 2819 5418 νεκροῦντα
2850 5345 2942 5398 τὸν
2972 5348 3098 5399 νοῦν
3136 5366 3263 5417 μου,
3300 5349 3445 5414 ζωῆς
3476 5352 3669 5421 μῆτερ.

693 5522 805 5580 Ode
826 5524 895 5581 Χ.
927 5526 1008 5581 Ne
1038 5525 1226 5595 lugeas
1252 5538 1418 5595 super
1441 5538 1547 5593 me,
1578 5538 1611 5579 ο
1639 5524 1834 5581 Mater.

2485 5513 2615 5595 ’ῼδὴ
2666 5518 2725 5578 Ι’.
2762 5518 2854 5587 Μὴ
2889 5512 3161 5594 ἑποδύρου
3195 5539 3321 5593 μου,
3354 5521 3563 5594 Μῆτερ.

503 5668 849 5738 Postquam,
876 5672 945 5721 ut
989 5666 1224 5723 divinus
1265 5666 1534 5738 pontifex
1560 5665 1727 5739 regni
1761 5665 1888 5732 Dei,
1920 5664 2078 5721 cele-

2267 5663 2644 5739 Ἱιρουργήσας
2675 5662 2754 5727 ὡς
2785 5667 2930 5728 θεῖος
2983 5666 3083 5718 τοῦ
3134 5667 3270 5719 Θεοῦ
3299 5663 3571 5740 ἱεράρχης
3616 5669 3719 5733 τῆς
3750 5663 3832 5739 βα-

433 5750 618 5808 brasti
648 5753 1051 5810 venerandum
1101 5760 1161 5810 et
1184 5768 1388 5811 revera
1417 5769 1655 5812 sacrum
1707 5753 2059 5827 mysterium

2211 5750 2407 5815 τιλείας
2438 5752 2501 5807 τὸ
2557 5752 2752 5810 σεπτὸν
2802 5752 2895 5807 καὶ
2949 5748 3118 5816 ὅντως
3170 5753 3342 5831 ἱερὸν,
3396 5753 3510 5829 laps
3572 5751 3838 5827 Βασίλειε,
