4120 6402
324 404 465 459 1377

1466 406 1770 461 HYMNUS
1806 403 1880 453 IN
1918 402 1978 454 8.
2019 398 2625 459 CHRYSOSTOMUM.

3616 415 3753 472 1378

323 525 688 600 Εὐαγγὲλιον,
743 532 842 595 τῆς
901 531 1002 593 σῆς
1064 523 1370 599 ἱερουργίας
1429 527 1739 599 ἀπείληφας
1787 522 1975 596 μισθὸν

2124 526 2389 594 ecepisti,
2418 544 2451 581 ο
2484 544 2650 583 sacer
2671 529 2872 594 Basili,
2897 532 3232 588 mercedem
3265 536 3579 591 sacerdotii
3612 539 3741 595 sine

326 617 506 691 χωρὶς
570 616 801 689 αἳματος
865 619 1201 688 μαρτυρικοῦ
1254 617 1342 670 καὶ
1404 619 1727 693 στεφανίτης
1777 613 1983 690 φανείς.

402 797 489 857 Ὡς
542 795 759 870 οὐρανῷ
818 793 1179 869 παμμεγέθει,
1244 796 1318 856 ῶς
1374 791 1523 865 ἡλίῳ
1574 790 1834 867 ἐμψύχῳ,
1870 792 1897 845 ὁ
1932 790 1984 845 ἐν

327 884 477 956 ἡλίῳ
510 884 700 938 ἑαυτοῦ
752 885 814 937 τὸ
866 885 1133 953 σκήνωμα
1181 883 1371 947 τιθεὶς,
1423 884 1514 937 καὶ
1560 882 1635 943 εἷς
1664 883 1791 945 τοὺς
1823 880 1986 951 οὐραο

326 973 451 1035 νους
494 971 545 1027 ἐν
595 972 677 1026 σοὶ
733 971 1003 1043 ἐνῴκισεν·
1058 974 1364 1041 Ἐνοικήσω
1413 971 1537 1047 γὰρ,
1572 968 1697 1048 ἔφη,
1729 970 1984 1043 περὶτῶν

328 1064 467 1117 κατά
497 1063 574 1129 σε,
607 1062 695 1115 καὶ
729 1060 1160 1135 ἐμπεριπατήσω
1192 1063 1505 1133 θεοπρεπῶς
1537 1059 1589 1115 ἐν
1632 1061 1843 1120 αὐτοῖς.

408 1147 762 1223 Ἀναδραμὼν
811 1148 870 1203 ἐκ
916 1153 1023 1203 τῶν
1074 1169 1224 1203 κατω
1272 1149 1408 1222 πρὸς
1451 1149 1551 1215 τήν
1586 1145 1697 1203 ἄνω
1728 1143 1984 1220 πατρίδα,

328 1239 419 1292 καὶ
454 1237 545 1291 σὺν
574 1235 832 1311 ἀγγέλοις
882 1236 1161 1303 παρεστὼς
1210 1235 1289 1309 τῷ
1334 1236 1514 1312 θρόνῳ
1543 1241 1622 1308 τῷ
1649 1238 1858 1311 φρικτῷ
1886 1235 1984 1302 τῆς

332 1325 661 1399 ὐπερουσίου
718 1324 977 1397 Τριάδος,
1039 1325 1173 1397 Sne,
1235 1326 1364 1399 ὑπὲρ
1422 1328 1487 1393 ἧς
1546 1324 1804 1400 ἠγωνίσω
1849 1323 1983 1398 πρὸς

334 1413 561 1487 δύναμιν
618 1415 668 1469 ἐν
702 1419 799 1490 γῇ,
861 1414 1211 1488 μεμνημένος
1248 1416 1324 1487 μὴ
1359 1413 1528 1488 λίπῃς
1556 1418 1663 1468 τῶν
1701 1413 1988 1486 μεμνημέ-

332 1527 439 1558 νων
470 1526 588 1561 σου.

409 1599 683 1655 Νεανικῶς
718 1592 1024 1667 ἐξηλέγχθη
1060 1594 1206 1667 παρά
1257 1596 1351 1646 σιῦ
1400 1593 1428 1646 ὁ
1473 1588 1761 1662 τολμήσας
1795 1610 1985 1643 συντα-

334 1688 593 1737 πεινῶσαι
646 1681 821 1754 ἐαυτῷ
863 1684 1119 1751 θεότητος
1174 1682 1410 1757 μορφὴν,
1468 1680 1544 1743 εἷς
1598 1676 1845 1734 δουλείαν
1890 1675 1986 1732 ἕλ-

334 1794 445 1825 κων
500 1772 598 1839 τὴν
656 1768 979 1839 δεσποτικὴν
1040 1774 1243 1839 κακῶς,
1304 1770 1401 1837 την
1443 1770 1778 1843 ὑπὲρχρονον
1828 1766 1981 1845 φύσιν

333 1862 425 1915 καὶ
467 1860 741 1926 ἆκτιστον,
800 1860 966 1925 τιθεὶς
1025 1860 1262 1933 πονηρὸν
1319 1861 1407 1913 οἷα
1464 1858 1665 1931 κτίσμα
1724 1858 1859 1931 μετά
1885 1862 1983 1925 τῆς
2020 1886 2068 1951 Β

336 1950 583 2013 κτίσεως.

411 2040 587 2116 Nereo:
647 2038 797 2113 παχὺ
855 2042 955 2093 τοῦ
1014 2037 1239 2111 σαρκίου
1297 2035 1540 2111 διασχὼν
1595 2037 1685 2091 καὶ
1735 2037 1796 2090 τὸ
1834 2032 1993 2097 δάνος

337 2126 738 2198 διαλυσάμενος
769 2132 837 2201 τῇ
869 2133 967 2203 γῇ,
1006 2128 1222 2202 ἀσχέτῳ
1271 2130 1339 2199 τῇ
1392 2130 1569 2201 ψυχῇ,
1598 2125 1688 2180 καὶ
1720 2124 1811 2178 νοΐ
1842 2124 1993 2197 ἀὺλῳ

336 2222 429 2271 νῦν
490 2216 847 2287 εἰσελήλυθας
921 2217 1010 2271 τὸν
1092 2213 1324 2271 ἀνείδεον
1397 2215 1593 2292 γνόφον
1671 2214 1761 2269 καὶ
1824 2212 1990 2270 ἄυλον

336 2304 554 2377 ὁμιλεῖν
590 2306 679 2359 καὶ
714 2311 949 2359 συνεῖναι
982 2304 1071 2359 καὶ
1095 2302 1597 2381 συνευφραίνεσθαι.

409 2395 472 2451 ἸΙ
531 2399 627 2449 τοῦ
686 2399 818 2450 Θεοῦ
877 2394 1180 2464 Ἐκκλησία
1231 2390 1491 2470 ἀσφαλῶς
1552 2389 1856 2467 ἒδρασμὲνη
1916 2391 1991 2453 ὡς

338 2482 581 2556 θεμελίῳ
613 2482 837 2560 ἀῤῥαγεῖ
886 2484 975 2538 καὶ
1033 2484 1203 2557 πέτρᾳ
1261 2486 1468 2554 στερεᾷ,
1517 2484 1585 2553 τῇ
1632 2480 1860 2551 ἀσείστῳ
1896 2479 1994 2551 βά-

336 2593 417 2626 σει
466 2577 534 2645 τῇ
583 2577 691 2626 τῶν
740 2570 1025 2646 δογμάτων
1078 2592 1195 2636 σου,
1251 2569 1500 2624 ἐναντίων
1549 2570 1761 2641 ἀνεμων
1796 2572 1990 2630 πνοαῖς

334 2668 669 2739 τυφωνικαῖς
702 2662 1090 2737 ἀπερίτρεπτος
1126 2661 1223 2735 μὶν
1263 2661 1419 2732 πόθῳ
1446 2661 1666 2732 τιμῶσά
1696 2678 1773 2714 σε.

411 2836 715 2895 Θεοτόκιον.
766 2872 836 2882 -
895 2840 985 2909 Σὶ,
1046 2838 1283 2914 παναγία
1340 2836 1593 2912 Παρθένε,
1626 2834 1987 2910 ἀκαταίσχυν-

337 2951 432 2984 τον
494 2924 716 2996 πρέσϐιν
802 2928 893 2983 καὶ
980 2927 1249 3001 μεσιτείαν
1337 2925 1537 2999 εὐμενῆ
1596 2920 1988 2997 προϐάλλομαι

342 3024 549 3081 πιστῶς
575 3023 654 3089 τῷ
688 3018 747 3073 ὲκ
778 3023 873 3071 σοῦ
899 3018 1166 3092 τεχθὲντυ
1201 3015 1291 3070 καὶ
1342 3014 1564 3069 ίκετεύω
1596 3035 1674 3084 σε,
1706 3018 1812 3068 τῶν
1845 3012 1988 3069 πολ⁸

336 3113 449 3162 Αῶν
488 3130 591 3180 μου
622 3108 976 3179 πταισμάτων
1022 3106 1089 3160 τὰ
1132 3104 1321 3174 πλήθη
1366 3104 1435 3158 τὰ
1477 3102 1665 3158 πολλά
1698 3107 1991 3177 μητρικαῖς

334 3219 433 3252 σου
464 3192 774 3271 πρεσϐείαις
805 3194 976 3272 ἄρδην
1002 3195 1306 3268 ἐξάλειψον.

818 3358 1145 3415 ἸΩΔΝΝΟΥ
1182 3355 1515 3413 ΜΟΝΑΧΟΥ

586 3486 812 3539 ΚᾹΝΩΝ
872 3485 985 3538 ΕιΣ
1039 3484 1179 3538 TUN
1222 3480 1741 3537 ΧΡΥΣΟΣΤΟΜΟΝ

333 3591 411 3646 05
468 3591 502 3657 ἡ
563 3586 885 3662 ἀκροστιχῖς
938 3586 1098 3662 αὕτηξ
1178 3586 1507 3655 Συνώνυμος
1535 3583 1767 3662 ⁸μὲλπει
1804 3603 1884 3662 ’σε
1915 3583 1992 3662 ’τὸ

405 3654 643 3734 γρυσοῦν
678 3654 872 3729 στόμα.
909 3657 1141 3728 Οἷ’κτρὸς
1174 3654 1425 3749 μοναχὸξ
1459 3655 1550 3749 καὶ
1576 3654 1773 3723 νίκὲτης
1804 3654 1991 3745 Ἰωάγ-

426 3722 445 3734 "
582 3737 645 3749 ν..
875 3745 882 3749 .
982 3730 1027 3749 nl
1116 3735 1154 3749 η
1282 3748 1321 3749 κν
1431 3747 1453 3749 -_
1508 3746 1613 3749 _s__,
1657 3747 1667 3749 Α
1722 3728 1793 3749 _1,
1856 3745 1949 3749 ---η

402 3724 521 3801 νῆς.
582 3724 917 3807 Ἠγθοςπλ.
1112 3724 1669 3800 Κύματι”θαλασσης
1720 3728 1812 3779 τὸν
1855 3724 1992 3799 κρύ-

405 3808 603 3879 ψαντα.

408 3948 648 4019 Στόματι
698 3944 914 4016 πηλίνῳ
962 3943 1053 3998 καὶ
1104 3941 1330 4017 γλώσσῃ
1379 3938 1573 4016 γεώδει
1625 3960 1683 3994 σε
1719 3941 1811 3994 τὸν
1846 3941 1993 4013 Χρυ-

339 4040 604 4109 σίστομον
641 4037 825 4108 ὑμνεῖν
877 4033 1120 4110 ὁρμῶντί
1183 4053 1299 4104 μοι,
1361 4033 1667 4107 χρυσοφαὲς
1703 4030 1992 4103 οὐρανόθεν

340 4128 485 4188 θείας
531 4128 782 4202 γνώσεως
841 4126 1141 4199 ἀμάρυγμα
1189 4122 1543 4197 ἐξαστράψας,
1606 4122 1844 4196 φώτισον
1900 4120 1991 4174 τὸν

336 4221 465 4271 νοῦν
498 4216 586 4270 καὶ
618 4218 720 4284 τὴν
751 4212 972 4289 καρδίαν
1012 4234 1137 4285 μου.

407 4304 578 4374 Ὕλην
627 4302 989 4380 φθειρομένην
1036 4302 1125 4355 καὶ
1179 4299 1402 4375 ῥέουσαν
1453 4295 1629 4371 δόξαν,
1669 4298 1758 4353 καὶ
1789 4299 1996 4372 κόσμον

331 4394 625 4464 τύμπαντα
672 4395 761 4446 καὶ
812 4392 1231 4464 κοσμοκράτορα
1277 4385 1657 4463 περιδραμὼν,
1707 4389 1822 4442 ἀντὶ
1864 4390 1993 4443 πάν·-

333 4504 443 4537 των
475 4484 566 4536 τὸν
610 4482 836 4555 Χριστὸν
897 4480 1129 4549 ἐκτήσω,
1191 4480 1496 4554 πάγχρυσε·
1555 4476 1618 4532 οὗ
1660 4478 1888 4552 τρωθεὶς
1916 4481 1996 4550 τῷ

337 4568 502 4648 ἔρωτι
534 4573 733 4646 ἡγήσω
769 4572 942 4625 πάντα
974 4564 1244 4627 σκύϐαλα.

409 4750 620 4823 Νόμοις
669 4753 770 4804 τοῦ
828 4754 1093 4818 Σωτῆρος
1156 4748 1399 4820 Χριστοῦ
1452 4746 1856 4819 πειθαρχήσας,
1889 4745 1995 4799 ἀπὸ

334 4840 591 4910 νεότητος
626 4838 713 4894 ἐπὶ
764 4843 874 4892 τῶν
933 4832 1100 4909 ὤμων
1158 4856 1254 4889 σου
1313 4829 1598 4889 ἀναλαϐὼν
1640 4835 1733 4888 τὸν
1766 4835 1992 4908 σταυρὸν

338 4952 456 4998 σου,
504 4929 594 4985 διὰ
649 4930 831 4984 πόνων
889 4935 989 4996 τῆς
1049 4927 1329 4997 ἀσκήσεως
1387 4925 1533 4997 αὐτῷ
1588 4924 1992 4995 ἠκυλούθησας,

337 5019 537 5091 σαρκὸς
565 5024 767 5091 νεκρῶν
794 5018 856 5073 τὸ
892 5017 1169 5093 φρόνημα.

414 5110 651 5184 ᾪκησας
738 5109 977 5182 ἐρήμους
1056 5103 1312 5174 ἀϐάτους,
1393 5102 1677 5182 ἀνύδρους,
1747 5103 1992 5181 ἄστεγος,

336 5196 585 5267 ἄσκευος,
620 5197 883 5275 ἄτροφος,
935 5199 1235 5271 ἄγνωστος,
1295 5195 1477 5269 ὥσπερ
1525 5197 1552 5249 ὁ
1586 5194 1748 5269 μὲγας
1778 5194 1993 5265 Ἠλίας,

332 5288 595 5355 Ἰωάννης
634 5307 693 5341 τε
742 5287 770 5340 ὁ
814 5284 1157 5360 πρόδρομος,
1208 5286 1281 5339 ὧν
1337 5284 1522 5353 ζηλῶν
1577 5282 1861 5354 ἐζήλωσας
1891 5286 1990 5353 τὴν

338 5376 667 5452 παρρησίαν,
701 5372 842 5449 ἅγιε.

408 5466 578 5534 Νίκην
627 5464 1019 5538 λαμπροτάτην
1076 5464 1366 5536 ἀράμενος,

338 5555 635 5630 δράκοντος
668 5558 801 5630 μετά
828 5554 1105 5631 τροπαίων
1141 5553 1435 5629 λαμπρῶν,
1469 5552 1541 5615 ὥς
1578 5573 1662 5615 τις
1716 5552 1986 5625 ὀλυμπιο-

337 5647 520 5715 νίκης,
551 5646 677 5719 θείῳ
728 5644 999 5717 Πνεύματι
1048 5643 1370 5721 φερόμενος,
1420 5641 1573 5706 αὖθις
1623 5640 1992 5718 ἐπανὲδραμες

335 5736 471 5812 πρὸς
502 5736 602 5805 τὴν
638 5736 1000 5810 ἐνεγκαμένην
1020 5754 1098 5792 σε.

1450 5463 1648 5536 μάκαρ,
1701 5462 1837 5517 κατὰ
1891 5459 1992 5516 τοῦ

2098 616 2384 685 sanguine
2416 618 2685 689 martyrii
2724 636 2945 675 corona
2976 620 3289 678 redimitus
3321 641 3633 695 apparens.

2171 793 2242 846 Ut
2273 793 2331 847 in
2366 794 2510 849 ccelo
2539 797 2855 863 immenso,
2890 805 2956 852 ut
2996 799 3055 853 in
3110 801 3233 854 sole
3262 802 3613 875 vivificante,
3646 804 3747 860 ille

2098 881 2199 951 qui
2234 883 2486 937 tetendit
2515 885 2573 939 in
2607 886 2730 939 sole
2762 905 2937 941 suum
2969 889 3420 945 tabernaculum
3454 899 3510 945 et
3538 894 3597 947 in
3632 911 3746 948 cce-

2096 969 2152 1023 lo
2187 970 2247 1025 in
2282 977 2335 1025 te
2368 972 2686 1027 habitavit:
2734 976 3079 1031 Inhabitabo
3121 979 3302 1047 enim,
3338 980 3532 1050 inquit
3559 981 3631 1037 de
3662 982 3748 1036 tui

2098 1058 2418 1125 similibus,
2453 1067 2512 1116 et
2541 1064 2855 1135 magniﬁce
2882 1065 2943 1119 in
2977 1066 3062 1121 eis
3093 1067 3431 1123 ambulabo.

2168 1150 2486 1205 Transiens
2534 1151 2607 1204 de
2656 1153 2748 1206 his
2800 1154 2973 1207 terris
3022 1155 3096 1209 ad
3146 1156 3447 1211 caelestem
3471 1159 3746 1228 patriam,

2100 1238 2460 1310 adstansque
2501 1256 2635 1294 cum
2685 1241 2913 1312 angelis
2964 1243 3176 1298 throno
3231 1248 3562 1302 venerando
3614 1265 3755 1302 san-

2097 1327 2377 1382 ctissimaa
2409 1329 2733 1393 Trinitatis,
2756 1348 2788 1384 o
2812 1337 3034 1398 sancte,
3068 1350 3172 1403 pro
3205 1351 3341 1404 qua,
3367 1342 3656 1405 quantum
3688 1338 3750 1392 in

2100 1420 2155 1469 te
2206 1416 2336 1483 fuit,
2386 1418 2447 1471 in
2501 1420 2673 1473 terris
2719 1418 3057 1487 decertasti,
3107 1438 3337 1477 memor
3382 1440 3456 1479 ne
3488 1424 3751 1480 derelin-

2099 1522 2247 1574 quas
2279 1522 2380 1560 eos
2410 1507 2512 1577 qui
2546 1508 2628 1561 tui
2664 1509 3089 1565 meminerunt.

2169 1594 2421 1649 Omnino
2454 1611 2488 1651 a
2517 1601 2573 1650 te
2604 1596 2941 1652 confutatus
2971 1598 3082 1652 fuit
3112 1600 3222 1654 iste
3244 1602 3347 1671 qui
3378 1601 3629 1657 formam
3658 1603 3753 1657 Di-

2098 1682 2356 1739 vinitatis
2388 1702 2578 1755 usque
2625 1684 2698 1740 ad
2739 1704 2802 1741 se
2853 1686 3187 1758 deprimere
3219 1705 3399 1744 ausus
3431 1696 3541 1755 est,
3574 1707 3750 1761 prave

2099 1777 2330 1827 vertens
2362 1774 2423 1828 in
2457 1774 2728 1829 servilem
2758 1776 3128 1831 Dominicam
3158 1779 3440 1848 speciem,
3474 1786 3751 1834 naturam

2100 1864 2382 1915 aeternam
2433 1868 2491 1917 et
2533 1863 2881 1930 increatam,
2916 1870 2975 1919 et
3002 1866 3171 1935 quasi
3204 1866 3379 1922 vilem
3412 1873 3749 1923 creaturam

2100 1947 2277 2003 rebus
2299 1951 2511 2005 creatis
2534 1967 2960 2007 annumerans.

2170 2037 2396 2093 Nubem
2428 2055 2688 2094 crassam
2725 2041 2923 2095 carnis
2972 2058 3386 2114 perrumpens,
3430 2042 3749 2114 debitaque

2101 2130 2272 2181 terrae
2323 2127 2577 2192 solvens,
2611 2145 2731 2183 una
2773 2146 2907 2184 cum
2957 2129 3173 2185 invicto
3218 2132 3418 2186 animo
3453 2137 3511 2184 et
3550 2138 3749 2187 mente

2101 2216 2323 2272 caelesti
2385 2234 2546 2272 nunc
2603 2217 2834 2273 habitas
2891 2219 3176 2274 informes
3248 2225 3307 2274 et
3374 2220 3753 2290 incorporeas

2102 2306 2378 2360 tenebras
2404 2306 2466 2359 in
2499 2307 2716 2376 quibus
2747 2307 2888 2361 licet
2918 2309 3139 2363 versari
3174 2314 3350 2378 atque
3379 2308 3657 2380 gaudere.

2170 2395 2377 2449 Divina
2428 2396 2691 2450 Ecclesia
2758 2401 2883 2451 tuto
2952 2396 3193 2452 condita
3236 2397 3395 2451 velut
3442 2398 3503 2451 in
3570 2397 3756 2451 infra-

2099 2489 2192 2538 cto
2223 2484 2613 2539 fundamento
2654 2490 2713 2540 et
2761 2486 2822 2540 in
2871 2486 3114 2558 scopulo
3168 2487 3361 2551 ﬁrmo,
3396 2487 3753 2541 inconcussa

2098 2570 2227 2625 basi
2285 2577 2524 2627 tuorum
2578 2572 2941 2645 dogmatum.
3002 2574 3383 2629 adversorum
3441 2580 3751 2629 ventorum

2099 2661 2243 2717 ﬂatu
2268 2663 2523 2718 violento
2548 2680 2667 2718 non
2696 2669 2986 2732 movetur,
3013 2670 3189 2735 teque
3212 2671 3530 2721 veneratur
3551 2672 3610 2720 et
3631 2683 3757 2720 sus-

2101 2751 2264 2822 picit.

2170 2840 2447 2909 Deiparae.
2510 2871 2577 2880 -
2634 2842 2730 2905 Te,
2793 2841 3169 2895 sanctissima
3214 2842 3403 2913 Virgo,
3454 2843 3757 2898 honoran-

2099 2928 2235 2983 dam
2269 2928 2523 3000 legatam
2554 2929 2961 2999 optimamque
3012 2929 3422 2985 mediatricem
3456 2932 3752 3002 przemitto

2098 3015 2355 3071 libenter
2384 3017 2456 3071 ad
2483 3016 2697 3071 Filium
2729 3016 2799 3071 de
2842 3022 2898 3071 te
2929 3018 3220 3089 genitum,
3252 3024 3429 3089 teque
3462 3020 3752 3090 supplico,

2097 3106 2385 3177 plurimos
2427 3106 2628 3178 lapsus
2657 3123 2823 3161 meos
2882 3112 2941 3161 et
2996 3112 3239 3178 peccata
3271 3112 3541 3164 materna
3570 3109 3758 3163 inter-

2103 3195 2372 3250 cessione
2405 3201 2507 3251 tua
2535 3196 2779 3250 omnino
2813 3195 2966 3254 dele.

2582 3357 2880 3413 JOANNIS
2927 3358 3272 3414 MONACHI.

2414 3482 2703 3537 HYMNUS
2743 3483 2814 3536 IN
2853 3481 3442 3538 CHRYSOSTOMUM.

2104 3588 2302 3640 Prima:
2344 3603 2600 3641 versuum
2650 3586 2848 3641 littera
2895 3588 3251 3655 signiﬁcant:
3302 3587 3466 3642 Alter
3494 3589 3753 3643 Joannes

2175 3657 2377 3711 laudat
2398 3664 2473 3724 te,
2495 3674 2741 3713 aureum
2766 3675 2851 3713 os.
2879 3658 3051 3712 Miser
3075 3658 3402 3712 monachus
3427 3664 3484 3712 et
3506 3660 3757 3729 supplex

2171 3729 2450 3787 Joannes.
2484 3731 2660 3785 Sonus
2683 3730 2767 3799 pl.
2802 3731 2869 3796 II,
2901 3730 3159 3798 ﬂuetibus
3197 3733 3366 3785 maris
3395 3731 3680 3785 celantem.

2176 3944 2287 3997 Ore
2321 3942 2480 3997 luteo
2512 3947 2571 3997 et
2602 3942 2804 4014 lingua
2850 3942 3115 3996 terrestri
3166 3946 3222 3996 te
3270 3943 3757 4013 Chrysostomum

2104 4031 2405 4087 celebrare
2438 4032 2713 4100 tentanti,
2771 4031 2987 4085 emisso
3020 4030 3093 4085 de
3128 4030 3291 4086 cmlis
3320 4031 3759 4103 fulgentissima

2102 4120 2314 4175 divinas
2345 4120 2678 4191 disciplinae
2710 4119 3051 4191 splendore,
3078 4125 3343 4175 mentem
3374 4120 3652 4175 illumina
3678 4121 3758 4175 si-

2103 4210 2230 4265 mul
2263 4216 2321 4265 et
2351 4215 2577 4282 pectus.

2172 4298 2254 4351 Tu
2294 4296 2537 4366 quidem
2588 4294 2946 4365 contemptis
2999 4311 3129 4364 qum
3178 4295 3443 4366 peritura
3491 4298 3651 4358 sunt,
3700 4300 3761 4349 et

2103 4386 2344 4457 fugitiva
2392 4384 2604 4456 gloria,
2664 4389 2723 4438 et
2771 4383 3047 4437 universo
3100 4383 3345 4449 mundo,
3379 4389 3437 4436 et
3486 4383 3757 4453 principe

2103 4474 2311 4528 mundi
2361 4473 2594 4537 Satana,
2627 4472 2713 4525 vir
2759 4488 2958 4539 auree,
2986 4472 3114 4526 loco
3156 4472 3426 4526 omnium
3458 4471 3759 4525 Christum

2104 4564 2353 4635 adeptus
2385 4579 2446 4617 es
2471 4580 2484 4628 ;
2519 4562 2689 4634 cujus
2716 4578 2918 4617 amore
2942 4562 3176 4616 saucius
3199 4562 3402 4615 omnia
3431 4560 3759 4615 detrimen-

2106 4659 2231 4708 tum
2255 4651 2534 4708 ducebas.

2176 4741 2426 4814 Legibus
2457 4740 2775 4795 Salvatoris
2822 4740 3036 4794 Christi
3069 4738 3409 4809 indulgens,
3436 4754 3470 4792 a
3500 4737 3756 4808 pueritia

2106 4847 2283 4902 super
2314 4830 2593 4885 humeros
2626 4845 2863 4885 crucem
2913 4829 3042 4899 ejus
3074 4828 3411 4898 suscepisti,
3447 4827 3753 4897 ipsiusque

2106 4938 2212 4992 per
2241 4919 2574 4991 disciplinae
2606 4918 2839 4973 labores
2870 4917 3196 4983 adhaesisti,
3223 4915 3592 4971 mortiﬁcatis
3623 4931 3754 4970 car-

2106 5012 2200 5065 nis
2233 5009 2530 5065 sensibus.

2176 5098 2528 5154 Inhabitasti
2560 5097 2796 5152 deserta
2826 5097 3000 5163 invia,
3038 5095 3348 5165 inaquosa,
3382 5092 3759 5157 exsul,vesti-

2107 5189 2324 5244 mentis
2355 5187 2603 5257 ciboque
2632 5186 2972 5251 destitutus,
3007 5185 3264 5255 ignotus,
3301 5181 3458 5237 haud
3490 5197 3659 5235 secus
3690 5196 3760 5235 ac

2106 5296 2357 5352 magnus
2389 5278 2565 5343 Elias,
2612 5282 2788 5347 atque
2834 5277 3088 5330 Joannes
3117 5289 3468 5344 praecursor,
3501 5287 3758 5341 quorum

2108 5370 2386 5425 ﬁduciam
2412 5366 2630 5421 imitari
2666 5364 2966 5431 studuisti,
3001 5363 3398 5418 sanctissime.

2140 5459 2345 5515 Relata
2366 5455 2609 5510 victoria
2635 5453 3140 5525 splendidissima.
3158 5450 3473 5516 beatus,de
3499 5449 3756 5503 dracone

2106 5548 2365 5603 illustria
2397 5552 2637 5615 tropaea,
2683 5543 2842 5597 velut
2886 5544 3070 5596 victor
3118 5542 3179 5595 in
3221 5540 3543 5611 Olympicis
3576 5538 3756 5604 ludis,

2106 5637 2303 5691 divino
2332 5634 2545 5705 spiritu
2594 5637 2927 5703 reportans,
2982 5646 3187 5685 rursus
3236 5629 3310 5685 ad
3356 5645 3487 5684 eam
3527 5626 3759 5683 rediisti

2106 5748 2240 5805 quae
2274 5731 2329 5782 te
2360 5726 2642 5797 gesserat.
