4120 6384
417 388 556 443 1379

1943 367 2305 437 sontum.

3715 380 3883 438 {$9

487 515 758 583 Deiparae.
792 545 861 552 —
890 514 998 578 Qui
1031 514 1091 567 in
1115 513 1428 567 indefinito
1451 514 1587 567 sinu
1611 513 1726 567 divi
1760 507 2059 566 Genitoris

2245 503 2556 562 Θεοτόκιον.
2616 535 2678 548 -ο
2727 505 2789 562 Ὀ
2844 505 3272 580 ἀπεριγράπτοις
3341 507 3658 577 καθήμενος
3719 505 3881 560 κόλ-

413 601 636 655 infiniti
671 602 881 669 Patris,
927 608 1210 671 tanquam
1261 601 1641 655 indeﬁnitum
1686 599 1942 654 Verbum
1973 612 2068 649 re-

419 691 596 758 sidet,
625 692 782 746 idem
813 709 989 747 carne
1022 693 1225 746 finitus
1249 707 1427 761 quam
1451 698 1558 746 ate
1588 689 1940 760 suscepit,in
1973 687 2078 740 im-

424 781 720 837 maculato
741 786 838 836 tuo
851 781 1074 852 gremio
1088 779 1372 851 puerulus
1391 777 2077 850 quiescit,sanctissima.

871 957 982 1012 Ode
1011 958 1108 1010 III.
1148 959 1215 1011 Te
1244 973 1409 1028 super
1438 972 1632 1026 aquas.

501 1046 714 1100 Christi
748 1050 1009 1100 mentem
1041 1053 1417 1113 consecutus,
1449 1043 1920 1101 misericordiam
1954 1041 2083 1110 ejus

428 1134 490 1188 in
522 1139 810 1204 quantum
844 1134 1104 1189 hominis
1151 1141 1279 1189 erat
1317 1135 1583 1190 imitatus
1617 1148 1718 1198 es;
1774 1137 1832 1185 et
1873 1145 2082 1184 omnes

429 1224 647 1278 servari
679 1224 913 1279 voluisti
955 1240 1060 1296 per
1091 1225 1383 1279 malorum
1435 1223 1872 1279 confessionem
1903 1225 1962 1274 et
1990 1219 2081 1272 fu-

425 1327 580 1384 gam,
641 1330 746 1383 per
815 1314 1112 1369 sinceram
1198 1314 1728 1384 vehementemque
1786 1309 2079 1383 poeniten-

425 1401 592 1456 tiam.

503 1491 682 1544 Unxit
709 1496 766 1544 te
799 1497 1038 1546 sanctus
1071 1492 1326 1562 Spiritus
1357 1493 1531 1555 Deus,
1559 1491 1711 1545 Deus
1743 1493 1900 1553 tuus,
1925 1485 2081 1541 utin

430 1581 563 1632 tuos
595 1579 792 1633 oleum
815 1580 1227 1634 exsultationis
1252 1580 1608 1644 effunderes,
1636 1585 1694 1632 et
1715 1580 2082 1648 unguentem

432 1665 644 1721 divina»
677 1669 997 1735 unctionis,
1024 1675 1082 1723 et
1101 1669 1322 1723 diffluit
1341 1669 1413 1724 de
1435 1668 1609 1724 labiis
1632 1667 1754 1722 suis
1788 1665 2083 1720 ditissima

429 1757 638 1827 gratia.

2185 614 2309 654 ποις
2369 593 2514 648 θείου
2597 595 2930 668 Γεννήτορος
3017 596 3431 668 άπεριγράπτου
3489 595 3713 670 Πατρὸς
3784 595 3878 656 ὡς

2187 681 2590 757 ἀπερίγραπτος
2651 682 2851 757 Λόγος,
2907 687 2976 757 τῇ
3036 685 3196 756 σαρκὶ
3251 684 3606 762 περιγραφεῖς
3665 685 3746 755 τῇ
3799 683 3872 738 ἐκ

2187 776 2303 840 σοῦ,
2333 777 2452 835 τοῖς
2481 771 2774 847 ἁχράντοις
2824 770 3057 834 κόλποις
3105 792 3202 828 σου
3259 771 3483 850 βρέφος,
3519 775 3682 848 ἁγνὴ,
3717 775 3876 827 καθ-

2186 861 2382 930 ἑζεται.

2577 950 2710 1030 ’ῼδή
2742 955 2815 1009 Γ’.
2851 953 2921 1008 Σὲ
2950 957 3058 1008 τῶν
3092 952 3180 1007 ἐπὶ
3213 950 3446 1008 ὑδάτων.

2259 1039 2333 1094 Σὺ
2364 1045 2489 1094 νοῦν
2538 1045 2780 1116 Χριστοῦ
2828 1039 3166 1112 πλουτήσας,
3218 1040 3502 1112 ὲζήλωσας
3546 1045 3650 1113 τὴν
3675 1041 3873 1097 αὐτοῦ

2187 1127 2592 1206 εὐσπλαγχνίαν
2675 1131 2750 1193 ὡς
2835 1129 3060 1186 δυνατὸν
3147 1132 3441 1205 ἀνθρώπῳ·
3501 1132 3593 1186 καὶ
3671 1137 3870 1187 σῶσαι

2187 1217 2388 1280 πάντας
2417 1217 2750 1282 ἑσπούδασας
2808 1217 2876 1275 δι’
2926 1219 3290 1295 ἐξομολογίας
3339 1222 3429 1275 καί
3481 1220 3705 1298 ἀποχῆς
3743 1242 3868 1276 κα-

2185 1311 2320 1378 κῶν,
2353 1307 2442 1363 καὶ
2476 1308 2792 1382 ἐμπράκτου
2825 1309 3108 1382 μετανοίας
3141 1311 3374 1384 θερμῆς.

2259 1487 2488 1562 Ἒχρισέ
2520 1508 2576 1541 σε
2607 1487 2669 1542 τὸ
2703 1491 2924 1562 Πνεῦμα
2954 1489 3015 1543 τὸ
3047 1489 3200 1562 ἅγιον
3253 1490 3281 1543 ὁ
3338 1488 3492 1556 Θεὸς,
3528 1487 3556 1542 ὁ
3585 1483 3721 1548 Θεός
3757 1507 3869 1541 σου

2188 1573 2274 1628 ἐπὶ
2331 1576 2458 1638 τοὺς
2519 1576 2644 1638 σοὺς
2701 1577 2977 1652 μετόχους
3035 1576 3420 1651 ἀγαλλιάσεως
3478 1570 3685 1645 ἔλαιον,
3759 1576 3864 1630 καὶ

2193 1664 2362 1738 μύρον
2424 1664 2571 1729 θείου
2629 1666 2956 1740 χρίσματος,
3013 1668 3102 1722 καὶ
3159 1665 3390 1743 ἐξεχύθη
3455 1686 3555 1721 σου
3603 1662 3865 1740 δαψιλὴς

2190 1755 2351 1828 χάρις
2385 1753 2435 1809 ἐν
2472 1754 2732 1830 χείλεσιν.

501 1850 802 1918 Tanquam
835 1864 997 1902 mare
1030 1849 1297 1919 erupisti,
1327 1848 1764 1919 Chrysostome,
1799 1845 2075 1900 suavissi-

2263 1843 2502 1919 Πέλαγος
2561 1844 2848 1920 ἐξηρευξω,
2910 1845 3280 1938 Χρυσόστομε,
3343 1842 3591 1938 διδαχῶν
3638 1845 3855 1922 γλυκυ⁹

425 1954 659 1993 marum
692 1939 1118 2004 doctrinarum,
1177 1943 1234 1992 et
1286 1937 1561 1992 arefactis
1615 1935 1792 1991 simul
1823 1934 2075 1990 coenosis

424 2025 796 2096 turbidisque
830 2030 889 2080 et
917 2025 1124 2080 invisis
1173 2031 1230 2078 et
1277 2025 1624 2079 salsissimis
1657 2023 2074 2078 haereticorum

417 2115 761 2184 paludibus,
793 2121 852 2169 et
881 2115 1116 2169 refectis
1147 2114 1428 2169 cordibus
1457 2114 1698 2169 nostris.

489 2207 760 2275 Deiparw.
787 2235 853 2246 —
877 2205 949 2258 Ut
970 2203 1444 2275 comprehendas
1469 2210 1657 2258 totum
1693 2199 2075 2273 splendorem

415 2299 635 2349 sanctas
664 2293 986 2361 Trinitatis,
1021 2293 1445 2350 illuminasti...
1477 2291 1875 2365 rejicientem.

1113 2499 1224 2554 Ode
1264 2501 1367 2554 IV.

632 2617 839 2688 purior
867 2632 1042 2688 appet
1057 2615 1144 2670 uit
1173 2632 1344 2670 mens
1379 2619 1498 2680 tua,
1531 2613 1953 2684 Cbrysostome
1988 2616 2079 2667 ter

413 2704 608 2772 beate,
641 2707 887 2760 affectus
916 2722 1182 2776 quosque
1213 2705 1480 2775 impuros
1512 2709 1570 2757 et
1599 2702 1952 2757 libidinosos
1984 2718 2078 2758 ca-

413 2795 630 2850 stitatis
662 2795 896 2851 camino
938 2794 1000 2849 in
1031 2795 1298 2849 cinerem
1331 2791 1631 2864 redegisti.

487 2972 660 3044 Virga
689 2973 863 3045 ignea
891 2989 1087 3028 aureas
1120 2977 1235 3027 tuas
1267 2970 1577 3035 doctrinas,
1603 2974 1660 3024 et
1687 2967 1904 3024 Christi
1937 2984 2072 3039 ope,

416 3061 510 3116 vel
542 3063 915 3118 tumultuans
936 3061 1195 3117 avaritias
1219 3076 1382 3116 mare
1405 3058 1774 3114 miserationi
1807 3057 2075 3128 pervium

413 3149 631 3219 fecisti,
662 3167 793 3220 quae
825 3149 969 3204 illuc
1000 3150 1163 3221 prius
1193 3148 1477 3205 accedere
1503 3164 1622 3203 non
1653 3145 1927 3203 audebat.

488 3330 670 3384 Primi
694 3330 950 3401 pastoris
968 3329 1236 3395 numine,
1261 3327 1504 3384 admisit
1522 3333 1578 3381 te
1600 3326 2076 3400 egregiuspastor

414 3419 486 3474 ad
519 3436 758 3475 ararum
785 3419 1208 3488 ministerium,
1242 3435 1378 3474 mox
1409 3422 1717 3490 pastorum
1739 3415 2072 3488 principem

411 3510 706 3566 futurum.

484 3601 758 3670 Deiparae.
779 3631 848 3639 —
869 3601 950 3654 Tu
973 3617 1105 3671 quas
1127 3597 1462 3669 incorporei
1486 3614 1624 3652 voce
1651 3597 2072 3666 incorporeum

415 3688 672 3759 genuisti
697 3705 769 3743 ex
794 3695 848 3744 te
870 3705 1084 3759 corpus
1107 3686 1751 3758 sumpturum,Virgo,a
1770 3684 2074 3756 corporeis

417 3777 729 3832 affectibus
764 3777 950 3832 libera
982 3783 1244 3832 mentem
1279 3793 1494 3846 meam,
1529 3793 1660 3847 quas
1703 3773 2072 3846 incorporeis

414 3866 643 3939 angelis
674 3871 942 3938 praastas.

517 3992 629 4048 Ode
666 3993 732 4048 V.
767 3994 977 4047 Divinas
1025 3993 1494 4060 manifestationis
1547 3997 1679 4057 tuas,
1727 3989 1962 4046 Christe.

481 4108 613 4174 Qui,
636 4113 693 4162 te
716 4108 983 4162 nondum
1011 4108 1232 4179 genito,
1255 4107 1635 4178 splendorem
1659 4105 2072 4178 fulgoremque

412 4198 628 4252 animm
656 4203 770 4252 tum
802 4198 1116 4268 praescivit,
1141 4198 1362 4268 quique
1398 4203 1450 4250 te
1485 4195 1876 4251 sanctiﬁcavit
1907 4200 2072 4250 ante-

414 4302 593 4356 quam
623 4286 686 4340 in
720 4292 887 4341 utero
919 4286 1285 4351 formareris,
1323 4292 1526 4340 sancte
1553 4285 1640 4339 vir
1671 4300 1871 4351 auree,
1916 4283 2073 4338 idem

411 4376 572 4429 velut
599 4375 784 4430 alium
815 4376 1134 4430 Jeremiam
1169 4391 1312 4429 sane
1341 4381 1397 4429 te
1420 4374 1655 4446 vigilem
1687 4379 1988 4445 pastorem
2016 4377 2076 4426 et

413 4463 722 4518 custodem
753 4465 911 4536 gregi
946 4482 1051 4519 suo
1083 4464 1426 4535 praeposuit.

488 4555 534 4606 Α
567 4553 706 4618 Deo,
743 4554 1075 4624 paupertati
1099 4559 1318 4608 1108le
1344 4553 1718 4621 consulente,
1739 4567 2072 4624 pauperum

415 4643 777 4697 constitutus
801 4659 1021 4712 prmses
1045 4647 1103 4696 et
1125 4643 1465 4711 auxiliator,
1496 4648 1552 4696 et
1573 4642 1910 4697 communis
1942 4659 2073 4715 ege-

416 4748 633 4786 norum
666 4731 1062 4802 providentia,
1117 4730 1382 4804 linguam
1431 4737 1589 4786 tuam
1641 4746 1882 4786 auream
1915 4732 2074 4786 velut

415 4822 627 4876 clavim
661 4838 970 4876 avarorum
1003 4838 1170 4894 gazas
1202 4828 1259 4876 et
1307 4822 1616 4876 thesauros
1649 4820 1970 4890 reclusisti,
2003 4838 2072 4877 ac

417 4910 781 4982 pauperibus
813 4911 1147 4982 resignasti.

491 5093 697 5147 Merita
727 5093 1050 5160 celeritate,
1101 5095 1435 5162 meritoque
1483 5091 1678 5146 studio
1727 5092 1955 5147 vocavit
1994 5098 2073 5158 te,

419 5199 524 5238 ceu
557 5182 834 5254 angelum
889 5182 1009 5248 Dei,
1059 5181 1275 5237 ardens
1319 5181 1554 5253 piorum
1588 5197 1790 5252 regum
1825 5181 1973 5237 ﬁdes
2005 5199 2076 5237 ex

419 5272 735 5328 Antiochia
766 5270 948 5342 Syrias
979 5276 1038 5326 et
1066 5271 1333 5342 reginam
1360 5271 1660 5325 civitatum
1683 5287 1816 5326 cum
1843 5287 2077 5328 summa

420 5362 630 5434 gloria,
664 5377 800 5416 cum
841 5376 1054 5430 magno
1087 5361 1372 5415 comitatu
1403 5360 1817 5432 condignoque
1850 5361 2076 5417 honore

423 5449 768 5505 deductum.

497 5539 638 5592 Tota
665 5538 920 5592 civitatis
948 5537 1138 5608 plebs,
1171 5544 1456 5608 tanquam
1488 5537 1559 5592 ad
1591 5536 1891 5608 publicam
1912 5539 2078 5594 festi-

432 5624 672 5680 vitatem
704 5641 1079 5688 concurrens.
1126 5633 1183 5680 et
1214 5634 1497 5696 tanquam
1528 5625 1602 5681 ad
1635 5623 2079 5684 solemnitatem

431 5711 655 5768 laetitias
686 5714 922 5786 plenam
944 5731 1014 5769 ex
1034 5716 1179 5770 urbe
1200 5732 1554 5787 properans,
1577 5713 1941 5772 clamoribus
1973 5719 2080 5776 tibi

2183 1931 2380 2002 τάτων,
2415 1933 2670 2006 αἱρέσεων
2703 1934 2957 2007 ξηραῖνον
2998 1937 3066 1989 τά
3116 1929 3443 2010 βορϐορώδη
3481 1929 3850 2010 ὀμϐρήματα,

2184 2022 2274 2078 xii
2325 2022 2544 2096 θολερὰ,
2589 2024 2678 2078 καὶ
2738 2020 2932 2094 ἄποτα,
2991 2024 3082 2080 καὶ
3140 2020 3552 2098 ἁλμυρόὸρυτα,
3585 2025 3683 2088 τὰς
3712 2046 3854 2100 καρ-

2186 2111 2304 2176 δίας
2332 2120 2552 2168 πιαῖνον
2579 2117 2764 2187 ἡμῶν.

2258 2204 2567 2259 Θεοτόκιον.
2626 2236 2690 2245 -—
2739 2204 2852 2259 Ἵνα
2904 2205 3172 2278 χωρήσῃς
3230 2202 3371 2275 ὅλην
3426 2206 3526 2274 τήν
3560 2201 3850 2277 ἔλλαμψιν

2184 2294 2287 2356 τῆς
2321 2292 2478 2366 ἁγίας
2507 2289 2765 2366 Τριάδος,
2794 2287 3130 2355 ἑστίλϐωσας
3178 2292 3342 2350 τὸν...
3397 2293 3850 2349 ἀναπτύσοντα...

2187 2383 2362 2438 Deest
2391 2399 2527 2455 pars
2551 2387 2710 2440 θεοτ.
2746 2389 2803 2439 et
2831 2383 2960 2440 odaa
2990 2385 3060 2438 IV
3091 2385 3295 2440 ecbus.

2883 2504 3013 2586 ’ῼδὴ
3056 2513 3129 2564 Δί.

2309 2661 2322 2675 .
2403 2623 2500 2674 σοῦ
2571 2619 2823 2695 εὐροίζου
2901 2618 3284 2696 καθαρώτερος
3344 2621 3373 2676 ὁ
3427 2619 3521 2682 σὸς
3572 2617 3851 2676 δέδεικται

2183 2714 2327 2778 νοῦς,
2363 2710 2723 2786 Χρυσόστομε
2749 2710 3082 2786 τρισμάκαρ,
3114 2715 3218 2764 πᾶν
3273 2709 3512 2783 ἐμπαθὲς
3543 2711 3636 2764 καὶ
3669 2709 3849 2784 πρόσ-

2185 2798 2318 2855 υλον
2347 2798 2548 2872 νόημα*
2606 2797 2699 2854 καὶ
2753 2798 2855 2874 γὰρ
2905 2799 3004 2868 τὴν
3059 2797 3273 2876 ἁγνείαν
3336 2799 3542 2874 χωνείᾳ
3587 2798 3848 2855 ίναπετὲ-

2185 2906 2420 2962 φρωσεν.

2253 2971 2472 3048 Ῥάϐδῳ
2502 2975 2702 3051 πυρίνῃ
2755 2980 2861 3031 τῶν
2922 2980 3259 3052 παγχρυσῶν
3319 2997 3417 3032 σου
3475 2974 3722 3053 διδαχῶν
3751 2976 3844 3032 διὰ

2183 3069 2450 3140 Χριστοῦ,
2497 3065 2586 3121 καὶ
2637 3073 2738 3135 τῆς
2782 3065 3144 3143 φιλαργυρίας
3191 3069 3606 3138 κυμαινομένην
3636 3065 3838 3131 θάλασ-

2184 3175 2275 3208 σαν
2329 3153 2525 3224 ἔθηκας
2580 3156 2750 3231 βατήν
2800 3158 2870 3229 τῇ
2926 3153 3292 3231 ἐλεημοσύνη,
3345 3151 3543 3212 ἄϐατον
3587 3157 3738 3212 οὖσαν
3769 3155 3836 3211 τὸ

2105 3235 2150 3304 C
2189 3242 2335 3316 πρίν.

2251 3337 2357 3388 Τοῦ
2385 3333 2786 3408 ἀρχιποιμὲνος
2815 3339 2936 3397 τοῖς
2985 3334 3243 3408 νεύμασιν
3287 3335 3318 3390 ὁ
3365 3335 3578 3408 ποιμὴν
3611 3337 3639 3390 ὁ
3669 3335 3842 3397 καλὸς

2183 3421 2330 3492 ἄξιον
2381 3421 2729 3496 παραστάτην
2782 3421 3040 3498 προσάγει
3091 3444 3148 3478 σε
3192 3427 3272 3495 τῷ
3324 3425 3554 3498 βήματι,
3594 3423 3689 3479 τὸν
3725 3437 3844 3495 μετ’

2183 3507 2246 3562 οῦ
2274 3507 2416 3563 πολὺ
2447 3513 2555 3563 τῶν
2587 3507 2866 3581 ποιμένων
2899 3509 3064 3584 μέγαν
3097 3507 3377 3581 ἐσόμενον.

2253 3597 2561 3656 Θεοτόκιον.
2615 3631 2682 3640 -—
2735 3597 3144 3677 Σωματοφόρον
3199 3599 3292 3653 τὸν
3348 3599 3642 3672 ἀσώματον
3693 3598 3842 3653 ἀσω-

2185 3690 2355 3761 μάτου
2407 3691 2559 3766 φωνῇ
2618 3691 2946 3763 γεννήσασα,
3007 3690 3262 3763 Παρθένε,
3323 3693 3652 3751 σωματικῶν
3714 3687 3839 3762 ὀρέ-

2180 3776 2310 3846 ξεων
2338 3775 2494 3852 ῥῦσαί
2530 3798 2634 3850 μου
2663 3777 2756 3832 τὸν
2803 3781 2954 3846 νοῦν,
3001 3777 3305 3852 ἀσωμάτων
3363 3777 3617 3854 ἀγγέλων
3665 3779 3837 3853 ὑπερ-

2181 3866 2406 3940 ἐχουσα.

2503 3989 2634 4071 ᾨδή
2667 3998 2740 4049 E’.
2774 3991 3099 4057 Θεοφανείας
3130 4013 3247 4062 σου,
3280 3993 3505 4069 Χριστέ.

2250 4108 2307 4160 Ὀ
2344 4109 2452 4182 πρὸ
2483 4110 2792 4182 γεννήσεως
2841 4105 3000 4169 εἰδὼς
3047 4107 3110 4162 τὸ
3157 4109 3460 4184 χρυσαυγὶς
3487 4107 3578 4162 καὶ
3610 4104 3842 4186 φαιδρὸν

2177 4201 2278 4262 τῆς
2301 4200 2486 4272 ψυχῆς
2518 4219 2634 4268 σου,
2668 4199 2756 4252 καὶ
2789 4198 2896 4272 πρὸ
2941 4202 3040 4252 τοῦ
3089 4197 3401 4268 πλασθῆναι
3451 4197 3502 4254 ἐν
3551 4201 3622 4272 τῇ
3658 4200 3844 4273 μήτρᾳ

2182 4307 2238 4340 σε
2269 4288 2520 4361 ἁγιάσας,
2573 4288 2694 4362 ἅγιε
2741 4286 3044 4364 πάγχρυσε,
3095 4287 3171 4349 ὡς
3217 4290 3504 4367 προφήτην
3539 4285 3712 4344 ἄλλον
3747 4307 3842 4341 σα-

2180 4375 2584 4452 φῶςἸερεμίαν
2631 4397 2692 4431 σε
2742 4373 3011 4452 ἄγρυπνον
3065 4376 3302 4452 ποιμένα
3351 4377 3441 4432 καὶ
3494 4381 3712 4454 φύλακα
3740 4382 3842 4446 τῆς

2181 4464 2345 4519 αὐτοῦ
2375 4467 2582 4539 ποίμνη
2594 4487 2618 4529 ς
2650 4462 3049 4541 προϐάλλεται.

2253 4555 2382 4609 ’Υπὸ
2413 4559 2546 4610 Θεοῦ
2575 4555 2987 4631 προχειρισθεὶς
3033 4560 3131 4611 τοῦ
3177 4556 3276 4625 τήν
3317 4558 3481 4630 ἡμῶν
3512 4554 3842 4616 ὖπελθόντος

2185 4645 2486 4722 πτωχείαν,
2534 4651 2640 4702 τῶν
2695 4651 2938 4723 πτωχῶν
2989 4648 3304 4723 προστάτης
3349 4649 3440 4703 καὶ
3491 4647 3836 4723 υπὲρμαχος,

2179 4735 2269 4790 καὶ
2313 4737 2470 4806 κοινὴ
2525 4739 2772 4807 πενήτων
2821 4738 3156 4812 προμήθεια,
3214 4731 3476 4810 ἐμϐαλὼν
3529 4739 3602 4800 ὡς
3649 4732 3841 4792 κλεῖδα

2180 4833 2394 4902 χρυσῆν
2444 4826 2696 4904 γλῶσσαν
2741 4829 2842 4898 τήν
2893 4827 3212 4904 πάγχουσον
3258 4834 3376 4890 τοῖς
3422 4832 3530 4883 τῶν
3575 4826 3843 4903 φιλαργῦ-

2184 4935 2293 4990 ρων
2346 4915 2601 4989 ταμείοις
2653 4917 2742 4972 καὶ
2823 4923 3138 4994 θησαυροῖς,
3197 4918 3419 4992 ἢνοιξας
3475 4921 3644 4972 ταῦτα
3703 4936 3845 4971 πτω-

2188 5009 2335 5079 χοῖς.

2260 5093 2514 5166 Συντόνῳ
2561 5094 2720 5171 τάχει
2770 5095 2860 5152 καὶ
2904 5094 3116 5171 σπουδῇ
3148 5097 3329 5159 πίστις
3375 5097 3552 5172 θερμὴ
3605 5089 3840 5151 εὐσεϐῶν

2189 5182 2460 5258 βασιλέων
2529 5184 2580 5257 ἐξ
2641 5184 2982 5261 Ἀντιοχείας
3045 5189 3144 5254 τῆς
3212 5186 3414 5259 Συρίας
3452 5205 3510 5240 σε
3548 5186 3686 5260 πρὸς
3741 5185 3840 5253 τήν

2189 5271 2445 5348 βασιλίδα
2491 5277 2599 5328 τῶν
2643 5273 2880 5346 πόλεων,
2917 5275 3050 5349 μετᾶ
3089 5271 3252 5346 δόξης
3278 5275 3360 5330 ὅτι
3402 5273 3646 5344 πολλῆς,
3681 5271 3842 5349 δορυ-

2186 5363 2378 5442 φορίας
2424 5385 2482 5418 τε
2527 5363 2618 5418 καὶ
2662 5371 2834 5437 τιμῆς
2882 5363 2972 5420 καὶ
3017 5366 3338 5440 πρεπούσης
3382 5363 3552 5426 εὖκῶς
3587 5365 3664 5428 ὡς
3708 5366 3844 5420 Θεοῦ

2187 5450 2422 5530 ἄγγελον
2449 5447 2623 5516 ἔθετο.

2258 5544 2322 5600 Ὀ
2348 5547 2454 5602 πᾶς
2483 5548 2585 5611 τῆς
2613 5541 2832 5606 πόλεως
2865 5541 2999 5606 λάὸς
3029 5544 3106 5607 ὡς
3154 5543 3232 5607 εἰς
3279 5545 3468 5613 κοινήν
3497 5545 3694 5618 ὲορτήν
3719 5563 3848 5598 συν-

2187 5627 2511 5706 δραμόντες,
2559 5633 2647 5686 καὶ
2711 5631 2786 5695 ὡς
2847 5633 2927 5696 εἰς
2971 5635 3276 5710 πανήγυριν
3309 5632 3663 5708 γαρμόσυνον
3693 5630 3847 5706 ἐξελε

2191 5719 2374 5784 θόντες
2406 5713 2507 5790 ἔξω
2536 5725 2638 5775 τοῦ
2687 5719 2914 5793 ἄστεως,
2967 5724 3103 5796 μετὰ
3146 5721 3360 5796 κρότων
3403 5727 3728 5798 περιχαρῶς
3760 5742 3847 5778 σοι
