4120 6378
310 349 445 446 i381

1439 382 1739 435 HYMNUB
1779 382 1853 435 IN
1892 383 1953 434 Β.
1992 373 2601 438 CHRYSWTOMUM.

3593 396 3614 450 1
3625 391 3734 450 382

308 514 774 589 προηπήντησαν,
835 499 1207 580 ἐπιϐατηρίων
1267 504 1558 577 πιούμενοι
1615 501 1958 576 προπομπήν

2118 503 2382 560 xsultans
2414 506 2582 562 obvia
2611 508 2791 574 venit,
2826 514 2883 564 et
2911 511 3068 568 inter
3097 512 3336 571 festivos
3361 518 3577 591 gradus
3599 539 3731 594 pro-

313 621 399 657 σοι
428 597 764 657 ἐπεισόδιον.

385 690 693 748 Θεοτόκιον.
756 721 823 729 —
884 686 1042 754 Μόνη
1098 681 1151 738 ἐν
1201 684 1398 744 πάσαις
1441 685 1645 756 γενεαῖς
1681 679 1966 752 ὑπερφυῶς

313 783 402 836 καὶ
467 781 737 855 Παρθένος
789 776 877 831 καὶ
941 773 1144 848 Μήτηρ
1209 770 1594 847 χρηματίζεις,
1679 769 1964 834 Δέσποινα,

315 871 616 946 γεννήσασα
697 865 896 941 βρέφος
981 862 1314 934 προαιώνιον
1383 859 1643 934 ἄχρονον,
1711 855 1964 934 γεννηθὶν

318 942 412 1031 μὲν
463 958 522 1012 ἐκ
574 960 670 1010 τοῦ
729 953 942 1026 Πατρὸς
1005 948 1127 1005 ἄνευ
1188 950 1398 1024 μητρὸς
1464 945 1570 1022 πρὸ
1633 945 1850 1005 παντός’
1911 942 1969 998 ἐκ

317 1053 414 1103 σοῦ
442 1049 542 1115 τῆς
568 1046 777 1118 μητρὸς
805 1042 880 1103 ὡς
934 1037 1048 1096 οἶδε
1112 1042 1243 1113 μετὰ
1299 1039 1361 1093 τὸ
1413 1042 1516 1092 πᾶν
1576 1033 1705 1092 δίχα
1761 1033 1967 1109 πατρὸς

319 1135 538 1206 κυηθέν.

984 1249 1098 1330 ιρδή
1133 1252 1195 1320 ζ’.
1223 1295 1236 1307 .
1264 1293 1278 1308 .

395 1369 711 1434 ’Λνατείλας
741 1369 828 1424 οἶα
856 1368 1240 1443 χρυσαυγίζων
1272 1364 1436 1435 ἥλιος
1491 1365 1582 1419 καὶ
1629 1364 1973 1440 χρυσοφαής,

320 1465 395 1525 ὡς
429 1463 488 1518 ἐκ
516 1465 724 1516 παστοῦ
753 1460 1011 1537 νυμφίος,
1045 1458 1096 1512 ἐν
1124 1463 1202 1528 τῷ
1260 1457 1382 1530 ὕψει
1447 1460 1526 1526 τῷ
1582 1463 1681 1523 τῆς
1732 1454 1975 1524 Ἐκκλη-

319 1553 442 1614 σίας
477 1556 710 1626 χρυσαῖς
742 1552 919 1604 ἀκτῖσι
945 1556 1044 1616 τῆς
1078 1545 1428 1606 διδασκαλίας
1476 1565 1572 1598 σου
1628 1541 1980 1617 κατεχρύσω-

319 1663 415 1702 σας
445 1643 545 1709 τὴν
580 1644 752 1693 πᾶσαν
787 1637 983 1702 κτίσιν,
1015 1636 1102 1690 καὶ
1166 1630 1509 1694 διεσκέδασας
1563 1630 1676 1706 ἔαρι
1736 1634 1980 1704 μυστικῷ

321 1731 416 1784 τὸν
454 1728 620 1804 βαρὺν
658 1733 909 1803 χειμῶνα
939 1731 1046 1779 τῶν
1101 1725 1378 1799 αἱρέσεων,

403 1816 728 1890 Κατεπλάγη
794 1813 1075 1892 βασιλεὺς,
1124 1815 1214 1867 καὶ
1275 1811 1474 1884 δῆμος,
1533 1811 1622 1864 καὶ
1703 1811 1890 1886 ἱερέων
1952 1809 1981 1862 ὁ

2073 593 2386 651 cedentem
2422 597 2483 651 in
2515 599 2810 654 civitatem
2847 601 3108 658 deduxit.

2144 685 2414 754 Deiparz.
2450 717 2515 725 —
2548 688 2681 743 Sola
2714 706 2782 744 ex
2834 693 3112 748 omnibus
3163 695 3447 769 singulari
3481 717 3728 755 munere

2074 770 2246 843 Virgo
2280 773 2459 828 simul
2491 780 2548 829 et
2575 777 2756 831 Mater
2785 781 3450 857 vocaris,Domina,quae
3475 805 3725 858 puerum

2073 861 2328 932 genuisti
2389 871 2525 919 ante
2586 867 2802 923 saecula
2852 886 2917 924 ac
2963 876 3231 944 tempora
3279 876 3721 945 subsistentem,

2075 954 2213 1004 ante
2246 952 2448 1008 omnia
2477 955 2742 1026 genitum
2791 975 2861 1013 ex
2891 966 3056 1030 patre
3107 964 3233 1018 sine
3281 971 3493 1034 matre,
3545 983 3616 1023 ex
3666 974 3720 1023 te

2077 1045 2274 1095 autem
2305 1047 2492 1096 matre
2521 1049 2728 1116 postea
2755 1053 2950 1104 ortum
2981 1051 3204 1125 absque
3232 1060 3420 1126 patre.

2782 1264 2896 1320 Οάθ
2936 1266 3029 1323 VI.

2151 1371 2364 1426 Oriens
2393 1371 2553 1428 velut
2573 1375 2660 1430 sol
2691 1393 2836 1432 auro
2856 1377 3090 1451 fulgens
3113 1387 3171 1436 et
3200 1382 3742 1454 splendiduswelut

2083 1475 2336 1530 sponsus
2386 1479 2457 1517 ex
2517 1465 2798 1534 thalamo,
2845 1468 2906 1521 in
2955 1485 3192 1524 summa
3236 1472 3500 1527 Ecclesia
3541 1474 3739 1528 aureis

2085 1548 2370 1606 doctrinae
2403 1558 2519 1608 tuae
2546 1555 2730 1609 radiis
2745 1572 2987 1611 omnem
3008 1564 3340 1614 creaturam
3359 1560 3736 1628 illuminasti,

2088 1645 2144 1693 et
2176 1641 2426 1712 mystica
2455 1649 2656 1698 aestate
2684 1659 2921 1717 gravem
2963 1646 3292 1703 hwreseum
3346 1649 3608 1705 hiemem
3633 1651 3738 1705 de-

2087 1729 2312 1800 pulisti.

2158 1819 2477 1891 Obstupuit
2506 1838 2628 1891 rex,
2659 1829 2721 1878 et
2759 1825 3035 1896 populus,
3086 1831 3148 1881 et
3193 1827 3565 1883 sacerdotum
3597 1828 3736 1884 cho-

323 1909 499 1981 χορὸς
533 1907 765 1981 ὁρῶντες
818 1902 1098 1978 άρῖδήλως
1141 1902 1237 1956 τοῦ
1289 1900 1548 1974 λαμπροῦ
1607 1899 1694 1954 καὶ
1743 1900 1980 1972 καθαροῦ

2118 1924 2192 1962 ’118
2223 1883 2473 1964 vide-nde
2506 1883 2715 1981 puram
2743 1883 3158 1985 illustremque
3181 1916 3362 1970 vitam
3389 1915 3460 1970 de
3480 1933 3738 1988 superno

329 1997 454 2071 βίου
483 1998 582 2064 τήν
621 1994 916 2069 μαρτυρίαν
951 1992 1252 2070 φερομένην
1313 1992 1536 2046 ἄνωθεν·
1595 1991 1624 2043 ὁ
1677 1989 1736 2043 ἐν
1770 1989 1984 2064 οὐρανῷ

323 2086 518 2147 πιστὸς
550 2085 652 2160 γαρ
690 2085 892 2160 μάρτυς
924 2081 1366 2157 έπεμαρτύρησεν
1422 2081 1496 2142 ὡς
1553 2081 1622 2134 τά
1678 2079 1852 2133 πάντα
1907 2077 1986 2132 εἶ·-

330 2172 444 2237 δὼς
467 2179 537 2250 τῇ
573 2175 872 2251 ὡραιότητι
904 2177 1011 2228 τῶν
1043 2173 1264 2248 τρόπων
1295 2191 1412 2226 σου.

395 2266 474 2321 Τὰ
501 2267 566 2320 σὰ
599 2266 765 2342 χείλη
833 2263 1150 2335 Πνεύματος
1209 2260 1370 2337 ἁγίου
1427 2260 1618 2334 γέγονε
1676 2257 1818 2333 λύρα
1879 2277 1986 2330 μυ-

320 2355 506 2423 πική,
557 2355 645 2408 καὶ
737 2353 1043 2428 μελουργὸς
1105 2350 1301 2425 κιθάρα
1349 2349 1722 2424 παναρμόνιον
1783 2344 1987 2418 ᾅδουσα

324 2443 516 2516 μέλος,
553 2443 810 2516 μουσικὸν
895 2443 1064 2514 ᾆσμα,
1147 2439 1373 2515 λιγυρὸν
1424 2438 1705 2512 ἀπήχημα
1761 2439 1830 2509 τῇ
1890 2435 1984 2490 εύ-

324 2532 523 2606 ρύθμῳ
587 2531 828 2607 γλυκερᾷ
906 2531 1168 2602 συνθήκῃ,
1243 2528 1333 2582 καὶ
1423 2531 1504 2597 τῷ
1585 2524 1832 2600 χαρίεντι
1885 2530 1987 2592 τῆς

320 2625 434 2675 τῶν
470 2627 666 2700 φωνῶν
700 2619 1030 2692 συμπλοκῆς
1065 2619 1331 2691 θέλγουσα
1364 2615 1546 2690 ψυχὰς
1602 2614 1691 2668 καὶ
1747 2611 1986 2684 καθηδύ-

332 2731 524 2765 νουσα.

401 2799 737 2873 Ῥητορεύων
820 2792 1036 2859 ἔπεισας
1124 2794 1380 2868 ἀπείρους
1459 2792 1654 2870 φίλους
1743 2792 1987 2867 γενέσθαι

335 2892 436 2944 τοῦ
469 2893 628 2960 Θεοῦ,
659 2888 748 2942 καὶ
781 2888 978 2962 ἀρετῆς
1009 2886 1255 2960 ἐργάτας,
1287 2885 1378 2938 καὶ
1436 2885 1612 2957 μάκαρ
1667 2877 1796 2957 ὅρος
1853 2879 1990 2957 γλυ-

341 2978 554 3050 κασμὸν
585 2979 880 3046 σταλάζον,
912 2975 973 3030 σὺ
1007 2975 1121 3039 θεία
1154 2971 1354 3046 δρόσος
1386 2973 1680 3045 οὐρανόθεν
1719 2971 1992 3025 πίπτουσα

331 3068 426 3121 καὶ
476 3067 760 3120 πιαίνουσα
817 3070 1010 3139 ψυχῶν
1095 3063 1350 3138 ἀρούραις·
1413 3061 1498 3115 διὸ
1555 3062 1608 3114 οἱ
1690 3060 1845 3134 λόγοι
1893 3080 1993 3113 σου

333 3154 600 3231 ὤφθησαν
654 3160 770 3218 τοῖς
821 3152 978 3216 λαοῖς
1066 3154 1293 3226 μέλιτος
1356 3149 1706 3226 γλυκύτεροι,
1783 3147 1994 3224 Χρυσό-

337 3265 530 3318 στομε.

415 3334 722 3392 Θεοτόκιον.
810 3368 879 3377 —
944 3338 1109 3407 Ὅρος
1167 3337 1320 3400 πῖον,
1399 3332 1686 3404 πάγχρυσε
1765 3326 1988 3402 λυχνία,

339 3424 547 3495 στάμνε
601 3427 698 3477 τοῦ
755 3424 927 3494 μάννα
976 3429 1076 3488 τῆς
1109 3463 1120 3475 .
1159 3463 1172 3476 .
1230 3464 1243 3477 .
1302 3419 1753 3493 παγχρυσωμένη
1817 3416 1990 3487 πύλη,

337 3510 712 3585 ἀκατάιρλεκτε
770 3509 1015 3581 πυρφόρε
1089 3509 1236 3582 βάτε,
1299 3501 1517 3580 ἔμψυχε
1573 3505 1752 3578 θρόνε,
1803 3502 1997 3580 οὐρανέ

339 3597 660 3674 πολύτρωτε,
747 3597 1062 3671 περιώνυμε
1148 3599 1384 3668 Χριστοῦ
1466 3591 1722 3666 καθέδρα,
1793 3592 1998 3654 παστὰς

339 3682 716 3762 χρυσόπλοκε,
752 3684 979 3748 εὐωδίας
1003 3685 1175 3759 πηγὴ,
1211 3685 1478 3754 σκήνωμα
1518 3686 1674 3752 Θεοῦ,
1709 3681 1995 3751 Δέσποινα,

343 3775 521 3831 σῶσόν
555 3797 641 3850 με.

775 3898 889 3978 ῼδή
925 3900 994 3955 Ζ’.
1021 3899 1332 3974 Ἃφραστον
1368 3899 1571 3968 θαῦμα.

423 4023 662 4092 Συχναῖς
720 4012 904 4072 λιϐάσι
963 4017 1052 4070 καὶ
1121 4006 1447 4086 έπομϐρίαις
1501 4009 1608 4066 τῶν
1671 4009 1849 4087 λόγων
1905 4031 2002 4064 σου

347 4104 649 4181 ἂρδομένη,
685 4111 773 4162 οἷα
806 4106 1012 4179 λιπαρά
1042 4105 1129 4159 καὶ
1167 4103 1372 4178 εὔγειος
1399 4104 1493 4176 γῆ,
1553 4097 1794 4155 δέδεκται
1826 4099 2002 4155 πολυ-

349 4195 925 4273 φόροςήἘκκλησία,
983 4195 1407 4270 καρποφοροῦσα
1458 4190 1663 4265 ἀρετῶν
1725 4186 2002 4266 διαφόρων

352 4284 701 4357 παγκαρπίαν
715 4328 726 4340 .

434 4378 539 4448 Νὺξ
569 4374 799 4447 ἀθυμίας
830 4373 921 4428 καὶ
951 4368 1248 4447 κατηφείας
1307 4367 1641 4439 σκοτόμαινα
1691 4367 1742 4437 ἐξ
1796 4366 2002 4442 αἰθρίας

351 4471 646 4544 ἡμεροφαῆ
702 4466 798 4532 τὴν
858 4462 1076 4537 νύμφην
1137 4460 1374 4532 Χριστοῦ
1462 4454 1654 4532 αἴφνης
1710 4456 2006 4544 κατεκάκυ-

2083 1998 2398 2053 manifeste
2428 2001 2842 2056 conﬁrmatam
2869 2019 2881 2069 ;
2914 2009 3165 2060 testatus
3197 2010 3286 2060 est
3312 2005 3474 2060 enim
3505 2021 3740 2060 morum

2086 2090 2323 2142 tuarum
2365 2091 2790 2159 praestantiam,
2843 2093 2944 2162 qui
2995 2093 3058 2148 in
3101 2093 3254 2148 coelo
3306 2093 3474 2150 testis
3524 2093 3740 2163 ﬁdelis,

2087 2180 2289 2246 utpote
2320 2178 2591 2233 omnium
2623 2181 2919 2236 conscius.

2159 2265 2336 2320 Facta
2361 2273 2507 2321 sunt
2538 2269 2696 2323 labia
2726 2274 2826 2324 tua
2856 2270 3107 2341 mystica
3159 2271 3289 2342 lyra
3337 2271 3525 2326 sancti
3556 2271 3744 2342 Spiri-

2089 2357 2206 2420 tus,
2240 2359 2298 2407 et
2327 2356 2522 2410 suavis
2535 2356 2763 2412 cithara
2777 2359 3140 2414 concinnum
3171 2373 3413 2414 carnem
3430 2375 3746 2431 resonans,

2090 2440 2264 2496 dulce
2295 2460 2556 2512 carmen,
2592 2452 2796 2519 arguta
2815 2449 3177 2514 resonantia,
3194 2447 3464 2519 jucunda
3491 2465 3744 2504 concen-

2090 2535 2186 2585 tus
2217 2532 2715 2601 modulatione,et
2729 2541 2895 2608 grata
2917 2551 3126 2593 vocum
3153 2537 3557 2593 concinnitate
3578 2553 3749 2593 men-

2091 2623 2181 2674 tes
2203 2620 2420 2690 juvaus
2452 2628 2510 2676 et
2539 2640 2838 2680 recreans.

2165 2797 2550 2855 Sermonibus
2577 2801 3086 2858 suasistiindoctis
3112 2807 3178 2858 ut
3197 2801 3375 2858 amici
3399 2801 3752 2871 ﬂerentDei,

2097 2891 2154 2940 et
2186 2887 2417 2942 virtutis
2448 2896 2881 2959 operatores,tu
2912 2907 3088 2947 mons
3132 2890 3342 2946 beatus
3373 2889 3753 2946 dulcedinem

2096 2975 2354 3041 stillans,
2387 2982 2450 3031 tu
2481 2977 2718 3034 divinus
2759 2995 2855 3034 ros
2887 2978 2958 3035 de
3006 2979 3152 3035 caelo
3184 2979 3404 3035 cadens
3435 2982 3496 3033 et
3521 2978 3752 3033 anima-

2097 3081 2228 3118 rum
2270 3081 2510 3136 campos
2561 3067 3025 3140 pinguefaciens.
3077 3069 3269 3133 Quare
3321 3081 3628 3121 sermones
3666 3063 3753 3119 tui

2015 3221 2065 3240 ,Δ
2099 3155 2336 3226 populis
2363 3155 2469 3210 visi
2502 3162 2642 3211 sunt
2671 3156 2849 3212 melle
2875 3157 3198 3225 dulciores,
3229 3156 3669 3228 Chrysostome.

2170 3335 2442 3403 Deiparae.
2496 3365 2560 3378 —-
2594 3337 2758 3392 Mons
2803 3335 3065 3409 pinguis,
3113 3336 3358 3391 lucerna
3413 3348 3613 3400 aurea,
3662 3347 3763 3388 vas

2101 3438 2453 3492 marinae....,
2499 3425 2692 3496 janua
2747 3442 2948 3493 aurea,
3016 3425 3199 3481 rubus
3257 3439 3494 3494 semper
3545 3421 3762 3477 ardens

2101 3517 2161 3565 et
2206 3528 2513 3582 nunquam
2544 3514 3009 3577 consumendus,
3043 3513 3294 3568 thronus
3327 3511 3507 3578 vivus,
3538 3509 3754 3565 ccelum

2103 3599 2678 3669 splendidissimum,
2711 3603 3119 3658 illustrissima
3158 3599 3374 3657 Christi
3407 3597 3600 3672 sedes,
3635 3599 3760 3654 tha-

2103 3686 2298 3743 lamus
2328 3705 2471 3743 auro
2504 3689 2818 3760 implexus,
2867 3692 2998 3745 fons
3047 3688 3440 3762 fragrantium
3483 3687 3756 3759 odorum,

2105 3774 2562 3832 tabernaculum
2591 3779 2712 3846 Dei,
2747 3778 3016 3845 Domina,
3051 3793 3218 3833 serva
3249 3791 3364 3830 me.

2439 3903 2552 3958 Ode
2601 3905 2720 3960 VII.
2762 3905 3052 3975 Ine/fabii:
3089 3902 3442 3958 miraculum.

2179 4018 2496 4088 Frequenti
2529 4036 2662 4074 rore
2695 4024 2754 4075 et
2781 4019 2972 4075 imbre
3005 4034 3351 4076 sermonum
3375 4022 3617 4072 tuorum
3639 4015 3772 4070 irri-

2108 4113 2263 4181 gata,
2294 4107 2454 4162 velut
2478 4109 2713 4182 pinguis
2748 4109 2924 4164 tellus
2956 4115 3014 4164 et
3059 4109 3223 4175 felix,
3263 4107 3504 4178 juvatur
3550 4104 3768 4160 fertilis

2109 4196 2392 4265 Ecclesia,
2442 4201 2500 4251 et
2541 4198 2836 4254 variarum
2867 4199 3149 4253 virtutum
3191 4195 3482 4252 fructibus
3512 4209 3765 4249 exorna-

2111 4291 2231 4342 tur.

2180 4378 2256 4431 At
2285 4375 2479 4430 subito
2522 4392 2638 4431 nox
2685 4375 3123 4447 desperationis
3176 4380 3236 4430 et
3283 4371 3523 4428 ruboris
3569 4369 3764 4443 caligo

2111 4464 2252 4519 dum
2307 4471 2521 4520 cuncta
2567 4483 2798 4531 serena,
2857 4465 3152 4520 illustrem
3209 4463 3424 4519 Christi
3482 4475 3766 4532 sponsam

349 4561 470 4632 ψεν,
530 4543 888 4611 ἀποϐαλοῦσα
944 4550 1036 4604 τὸν
1115 4549 1280 4620 μέγαν
1341 4565 1398 4599 σε
1455 4551 1720 4621 φωστῆρα
1772 4543 1991 4620 ἐπηρείᾳ

2118 4553 2458 4626 obscurant,
2509 4555 2915 4627 dejiciuntque
2969 4561 3023 4610 te
3072 4555 3308 4627 fulgens
3365 4553 3594 4618 lumen,
3656 4565 3767 4621 ope

339 4649 444 4700 τοῦ
475 4645 744 4719 ἀρχοντος
776 4644 874 4696 τοῦ
907 4659 992 4694 σα.
1031 4681 1042 4693 .
1081 4682 1093 4694 .

419 4735 694 4808 Ἃρπαγες
730 4729 888 4785 λύκοι
944 4723 1225 4798 ποιμένων
1286 4721 1552 4796 πρόσωπα
1611 4722 1864 4799 φέροντες
1919 4723 2010 4776 καὶ

349 4807 644 4899 προϐάτων
694 4820 886 4891 ἔξωθεν
947 4814 1134 4891 δορὰν,
1192 4814 1291 4881 τὴν
1351 4811 1644 4880 ἀλῶπεκὴν
1701 4807 1921 4874 ἔνδοθεν
1957 4807 2015 4866 δὲ

348 4915 711 4987 κρύπτοντες,
744 4911 836 4964 καὶ
882 4912 961 4979 τῷ
991 4902 1180 4976 κωδίῳ
1210 4901 1579 4962 καλύπτοντες
1605 4901 1694 4954 τὸν
1728 4902 1890 4976 θῆρα,
1922 4900 2016 4973 τὸν

350 5001 520 5056 καλόν
552 5023 609 5056 σε
639 5000 956 5073 κατέκριναν
983 4994 1246 5068 ποιμένα.

427 5093 583 5163 Χήρα
634 5091 877 5163 καθάπερ
942 5086 1282 5162 βαρυπενθής
1343 5077 1433 5134 καὶ

347 5180 590 5251 νυμφίον
618 5201 676 5233 σε
702 5179 794 5232 τὸν
827 5179 1026 5244 ἑαυτῆς
1077 5177 1314 5244 ζητοῦσα
1371 5174 1583 5244 πικρῶς
1641 5163 1837 5240 ἔστενε,
1867 5173 2012 5245 Χρυ-

350 5269 675 5341 σόστομε,ἡ
745 5263 1075 5334 Ἐκκλησία,
1134 5261 1280 5330 ἥτις,
1332 5257 1420 5313 διὰ
1466 5260 1565 5328 τὴν
1648 5258 1852 5333 χήραν,
1911 5259 2010 5329 τὴν

352 5360 592 5436 χωρείαν
617 5361 718 5428 τὴν
751 5355 933 5432 ἄωρον
967 5351 1191 5423 ὑπέστη.

423 5448 735 5504 Θεοτόκιον.
771 5477 839 5488 —-
866 5446 928 5502 Ὁ
967 5448 1135 5516 μόνος
1166 5440 1364 5517 κρίνων
1399 5437 1715 5508 δικαιοσύνη
1769 5437 2010 5496 ἐκάθισεν

351 5539 439 5594 ἐπὶ
496 5536 715 5613 θρόνου,
777 5535 1064 5590 Δέσποινα·
1127 5529 1220 5586 καὶ
1271 5529 1376 5604 γὰρ
1434 5527 1496 5582 ἐκ
1561 5547 1658 5581 σου
1713 5529 2012 5603 σαρκωθεὶς

349 5626 539 5705 θρόνον
564 5647 624 5682 σε
653 5623 1004 5701 πυρίμορφον
1037 5615 1254 5691 ἔδειξεν,
1287 5619 1404 5673 ’ὀθεν
1429 5615 1482 5671 ὲν
1505 5613 1740 5679 κόλποις
1779 5616 2014 5690 κάθηταί

350 5738 470 5788 σου,
503 5716 576 5778 ὡς
605 5713 658 5770 ἐν
692 5713 873 5789 θρόνῳ
901 5711 1297 5788 βρεφοπρεπῶς
1327 5705 1490 5781 ἁγίῳ.

1520 5077 1868 5155 πολύδακρυς
1923 5082 2015 5136 τὸν

2119 4644 2408 4716 principis
2440 4645 2691 4701 Satanae.

2199 4735 2340 4805 Lupi
2367 4751 2611 4806 rapaces
2641 4741 2944 4806 pastorum
2977 4735 3236 4807 speciem
3266 4733 3526 4788 ferentes
3557 4730 3775 4785 extrin-

2126 4839 2298 4877 secus
2330 4828 2388 4877 et
2416 4824 2628 4880 ovilem
2660 4825 2899 4896 pellem,
2932 4825 3095 4879 intus
3126 4829 3324 4879 autem
3375 4821 3643 4892 lupinam
3673 4833 3768 4872 ce-

2124 4911 2340 4978 lantes,
2360 4916 2419 4966 et
2441 4913 2657 4967 vellere
2685 4913 2873 4968 feram
2895 4911 3362 4975 dissimulantes,
3387 4908 3687 4983 egregium
3708 4911 3766 4962 te

2125 5007 2424 5071 pastorem
2455 5001 2903 5058 damnaverunt.

2197 5090 2356 5144 Tunc
2387 5107 2494 5146 ceu
2515 5091 2691 5147 vidua
2709 5092 2930 5147 afﬂicta
2953 5097 3010 5146 et
3031 5092 3256 5147 suffusa
3276 5087 3556 5159 lacrymis
3588 5101 3771 5157 spon-

2125 5194 2256 5232 sum
2296 5195 2470 5233 suum
2502 5179 2700 5247 deﬂet,
2735 5180 2973 5235 dolebat
2993 5186 3048 5234 te
3079 5195 3301 5245 amare,
3327 5177 3773 5246 C‘hrysostome.

2126 5267 2409 5335 Ecclesia,
2465 5287 2596 5339 quas
2646 5275 2888 5346 propter
2925 5269 3185 5335 viduam,
3238 5269 3367 5340 ipsa
3392 5264 3777 5321 durissimum

2125 5354 2473 5409 viduitatem
2506 5349 2779 5426 pertulit.‘

2194 5445 2524 5513 Deiparzm
2570 5445 2675 5510 Qui
2702 5443 3414 5516 solusjudicatjnstitiam
3436 5440 3774 5509 fecitsuper

2122 5535 2403 5588 thronum
2435 5533 2660 5598 sedere,
2695 5535 2963 5590 Domina.
2998 5536 3142 5589 Nam
3193 5534 3293 5604 qui
3321 5550 3391 5587 ex
3440 5537 3496 5586 te
3526 5543 3771 5585 carnem

2123 5623 2386 5694 suscepit
2407 5623 2685 5678 thronum
2711 5630 2764 5679 te
2796 5626 3034 5698 igneum
3058 5623 3331 5695 praebuit,
3356 5621 3515 5677 unde
3541 5620 3603 5674 in
3635 5619 3772 5673 sinu

2121 5718 2221 5769 tuo
2253 5711 2527 5784 quiescit,
2559 5717 2627 5769 ut
2653 5713 2716 5769 in
2745 5719 2952 5770 sancto
2981 5714 3196 5770 throno
3225 5725 3533 5786 pueroque
3571 5708 3772 5780 digno.
