4120 6374
458 321 597 378 1383

724 449 833 505 Ode
878 449 1026 504 VIII.
1066 448 1300 504 Exsulta
1329 450 1586 516 fremens.
1613 443 1824 498 calum.

525 542 600 595 Te
632 547 931 610 pastorem
960 538 1256 609 egregium
1285 536 1452 590 ducis
1473 535 1552 588 tui
1577 540 1636 587 et
1666 533 1814 600 Agni
1847 530 2110 584 imitato-

455 647 602 698 rem,
636 630 796 684 velut
826 645 990 684 ovem
1023 634 1079 682 et
1109 628 1355 681 arietem
1389 625 1704 694 insignem,
1737 620 1897 674 velut
1929 617 2106 689 spiri-

457 720 636 774 talem
671 736 907 790 agnum,
943 735 1015 772 ne
1048 733 1247 770 vocem
1279 730 1461 769 unam
1510 713 1880 766 emittentem
1913 707 2110 762 scele-

458 809 598 864 ratis
633 809 908 863 manibus
931 806 1349 876 corripuerunt
1372 807 1640 874 pastores
1662 805 1720 855 et
1739 798 1902 869 lupi,
1935 801 2108 866 teque

456 898 661 969 procul
695 915 724 952 e
755 913 924 968 grege
957 894 1337 950 abstulerunt
1367 892 1594 962 inique.

531 1079 755 1130 Montes
804 1080 861 1130 et
906 1091 1105 1145 rupes,
1159 1078 1217 1128 et
1262 1087 1501 1142 pascua,
1552 1067 1754 1134 valles,
1806 1063 2107 1129 barathra,

454 1168 642 1222 maria
674 1171 731 1219 et
778 1165 1049 1230 flumina,
1101 1167 1280 1228 astra,
1339 1161 1485 1215 luna
1534 1164 1592 1213 et
1636 1157 1745 1223 sol,
1806 1155 2019 1210 cmlum
2052 1156 2111 1206 et

452 1263 609 1310 terra
665 1255 860 1310 omnis
917 1258 1188 1308 creatura
1236 1250 1584 1305 contristata
1641 1253 1749 1311 est,
1793 1243 2108 1314 iniquitate

453 1351 896 1416 commotaquaa
920 1349 1061 1398 tunc
1089 1342 1160 1397 ab
1184 1340 1383 1412 impiis
1415 1335 1822 1394 sacerdotibus
1848 1332 2110 1388 admissa

451 1436 582 1491 fuit.

523 1527 758 1580 Invenit
788 1530 1074 1594 tanquam
1105 1522 1360 1577 alterum
1410 1518 1710 1573 Christum
1753 1513 1905 1569 alter
1936 1529 2108 1584 para-

454 1614 669 1687 lyticus
692 1614 906 1669 Christi
929 1611 1310 1682 discipulum;
1327 1625 1394 1663 ac
1418 1607 1616 1662 statim
1640 1603 1830 1659 morbi
1848 1602 2108 1656 sanatio-

452 1721 590 1758 nem
623 1703 871 1774 adeptus
905 1707 1012 1756 est.
1050 1700 1156 1755 Ubi
1191 1697 1349 1752 enim
1385 1695 1484 1750 ille
1519 1693 1697 1748 fidem
1730 1689 1950 1746 habere
1974 1689 2105 1759 jus-

1982 314 2349 370 ADDRNDA.

2135 439 2187 502 A

3745 320 3900 378 1384

2504 434 2636 516 ’ῼδὴ
2671 438 2755 494 Η’.
2806 440 3337 517 Ἐκστηθιφρίττων,
3370 441 3585 517 οὐρανέ.

2293 525 2362 578 Σὲ
2389 524 2480 578 τὸν
2534 525 2770 598 ποιμένα
2821 528 2914 582 τὸν
2946 527 3139 596 καλὸν,
3171 534 3269 584 τοῦ
3328 530 3730 607 ἀρχιποιμένος
3789 534 3887 588 καὶ

2218 615 2423 684 ’Λμνοῦ
2461 615 2552 668 τὸν
2617 617 2890 688 μιμητὴν,
2952 617 3027 678 ὡς
3080 615 3214 692 ἃρνα
3260 619 3351 673 καὶ
3411 622 3560 692 κριὸν
3597 621 3876 696 ἐπίσημον

2217 704 2301 757 καὶ
2337 703 2412 765 ὡς
2445 704 2614 776 ἀμνὸν
2656 705 2904 780 λογικὸν,
2960 704 3074 762 οὐδ’
3133 703 3282 770 ὅλως
3341 711 3721 785 κραυγάζοντα
3784 734 3884 768 συ-

2217 792 2443 867 σχόντες
2501 791 2784 866 παλάμαις
2867 795 3232 870 παλαμνείαις
3316 800 3367 853 οἱ
3441 803 3701 873 ποιμένες
3784 804 3880 858 καὶ

2218 879 2376 936 λύκοι
2435 882 2626 960 πόρῥω
2709 891 2811 953 τῆς
2870 891 2967 955 σῆς
3040 887 3286 960 ποίμνης
3343 889 3401 943 σὲ
3456 888 3715 966 ἐξώρισαν
3751 889 3886 946 ἀδί-

2215 991 2348 1032 κως.

2289 1061 2428 1136 ’Όρη
2464 1061 2554 1116 καὶ
2584 1060 2771 1131 νάπαι,
2822 1063 2912 1118 καὶ
2976 1064 3188 1140 βουνοὶ,
3248 1064 3530 1137 κοιλάδες,
3591 1069 3888 1146 φάραγγες,

2216 1147 2476 1211 θάλασσαι
2508 1151 2598 1204 καὶ
2631 1153 2893 1224 ποταμοὶ,
2918 1153 3158 1227 ἀστέρες,
3192 1154 3398 1226 σελήνη
3457 1157 3548 1211 καὶ
3601 1156 3793 1227 ἣλιος,
3853 1160 3883 1214 6

2216 1238 2450 1312 οὐρανὸς
2500 1239 2590 1294 καὶ
2646 1242 2680 1309 ἡ
2740 1247 2836 1314 γῆ,
2893 1243 2981 1297 καὶ
3044 1249 3186 1297 πᾶσα
3245 1244 3562 1320 ἐστύγνασεν
3620 1249 3654 1316 ἡ
3703 1249 3888 1312 κτίσις

2215 1323 2518 1412 ἐλέγχουσα
2545 1330 2645 1397 τήν
2677 1328 2801 1384 τότε
2831 1333 3167 1406 πραχθεῖσαν
3211 1333 3438 1407 ἀνομίαν
3473 1338 3573 1406 τήν
3627 1336 3687 1392 ἐκ
3742 1358 3887 1412 πρε-

2215 1409 2492 1491 σϐυτέρων
2523 1415 2726 1472 ἀδίκων
2761 1418 3100 1492 ἐξελθοῦσαν.

2291 1504 2454 1575 Εὗρεν
2484 1505 2558 1568 ὡς
2616 1504 2794 1562 ἄλλον
2852 1529 2908 1564 σε
2965 1511 3204 1585 Χριστὸν
3266 1509 3440 1575 ἀλλος
3498 1513 3880 1589 παραλυτικὸς

2213 1597 2310 1647 τοῦ
2370 1599 2608 1668 Χριστοῦ
2662 1596 2754 1650 τὸν
2813 1599 3082 1669 μαθητήν
3137 1599 3376 1655 ἐντεῦθεν
3450 1601 3572 1678 εὗρε
3627 1603 3717 1658 καὶ
3777 1605 3882 1674 τήν

2217 1679 2356 1736 ἷ¹ασιν
2392 1687 2774 1758 παρεπομένην
2806 1687 2983 1752 εὐθύς·
3047 1690 3122 1751 ὡς
3183 1689 3350 1762 μόνον
3396 1692 3499 1766 γάρ
3550 1688 3718 1766 ἔφησε
3777 1715 3885 1748 πι-

455 1794 650 1859 sisset,
708 1808 1028 1863 exsurgens
1091 1787 1404 1844 confestim
1479 1788 1536 1839 et
1593 1783 1815 1838 lectum
1868 1778 2100 1845 tollens,

2227 1771 2670 1863 ττεύεᾼεν,ἀνέστη
2730 1783 3077 1852 παραχρῆμα
3132 1780 3223 1832 καὶ
3283 1781 3380 1847 τήν
3438 1778 3637 1852 κλίνην
3675 1782 3882 1856 βαστά-

448 1884 696 1938 recessit
725 1883 819 1936 hic
853 1883 1044 1942 laetus,
1079 1897 1145 1936 ac
1177 1878 1477 1933 Christum
1509 1873 1844 1928 celebrans.

520 1974 591 2027 Ut
617 1970 1166 2041 contemplarentur
1212 1967 1416 2022 lumen
1462 1961 1725 2018 veritatis
1767 1958 1868 2029 qui
1899 1957 1960 2011 in
1991 1957 2108 2009 im-

447 2062 686 2134 pietatis
737 2060 1001 2116 tenebris
1050 2057 1364 2129 degebant,
1421 2058 1478 2107 et
1528 2049 1856 2122 spiritalem
1917 2045 2105 2101 solem

448 2151 624 2207 modo
661 2153 843 2204 Deum
876 2148 1307 2203 confiterentur
1356 2143 1456 2212 qui
1490 2137 1761 2195 sensibili
1808 2136 1946 2190 huic
1991 2132 2102 2187 soli

446 2238 869 2303 inserviebant,
924 2253 1031 2292 ceu
1082 2233 1300 2290 Paulus
1357 2231 1429 2286 ad
1489 2229 1843 2300 longinquas
1899 2227 2106 2295 gentes

445 2329 664 2384 missus
697 2344 781 2393 es,
814 2343 920 2382 ceu
954 2325 1043 2380 sol
1073 2323 1174 2394 qui
1207 2317 1648 2376 incredulitatis
1671 2314 1986 2386 caliginem
2009 2311 2106 2366 de-

445 2418 731 2472 turbaret.

516 2505 793 2576 Deiparaz.
831 2536 892 2544 —
944 2505 1020 2558 Te
1053 2500 1347 2572 sapientia
1400 2497 1521 2559 Dei,
1571 2493 1880 2549 verissima
1910 2489 2103 2546 Patris

444 2599 728 2669 imag0,et
758 2595 1020 2667 sigillum
1050 2593 1241 2645 vivum
1277 2594 1336 2643 et
1365 2584 1755 2642 immutabile.
1791 2582 2099 2637 character

441 2685 1109 2752 accuratus,animatum
1133 2679 1463 2734 thalamum
1482 2674 1679 2746 elegit,
1701 2673 1798 2726 Dei
1821 2669 2098 2744 genitrix,

439 2795 509 2833 ex
542 2783 596 2833 te
624 2792 864 2831 carnem
893 2777 1261 2843 sumpturus,
1296 2774 1350 2822 et
1373 2766 1562 2821 amice
1584 2779 1719 2819 cum
1753 2759 2100 2816 hominibus

434 2871 909 2922 conversaturus.
944 2861 1052 2918 Ode
1080 2862 1158 2916 IX
1185 2860 1354 2914 deest'

948 3039 1243 3096 JOANNIS
1281 3034 1596 3092 MONACHI

625 3153 697 3206 IN
745 3147 1071 3204 SANCTUM
1109 3141 1470 3199 NICOLAUM
1508 3137 1912 3194 MYRENSEM.

821 3258 1016 3312 Desunt
1047 3253 1145 3306 ode
1168 3253 1356 3322 prima
1385 3255 1436 3304 et
1465 3245 1722 3303 secundw

902 3344 1012 3399 Ode
1041 3344 1140 3397 III.
1179 3342 1247 3395 Te
1276 3354 1439 3408 super
1470 3351 1641 3406 aquas

514 3440 674 3510 Myra
704 3435 889 3507 Lyciae
920 3431 1124 3505 genuit
1174 3434 1253 3493 te,
1304 3427 1475 3481 beate
1524 3423 1783 3491 Nicolae,
1823 3435 2097 3492 unguen-

443 3534 570 3583 tum
616 3526 968 3597 pretiosum,
1019 3519 1342 3593 gratiarum
1396 3512 1645 3568 ﬂoribus
1696 3516 1753 3565 et
1802 3510 2093 3564 virtutum

437 3615 786 3689 fragrantia,
817 3612 1159 3668 unimarum
1193 3621 1404 3661 sensus
1429 3607 1591 3674 grate
1622 3600 1910 3656 afficiens.

515 3795 701 3851 Habet
731 3800 786 3847 te
824 3790 1136 3846 universus
1185 3781 1445 3838 mundus
1495 3779 1556 3833 in
1610 3775 2095 3832 tribulationibus

439 3891 779 3961 promptum
813 3879 1165 3940 subsidium,
1189 3875 1252 3929 in
1282 3871 1487 3927 dolore
1518 3868 1811 3939 requiem,
1844 3867 1904 3920 in
1939 3865 2092 3921 cala-

438 3954 747 4033 mitatibus
777 3969 1077 4034 solatium,
1121 3965 1182 4018 in
1217 3958 1644 4017 teutationibus
1683 3955 1996 4025 auxilium,
2033 3954 2094 4008 in

437 4065 660 4123 morbis
688 4059 1020 4118 remedium
1057 4053 1334 4116 salutare,
1370 4047 1624 4104 Nicolae.

499 4153 780 4212 Doctrina
811 4148 1077 4204 eruditus
1110 4143 1268 4204 fidei,
1315 4145 1373 4194 et
1403 4156 1436 4194 a
1466 4137 1723 4210 pueritia
1753 4133 2004 4207 spiritali
2037 4139 2096 4188 et

435 4243 690 4303 candido
744 4239 984 4313 pietatis
1034 4235 1184 4290 lacte
1233 4230 1519 4293 imbutus,
1553 4242 1686 4281 vere
1734 4225 1912 4279 homo
1959 4239 2094 4294 per-

436 4336 627 4391 fectus
658 4331 847 4386 factus
875 4345 959 4396 es,
991 4326 1183 4390 beate,
1208 4327 1266 4376 et
1296 4320 1370 4375 ad
1391 4317 1635 4374 modum
1658 4314 1850 4369 aetatis
1875 4313 2093 4368 Christi

437 4420 762 4496 proiecisti.

513 4511 784 4583 Vestigiis
811 4505 1128 4562 Salvatoris
1159 4500 1465 4564 insistens,
1512 4511 1630 4549 non
1683 4491 2091 4548 mercenarius
2129 4526 2169 4589 D

436 4602 625 4670 fuisti,
659 4600 762 4656 sed
804 4598 998 4669 potius
1046 4594 1238 4648 bonus
1286 4594 1524 4660 pastor;
1579 4583 1798 4638 etenim
1832 4583 2092 4636 animam

436 4699 598 4749 tuam
631 4706 736 4762 pro
769 4687 974 4742 ovibus
1005 4680 1279 4756 posuisti,
1313 4676 1481 4732 factis
1503 4673 1838 4743 adimplens
1870 4671 2086 4726 Christi

432 4780 840 4852 Evangelium.

509 4849 780 4941 Deiparaz.
840 4898 908 4906 —
967 4865 1048 4919 Tu
1102 4855 1427 4930 apparuisti
1495 4852 1678 4906 rubus
1731 4851 1864 4923 igne
1924 4849 2087 4902 invo-

437 4963 620 5024 lutus,
654 4953 1142 5014 celebratissima.
1173 4949 1247 5001 Te
1281 4941 1650 5015 significabat
1674 4956 1824 4994 urna
1844 4943 1946 4993 aut
1967 4953 2089 4991 am-

435 5053 624 5124 phora
653 5063 876 5104 manna
905 5041 1152 5114 repleta,
1185 5033 1582 5098 sanctissima,
1609 5031 1791 5084 Deum
1823 5031 2090 5096 receptu-

438 5115 603 5207 ram;
637 5145 702 5193 tu
733 5136 891 5192 enim
924 5129 1302 5188 dulcedinem
1337 5120 1596 5179 etfudisti
1644 5117 1818 5173 nobis
1850 5115 2089 5170 interri-

433 5247 613 5287 mam.

860 5313 971 5369 Ode
999 5310 1100 5365 IV.
1133 5309 1263 5372 Qum
1301 5305 1359 5357 in
1391 5315 1546 5355 cruce
1578 5304 1691 5352 tua.

500 5409 587 5464 Ad
639 5401 1116 5463 misericordiam
1175 5399 1233 5449 et
1280 5388 1713 5446 humanitatem
1752 5383 2085 5440 informans

428 5499 713 5559 animam,
748 5491 1017 5547 hilariter
1047 5493 1177 5541 tuas
1215 5498 1362 5554 opes
1410 5475 1718 5550 egentibus
1750 5474 2084 5529 communi-

431 5589 628 5654 cabas,
662 5587 888 5639 viscera
917 5574 1321 5636 miserationis
1345 5569 1610 5635 indutus,
1645 5567 1800 5622 sicut
1829 5581 2083 5636 magnus

429 5676 649 5731 Paulus
679 5674 921 5728 clamat.

2217 1881 2330 1929 σας,
2365 1857 2581 1916 ἐϐάδισε
2601 1863 2812 1939 χαίρων
2852 1865 2941 1920 καὶ
2973 1867 3206 1940 Χριστὸν
3241 1867 3584 1944 μεγαλύνων.

2287 1951 2399 2004 Ἵνα
2431 1951 2726 2007 θεάσωνται
2755 1955 2817 2009 τὸ
2844 1959 2960 2031 φῶς
2988 1962 3087 2024 τῆς
3149 1948 3492 2032 ἐπιγνώσεως
3541 1960 3594 2014 οἱ
3649 1961 3880 2034 ἀγνοίας

2216 2038 2268 2094 ἐν
2297 2041 2446 2095 νυκτί
2477 2039 2783 2114 τελοῦντες,
2810 2044 2900 2099 καὶ
2933 2041 3094 2114 δόξης
3124 2047 3214 2100 τὸν
3267 2045 3432 2116 ἣλιον
3494 2049 3711 2121 μάθωσι
3773 2055 3880 2122 μό-

2213 2151 2304 2183 νου
2336 2132 2464 2185 Θεὸν
2497 2133 2549 2185 ot
2576 2137 2655 2205 τῷ
2686 2133 2930 2206 αἰσθητῷ
2980 2134 3333 2211 λατρεύοντες
3389 2135 3561 2211 ἡλίῳ,
3621 2139 3694 2202 ὡς
3726 2145 3879 2194 Παῦ-

2214 2216 2315 2280 λος
2346 2218 2656 2292 ἀπεστάλης
2687 2221 2762 2284 εἶς
2790 2218 2917 2294 ἔθνη
2955 2226 3164 2299 μακρὰν
3196 2225 3324 2280 ὅντα
3380 2225 3558 2302 ἀχλὺν
3617 2229 3873 2292 ἀπιστίας

2214 2305 2290 2368 ὡς
2315 2304 2478 2375 ἥλιος
2509 2308 2802 2380 σκεδάζων.

2283 2488 2600 2550 Θεοτόκιον.
2635 2525 2699 2534 —
2733 2493 2804 2548 Σὲ
2835 2495 2869 2562 ἡ
2904 2493 3066 2572 σοφία
3093 2499 3190 2550 τοῦ
3231 2499 3388 2565 Θεοῦ,
3443 2498 3479 2566 ἡ
3540 2496 3875 2572 ἀπαράλλα-

2209 2596 2341 2639 κτος
2371 2583 2472 2632 τοῦ
2505 2581 2716 2656 Πατρὸς
2757 2583 2929 2645 ὅντως
2991 2582 3174 2653 εἰκὼν,
3223 2587 3258 2654 ή
3309 2589 3456 2654 ζῶσα
3487 2586 3717 2662 σφραγὶς
3777 2586 3879 2641 καὶ

2210 2669 2485 2739 ἀκίνητος,
2520 2669 2548 2723 6
2580 2664 2811 2745 ἀκριϐής
2847 2673 3130 2747 χαρακτὴρ
3182 2672 3256 2734 ὡς
3317 2670 3569 2748 ἔμψυχον
3617 2673 3874 2746 Θάλαμον

2211 2760 2564 2834 [μονογενὴς]
2595 2757 2654 2814 ἔκ
2675 2763 2795 2830 σοῦ,
2821 2763 3565 2840 Θεογεννῆτορ,σαρκοφόρος
3593 2762 3847 2837 προῆλθε
3865 2811 3881 2837 ,

2207 2849 2298 2904 καὶ
2331 2849 2733 2926 συνανεστράφη
2767 2848 3083 2924 ἀνθρώποις
3134 2849 3558 2927 φιλανθρώπως.
3613 2850 3742 2930 ’ῼδὴ
3812 2859 3871 2908 Θ¹

2207 2942 2375 2996 deest.

2672 3030 2981 3086 ΙΩΑΝΝΟΥ
3024 3031 3360 3088 ΜΟΝΑΧΟΥ

2349 3136 2462 3192 ΕΙΣ
2492 3137 2628 3193 ἸῸΝ
2669 3138 2877 3194 ΑΓΙΟΝ
2902 3139 3269 3197 ΝΙΚΟΔΑΟΝ
3298 3145 3432 3194 ΤΠΣ
3475 3141 3706 3198 ΜΥΑΔΣ

2557 3246 2762 3300 Desunt
2792 3249 2889 3301 ode
2923 3249 3111 3316 prima
3141 3255 3195 3302 et
3241 3250 3501 3305 secunda.

2606 3330 2737 3410 ’ῼδή
2774 3335 2846 3392 Γ“.
2873 3334 2944 3388 Σὲ
2963 3339 3071 3388 τῶν
3117 3335 3204 3390 ἐπὶ
3242 3335 3475 3393 ὑδάτων.

2272 3422 2433 3494 (Cod.
2467 3422 2506 3476 f.
2541 3423 2685 3493 107.]
2717 3421 2877 3498 Μύρα
2907 3443 2964 3478 σε
2993 3430 3096 3492 τῆς
3156 3426 3357 3487 Λυκίας
3414 3427 3728 3502 προήγαγεν
3778 3428 3861 3489 ὡς

2199 3509 2507 3585 πολύτιμον
2546 3511 2714 3587 μύρον
2762 3518 2880 3576 τοῖς
2939 3511 3117 3569 ἄνθεσι
3175 3514 3446 3587 χαρίτων,
3503 3518 3594 3572 καὶ
3649 3517 3868 3593 ἀρετῶν

2197 3605 2318 3662 τοῖς
2359 3601 2658 3674 ἀρώμασιν,
2707 3601 2961 3679 ἱερουργέ
3007 3603 3270 3676 Νικόλαε,
3332 3603 3697 3677 εὐωδιάζοντα
3752 3607 3874 3662 τῶν

2198 3692 2393 3764 ψυχῶν
2425 3690 2493 3744 τὰ
2523 3689 2680 3760 αἷσθη
2690 3693 2878 3766 τήρια.

2268 3779 2426 3853 Ἔχει
2458 3799 2515 3833 σε
2543 3783 2646 3841 πᾶς
2675 3781 2704 3834 6
2734 3781 2943 3853 κόσμος
2977 3781 3033 3837 ἐν
3051 3781 3301 3858 θλίψεσιν
3336 3783 3628 3859 ἀντίληψιν
3659 3784 3866 3858 ὀξεῖαν.

2196 3867 2542 3941 παράκλησιν
2595 3869 2648 3923 ἐν
2705 3869 2926 3945 λύπαις,
3005 3872 3060 3928 ἐν
3119 3881 3430 3952 συμφοραῖς
3487 3876 3864 3950 παραμύθιον,

2197 3957 2248 4013 ἐν
2281 3964 2613 4031 πειρασμοῖς
2645 3960 2992 4035 ὑπέρμαχον,
3053 3961 3107 4017 ἐν
3155 3963 3339 4027 νόσοις
3400 3967 3689 4044 φάρμακον
3735 3964 3869 4020 ἀκε-

2196 4044 2461 4118 σώδυνον,
2494 4047 2760 4106 Νικόλαε.

2264 4137 2469 4213 Λόγοις
2500 4137 2935 4216 ἐντεθραμμένος
2963 4148 3064 4211 τῆς
3105 4143 3365 4213 πίστεως,
3424 4146 3518 4200 καὶ
3577 4144 3726 4221 γάλα
3765 4145 3864 4202 εὖ·

2195 4224 2408 4294 σεϐείας
2427 4229 2668 4301 θηλάσας
2701 4232 2807 4286 ἀπὸ
2843 4231 3080 4307 βρέφους
3105 4235 3169 4289 τὸ
3219 4235 3441 4310 λογικόν
3504 4257 3562 4293 τε
3608 4237 3697 4292 καὶ
3729 4234 3868 4292 ἃδο-

2197 4316 2314 4386 λον,
2367 4314 2538 4383 ὅντως
2593 4319 2670 4382 εἷς
2730 4318 2894 4393 ἄνδρα
2936 4321 3175 4392 τέλειον,
3238 4325 3440 4401 μάκαρ,
3498 4329 3868 4397 κατήντησας,

2193 4407 2283 4462 καὶ
2308 4407 2384 4470 εἷς
2409 4409 2604 4482 μέτρον
2639 4408 2865 4479 ἡλικίας
2901 4415 3164 4484 Χριστοῦ.

2273 4500 2480 4572 ⁴ῐχνεσι
2565 4501 2663 4552 τοῦ
2725 4505 2987 4575 Σωτῆρος
3066 4499 3355 4576 ἑπόμενος,
3444 4503 3507 4559 οὐ
3597 4507 3874 4578 μισθωτὸς

2207 4587 2478 4671 ὑμῆρξας,
2507 4585 2679 4650 καλὸς
2734 4589 2947 4660 ποιμὴν
3009 4587 3067 4644 δὲ
3128 4591 3366 4664 μᾶλλον·
3423 4592 3512 4648 καὶ
3570 4594 3671 4671 γὰρ
3730 4595 3869 4670 ὑπὲρ

2197 4677 2306 4760 τῶν
2337 4667 2627 4748 προϐάτων
2661 4695 2756 4729 σου
2787 4683 2886 4744 τήν
2916 4679 3015 4746 σήν
3049 4680 3235 4754 ψυχήν
3276 4667 3652 4756 προθέμενος,
3674 4667 3866 4760 ἔργοις

2200 4759 2529 4834 ἐπλήρωσας
2560 4766 2656 4818 τοῦ
2687 4765 2923 4837 Χριστοῦ
2952 4767 3014 4822 τὸ
3049 4767 3404 4844 Εὐαγγέλιον.

2271 4849 2577 4909 Θεοτόκιον.
2611 4883 2679 4896 --
2713 4853 2784 4908 Σὶ
2813 4853 3102 4928 προδήλου
3129 4857 3314 4932 βάτος,
3349 4858 3690 4933 πανῦμνητε,
3722 4863 3862 4934 πυρὶ

2200 4938 2672 5015 σπαργανουμένη·
2709 4945 2765 4998 σὲ
2795 4944 3109 5011 προετῦπου
3139 4949 3374 5022 στάμνος
3404 4952 3438 5020 ἡ
3481 4949 3861 5026 μαννοδόχος,

2201 5028 2485 5104 ὑπέραγνε,
2515 5030 2615 5098 τήν
2651 5029 2916 5107 θεοδόχον
2945 5033 3238 5109 τράπεζαν
3303 5037 3366 5092 σὺ
3417 5039 3516 5114 γὰρ
3578 5039 3865 5116 ἐπήγασας

2196 5117 2515 5194 γλυκασμὸν
2547 5122 2682 5194 ⁹ἡμῖν
2718 5122 3015 5196 ἀκήρατον.

2589 5296 2718 5376 ᾨδὴ
2754 5301 2825 5358 Δ“.
2858 5301 2972 5371 Τήν
3003 5300 3054 5356 ἐν
3086 5303 3300 5380 σταυρῷ
3327 5327 3444 5363 σου.

2267 5386 2416 5443 Μετά
2447 5385 2632 5449 ἐλέους
2661 5387 2751 5443 καὶ
2804 5392 3190 5465 χρηστότητος
3248 5398 3586 5467 κεκτημένος
3643 5399 3863 5474 ψυχὴν,

2197 5475 2403 5550 ἱλαρῶς
2433 5480 2530 5531 τοῦ
2563 5481 2659 5531 σοῦ
2705 5475 2950 5534 πλούτου
3014 5479 3327 5554 μετέδωκας
3378 5490 3495 5547 τοῖς
3555 5487 3862 5562 χρῄζουσι,

2195 5562 2486 5654 σπλάγχνα
2544 5565 2847 5641 οἰκτιρμῶν
2906 5567 3290 5645 ἐνδυσάμενος,
3348 5572 3534 5651 ὥσπερ
3593 5577 3621 5630 6
3684 5576 3866 5654 μέγας

2195 5651 2412 5714 Παῦλος
2448 5653 2567 5724 βοᾷ.
3311 5684 3315 5688 τ
