4120 6406
316 383 460 440 1385

1555 376 1858 430 HYMNUS
1892 376 1968 429 IN
2004 377 2064 430 8.
2107 377 2498 437 NICOLAUM.

3601 383 3742 441 1386

388 511 616 588 Ἀστέρα
651 508 896 584 βλέπων,
957 501 1034 565 εἷς
1089 502 1189 571 τὴν
1250 499 1442 558 ἄδυτον
1474 504 1572 572 τὴν
1617 498 1824 556 ὁλκάδα
1872 504 2008 571 τοῦ,

2139 514 2259 564 stra
2316 512 2670 583 suscipiens,
2751 529 2960 568 navem
3039 511 3258 567 mentis
3334 513 3584 570 invisam
3663 516 3738 571 ad

317 609 412 660 νοῦ
445 601 580 676 πρὸς
606 601 700 661 τὰς
776 595 954 651 αὐτῶν
1011 592 1253 663 κινήσεις
1289 589 1472 656 ἷ¹θυνας
1521 593 1611 646 καὶ
1667 592 1976 662 προσώκει-

319 694 417 755 λας
450 693 566 766 ’ὁρῳ
597 689 851 765 γαληνῷ,
881 678 1228 758 κυϐερνήτης
1288 683 1362 746 ὡς
1422 683 1641 755 ἄριστος
1674 681 1739 735 τὰ
1780 678 1982 734 θαλάτ-

321 804 433 839 τια.

396 875 486 928 Ἐν
545 865 766 942 ἀνδρείᾳ
819 861 1011 936 πολλῇ
1093 868 1194 926 τῆς
1253 863 1439 928 θεῖκῆς
1480 859 1671 936 ἰσχύος
1747 861 1977 935 Χριστὸν

324 958 782 1031 ἐπικαλούμενος,
813 953 943 1016 τοὺς
995 951 1046 1008 ἐν
1109 950 1351 1029 φυλακῇ,
1407 949 1604 1026 μάκαρ,
1668 947 1982 1023 πεπεδημέ-

324 1071 450 1111 νους
484 1048 684 1121 ἐξάγων
719 1042 895 1105 ἔλυες.

398 1137 585 1213 Ἀγίου
616 1133 840 1206 πλήρης
894 1133 1028 1188 οὗσα
1091 1131 1405 1204 Πνεύματος
1464 1131 1498 1201 ἠ
1553 1128 1748 1196 καρδία
1797 1132 1830 1199 ἦ
1889 1130 1981 1200 σῆ»

324 1228 580 1304 γλυκεῖαν
673 1220 927 1291 εὐωδίαν,
1016 1221 1195 1295 ὀσμὴν
1277 1220 1716 1295 άρωματίζουσα,
1813 1217 1979 1294 αἶ’γλῃ

327 1317 606 1391 συμμιγῆ,
637 1315 724 1369 καὶ
760 1312 897 1392 φωτὶ
930 1310 1269 1385 κεκραμένην
1301 1308 1465 1365 πάλιν
1492 1309 1772 1365 ἀπέπνεεν.

398 1406 704 1461 Θεοτόκιον.
742 1436 806 1446 --
839 1403 955 1469 Τὴν
1001 1401 1134 1476 ὑπὲρ
1184 1397 1388 1455 ἔννοιάν
1450 1421 1546 1453 σου
1599 1400 1844 1470 γέννησιν
1896 1397 1982 1470 ἐρ-

332 1503 596 1573 μηνεῦσαι
632 1497 841 1572 βροτῶν
875 1493 1201 1568 πτωχόνοια
1234 1491 1296 1547 οὐ
1331 1493 1524 1546 σθένει’
1587 1491 1614 1544 6
1675 1489 1849 1565 λόγος
1879 1491 1982 1567 γὰρ

327 1587 694 1663 ἀνέκφραστος
720 1585 921 1654 ταύτης
956 1582 1258 1651 παντελῶς,
1316 1581 1403 1635 καὶ
1463 1581 1490 1634 ὁ
1547 1581 1775 1655 τρόπος,
1840 1587 1982 1648 Παρ-

330 1681 471 1749 θένε,
507 1674 897 1744 ἆκατανόητος.

748 1777 862 1859 ῼδὴ
898 1779 972 1837 Ε“.
1007 1778 1152 1852 Πρὸς
1196 1779 1253 1832 σὲ
1302 1776 1559 1854 ὀρθρίζω.

2092 609 2499 656 eorummotus
2519 603 2902 676 dirigebas,et
2940 603 3014 658 ad
3069 607 3332 658 montem
3375 605 3537 674 pacis
3556 608 3744 678 appli-

2091 689 2288 757 cuisti,
2324 698 2388 745 ut
2423 692 2782 763 gubernator
2812 693 3080 765 egregius
3133 709 3238 764 per
3287 693 3477 747 maria
3528 694 3742 750 decur-

2092 796 2253 835 rens.

2167 871 2230 924 Vi
2263 888 2498 926 summa
2539 871 2750 928 divinas
2799 873 3032 928 virtutis
3082 872 3381 927 Christum
3435 872 3740 944 invocasti,

2093 976 2421 1031 omnesque
2455 961 2743 1032 liberasti,
2776 962 2967 1030 beate,
3002 963 3102 1033 qui
3136 963 3195 1016 in
3227 963 3497 1018 custodia
3518 963 3744 1019 detine-

2094 1048 2330 1104 bantur.

2165 1139 2275 1192 Cor
2307 1143 2470 1194 tuum
2508 1139 2758 1210 Spiritus
2809 1140 2995 1194 sancti
3045 1140 3310 1212 plenum,
3355 1156 3592 1195 suavem
3622 1140 3743 1195 fra—

2094 1229 2408 1299 grantiam,
2441 1228 2677 1284 dulcem
2719 1229 2961 1284 odorem
3013 1247 3319 1301 spargens,
3350 1229 3576 1302 fulgore
3605 1247 3743 1302 per-

2095 1317 2360 1387 mistum,
2396 1324 2454 1373 et
2483 1318 2613 1374 luce
2646 1318 3029 1390 splendidum
3056 1336 3261 1373 rursus
3294 1318 3605 1374 exhalavit!

2167 1409 2435 1478 Deipa-rce.
2471 1439 2534 1448 —
2567 1409 2738 1463 Omni
2772 1408 3128 1480 cogitatione
3162 1408 3448 1479 majorem
3488 1425 3744 1479 genera-

2094 1497 2320 1552 tionem
2353 1503 2515 1553 tuam
2546 1499 2860 1553 hominum
2904 1498 3221 1553 infirmitas
3263 1499 3596 1569 exprimere
3627 1515 3748 1553 non

2093 1585 2287 1653 volet;
2321 1587 2492 1659 cujus
2525 1589 2684 1642 enim
2717 1587 2866 1642 ratio
2903 1588 3147 1642 omnino
3181 1587 3525 1655 iuefiabilis,
3558 1589 3746 1660 Virgo,

2097 1679 2154 1730 et
2183 1676 2393 1732 modus
2424 1679 2651 1733 nemini
2687 1677 3103 1750 intelligibilis.

2453 1787 2563 1840 Ode
2600 1787 2664 1841 V.
2694 1786 2787 1842 Ad
2816 1792 2865 1840 te
2903 1785 3145 1840 diluculo
3175 1784 3352 1841 venio.

398 1879 650 1949 Ῥαγῆναι
678 1871 913 1943 κόσμου,
938 1867 1026 1924 καὶ
1059 1866 1550 1941 προσκολληθῆναι
1591 1871 1670 1938 τῷ
1723 1865 1983 1954 καλοῦντι

2165 1872 2454 1928 Mundum
2483 1891 2786 1946 respuere,
2820 1881 2878 1929 et
2905 1874 3140 1930 vocanti
3171 1876 3289 1930 Deo
3330 1874 3656 1941 adhaerere,
3691 1879 3751 1929 et

337 1962 606 2035 Δεσπότῃ,
637 1959 774 2034 πρός
809 1957 952 2023 θείας
986 1955 1317 2018 ἀπολαύσεις
1379 1955 1801 2030 ὕπερκοσμίους,
1860 1955 1986 2021 τοὺς

329 2051 386 2107 ἐν
419 2051 615 2124 κόσμῳ
642 2043 913 2123 θορύϐους
943 2047 1302 2119 μισήσαντας,
1331 2050 1449 2108 τοῖς
1502 2043 1730 2120 γλυκέσι
1761 2065 1858 2100 σου
1889 2043 1990 2100 λό-

329 2162 457 2218 γοις
487 2138 738 2200 πολλοὺς
769 2134 1007 2198 ἔπεισας.

409 2229 590 2304 Ἰσχὺν
621 2227 712 2283 καὶ
759 2225 946 2288 σθένος
1003 2230 1148 2289 θεῖον
1207 2221 1533 2296 ἐξωσμένος,
1589 2224 1680 2278 καὶ
1766 2245 1990 2300 περιπε-

337 2319 651 2393 φραγμένος
709 2313 863 2386 άΰλῳ
914 2312 1236 2388 παντευχίᾳ,
1320 2316 1438 2375 ταῖς
1489 2316 1587 2366 τοῦ
1641 2311 1844 2387 Βελίαρ
1896 2311 1996 2367 οὐκ

338 2407 587 2483 ἐτρώθης
617 2403 854 2481 βολίσιν,
886 2400 1014 2458 ἀλλ’
1070 2396 1308 2478 ἕτρωσας
1362 2403 1461 2470 τὴν
1515 2399 1737 2478 καρδίαν
1784 2400 1995 2457 ἐκείνου

336 2499 441 2566 τῆν
470 2489 858 2568 παμϐέϐηλον.

415 2585 715 2659 Τετράορον
776 2579 944 2656 ἅρμα,
1006 2575 1205 2654 ὄχημα
1268 2579 1550 2655 πυρφόρον
1609 2580 1813 2654 ἀρετῶν
1898 2581 1997 2648 τῆν

343 2671 578 2747 τετράδα
633 2671 945 2743 πηξάμενος
994 2665 1229 2737 ἀνῆλθες
1287 2667 1364 2731 εἰς
1414 2668 1505 2722 τὸν
1562 2667 1808 2741 οὐρανὸν,
1858 2666 1997 2721 ὅπου

345 2759 668 2836 πρόδρομος
705 2759 899 2831 πρώην
935 2755 1138 2826 ἀνῆλθε
1168 2756 1424 2831 Χριστὸς,
1455 2761 1543 2828 τῷ
1587 2757 1871 2831 προσώπῳ
1903 2756 1997 2811 αὖ·

347 2855 448 2905 τοῦ
477 2850 945 2924 ὲποφθησόμενος.

422 2941 512 3004 Ὠς
541 2937 675 3001 ἅλας
735 2943 902 3007 θεῖον,
961 2934 1160 3009 μάκαρ,
1220 2929 1524 3005 ἐνεϐλήθης
1581 2933 1657 2996 εἰς
1713 2935 1805 2989 τὸν
1851 2933 1998 3008 σύμ-

339 3050 521 3085 πάντα
550 3048 785 3100 κοσμον,
819 3025 980 3080 ἱστῶν
1012 3025 1113 3094 τήν
1163 3021 1436 3094 σηπεδόνα
1474 3031 1574 3094 τῆς
1627 3023 1880 3097 ἀθυμίας,
1911 3025 2001 3079 καὶ

342 3117 616 3194 ξηραίνων
644 3118 746 3186 τὴν
782 3115 930 3192 ῥύσιν
986 3119 1096 3170 τῶν
1151 3113 1414 3188 θλίψεων,
1471 3116 1558 3169 καὶ
1622 3114 1867 3191 συνάγων
1913 3115 2002 3170 καὶ

340 3208 593 3286 σφίγγων
637 3204 1007 3281 χαυνωθείσας
1037 3204 1238 3278 ψυχάς.

416 3295 724 3352 Θεοτόκιον.
759 3325 828 3337 ·-
868 3294 962 3361 Μὴ
1021 3291 1328 3368 ἐκφυσήσας
1381 3295 1489 3347 τῶν
1543 3289 1811 3367 πατρῴων

339 3408 488 3456 πων,
546 3389 664 3446 τοῖς
728 3382 1011 3457 μητρῴοις
1064 3401 1160 3436 σου
1213 3380 1445 3443 κόλποις
1499 3381 1798 3454 καθέζεται,
1854 3384 2003 3458 Παρ-

344 3473 489 3544 θένε,
548 3472 789 3547 Χριστὸς
847 3472 875 3524 6
933 3470 1086 3531 Θεός’
1146 3471 1173 3524 6
1233 3471 1466 3546 ἀμήτωρ
1526 3469 1804 3546 προῆλθεν
1867 3473 2002 3527 ἀπά-

339 3583 461 3634 τωρ
543 3561 601 3615 ἐκ
674 3557 791 3613 σοῦ·
878 3552 1134 3633 ’Δϐραᾶμ
1214 3555 1271 3612 δὲ
1328 3558 1459 3623 τοὺς
1536 3559 1779 3623 κόλπους
1837 3561 2002 3617 πάλιν

346 3651 577 3724 ἠνοίεω.

526 3754 658 3836 ,ῼδὴ
695 3756 755 3824 ζ’.
793 3750 1107 3830 Συνεσχέθη
1143 3747 1270 3807 ἄλλ’
1319 3752 1382 3807 οὗ
1411 3774 1539 3809 κατε
1589 3757 1830 3831 [σχὲθη].

420 3845 753 3908 Ὑπακούσας
813 3843 941 3900 ἀλλ’
1028 3843 1088 3899 οὐ
1149 3844 1497 3918 παρακούσας
1532 3890 1545 3914 ,
1629 3849 1828 3923 μάκαρ,
1913 3857 2014 3918 τῆς

353 3938 501 4002 θείας
530 3935 782 4005 ἐντολῆς,
813 3934 936 4004 ἥτις
969 3933 1120 4012 φησί’
1159 3936 1247 4002 Μὴ
1291 3933 1484 4007 γνώτω
1511 3937 1544 4005 ἡ
1579 3935 1708 3991 λαιά
1761 3958 1858 3992 σου
1917 3941 2014 4008 τῆς

363 4027 536 4102 δεξιᾶς
565 4027 628 4082 τὸ
659 4021 842 4101 ἔργον,
869 4021 1070 4095 πολλῷ
1090 4022 1291 4092 ταύτην
1317 4024 1682 4099 ὑπερήλασας,
1711 4024 1824 4081 οὐδ’
1855 4027 2014 4082 αὐτὸν

363 4118 422 4173 δν
484 4117 794 4192 εὐηργέτεις
883 4110 1053 4185 ἄνδρα
1100 4110 1538 4188 παραδεξάμενος
1591 4115 1857 4172 κοινωνὸν
1915 4124 2016 4188 τῆς

370 4206 602 4284 βουλῆς,
635 4201 762 4259 οὐδὲ
790 4207 886 4258 τοῦ
912 4205 1122 4256 σκοποῦ
1147 4205 1243 4255 τοῦ
1277 4206 1372 4256 σοῦ
1421 4203 1731 4277 συνίστορα,

436 4295 757 4366 Ῥιζοτόμος
846 4289 974 4347 ἀλλ’
1037 4289 1100 4345 οὐ
1183 4290 1494 4366 φυτοκόμος
1577 4293 1756 4361 πᾶσης
1829 4295 2018 4358 κακίας

369 4385 632 4462 πέφηνας·
718 4380 1053 4460 ἐμφότευσόν
1142 4401 1258 4452 μοι,
1319 4381 1516 4454 Πάτερ,
1603 4382 1804 4454 εὐθαλῆ
1897 4407 2024 4440 συν..

367 4482 550 4553 ηρεφῆ
608 4471 870 4547 στελέχη,
945 4471 1270 4531 κατασκίους
1351 4470 1704 4546 πολυχότους
1779 4475 2027 4550 ’ὁρπηιιας

368 4567 576 4639 ἀρετῶν
610 4563 702 4618 καὶ
735 4562 903 4637 ἰερῶν
940 4560 1209 4636 χαρίτων,
1241 4561 1340 4627 τήν
1385 4560 1669 4633 ἀκανθώδη
1733 4585 1838 4638 μου
1895 4563 2029 4640 βλά-

373 4676 505 4724 στην
589 4651 922 4729 ριζοτομῶν,
1006 4647 1096 4704 καὶ
1177 4649 1273 4711 τὰς
1357 4646 1621 4722 ἐμπαθεῖς
1676 4651 2030 4732 παραφυάδας

371 4742 669 4819 πιμπλῶν.

446 4833 718 4909 Οὐρανίου
749 4828 878 4885 ἀλλ’
913 4829 1018 4884 οὐκ
1070 4824 1311 4902 ἒπίγείου
1370 4825 1531 4902 δόξης
1587 4838 1776 4908 τυχεῖν
1837 4833 2034 4890 ἐπιπο-

379 4924 512 4994 θῶν,
546 4921 644 4990 τὴν
707 4915 1016 4995 συρομένην
1074 4915 1224 4970 κάτω
1280 4914 1559 4991 ὑπερεῖδες
1615 4918 1690 4982 ὡς
1739 4941 2032 4997 παρερχο-

381 5013 572 5085 μένην,
606 5012 680 5072 ὡς
711 5007 1014 5082 λυομένην,
1048 5006 1123 5068 ὡς
1155 5011 1280 5076 σκιᾷ
1310 5005 1687 5080 κατάλληλον,
1736 5012 1810 5074 ὡς
1842 5013 2036 5089 ὀνείρῳ

374 5097 885 5171 παρεικαζομένην,
919 5096 992 5157 ὡς
1029 5095 1398 5150 ἀνυπόστατον
1456 5097 1546 5150 καὶ
1605 5098 1798 5170 ὁμοίαν
1829 5106 2038 5177 τρανῶς

378 5191 574 5259 καπνῴ
605 5187 744 5261 πρὸς
776 5185 907 5254 ἀέρα
937 5181 1263 5259 διαρῥέοντι.

459 5273 798 5347 Βεοηλώσας
829 5270 958 5327 ἀλλ’
989 5271 1050 5326 οὐ
1081 5270 1408 5342 καθηλὼσας
1468 5273 1526 5328 ἐκ
1582 5280 1678 5330 τοῦ
1731 5281 1826 5332 σοῦ
1868 5275 2041 5350 φόϐου

380 5366 483 5432 τὰς
541 5364 674 5440 ἐμὰς
727 5364 946 5438 σάρκας,
997 5360 1087 5416 καὶ
1161 5361 1262 5429 τήν
1317 5363 1532 5438 ἁγνείαν
1592 5365 1666 5426 ὡς
1721 5369 1749 5421 6
1806 5363 2045 5444 βέϐηλος

379 5459 556 5512 Ἥσαῦ
613 5453 705 5508 καὶ
757 5451 981 5526 πόρνος,
1062 5449 1229 5510 λύσας
1305 5449 1550 5527 λαγνείᾳ,
1609 5455 1816 5531 πόρνης
1901 5459 2044 5532 μέλη

394 5539 610 5620 βέϐηλα
666 5542 736 5596 τὰ
794 5541 860 5596 σὰ
918 5535 1061 5612 μέλη
1149 5537 1216 5592 τά
1290 5541 1616 5614 ἡγιασμένα,
1675 5547 1894 5621 Χριστὶ,
1953 5570 2051 5604 πε-

389 5633 624 5705 ποίηκα·
653 5630 772 5687 ὅθεν
804 5651 873 5705 με
898 5632 1021 5694 ταῖς
1050 5626 1241 5703 εὐχαῖς
1269 5631 1366 5683 τοῦ
1423 5636 1519 5686 σοῦ
1578 5635 1858 5698 Νικολάου
1887 5637 2053 5696 πάλιν

381 5722 500 5801 ῖᾶγν
512 5742 624 5779 ισον
634 5766 646 5780 .

683 5841 958 5903 ΡΑτιιοι..
1003 5842 1122 5902 Gn.
1163 5840 1374 5906 XCVI.

1865 3292 1999 3348 κόλ-
2031 3249 2074 3318 C

2095 1979 2296 2017 amore
2359 1980 2752 2035 supernarum
2828 1964 3280 2033 divinarumque
3357 1965 3746 2035 voluptatum,

2096 2051 2304 2106 mundi
2363 2052 2686 2108 tumultum
2745 2053 2966 2121 odisse,
3041 2052 3317 2108 dulcibus
3376 2053 3750 2130 orationibus

2098 2141 2428 2212 permultos
2461 2143 2737 2197 docuisti.

2175 2230 2304 2285 Vim
2324 2236 2384 2285 et
2408 2231 2684 2286 virtutem
2699 2232 2801 2286 Dei
2825 2231 3158 2299 indutus,et
3177 2237 3478 2287 armatura
3499 2233 3752 2287 circum-

2105 2325 2307 2390 septus
2332 2321 2596 2375 materiaa
2625 2323 2871 2392 experti,
2905 2320 3090 2376 Belial
3121 2321 3350 2392 sagittis
3383 2337 3502 2374 non
3535 2321 3759 2376 saucia-

2104 2413 2200 2466 tus
2231 2425 2314 2477 es,
2348 2410 2466 2465 imo
2497 2409 2812 2482 profanum
2845 2411 2973 2482 ejus
3005 2426 3106 2464 cor
3135 2409 3415 2464 sauciasti
3446 2409 3595 2480 ipse.

2176 2587 2534 2659 Quadrijugo
2594 2589 2816 2655 currui,
2878 2589 3050 2660 igneo
3122 2588 3414 2655 vehiculo,
3475 2587 3759 2643 virtutum

2107 2677 2489 2747 quaternioni
2520 2677 2764 2732 innixus
2814 2677 2889 2731 ad
2935 2676 3170 2742 cmlum,
3229 2693 3343 2746 quo
3376 2693 3567 2747 nuper
3597 2695 3758 2747 prae-

2107 2771 2368 2820 cesserat
2414 2782 2749 2836 prmcursor
2797 2765 3085 2829 Christus,
3135 2765 3249 2835 ipsi
3298 2764 3759 2836 conspiciendus

2109 2854 2450 2909 ascendisti.

2183 2943 2354 2998 Velut
2385 2942 2470 2998 sal
2501 2942 2790 3010 divinum,
2824 2942 3016 3011 beate,
3051 2942 3268 2997 missus
3308 2959 3370 2997 es
3420 2943 3480 2997 in
3524 2943 3764 2998 univer-

2111 3047 2244 3088 sum
2273 3032 2586 3101 mundum,
2617 3032 2999 3102 putredinem
3049 3030 3483 3102 desperationis
3523 3035 3766 3087 sanatu-

2110 3137 2266 3188 rum,
2301 3126 2360 3175 et
2387 3119 2844 3174 tribulationum
2875 3120 3092 3174 ﬂuctus
3115 3120 3498 3187 siccaturum,
3532 3120 3767 3176 animas

2114 3210 2339 3266 laxatas
2371 3211 2734 3266 confirmans
2777 3214 2834 3264 et
2864 3210 3299 3281 constringens.

2188 3300 2457 3370 Deiparoe.
2491 3330 2558 3339 —
2589 3298 2697 3364 Qui
2721 3303 2886 3370 patre
2908 3298 3072 3353 nullo
3096 3302 3556 3367 ortus,materno
3581 3298 3641 3352 in
3664 3302 3765 3354 tuo

2115 3389 2248 3444 sinu
2281 3388 2555 3459 quiescit,
2590 3388 2785 3458 Virgo,
2819 3388 3086 3442 Christus
3109 3388 3282 3452 Deus;
3309 3386 3410 3456 qui
3442 3387 3607 3457 prius
3631 3385 3770 3441 abs-

2118 3495 2231 3549 que
2264 3483 2473 3544 matre,
2526 3494 2686 3532 nunc
2737 3476 2962 3548 absque
3021 3480 3186 3547 patre
3243 3492 3314 3530 ex
3373 3481 3427 3529 te
3457 3475 3773 3546 processit.

2119 3566 2416 3622 Abraham
2448 3566 2646 3621 sinum
2676 3581 2882 3620 rursus
2911 3564 3216 3636 aperuisti.

2325 3763 2436 3818 Ode
2474 3764 2566 3818 VI.
2603 3763 2896 3820 Contentus
2925 3768 3025 3829 est,
3055 3760 3148 3816 sed
3178 3775 3288 3815 non
3320 3766 3582 3815 retentus.

2197 3852 2387 3908 Divini
2420 3852 2703 3924 praacepti
2734 3851 3098 3916 observator,
3134 3867 3257 3904 non
3289 3855 3490 3905 autem
3513 3849 3792 3915 violator,

2126 3941 2316 4006 beate,
2351 3941 2510 4011 quod
2570 3941 2750 3996 dicit:
2803 3942 3042 4012 Ignoret
3086 3939 3335 3994 sinistra
3383 3944 3484 3993 tua
3535 3937 3795 3994 dexteras

2131 4048 2300 4102 opus,
2328 4030 2516 4085 multo
2565 4031 2885 4102 perfectius
2934 4029 3128 4101 egisti,
3163 4029 3265 4099 qui
3296 4045 3407 4083 nec
3455 4029 3645 4083 virum
3696 4029 3791 4083 cui

2132 4119 2546 4176 benefaciebas
2596 4119 2834 4174 consilii
2881 4118 3236 4190 participem
3284 4117 3499 4184 fecisti,
3544 4134 3655 4172 nec
3694 4134 3796 4173 vo-

2133 4210 2383 4266 luntatis
2415 4214 2528 4263 tua)
2561 4209 2892 4264 conscium.

2207 4297 2544 4365 Eradicare,
2576 4313 2696 4352 non
2718 4301 2917 4352 autem
2941 4312 3086 4352 cura
3105 4295 3320 4362 fovere,
3356 4312 3594 4351 omnem
3621 4295 3798 4350 mali-

2141 4390 2283 4444 tiam
2313 4388 2472 4442 visus
2503 4404 2586 4442 es.
2620 4389 2842 4452 Insere,
2877 4388 3071 4451 Pater,
3104 4386 3308 4440 animo
3353 4402 3487 4440 meo
3520 4390 3799 4440 truncum

2143 4476 2494 4532 umbrosum
2525 4481 2584 4530 et
2612 4475 2946 4542 ﬂorentem,
3001 4491 3200 4529 ramos
3233 4491 3450 4545 opacos
3499 4479 3557 4530 et
3587 4472 3798 4528 divites

2143 4567 2426 4621 virtutum
2458 4569 2518 4620 et
2547 4570 2887 4620 sanctarum
2940 4563 3286 4636 gratiarum,
3326 4563 3572 4633 spinosa
3603 4561 3801 4617 eradi-

2142 4671 2306 4724 cans,
2339 4659 2398 4709 et
2425 4653 2819 4726 cupiditatum
2852 4653 3237 4725 propaginem
3271 4651 3511 4707 tollens.

2213 4832 2629 4900 Coelestis,non
2661 4829 2962 4885 terrestris
2992 4829 3181 4902 gloria
3202 4827 3539 4884 obtinendae
3563 4825 3794 4898 avidus,

2144 4929 2444 4980 terrenam
2473 4921 2886 4993 contempsisti
2929 4925 3212 4992 tanquam
3258 4920 3581 4992 fugitivam,
3614 4917 3796 4990 fragi-

2145 5015 2286 5082 lem,
2315 5013 2526 5068 umbra
2556 5011 3112 5076 inconstantiorem,
3147 5009 3364 5064 somnii
3404 5008 3798 5080 persimilem,

2148 5104 2454 5170 caducam,
2489 5107 2546 5157 et
2573 5101 2720 5156 fumi
2769 5099 2930 5156 haud
2980 5097 3334 5154 dissimilem
3386 5097 3450 5153 in
3497 5113 3638 5152 aera
3666 5112 3803 5151 eva-

2149 5191 2470 5248 nescentis.

2224 5281 2445 5338 Violavi
2485 5297 2695 5336 carnes
2725 5296 2911 5349 meas,
2964 5279 3176 5332 timore
3231 5283 3331 5332 tuo
3380 5293 3499 5331 non
3547 5275 3808 5338 conﬁxi;

2155 5371 2554 5428 contaminavi
2582 5370 2912 5424 castitatem
2937 5384 3134 5422 meam
3166 5367 3317 5421 sicut
3347 5367 3500 5420 Esau
3529 5365 3817 5436 profanus

2160 5467 2218 5517 et
2247 5466 2570 5527 scortator;
2599 5458 2929 5513 meretricis
2952 5456 3190 5511 libidini
3216 5453 3485 5509 membra
3516 5451 3813 5519 commisi,

2162 5551 2413 5615 Christe,
2454 5566 2487 5605 a
2518 5555 2574 5604 te
2606 5548 3012 5613 sanctificata;
3067 5545 3223 5601 beati
3278 5543 3505 5600 Nicolai
3539 5542 3819 5616 precibus

2164 5657 2372 5697 rursus
2404 5656 2499 5695 me
2531 5638 2858 5695 sanctifica.

3470 5845 3548 5902 44
