4120 6392
391 375 533 433 4387

1907 340 2282 395 ADDENDA.

3692 329 3870 389 1388

390 502 738 560 Dealbatam
768 512 890 552 non
922 490 1200 549 fwdatam
1239 482 1587 557 passionum
1617 440 1803 529 livore
1836 467 2051 524 stolam

2238 460 2833 583 Λευκανθεῖσανῖιξλκ2
2868 464 2931 583 ξύ
2992 462 3346 538 μελανθιῖσαν
3397 460 3451 535 ἐξ
3499 460 3867 535 ἀμαυρότη-

2207 573 2258 583 ι..-
2313 557 2497 583 -..Λῖ...
2551 574 2640 583 ...Α
2726 576 2752 583 ..
2838 576 2864 583 ,λ
2906 552 3163 583 -ἒ....ι.ξ--
3259 552 3346 583 ..-ἓ
3410 549 3642 583 ...ηὲΑὲη
3709 548 3866 583 11-“—

414 590 662 655 ndutus,
696 592 755 642 et
774 548 1101 656 fulgentem
1126 548 1624 649 splendidamque
1647 566 1842 619 facem
1875 572 2057 613 manu

2207 573 2258 614 ος
2312 557 2497 656 πακθῶν
2549 550 2752 656 στολὴν
2812 550 3187 627 ἐνδεδυμένος,
3259 552 3350 608 καὶ
3408 549 3642 627 φαιδρὰν
3707 548 3867 605 λευ-

414 635 662 655 mum",
700 635 1027 656 ---νον-η
1158 635 1175 649 ,
1529 635 1543 637 _

390 696 633 755 gerens,
669 674 924 732 illustris
958 669 1216 731 Nicolae,
1266 671 1659 733 supernarum
1710 650 2056 722 nuptiarum

2207 646 2344 746 ρφαῆ
2377 640 2644 748 λαμπάδα
2728 643 2882 718 χερσὶ
2965 645 3242 719 κατέχων,
3324 640 3501 715 ἔνδοξε
3559 635 3864 708 Νικόλαε,

2230 753 2241 755 -
2662 754 2667 755 ,
2769 734 2782 752 κ
2908 732 2923 755 9
2968 733 3070 755 ~\n
3226 733 3240 755 ν
3350 730 3673 755 1,-.-1,.,_,,
3740 726 3827 755 ΔΛ

394 740 729 826 thalamum
786 758 1127 825 introivisti,
1199 760 1258 808 et
1322 749 1558 807 caeleste
1617 740 2058 814 mysticumque

400 858 766 924 cubiculum,
797 850 958 925 quod
988 854 1048 905 et
1076 864 1181 920 ego
1216 841 1557 913 contingam
1589 848 1770 906 Opera
1800 836 1922 884 tua.

476 1038 748 1106 Deiparae.
782 1061 851 1070 —
881 1024 1184 1083 Excelsior
1210 1026 1268 1076 et
1298 1013 1613 1074 sublimior
1639 1009 1766 1064 visa
1803 1022 1866 1061 es
1896 1017 2064 1059 crea-

403 1134 540 1184 tura
573 1139 754 1197 quam
785 1119 978 1176 oculis
1001 1120 1059 1172 et
1080 1117 1282 1170 mente
1304 1098 1893 1181 percipimus,Virgo.
1917 1095 2063 1148 Nam

406 1225 691 1278 creatura)
724 1215 906 1270 totius
937 1209 1308 1267 conditorem
1332 1198 1612 1256 manibus
1643 1190 1934 1252 contines,
1955 1200 2064 1240 ceu

406 1310 656 1367 thronus
688 1306 895 1379 igneus
923 1320 937 1369 ;
971 1315 1150 1371 quem
1182 1310 1336 1360 ores,
1373 1303 1596 1361 quasso,
1632 1289 1698 1338 ut
1728 1296 1822 1336 me
1850 1277 1921 1333 ab
1956 1291 2066 1330 an-

404 1398 616 1473 gustiis
651 1363 1177 1451 etucalam'itatibus
1214 1383 1586 1438 infernorum
1614 1372 1850 1437 liberet,
1885 1371 1944 1421 et
1972 1363 2066 1419 his

406 1490 470 1546 in
500 1487 677 1544 terris
707 1484 780 1541 ab
811 1478 1205 1538 obduratione
1238 1474 1302 1527 in
1332 1468 1528 1526 malis.

928 1587 1038 1644 Ode
1074 1584 1195 1641 VII.
1225 1574 1537 1649 Ine/fabile.

418 1734 421 1735 ν
482 1687 622 1741 Tres
651 1681 907 1753 virgines
932 1692 1066 1732 cum
1116 1678 1282 1744 patre
1333 1667 1395 1721 in
1419 1659 1741 1719 discrimen
1773 1652 2066 1717 adductas,

412 1776 475 1831 in
506 1774 713 1829 ultima
748 1768 907 1825 mala
928 1771 1104 1836 atque
1126 1767 1411 1817 mternam
1436 1755 1689 1808 mortem
1713 1744 2066 1814 delapsuraa,

2166 731 2243 794 εἰς
2292 738 2557 810 νυμφῶνα
2613 734 2823 803 νοητήν
2880 732 3151 804 εἰσῆλθες,
3196 733 3273 797 είς
3347 730 3678 806 ἐπουράνιον
3739 726 3863 783 θεὶ-

2168 820 2345 895 λαμον
2378 822 2661 896 μυστικὸν,
2694 822 2757 877 οὗ
2807 821 2898 878 καὶ
2959 825 3128 897 ἡμεῖς
3182 824 3449 898 τύχοιμεν
3508 814 3868 898 πρεσϐείαις

2168 931 2285 967 σου.

2206 1000 2975 1109 ,Θεοτόκιονζ-Ὑπερτέρα
3012 1002 3104 1058 καὶ
3157 998 3476 1076 ὑψηλοτέρα
3527 1006 3633 1070 τῆς
3699 998 3867 1074 ὁρα-

2166 1097 2268 1160 τῆς
2295 1088 2385 1145 καὶ
2408 1096 2615 1161 νοητῆς
2645 1089 2871 1154 κτίσεως
2902 1090 3118 1169 ὤφθης,
3161 1089 3337 1169 Κόρη·
3387 1096 3490 1161 τῆς
3545 1090 3657 1165 γὰρ
3721 1085 3872 1142 κτί-

2172 1199 2307 1241 σεως
2334 1181 2427 1235 τὸν
2466 1181 2701 1256 συνοχέα
2744 1179 2905 1256 χερσὶ
2962 1182 3212 1258 συνέχεις
3269 1180 3451 1256 ὥσπερ
3505 1179 3714 1252 θρόνος
3741 1175 3870 1232 πύ-

2171 1288 2342 1372 ρινος·
2378 1270 2455 1374 δν..
2492 1269 2695 1324 ἱκέτευε
2754 1269 3133 1345 λυτρώσασθαί
3196 1290 3263 1344 με
3319 1263 3456 1339 ᾅδου
3512 1268 3869 1327 στενώσεως

2170 1357 2261 1413 καὶ
2292 1363 2489 1462 πικρᾶς
2512 1364 2774 1435 συνοχῆς,
2825 1359 2917 1414 καὶ
2970 1360 3073 1430 τῆς
3131 1358 3464 1434 συνεχούσης
3525 1356 3870 1432 μεπωρώι-

2173 1468 2308 1510 σεως
2335 1469 2423 1502 νυν
2434 1491 2446 1504 .

2692 1534 2825 1617 ᾪδὴ
2858 1543 2930 1597 Z‘.
2971 1542 3305 1614 Ἅφραστον.

2242 1652 2396 1723 Τρεῖς
2444 1646 2734 1721 θυγατέρες
2814 1647 2950 1719 μετὰ
3005 1646 3210 1720 πατρὸς
3286 1642 3716 1701 κινδυνεύουσαι
3774 1640 3869 1704 εἰς

2178 1737 2414 1805 ἐσχάτην
2448 1730 2716 1811 χάρυϐδιν
2746 1739 2926 1790 κακῶν
2959 1740 3141 1790 πεσεῖν
3221 1736 3308 1790 καὶ
3366 1735 3546 1789 θανεῖν
3604 1733 3866 1788 θάνατον

412 1880 520 1938 per
551 1868 605 1917 te
636 1859 712 1917 ad
740 1822 976 1931 partum
998 1822 1130 1909 vitae
1154 1842 1512 1905 immortalis
1539 1843 1597 1895 et
1614 1834 1782 1908 regni
1809 1827 2067 1887 cwlestis

2212 1828 2421 1899 ἱώνιον,
2453 1825 2589 1900 πρὸς
2620 1825 2887 1879 ἀθανάτου
2923 1828 3069 1895 ζωῆς
3096 1824 3185 1880 καὶ
3244 1822 3523 1900 βασιλείας
3581 1822 3699 1877 ὑπὸ
3758 1823 3873 1875 σοῦ

2251 1918 2277 1938 n
2347 1936 2355 1938 -
2422 1916 2515 1938 IAA.
2554 1935 2640 1938 _._,_
2673 1912 2871 1938 \.,.l.--

413 1952 682 2009 deductas
715 1951 871 2004 sunt.

484 2038 817 2097 Candidum
846 2042 1014 2091 tuum
1046 2047 1166 2100 cor,
1199 2024 1461 2098 sapiens,
1513 2015 1716 2091 gloriae
1749 2011 1883 2100 Sole
1922 2007 2069 2063 illu-

413 2131 731 2196 minatum,
773 2098 1175 2198 praestantiori
1220 2114 1450 2171 lumine
1498 2104 1705 2181 procul
1740 2098 1983 2163 effulsit,
2017 2098 2076 2149 et

414 2221 549 2277 luce
578 2234 686 2275 sua
714 2214 1045 2271 videntium
1077 2212 1309 2266 mentes
1340 2214 1583 2275 prorsus
1615 2188 1952 2249 illustravit.

417 2398 762 2456 Divinarum
833 2389 1243 2449 doctrinarum
1310 2377 1497 2437 fundo
1564 2369 1880 2446 pestiferos
1945 2378 2079 2437 gra-

418 2492 640 2560 vesque
667 2484 863 2556 lupos,
897 2483 1123 2548 sancte,
1151 2469 1360 2548 procul
1390 2485 1425 2524 a
1453 2479 1626 2539 grege
1650 2466 1749 2515 tuo
1780 2452 2077 2527 repnlisti,

421 2540 818 2633 et—abinsani
847 2540 1048 2624 Martis
1078 2540 1425 2638 garrulitate
1468 2550 1706 2626 plebem
1757 2550 1920 2600 tuam
1968 2540 2083 2595 im-

424 2679 669 2722 munem
704 2658 971 2717 servasti.

494 2754 667 2809 Juxta
698 2749 949 2806 Paulum
973 2749 1131 2800 totus
1166 2736 1428 2798 mundus
1468 2731 1573 2787 tibi
1620 2722 1939 2783 crucifixus
1970 2720 2081 2783 est,

423 2839 863 2901 concruciﬂxus
895 2854 958 2893 es
990 2832 1223 2889 Christa
1270 2823 1576 2889 crucifixo,
1628 2822 1687 2872 et
1734 2824 1915 2884 super
1945 2822 2083 2863 cru-

423 2948 555 2991 cem
586 2930 896 3001 antiquam
928 2921 1397 2981 exsecrationem
1429 2911 1711 2969 solvente.

496 3113 769 3183 Deiparaa.
794 3139 859 3150 —
885 3107 1068 3161 Mater
1086 3101 1286 3173 Virgo,
1316 3093 1445 3152 sola
1464 3090 1591 3146 visa
1620 3102 1684 3142 es
1712 3078 1998 3153 magistra
2026 3072 2089 3129 in

429 3202 608 3261 terris
634 3219 649 3267 ;
674 3216 806 3272 quae
828 3210 1082 3270 puerum
1103 3188 1338 3248 lactasti
1369 3185 1592 3253 absque
1615 3174 1843 3232 semine
1855 3173 2085 3233 natum,

428 3259 539 3368 per
569 3259 748 3363 quem
778 3259 986 3361 potum
1015 3298 1234 3339 novum
1259 3275 1444 3333 Israel
1466 3269 1654 3327 ebibit
1684 3264 1755 3320 de
1789 3259 2091 3334 praerupta

431 3347 493 3439 et
512 3347 675 3437 dura
697 3347 846 3451 rupe
872 3394 886 3445 ;
918 3391 1027 3449 per
1057 3387 1235 3444 quem
1265 3367 1465 3425 oleum
1497 3365 1556 3417 et
1583 3354 1706 3415 mel
1735 3347 1983 3421 accepit.

813 3574 925 3632 Ode
957 3572 1111 3628 VIII.
1137 3571 1346 3638 Legum
1369 3562 1705 3635 primarum.

508 3666 817 3727 Altissima
846 3664 1131 3722 columna
1167 3633 1342 3733 ignea
1370 3633 1779 3711 antecedebas
1807 3633 2095 3696 Christia-

438 3756 874 3829 namplebem,
905 3768 1056 3809 novo
1086 3724 1272 3806 Israel
1300 3724 2094 3818 praelucebas,beate,tribus

432 3852 572 3923 post
600 3852 656 3902 te
686 3843 1026 3918 gradientes
1052 3816 1429 3901 illuminans,
1463 3835 1523 3887 et
1549 3822 1787 3883 roscida
1815 3816 1975 3873 nube
2005 3828 2093 3867 re-

434 3904 645 3995 liciens
671 3904 903 4005 ;Usimul
935 3936 995 3987 et
1024 3926 1262 3986 nebulis
1313 3928 1373 3979 et
1401 3917 1677 3992 caligine,
1720 3914 1781 3966 et
1826 3907 1990 3963 fumo
2035 3904 2096 3957 et

435 4026 700 4083 tenebris
732 4023 1057 4095 impiorum
1088 4032 1302 4092 agmen
1331 4012 1683 4070 obscurans.

500 4294 750 4369 Legibus
774 4307 993 4365 parens
1042 4285 1264 4345 summi
1295 4278 1582 4346 Pastoris,
1628 4287 1752 4329 non
1783 4275 2095 4322 mercena-

427 4385 554 4441 rius
586 4380 940 4456 apparuisti,
971 4381 1167 4445 Pater,
1200 4374 1306 4431 sed
1334 4371 1527 4427 bonus
1573 4367 1818 4426 Pastor;
1871 4350 2093 4410 etenim

430 4474 696 4531 animam
726 4477 889 4528 tuam
918 4487 1025 4542 pro
1059 4466 1266 4532 ovibus
1286 4460 1559 4536 posuisti,
1586 4454 1850 4513 animam
1873 4438 2091 4502 dedisti

429 4580 538 4637 pro
568 4561 743 4617 nobis
775 4561 965 4616 Deum
986 4558 1246 4615 Verbum
1276 4554 1567 4618 imitatus,
1599 4543 1930 4619 pretiosum
1962 4547 2091 4591 san-

424 4650 668 4725 guinem
696 4648 1020 4706 humanius
1048 4663 1155 4719 pro
1186 4641 1435 4717 ingratis
1462 4633 1893 4695 effundentem.

498 4828 917 4887 Deﬂcientium
936 4826 1232 4891 levamen,
1258 4822 1535 4893 prompta
1554 4814 1912 4872 afﬁictorum
1935 4806 2087 4862 sola-

421 4920 527 4988 tio,
554 4918 764 4976 mundi
784 4933 1008 4991 praeses
1028 4912 1280 4970 idoneus
1304 4914 1363 4964 et
1380 4906 1725 4979 aptissimus
1752 4897 2085 4966 auxilistor,

422 5010 513 5067 sol
544 5010 708 5067 visus
740 5025 803 5066 es
849 5001 1400 5080 splendidissimus,
1450 4997 1734 5052 virtutum
1783 4987 2087 5063 quadrigis

418 5103 645 5167 vectus,
688 5097 949 5171 sapiens,
998 5098 1059 5151 et
1109 5091 1435 5168 gratiarum
1493 5102 1674 5142 aureo
1732 5097 1912 5139 curru
1938 5077 2089 5134 insi-

415 5382 660 5423 omnem
692 5366 955 5422 animam
986 5365 1297 5420 illustrans
1328 5364 1387 5416 et
1433 5357 1721 5419 refovens,
1768 5358 1860 5407 ter
1893 5351 2088 5432 beate,

418 5461 478 5511 et
506 5455 765 5511 tristitia;
797 5453 1081 5510 tenebras
1121 5451 1256 5507 luce
1303 5446 1623 5503 hilaritatis
1672 5446 1729 5497 et
1780 5439 2000 5497 laetitia)
2034 5455 2095 5508 et

416 5543 618 5615 gratim
650 5544 979 5615 repellens.

490 5630 833 5686 Certamina
854 5635 976 5697 tua,
1008 5635 1069 5684 et
1097 5642 1285 5693 curm,
1330 5629 1390 5680 et
1434 5622 1695 5686 labores,
1726 5624 1786 5674 et
1817 5615 2086 5698 sudores,

414 5716 580 5774 velut
616 5717 982 5774 sacriﬁcium
1009 5722 1068 5772 et
1113 5715 1389 5786 fragrans
1443 5711 1813 5782 unguentum
1857 5704 2089 5762 Christo

2177 1916 2642 1992 καθωρμίσθησαν
2673 1912 2897 1987 λιμένα,

2248 2007 2310 2063 Ἦ
2343 2005 2553 2078 καθαρά
2583 2023 2677 2057 σου
2698 2000 2895 2077 καρδία
2925 1997 3137 2059 ἔνοικον
3171 2000 3378 2079 ἔχουσα
3430 2003 3523 2057 τὸν
3583 2006 3697 2071 τῆς
3763 1996 3872 2054 δό-

2181 2097 2276 2168 ξης
2308 2093 2527 2163 Ἥλιον,
2561 2093 2713 2172 σοφὲ,
2745 2090 2898 2167 ἀύλῳ
2945 2092 3087 2168 φωτὶ
3145 2090 3252 2163 δλη
3310 2089 3695 2165 κατέλαμπεν,
3764 2088 3868 2146 καὶ

2178 2192 2281 2254 τῆς
2338 2183 2541 2244 οἰκείας
2590 2179 2789 2259 αἴγλης
2844 2182 2939 2245 τὰς
2998 2179 3266 2246 διαδόσεις
3298 2180 3536 2259 ἐναργεῖς
3597 2179 3866 2235 ἐποιεῖτο

2181 2279 2301 2336 τοῖς
2334 2274 2558 2345 δρῶσιν.

2256 2365 2344 2418 ’Ev
2382 2364 2451 2435 τῇ
2509 2357 2773 2437 σφενδόνῃ
2822 2358 3309 2431 τῶν,θεοπλόκων
3370 2355 3667 2436 δογμάτων
3728 2357 3871 2422 τοὺς

2187 2448 2489 2525 λοιμώδεις
2521 2450 2723 2513 λύκους
2752 2451 2844 2505 καὶ
2906 2451 3092 2528 βαρεῖς
3149 2448 3350 2513 ἐλάσας
3413 2448 3650 2525 μακράν,
3721 2447 3867 2520 δσιε,

2184 2548 2288 2611 τῆς
2317 2541 2560 2614 ποίμνην
2590 2561 2709 2610 σου,
2766 2546 2869 2611 τῆς
2927 2537 3236 2613 μανιώδους
3288 2538 3503 2615 Ἀρείου
3548 2535 3868 2615 γλωσσαλ-

2186 2631 2308 2708 γίας
2338 2631 2497 2695 ἀσινῆ
2527 2630 2620 2684 τὸν
2652 2627 2786 2684 λαόν
2823 2649 2920 2685 σου
2952 2627 3222 2687 διεσώσω.

2261 2719 2412 2776 Κατᾶ
2455 2717 2548 2774 τόν
2609 2717 2826 2773 Παῦλον
2881 2718 2967 2775 σοὶ
3027 2720 3235 2793 κόσμος
3287 2715 3428 2780 ἃπας
3487 2716 3861 2791 ἒσταύρωταυ

2191 2807 2664 2885 συσταυρούμενος
2758 2812 2837 2880 τῷ
2918 2809 3280 2883 σταυρωθέντι
3379 2807 3643 2882 Χριστῷ,
3768 2806 3865 2860 καὶ

2190 2899 2290 2968 τὴν
2378 2895 2612 2972 ἀρχαίαν
2688 2901 2769 2971 τῷ
2846 2896 3061 2975 σταυρῷ
3146 2896 3312 2952 αὐτοῦ
3396 2892 3622 2950 λύσαντι
3680 2896 3861 2950 κατά-

2196 3008 2311 3065 ραν.

2268 3075 2577 3133 Θεοτόκιον.
2623 3106 2691 3118 —~
2747 3076 2951 3150 Μήτηρ⁷
2995 3076 3295 3152 Παρθένος,
3345 3071 3589 3149 ἄσπορον
3650 3073 3849 3147 βρέφος

2198 3164 2535 3236 θηλάζουσα,
2599 3164 2735 3239 μόνη
2824 3163 3012 3244 ὤφθης
3087 3163 3343 3222 δέσποινα
3395 3162 3447 3221 έν
3507 3166 3610 3239 γῇ,
3656 3159 3724 3217 δι’
3777 3160 3843 3216 οὗ

2206 3254 2412 3331 Ισραὴλ
2465 3253 2620 3328 πόμα
2660 3256 2847 3311 καινὸν
2907 3252 3055 3312 ἔπιεν
3137 3253 3189 3327 ἐξ
3268 3251 3588 3329 άκροτόμου
3675 3250 3853 3321 σκλη-

2200 3350 2330 3491 faui;
2374 3343 2609 3420 ἀνίκμου
2686 3348 2908 3422 πέτρας*
2997 3346 3086 3402 καὶ
3174 3343 3433 3418 ἐθήλασεν
3519 3337 3708 3399 ἔλαιον
3766 3338 3859 3397 καὶ

2203 3456 2352 3509 μεΛι.

2632 3521 2761 3595 Ὠδή
2795 3531 2873 3582 II‘.
2923 3523 3129 3599 Νόμων
3160 3524 3422 3599 πρώτων.

2272 3629 2677 3706 Οὐρανομήκης
2754 3631 2955 3697 στύλος
3036 3630 3261 3709 πύρινος
3297 3633 3395 3686 τοῦ
3453 3626 3863 3707 Χριστωνύμοο

2198 3717 2388 3786 ἔθνους
2433 3722 2937 3798 προπορευόμενος,
2993 3719 3084 3778 καὶ
3161 3725 3262 3778 τοῦ
3317 3718 3443 3776 νέου
3497 3718 3862 3796 προηγούμε-

2200 3811 2538 3887 νοςἹσραήλ
2587 3810 2800 3892 ὤφθης,
2859 3811 3062 3888 μάκαρ,
3121 3810 3374 3891 φωτίζων
3435 3805 3549 3883 ἅμα
3603 3807 3704 3871 τὰς
3762 3806 3859 3879 ἰφ-

2202 3902 2472 3974 επομένας
2503 3922 2593 3957 σοι
2643 3901 2842 3981 φυλὰς,
2873 3902 2965 3958 καὶ
3022 3900 3256 3971 σκιάζων
3312 3905 3415 3970 τῆς
3467 3899 3697 3975 χάριτος
3728 3894 3859 3972 δρο-

2201 3984 2451 4048 σοϐόλων
2501 3991 2725 4069 νεφέλῃ·
2759 3989 3011 4068 ὁμίχλης
3069 3988 3127 4048 δὲ
3177 3990 3436 4066 πληρῶν,
3492 3987 3585 4044 καὶ
3641 3985 3863 4064 ἀχλύος

2198 4079 2530 4239 ἔῖὶὶκαπνοῦ
2586 4079 2678 4137 καὶ
2734 4082 2938 4161 γνόφου
2992 4081 3095 4152 τὴν
3145 4078 3399 4160 φάλαγγα
3454 4079 3565 4135 τῶν
3616 4072 3860 4133 κακοδό-

2230 4189 2325 4227 ων.

2270 4257 2479 4333 Νόμοις
2511 4265 2753 4337 στοιχῶν
2810 4263 2910 4316 τοῖ’)
2967 4257 3391 4337 άρχιποιμένος,
3450 4254 3517 4312 ού
3577 4252 3858 4329 μισθωτὸς

2199 4347 2697 4432 ὓπῆρξας,Πάτερ,
2729 4351 2903 4417 καλὸς
2970 4350 3028 4408 δὶ
3070 4352 3306 4427 ποιμήν·
3356 4350 3455 4418 τὴν
3514 4348 3703 4424 ψυχήν
3761 4349 3859 4402 σοῦ

2198 4439 2421 4517 καὶγὰρ
2452 4442 2697 4508 τέθεικας
2740 4443 2874 4520 ὑπὲρ
2930 4445 3041 4499 τῶν
3093 4445 3202 4497 σῶν
3259 4432 3572 4516 προϐάτων,
3603 4436 3695 4492 καὶ
3754 4436 3855 4506 τὴν

2201 4525 2342 4584 ἰδίαν
2376 4531 2602 4606 θέμενος
2633 4533 2819 4609 ψυχὴν
2859 4532 2994 4608 ὑπὲρ
3024 4533 3211 4606 ἡμῶν,
3243 4530 3374 4585 Θεὸν
3406 4525 3583 4603 Λόγον
3643 4524 3855 4600 μιμού-

2113 4601 2159 4668 Ῑ)
2195 4639 2355 4692 μενος
2412 4601 2503 4677 καὶ
2551 4623 2613 4678 τὸ
2648 4601 2858 4695 ⁷τίμιον
2918 4601 3081 4698 αῖμα
3111 4619 3421 4676 κενώσαντα
3478 4601 3854 4696 φιλανθρώπῳ

2192 4710 2384 4786 τρόπῳ
2417 4712 2549 4789 ὑπὲρ
2578 4711 2909 4790 ἀχαρίστων.

2267 4800 2651 4876 Ἀθυμούντων
2744 4800 3024 4877 ἀνάψυεις,
3130 4795 3474 4864 πενθούντων
3560 4792 3854 4869 ἀντίληψις

2196 4890 2363 4963 ὀξεῖα,
2383 4894 2481 4947 τοῦ
2511 4890 2721 4966 κόσμου
2750 4887 2974 4966 ἕτοιμος
3030 4889 3346 4967 προστάτης
3400 4885 3493 4944 καὶ
3548 4884 3851 4961 πρόχειρος

2197 4981 2505 5058 ἰπικουρία,
2562 4981 2886 5059 χρυσοφαὴς
2938 4979 3158 5057 ώράθης
3211 4976 3402 5049 ἥλιος,
3474 4977 3584 5031 τῶν
3644 4971 3852 5048 ἀρετῶν

2193 5071 2479 5147 τεθρίππῳ
2504 5068 2897 5149 έπιδιφρεύων,
2929 5069 3081 5148 σοφὲ,
3114 5066 3206 5124 καὶ
3261 5063 3569 5143 ὀχούμενος
3602 5060 3852 5139 ὀχήματι

2195 5161 2439 5238 Χαρίτων
2482 5159 2850 5238 χρυσαντίγῳ.

2272 5252 2572 5323 Θαυμάτων
2654 5247 2846 5325 αἴγλῃ,
2926 5247 3243 5324 εὐεργεσιῶν
3338 5243 3671 5318 μαρμαρυγῇ
3712 5260 3853 5319 φρυ-

2197 5348 2341 5400 κτῶν
2373 5343 2559 5420 ψυχὴν
2610 5339 2817 5397 ἅπασαν
2871 5340 2963 5396 καὶ
3015 5336 3323 5415 πυρσεύων,
3379 5333 3709 5410 τρισμάκαρ,
3761 5332 3849 5387 καὶ

2198 5433 2347 5490 λύων
2382 5433 2615 5506 ἀθυμίας
2642 5430 2735 5487 τὸν
2768 5429 2953 5509 ζόφον,
2995 5427 3181 5505 φέγγει
3236 5422 3495 5498 εὐθυμίας
3557 5420 3650 5477 καὶ
3711 5439 3851 5498 χαρ-

2202 5526 2371 5599 μονῆς
2390 5522 2481 5578 καὶ
2515 5520 2872 5600 εὐφροσύνης.

2271 5613 2341 5670 Οἱ
2373 5615 2474 5666 σοῦ
2503 5598 2707 5689 ἀγῶνες
2730 5609 2822 5666 καὶ
2873 5609 2925 5666 οἱ
2954 5609 3193 5683 κάματοι
3251 5605 3340 5662 καὶ
3403 5601 3459 5657 οἱ
3516 5598 3684 5672 ἀτμοὶ
3739 5603 3847 5656 τῶν

2196 5702 2521 5777 πόνων,καὶ
2552 5701 2605 5756 οἱ
2645 5699 2873 5779 ἱδρῶτές
2931 5721 3051 5773 σου,
3117 5698 3193 5762 ὡς
3254 5692 3504 5771 θυμίαμα
3558 5689 3850 5758 συνθέσεως
