4120 6416
354 400 494 456 1389

1629 391 1930 446 HYMNUB
1963 389 2040 442 IN
2078 389 2141 448 Β.
2178 393 2492 449 PETRUM.

3635 369 3775 460 1390

348 524 438 581 καὶ
469 521 779 596 ποΛύτιμον
817 516 988 594 μύρον
1018 515 1094 580 εἷς
1155 513 1386 578 εὐωδίας
1433 515 1610 588 ὀσμὴν
1663 507 2000 588 προσαχθένο

2176 517 2342 586 blata,
2376 523 2432 573 te
2465 518 2689 574 mundo
2721 519 2948 575 ﬂumen
2981 523 3469 581 sanctificationis
3499 527 3776 598 prtebue-

348 635 434 676 τες
489 617 568 684 τῷ
623 613 864 686 Χριστῷ,
923 605 1174 679 ποταμὸν
1232 606 1594 680 ἁγιάσματος,
1650 601 1740 657 καὶ
1823 600 2010 674 πηγὴν

349 704 498 760 θείου
536 701 732 778 μύρου,
768 699 856 753 καὶ
891 694 1133 770 πέλαγος
1196 692 1778 767 θαυματουργημάτων
1830 683 2012 752 ἕθεντό

355 814 412 848 σε
443 791 660 866 κόσμῳ,
693 785 938 844 Νικόλαε
971 783 1291 862 ἱερομύστα.

427 881 737 936 Θεοτόκιον.
799 907 868 918 --
915 876 1074 949 Ὑπὲρ
1156 873 1354 944 αἰτίαν,
1441 871 1572 943 ὑπὲρ

357 969 698 1047 προελθόντα
733 965 906 1040 Λόγον
939 965 990 1034 ἐξ
1047 963 1294 1018 ἀναιτίου
1356 961 1592 1036 Πατρός,
1640 959 1731 1014 καὶ
1774 963 1882 1013 τῶν
1932 953 2021 1010 ὅν-

356 1083 464 1115 των
498 1059 714 1112 πάντων
749 1053 927 1110 αἴτιον
993 1051 1382 1122 έσωμάτωσας,
1435 1051 1610 1122 Κόρη·
1665 1050 1720 1102 σε
1769 1048 1874 1121 γὰρ
1928 1043 2022 1099 αἶ-

359 1149 476 1204 τίαν
530 1143 738 1220 ἔσχηκε
792 1143 1165 1218 σαρκούμενος
1235 1139 1294 1195 ἐκ
1353 1143 1472 1210 σοῦ,
1550 1139 1638 1192 ’ίνα
1703 1136 1852 1210 σώσῃ
1930 1155 2021 1189 τον

361 1236 667 1310 ἄνθρωπον,
704 1233 778 1294 ὡς
809 1230 1204 1310 φιλάνθρωπος
1237 1229 1412 1305 cia-Sacr
1475 1224 1546 1281 δι’
1597 1227 1670 1280 ὢν
1718 1225 1807 1279 καὶ
1859 1223 2024 1292 ἐνην-

359 1325 620 1398 θρώπησε
675 1320 873 1390 θέλων,
931 1320 1021 1376 καὶ
1084 1317 1484 1394 συνανεστράφη
1571 1315 1882 1390 ἀνθρώποις
1935 1333 2028 1388 φι-

367 1411 731 1489 λανθρώπως.

773 1513 910 1595 ᾪδή
943 1515 1017 1572 Θ“.
1053 1516 1140 1586 Μή
1181 1511 1450 1589 ἐποδύρου
1487 1533 1616 1586 μου.

1645 867 1850 925 ἔννοιαν
1927 867 2018 921 τὸν

435 1627 630 1688 ἰλεῶς
659 1617 750 1679 ἔσο
785 1643 902 1696 μοι,
941 1626 1148 1696 Σῶτερ,
1191 1619 1246 1675 έν
1307 1619 1489 1694 ἡμέρᾳ
1539 1625 1638 1686 τῆς
1697 1613 1877 1686 δίκης,
1940 1615 2034 1672 ὅτε

373 1717 718 1791 παρίσταμαι
770 1711 978 1786 γυμνὸς
1041 1715 1120 1782 τῷ
1183 1711 1391 1784 βήματι
1451 1711 1531 1780 τῷ
1589 1707 1688 1778 σῷ·
1749 1704 1838 1759 καὶ
1892 1701 2034 1776 ’ίλεῳ

361 1804 488 1860 τότε
546 1804 792 1878 πρόσχες
853 1821 947 1872 μοι
1033 1795 1271 1872 ὄμματι,
1345 1793 1629 1852 Νικολάου
1697 1797 1796 1850 τοῦ
1885 1791 2038 1847 θείου

364 1887 698 1970 πρεσϐείαις·
760 1891 822 1945 σὺ
876 1892 978 1966 γάρ
1043 1889 1092 1944 εἴ
1151 1887 1314 1961 μόνος
1375 1881 1548 1947 ὅντως
1636 1882 1879 1959 χρηστὸς
1937 1881 2028 1936 καὶ

361 1981 558 2043 ἵλεως.

437 2078 524 2134 Ὡς
553 2072 655 2140 τήν
699 2069 982 2142 πραότητα
1039 2067 1258 2142 στέρξας
1315 2069 1412 2120 τοῦ
1470 2061 1704 2128 θεόπτου
1752 2061 2022 2130 Μωσέως,

365 2161 462 2216 καὶ
495 2161 594 2229 τὴν
656 2158 860 2214 ἐκείνου
922 2153 1228 2231 έκληρώσω
1290 2151 1445 2224 δόξαν
1506 2159 1606 2222 τῆς
1670 2152 1910 2225 μορφῆς
1961 2149 2024 2202 τὸ

361 2251 470 2328 γὰρ
531 2248 826 2322 πρόσωπόν
883 2267 980 2301 σου
1036 2245 1126 2300 καὶ
1187 2243 1323 2318 μετὰ
1381 2240 1608 2298 θάνατον
1667 2237 2028 2316 σελασφόροις

365 2341 552 2395 ἀκτῖσι
584 2339 760 2394 ἀΰλου
815 2340 1100 2416 φωτισμοῦ
1156 2335 1246 2390 καὶ
1305 2334 1448 2410 αὐγῇ
1504 2332 1815 2409 γλυκυτάτῃ
1875 2345 2027 2402 περι-

366 2429 435 2484 ελ
443 2430 474 2483 ά
480 2449 653 2502 μπετο
663 2472 676 2485 .

446 2513 899 2591 Ἀναμοχλεύσας
930 2514 990 2569 ὲκ
1025 2514 1240 2589 βάθρων
1300 2517 1382 2584 τῷ
1425 2507 1630 2585 μοχλῷ
1685 2513 1796 2564 τῶν
1847 2506 2026 2579 εὐχῶν

361 2629 490 2674 σου,
522 2607 610 2661 καὶ
641 2603 984 2680 τειχοσείστῃ
1015 2606 1259 2676 κραταιῷ
1290 2605 1368 2672 τῷ
1421 2599 1580 2672 ὅπλῳ
1626 2602 1724 2653 τοῦ
1771 2598 2028 2668 σταυροῦ,

359 2695 532 2771 ἔναγῆ
591 2693 788 2767 τεμένη
849 2693 1209 2766 μιαρωτάτων
1279 2691 1440 2758 θεῶν,
1525 2689 1732 2761 εὐαγεῖς
1819 2683 2028 2750 οἷ’κους,

367 2769 576 2858 μάκαρ,
609 2783 887 2856 ἆνήγειρες
942 2781 1162 2854 Χριστῷ
1207 2783 1288 2851 τῷ
1331 2777 1540 2852 κυρίως
1596 2775 1686 2830 καὶ
1739 2774 1890 2846 μόνῳ
1937 2769 2029 2826 καὶ

363 2874 510 2929 σεατὰ
541 2870 698 2948 φύσιν
733 2873 870 2941 Θεῷ.

444 2963 588 3022 Νοὸς
639 2961 961 3014 ἀνύστακτον
1022 2952 1178 3030 ὄμμα
1233 2957 1576 3028 κεκτημένος
1627 2954 1714 3009 καὶ
1779 2953 2036 3028 θεόφρον,

363 3053 464 3108 καὶ
521 3051 826 3123 καιομένην
887 3047 1109 3122 ἀρεταῖς
1201 3042 1466 3118 λαμπάδα
1549 3045 1737 3119 νοεράν
1791 3042 1880 3096 καὶ
1939 3040 2038 3116 ἀρ-

368 3140 674 3212 δευομένην
757 3135 1039 3193 πλουσίως
1128 3137 1366 3190 πάντοτε
1450 3135 1546 3201 τῆς
1659 3129 2038 3204 ἐλεημοσῦνης

369 3230 552 3302 ἐλαίῳ
597 3227 840 3302 δαψιλεῖ,
899 3225 974 3288 εἷς
1034 3225 1208 3300 χαρὰν
1270 3221 1632 3294 εἰσελήλυθας
1687 3218 1784 3275 τοῖ’)
1843 3217 2040 3292 Κυρίου

377 3291 535 3378 σου..
679 3291 690 3302 .
823 3291 834 3298 ν
1037 3291 1076 3299 η
1115 3291 1124 3300 1
1446 3291 1454 3294 Ὗ
1922 3291 1929 3292 7
2073 3291 2116 3359 C

457 3413 597 3464 Νοῦν
625 3404 999 3482 αὐτοκράτορα
1056 3402 1202 3478 ἔχων
1251 3407 1359 3457 τῶν
1419 3401 1666 3478 ὀρέξεων,
1713 3399 1908 3474 Πάτερ,
1957 3403 2038 3470 τῷ

377 3497 792 3571 κοσμοκράτορι
848 3496 1036 3569 ἐχθρῷ
1119 3493 1378 3563 ἀντέστης
1461 3495 1754 3568 κραταιῶς,
1837 3489 2040 3566 βοηθὸν

381 3587 708 3656 πλουτήσας
767 3585 858 3638 τὸν
917 3581 1355 3656 Παντοκράτορα³
1415 3583 1504 3636 καὶ
1549 3585 1733 3645 παθῶν
1785 3578 2044 3655 βασιλεύ-

383 3698 484 3738 σας
538 3674 814 3750 πάρὲστης
875 3672 928 3726 ἐν
985 3671 1133 3726 νυκτὶ
1223 3667 1444 3745 βασιλεῖ
1519 3667 1914 3740 Κωνσταντίνῷ
1965 3667 2046 3740 τῷ

381 3765 775 3839 αὐτοκράτορι.

462 3851 603 3913 Οὐδὲ
658 3851 929 3927 παράλιος
985 3852 1243 3925 ψάμμος,
1309 3846 1434 3903 οὐδὲ
1489 3846 1700 3917 πλῆθες
1767 3844 2051 3919 κυμάτων,

387 3944 430 4015 ἢ
467 3943 625 4022 βόλοι
659 3939 860 4018 δρόσου
889 3941 979 3995 καὶ
1007 3939 1200 3995 λεπταὶ
1233 3936 1462 4013 ψεκάδες
1495 3941 1732 4014 νιφετοῦ,
1765 3935 1827 3990 οὐ
1882 3935 2052 4010 χορὸς

390 4038 658 4112 ἀστέρων,
693 4029 820 4087 οὐδὲ
850 4031 1106 4108 σταγόνες
1143 4031 1381 4106 βροχῆς,
1413 4029 1500 4083 καὶ
1542 4027 1788 4100 ποτάμια
1846 4027 2056 4103 ῥεῖθρα,

397 4125 461 4182 οὗ
490 4126 702 4198 νάματα
731 4125 924 4198 πηγῶν
983 4125 1104 4182 τοῖς
1175 4123 1292 4180 σοῖς
1353 4117 1612 4191 θαύμασι,
1673 4115 1868 4190 Πάτερ,
1921 4135 2058 4189 παρ-

408 4216 770 4284 ισωθήσονται
787 4255 800 4268 .

474 4302 788 4359 Θεοτόκιον.
825 4333 890 4342 --
948 4303 1057 4354 Τοῦ
1117 4299 1254 4353 Θεοῦ
1312 4297 1451 4351 κατά
1514 4297 1678 4372 χάριν
1732 4294 1858 4357 τοὺς
1917 4293 2071 4380 υἱοὺς

401 4397 511 4448 τῶν
543 4391 848 4466 ἀνθρώπων
873 4389 900 4442 ὁ
934 4385 1204 4451 συναΐδιος
1233 4387 1358 4448 Υἱὸς
1389 4386 1480 4440 καὶ
1531 4385 1710 4459 Λόγος
1755 4389 1852 4440 τοῦ
1907 4389 2042 4439 Θεοῦ

405 4483 482 4544 ὡς
513 4482 640 4541 Υἱὸς
697 4479 988 4554 ἀνθρώπου
1049 4475 1108 4531 ἐκ
1165 4480 1265 4530 σοῦ
1324 4473 1622 4550 γενόμενος
1683 4474 2048 4550 ἀπειργάσατο

407 4568 589 4646 Κόρη·
627 4567 684 4624 δν
719 4567 940 4638 αἳτησαι
973 4565 1116 4640 κάμὲ
1147 4566 1262 4620 υἱὸν
1292 4561 1420 4620 ὄντα
1447 4565 1667 4640 γεέννης
1723 4567 1860 4618 Θεοὖ
1910 4570 2077 4633 ποιῆ-

411 4679 498 4714 σαι
533 4657 673 4714 υἱόν.

888 4774 1200 4830 ΙΩΑΝΝΟΥ
1235 4772 1576 4829 ΜΟΝΑΧΟΥ

568 4895 809 4948 ΚΑΝΩΝ
850 4894 968 4948 ΕΙΣ
1010 4891 1156 4948 TON
1203 4891 1414 4946 AI‘ION
1456 4889 1728 4946 ΠΕΤΡΟΝ
1768 4889 1906 4946 TON

1031 4965 1120 5018 ΚΟ
1127 4963 1438 5019 ΡΥΦΑΙΟΝ
1446 5003 1458 5016 .

487 5079 566 5136 OG
598 5079 634 5146 ἡ
666 5079 1012 5154 ἆκροστιχίς.
1046 5079 1287 5154 Mani-73v
1323 5074 1436 5147 ᾇδω
1468 5097 1576 5144 σοι,
1637 5077 1824 5151 Πέτρε.
1875 5082 2072 5149 Ὑμνος

1109 5150 1358 5207 Ἰωάννου
1369 5193 1382 5206 .

529 5261 660 5343 ’ῼδή
695 5271 775 5334 A',
807 5263 984 5340 Ἦχος
1018 5264 1208 5340 βαρύς.
1237 5264 1430 5320 Νεῦσει
1465 5285 1556 5318 σον
1588 5265 1726 5338 πρὸς
1757 5260 1962 5338 γεώδη.

493 5375 656 5448 [Cod.
690 5375 729 5431 Τ.
769 5379 867 5430 107
925 5375 1008 5447 1).]
1071 5373 1260 5445 Μόνην
1320 5373 1658 5444 ἐπιποθήσας
1705 5377 1810 5427 τῶν
1860 5372 2076 5448 ἀγαθῶν

414 5469 531 5522 τῶν
568 5463 913 5538 μελλόντων,
948 5465 1100 5541 σοφὲ,
1131 5467 1230 5535 τήν
1263 5464 1588 5534 ἀπόλαυσιν,
1620 5465 1685 5518 τὰ
1718 5461 1907 5539 ῥέοντα
1937 5485 2077 5540 παρ-

417 5553 673 5631 έδραμες·
737 5554 858 5610 ὅθεν
915 5555 1131 5630 Χρίστῷ
1179 5551 1498 5624 ἐκολλήθης
1571 5553 1661 5608 καὶ
1745 5555 2076 5628 συνεκράθης

415 5645 572 5716 αὐτῷ
603 5642 856 5721 διαπύρῳ
889 5647 1116 5719 στοργῇ.

493 5733 665 5793 Ὀλον
747 5755 807 5790 σε
885 5733 1248 5811 πυρακτώσας
1329 5733 1457 5809 πυρὶ
1543 5730 1700 5807 ἆῢλῳ
1737 5733 1740 5736 ’
1779 5731 1869 5788 καὶ
1953 5740 2079 5816 θείῳ

2127 611 2286 674 runt,
2319 623 2620 662 sacrarum
2653 609 2932 680 magister
2961 611 3221 680 Nicolae,
3252 620 3309 668 et
3335 614 3562 670 fontem
3594 617 3776 672 divini

2129 696 2349 762 odoris,
2385 703 2442 750 et
2469 698 2905 770 praestigiosum
2937 715 3121 754 mare.

2201 877 2474 945 Deiparaz.
2507 907 2574 915 -—
2607 877 2828 931 Praeter
2875 894 3136 944 causam,
3189 885 3522 951 prmterque
3564 882 3786 954 cogita-

2133 964 2356 1019 tionem
2390 983 2458 1019 ex
2489 971 2710 1020 aeterno
2741 968 2912 1021 Patre
2943 969 3210 1038 genitum
3263 986 3462 1024 rerum
3513 971 3784 1026 omnium

2134 1057 2440 1108 auctorem
2470 1069 2716 1124 corpore
2750 1053 3003 1121 donasti,
3038 1055 3248 1127 Virgo;
3303 1063 3360 1112 te
3411 1057 3572 1112 enim
3620 1057 3789 1130 geni-

2137 1141 2344 1196 tricem
2386 1141 2614 1208 habuit,
2675 1149 2980 1213 assumpto
3035 1161 3304 1215 corpore,
3359 1151 3424 1198 ut
3482 1147 3790 1201 hominem

2138 1231 2368 1287 salvum
2401 1231 2641 1298 faceret,
2673 1237 2878 1303 utpote
2903 1239 3117 1288 natura
3141 1233 3609 1305 benignissimus
3635 1253 3649 1302 ;
3674 1251 3793 1306 qua

2135 1321 2368 1376 ratione
2399 1320 2593 1375 libens
2625 1320 2802 1375 homo
2835 1320 3026 1376 factus
3058 1327 3167 1393 est,
3203 1329 3262 1377 et
3291 1322 3605 1396 benignius
3635 1325 3796 1380 inter

2138 1410 2416 1466 homines
2447 1415 2833 1466 conversatus
2865 1415 2972 1466 est.

2624 1518 2736 1573 Ode
2763 1519 2856 1572 IX.
2889 1519 2964 1572 Ne
2995 1535 3078 1572 me
3108 1517 3312 1573 doleas.

2215 1626 2550 1682 Misericors
2579 1626 2726 1680 mihi
2770 1631 2918 1690 esto,
2975 1625 3257 1692 Salvator,
3309 1626 3370 1680 in
3420 1626 3514 1681 die
3555 1627 3793 1698 judicii,

2147 1715 2383 1786 quando
2415 1716 2612 1770 nudus
2643 1715 2716 1770 ad
2751 1715 3010 1770 tribunal
3041 1721 3208 1769 tuum
3240 1715 3518 1770 accedam
3545 1733 3558 1780 ;
3593 1722 3652 1770 et
3693 1717 3798 1772 be-

2149 1805 2329 1878 nigno
2359 1811 2500 1860 tunc
2533 1819 2628 1858 me
2658 1804 2830 1859 oculo
2863 1803 3225 1859 consideres.
3261 1804 3480 1858 Nicolai
3514 1804 3632 1858 divi
3663 1821 3799 1876 gra-

2101 1871 2133 1925 ‘
2157 1894 2249 1960 ia;
2283 1900 2343 1949 tu
2378 1894 2538 1950 enim
2569 1891 2734 1948 solus
2765 1909 2900 1949 vere
2933 1893 3129 1948 bonus
3162 1898 3221 1947 et
3251 1893 3611 1948 misericors.

2208 2071 2721 2126 Mansuetudinem
2756 2069 2858 2141 qui
2891 2070 3179 2142 diligebas
3213 2069 3329 2124 divi
3362 2071 3598 2140 Moysis,
3629 2070 3792 2125 illus-

2137 2167 2289 2216 trem
2320 2161 2448 2232 ejus
2479 2159 2734 2214 formam
2777 2161 3021 2214 sortitus
3071 2176 3172 2225 es;
3224 2175 3362 2213 nam
3409 2158 3604 2213 vultus
3655 2164 3793 2214 tuus

2137 2251 2226 2307 vel
2257 2258 2390 2323 post
2419 2257 2670 2305 mortem
2704 2249 2886 2305 radiis
2935 2249 3200 2320 fulgebat
3229 2247 3564 2320 splendidis
3597 2249 3794 2304 incor-

2138 2340 2302 2412 porei
2336 2340 2580 2396 luminis
2612 2345 2670 2394 et
2700 2339 2831 2394 luce
2861 2338 3218 2411 gratissima.

2211 2519 2498 2574 Funditus
2529 2518 2791 2574 avellens
2821 2521 2982 2572 vecte
3013 2533 3257 2590 precum
3289 2521 3549 2584 tuarum,
3575 2523 3642 2572 ut
3665 2533 3792 2572 cru-

2139 2609 2223 2662 cis
2256 2609 2440 2662 ariete
2467 2625 2671 2662 muros
2694 2608 2990 2676 quatiens,
3017 2607 3402 2660 exsecrabilia
3424 2607 3646 2676 templa
3676 2607 3788 2660 im-

2137 2697 2375 2768 piorum
2407 2696 2654 2750 deorum
2685 2695 2964 2762 evertisti,
2999 2695 3208 2760 beate;
3261 2701 3319 2748 et
3351 2699 3584 2748 sanctas
3616 2695 3786 2749 sedes

2141 2785 2372 2840 Christo
2405 2784 2711 2839 aediﬁcasti
2739 2783 2838 2854 qui
2873 2783 3034 2837 solus
3068 2789 3126 2837 et
3155 2789 3368 2838 natura
3389 2799 3522 2837 vere
3575 2785 3750 2838 Deus.

2217 2963 2469 3034 Spiritus
2501 2962 2671 3017 oculo
2703 2961 2987 3033 praeditus
3019 2961 3175 3034 vigili
3210 2966 3268 3016 et
3321 2961 3442 3032 pio,
3496 2967 3555 3016 et
3604 2961 3796 3018 facem

2147 3069 2357 3126 gerens
2391 3051 2702 3106 virtutibus
2733 3051 3065 3118 ardentem,
3099 3057 3158 3104 et
3185 3049 3610 3105 misericordiae
3663 3051 3796 3106 oleo

2149 3142 2526 3198 abundanter
2567 3142 2915 3208 instructus,
2961 3141 3022 3194 in
3075 3140 3358 3212 gaudium
3423 3139 3662 3195 Domini
3707 3140 3801 3195 in-

2151 3231 2368 3286 troisti.

2223 3411 2476 3464 Mentem
2507 3407 2735 3463 habens
2766 3405 3075 3462 aﬂ‘ectibus
3113 3405 3545 3473 dominantem,
3607 3407 3800 3475 Pater,

2155 3497 2360 3554 mundi
2419 3497 2675 3569 principi
2725 3495 2914 3551 valide
2984 3495 3276 3562 restitisti,
3364 3495 3804 3566 Omnipotentis
3895 3563 3898 3566 Α

2155 3589 2373 3644 auxilio
2405 3587 2644 3658 adjutus
2702 3587 3023 3640 affectuum
3083 3601 3186 3638 rex
3242 3584 3570 3654 apparuisti
3630 3590 3806 3640 nocte

2159 3676 2545 3734 Constantino
2577 3673 2943 3745 imperatori.

2234 3859 2348 3912 Nec
2383 3872 2565 3912 arena
2587 3853 2803 3926 littoris
2824 3869 2934 3908 nec
2973 3853 3264 3908 ﬂuctuum
3291 3851 3484 3920 turba,
3517 3867 3628 3907 nec
3657 3852 3810 3908 roris

2166 3946 2432 4020 guttulze,
2467 3961 2576 4000 nec
2611 3949 2818 3999 tenues
2849 3942 3000 3997 nivis
3048 3941 3325 4012 globulze,
3357 3958 3468 3996 nec
3516 3947 3812 3997 astrorum

2170 4037 2409 4100 chorus,
2443 4050 2552 4089 nec
2583 4032 2924 4088 nimborum
2959 4029 3156 4098 stillae,
3188 4035 3290 4086 aut
3317 4029 3584 4086 ﬂuminis
3615 4029 3813 4098 undae,

2172 4131 2274 4182 aut
2301 4123 2558 4179 fontium
2589 4121 2834 4194 lympha
2862 4125 3114 4193 possunt
3133 4119 3439 4174 miraculis
3463 4119 3600 4187 tuis,
3623 4120 3818 4188 Pater,

2177 4212 2508 4286 comparari
2524 4253 2535 4268 .

2250 4306 2528 4374 Deiparae.
2563 4329 2630 4340 -—-
2661 4298 2764 4354 Dei
2794 4298 2984 4371 gratia
3031 4297 3186 4354 ﬁlios
3229 4296 3544 4352 hominum
3591 4295 3826 4365 liberet,

2183 4394 2284 4466 qui
2305 4392 2488 4448 Filius
2517 4388 2618 4444 Dei
2643 4393 2972 4444 coaeternus
3005 4392 3062 4442 et
3093 4387 3369 4454 Verbum,
3403 4399 3509 4456 per
3539 4389 3594 4439 te
3647 4383 3829 4438 Filius

2185 4481 2448 4538 hominis
2475 4479 2667 4534 factus
2698 4481 2806 4544 est,
2837 4475 3045 4548 Virgo;
3081 4476 3180 4546 qui
3212 4491 3306 4530 me
3329 4473 3520 4529 {ilium
3541 4471 3830 4545 gehennw

2185 4571 2492 4643 inquirere
2521 4565 2684 4622 venit
2713 4571 2778 4622 ut
2807 4565 2911 4621 Dei
2942 4565 3101 4620 filius
3135 4565 3362 4620 ﬁerem.

2097 4666 2144 4730 D

2676 4773 2972 4830 JOANNIS
3006 4771 3339 4829 MONACHI

2349 4891 2647 4955 HYMNUS
2688 4897 2759 4952 IN
2800 4889 3412 5020 ΒΙὲὣΤὲῧῙΜΡΕΤΗΗΜ
3452 4887 3666 4942 CORY-

2253 5091 2460 5146 Primw
2502 5101 2756 5142 versuum
2797 5084 2994 5138 littera
3037 5081 3386 5149 signiﬁcant:
3431 5075 3700 5149 _Carmen
3733 5071 3840 5127 tibi

2505 5175 2676 5226 cano,
2705 5159 2876 5212 Petre
2903 5171 2915 5222 ;
2949 5147 3208 5224 hymnus
3233 5147 3502 5204 Joannis.

2251 5279 2362 5334 Ode
2387 5278 2424 5332 I.
2463 5275 2637 5331 Sanus
2667 5275 2870 5344 gravis.
2903 5268 3268 5326 Inclinatione
3297 5271 3394 5322 tua
3422 5264 3496 5319 ad
3539 5269 3780 5318 terrena.

2261 5385 2443 5441 Unico
2480 5383 2694 5439 ardens
2751 5381 3081 5435 futororum
3131 5373 3426 5429 bonorum
3475 5369 3695 5434 studio,
3751 5381 3850 5422 sa-

2187 5475 2376 5548 piens,
2409 5471 2650 5545 fugitiva
2677 5467 2998 5532 fastidisti;
3043 5463 3204 5520 unde
3257 5461 3488 5517 Christo
3539 5453 3850 5513 adhaesisti

2185 5563 2626 5621 ferventissima
2656 5575 2794 5616 cum
2828 5573 2895 5613 eo
2929 5555 3247 5612 dilectione
3281 5549 3666 5620 conjunctus.

2260 5747 2472 5802 Totum
2513 5745 2569 5796 te
2620 5738 2755 5809 igne
2821 5735 3171 5804 incorporeo
3221 5733 3280 5782 et
3332 5723 3530 5778 divino
3589 5712 3855 5788 perussit
