4120 6382
434 357 570 414 1391

1971 357 2336 430 ADDENDA.

3722 362 3868 420 1392

431 480 872 547 carbunculus;
908 497 1087 552 quem
1114 479 1260 534 vidit
1289 478 1431 534 olim
1468 478 1648 534 Isaias
1707 478 1950 535 ﬂamma
1993 479 2077 533 in-

2209 478 2229 532 δ
2288 476 2482 552 ἂνθραξ
2542 475 2732 543 ὂίϋλος·
2795 477 2853 534 ὄν
2911 477 3045 535 εἶδεν
3103 477 3324 544 Ἡσαΐας
3405 484 3542 540 ποτε
3617 481 3866 562 ἄνθρακα

431 589 721 647 corporea
753 589 1022 628 errorum
1054 590 1267 644 corpus
1300 571 1771 626 comburentem.

507 753 831 808 Lucernam
863 753 1172 808 ardentem
1205 757 1264 807 et
1319 751 1595 822 lampada
1643 749 2082 822 splendentem,

432 842 564 899 luce
597 843 811 898 divinm
843 842 1174 912 disciplima
1206 846 1437 896 mentes
1482 840 1947 906 illuminantem,
1977 841 2084 893 Pe-

425 935 538 998 tre,
568 932 822 1003 praebuit
859 937 914 985 te
948 931 1201 1002 Spiritus
1235 936 1474 986 sanctus
1504 929 1778 1002 gentibus
1812 929 1968 983 inter
1999 933 2084 982 te-

434 1019 653 1075 nebras
680 1019 1051 1091 degentibus.

496 1107 689 1177 Fides,
723 1125 877 1179 spes,
905 1107 1185 1174 Charitas,
1210 1107 1440 1163 militia)
1465 1112 1578 1162 tuae
1601 1122 1768 1162 arma
1791 1123 1804 1172 ;
1831 1105 2083 1161 infracta

423 1196 630 1265 lorica,
666 1198 950 1268 utrinque
983 1203 1192 1253 acutus
1226 1198 1407 1265 ensis,
1442 1203 1501 1252 et
1519 1196 1687 1269 galea
1719 1195 1950 1262 salutis,
1982 1211 2081 1249 ve-

424 1287 689 1343 nerande
721 1287 1012 1359 apostole.

494 1467 774 1536 Ποίμαινε.
798 1495 868 1505 -
889 1468 1142 1537 Apertus
1167 1471 1275 1533 est,
1302 1463 2079 1534 DeiGenitricis,purissimo

423 1559 526 1610 tuo
543 1555 691 1609 Filio
711 1555 994 1626 antiquus
1016 1555 1351 1627 paradisus,
1367 1571 1542 1624 quem
1568 1554 1866 1609 clauserat
1885 1553 2081 1624 prima

421 1660 640 1715 parens
667 1661 682 1712 ;
720 1649 778 1700 et
809 1644 1011 1716 generi
1043 1645 1353 1699 hominum
1384 1644 1661 1698 restituta
1691 1647 1781 1698 est
1821 1642 2080 1714 pristina

419 1733 637 1803 patria.

847 1879 958 1935 Ode
985 1879 1089 1935 III.
1123 1877 1231 1943 Qui
1260 1880 1319 1932 in
1344 1879 1649 1950 principio.

497 2021 714 2092 Aquila
745 2023 1072 2094 apparuisti
1098 2021 1359 2076 nubibus
1377 2021 1609 2076 invecta
1631 2039 1645 2088 ;
1671 2037 1808 2075 nam
1833 2019 1894 2074 in
1919 2017 2075 2073 oculi

420 2111 564 2179 ictu,
619 2111 816 2166 divino
877 2116 935 2167 et
992 2112 1402 2182 omnipotente
1461 2111 1704 2182 Spiritu,
1764 2109 1835 2164 de
1897 2111 2080 2162 Roma

429 2199 495 2255 in
525 2200 663 2254 Sion
694 2216 802 2272 per
816 2200 1035 2256 nubem
1059 2199 1384 2256 translatus
1414 2217 1498 2268 es,
1522 2199 1709 2254 vivam
1731 2199 1834 2254 Dei
1855 2197 2079 2253 nubem

430 2293 767 2345 curaturus.

503 2467 642 2532 Qua)
673 2466 942 2540 purgavit
970 2467 1145 2533 Deus,
1209 2465 1372 2520 solus
1415 2469 1628 2520 natura
1674 2463 1954 2532 mundus,
2007 2479 2084 2518 ne

427 2555 608 2611 violet
635 2557 834 2623 homo,
868 2557 1088 2628 inquit.
1131 2557 1275 2610 Nam
1298 2556 1500 2610 omnia
1522 2555 1625 2610 Dei
1657 2571 1838 2626 opera
1858 2553 2086 2610 munda

427 2645 711 2713 mundis;
748 2650 1132 2717 quapropter,
1169 2647 1363 2712 Petre,
1396 2645 1648 2717 puriﬁca
1678 2661 1774 2699 me
1805 2643 2084 2716 precibus

427 2735 545 2790 tuis
576 2733 648 2790 ab
680 2735 1008 2790 immundis
1040 2735 1375 2790 affectibus.

501 2915 747 2971 Plebem
779 2915 1074 2971 allocutus
1106 2915 1169 2970 in
1218 2915 1379 2980 Sion,
1414 2919 1474 2969 et
1503 2914 1583 2968 ibi
1641 2915 1902 2988 primum
1943 2913 2084 2969 ﬁdei

429 3021 772 3060 sermonem
801 3005 1155 3077 praadicans,
1190 3004 1392 3059 statim
1423 3020 1680 3059 messem
1715 3003 1901 3059 tulisti
1929 3003 2083 3058 fera-

430 3110 582 3162 cem,
611 3098 670 3149 et
699 3094 758 3148 in
789 3093 1022 3148 Christo
1052 3093 1309 3165 genuisti
1359 3092 1846 3149 celebratissima)
1889 3092 2084 3147 Trini-

430 3183 562 3249 tati,
596 3183 911 3238 ecclesiam
942 3183 1122 3237 trium
1155 3182 1408 3237 millium
1437 3183 1721 3238 virorum.

503 3271 674 3327 Velut
702 3271 816 3326 faex
845 3273 1006 3327 aeria
1036 3276 1209 3326 nocte
1236 3288 1343 3342 per
1371 3271 1561 3327 maria
1603 3271 1968 3343 navigantes,
2000 3271 2084 3326 ita

423 3377 590 3417 mare
616 3362 1001 3417 tenebrosum
1035 3367 1093 3416 et
1121 3361 1439 3416 obscurum
1493 3360 1813 3432 procellosi
1863 3360 2082 3415 erroris

426 3451 808 3509 traducentes
840 3451 971 3508 luce
1004 3451 1143 3507 fidei
1175 3451 1555 3523 illuminasti,
1587 3453 1781 3506 Petre.

491 3722 764 3793 Deiparw.
797 3752 864 3762 -—
894 3721 971 3775 'l‘e
999 3735 1299 3774 summum
1331 3717 1646 3790 refugium,
1673 3723 1731 3774 et
1751 3717 1824 3773 ad
1853 3718 2081 3774 salvan-

411 3812 558 3868 rdam
590 3811 1032 3884 paratissimam
1068 3807 1524 3875 auxiliatricem,
1577 3808 1849 3877 Domina,
1902 3809 2076 3863 vehe-

425 3907 659 3957 menter
687 3917 790 3956 oro
823 3905 879 3954 et
912 3899 1218 3970 deprecor,
1270 3898 1531 3953 animam
1580 3914 1774 3952 meam
1819 3898 2076 3969 suscipe,

424 4008 461 4048 a
508 3989 893 4046 tabernaculo
950 3989 1328 4062 migrantem,
1415 3992 1474 4042 et
1556 3987 1842 4042 derelicta
1899 3992 2074 4056 terra,

427 4081 608 4136 aliam
638 4080 941 4153 regionem
971 4078 1314 4151 petituram.

903 4248 1015 4305 Ode
1042 4249 1146 4305 IV.
1180 4248 1286 4312 Qui
1307 4251 1592 4316 paternos.

491 4367 600 4432 Qui
633 4364 1065 4436 discipulorum
1101 4362 1370 4418 omnium
1402 4361 1631 4434 primus
1654 4362 1966 4417 cucurristi
1999 4362 2073 4418 ad

2197 567 2368 641 πυρὸς
2428 566 2599 622 ἀϋλου
2657 568 2904 624 καίονταο
2961 570 3060 638 τὴν
3123 569 3262 641 ὕλην
3318 578 3420 642 τῆς
3479 571 3702 646 πλάνης
3754 576 3865 632 ἀπο

2197 656 2409 733 έφηνεν.

2270 746 2479 820 Λύχνον
2513 743 2936 824 φωτοϐολοῦντα
2959 748 3049 803 καὶ
3111 758 3398 827 χρυσαυγῆ
3456 772 3516 807 σε
3564 752 3855 828 λαμπάδα,

2193 837 2256 889 τὸ
2341 837 2540 912 φέγγος
2618 837 2988 912 πυρσεύουσαν
3071 845 3175 907 τῆς
3251 840 3400 904 θείας
3480 842 3862 918 ἐπιγνώσεως,

2196 924 2385 999 Πέτρε,
2413 925 2476 979 τὸ
2509 926 2664 1000 ἅγιον
2699 926 2918 1000 Ηνεῦμα
2963 932 3084 992 τοῖς
3131 927 3539 1004 ὲσκοτισμένοις
3589 931 3860 1008 ἀνέδειξαν

2195 1008 2393 1076 ἔθνεσιν
2404 1057 2417 1069 .

2267 1103 2476 1175 ΙΙίστις,
2539 1102 2717 1175 ἐλπὶς,
2785 1103 2995 1181 ἀγάπη,
3077 1113 3178 1178 τῆς
3257 1115 3359 1179 σῆς
3447 1118 3701 1188 στρατιᾶς
3789 1113 3861 1169 τὰ

2193 1189 2358 1247 ὅπλον
2402 1193 2430 1246 6
2491 1194 2670 1269 θώραξ
2726 1196 2754 1249 6
2808 1195 3106 1271 ἄρῥηκτος,
3165 1199 3201 1268 ἡ
3268 1200 3517 1274 μάχαιρα
3573 1206 3608 1272 ἡ
3670 1199 3858 1259 δίστο-

2195 1303 2319 1354 μος,
2350 1283 2439 1338 καὶ
2471 1285 2505 1353 ἡ
2541 1284 2935 1359 περικεφαλαία
2981 1289 3017 1356 ἡ
3075 1288 3172 1342 τὸῦ
3220 1289 3520 1364 σωτηρίου,
3574 1291 3862 1348 ἀπόστολι

2190 1371 2360 1444 τίμιε.

2261 1461 2569 1518 Θεοτὸκιον.
2633 1497 2698 1506 —-
2772 1465 3087 1537 Ἦνοικται,
3171 1473 3479 1543 Θεομῆτερ,
3560 1474 3641 1542 τῷ
3713 1493 3864 1526 παν-

2190 1551 2448 1637 αχράντῳ
2481 1573 2576 1606 σου
2605 1553 2752 1626 τόκῳ
2786 1555 2813 1607 ὁ
2844 1553 3012 1609 πάλαι
3067 1555 3415 1632 παράδεισος,
3466 1560 3526 1613 δν
3557 1561 3591 1629 ἡ
3625 1563 3860 1637 προμήο

2188 1661 2302 1715 τωρ
2330 1634 2558 1696 ἔκλεισε*
2613 1643 2704 1697 καὶ
2760 1647 2839 1714 τῷ
2892 1648 3000 1699 τῶν
3062 1645 3361 1722 ἀνθρώπων
3421 1648 3566 1724 γένει
3619 1634 3855 1722 πάλινὴ

2191 1728 2394 1805 ἀρχαία
2423 1729 2620 1807 πατρὶς
2646 1729 2993 1790 ἀποδέδοται.

2588 1853 2717 1934 ’ῼδὴ
2752 1863 2822 1916 I".
2855 1859 2916 1917 Ὁ
2948 1861 3066 1914 κατ’
3096 1859 3274 1936 ἀρχὰς
3304 1860 3452 1924 τοὺς.

2262 1968 2689 2048 Νεφελοδρόμος
2737 1974 3275 2046 ἀετὸςὸπεζοπόρος
3329 1974 3607 2053 ἐδείχθηςο
3658 1979 3712 2035 ἐν
3760 1979 3861 2058 ῥο-

2186 2063 2265 2134 πῇ
2324 2060 2428 2135 γὰρ
2484 2059 2664 2135 ὥσπερ
2729 2060 3043 2139 ὀφθαλμοῦ,
3134 2063 3214 2138 τῷ
3289 2073 3682 2142 παντουργικῷ
3769 2082 3864 2134 καὶ

2192 2155 2322 2222 θεῖῳ
2380 2150 2676 2222 Πνεύματι,
2731 2151 2840 2206 ἀπὸ
2907 2159 3007 2222 τῆς
3088 2155 3311 2227 Ῥώμης
3397 2155 3449 2211 ἐν
3532 2157 3677 2213 Σιὼν
3768 2157 3864 2215 διὰ

2190 2237 2420 2316 νεφέλης
2475 2239 2680 2316 ἇγένου,
2757 2239 3019 2311 κηδεῦσαι
3101 2245 3202 2314 τήν
3285 2241 3538 2322 ἔμψυχον
3620 2249 3863 2327 νεφέλην

2191 2332 2347 2386 Θεοῦ.

2263 2420 2332 2474 ’Ἃ
2385 2417 2663 2494 έκαθάρισε
2721 2422 2874 2494 Θεὸς,
2931 2422 2959 2476 6
3007 2424 3240 2498 καθαρὸς
3295 2424 3451 2502 φύσει
3514 2428 3708 2499 μόνος,
3775 2432 3855 2502 μὴ

2191 2508 2461 2564 κοινούτω
2520 2511 2826 2585 ἄνθρωπος,
2881 2513 3038 2588 φησί’
3108 2513 3200 2567 καὶ
3273 2515 3376 2590 γὰρ
3453 2517 3666 2593 καθαρὰ
3736 2525 3862 2582 τοῖς

2193 2603 2452 2672 καθαροῖς
2484 2597 2594 2654 ἐστι
2625 2597 2800 2654 πάντα
2837 2601 2905 2653 τὰ
2952 2595 3085 2676 ἔργα
3141 2606 3240 2656 τοῦ
3299 2607 3456 2658 Θεοῦ·
3521 2601 3606 2660 διὸ
3666 2609 3861 2663 παθῶν

2192 2685 2509 2760 ἀκαθάρτων
2567 2688 2798 2763 καθαρόν
2890 2709 2977 2762 με,
3059 2684 3249 2765 Πέτρε,
3331 2697 3451 2755 ταῖς
3537 2690 3864 2768 πρεσϐείαις

2195 2796 2313 2833 σου.

2267 2867 2681 2941 Δημηγορήσας
2712 2864 2764 2921 ἐν
2805 2867 2974 2939 Σιὼν,
3032 2867 3123 2923 καὶ
3172 2868 3266 2924 τὸν
3311 2876 3416 2940 τῆς
3463 2872 3704 2938 πίστεως
3755 2875 3861 2931 λό-

2191 2975 2286 3030 γον
2318 2955 2680 3032 κατασπείρας
2738 2961 2958 3032 πρῶτος
3013 2957 3066 3012 ἐν
3127 2958 3291 3032 αὐτῇ,
3345 2959 3631 3036 πολύχουν
3691 2963 3857 3029 εὐθὺς

2191 3041 2284 3099 τὸν
2343 3045 2546 3120 στάχυν
2604 3042 2858 3120 ἤνεγκας,
2915 3050 3311 3125 καρποφρήσας
3371 3049 3423 3104 ἐν
3497 3053 3720 3128 Χριστῷ
3775 3058 3848 3128 τῇ

2193 3139 2529 3208 πανυμνήτῳ
2581 3132 2798 3210 Τριάδι,
2855 3133 3064 3211 ἀνδρῶν
3133 3136 3464 3214 τρισχιλίων
3552 3140 3837 3212 ἐκκλησίαν

2111 3237 2155 3306 c
2192 3224 2412 3293 σεπτήν.

2262 3313 2350 3374 Ὡς
2401 3310 2636 3386 διαέριος
2696 3314 2902 3387 πυρσὸς
2956 3320 3073 3378 τοῖς
3133 3317 3186 3371 ἐν
3246 3317 3478 3394 πελάγει
3565 3320 3849 3392 Θαλάσσης

2187 3401 2582 3476 ποντουμένοις
2638 3404 2804 3477 μέσον
2901 3411 3004 3475 τῆς
3086 3408 3302 3477 νυκτὸς,
3383 3410 3646 3474 ὡσαύτως
3723 3418 3850 3476 τοῖς

2187 3489 2418 3546 πλέουσι
2472 3493 2573 3562 τήν
2632 3491 2901 3548 θάλασσαν
2961 3496 3063 3564 τήν
3125 3498 3352 3574 ζοφερὰν
3412 3498 3503 3555 καὶ
3560 3504 3850 3573 σκοτεινὴν

2185 3587 2286 3650 τῆς
2316 3581 2704 3656 πολυκύμονος
2747 3583 2965 3655 πλάνης
3016 3580 3214 3662 ἔφανας
3273 3589 3435 3663 φωτί,
3495 3587 3686 3666 Πέτρε,
3742 3597 3851 3662 τῆς

2185 3671 2440 3733 πίστεως.

2258 3760 2566 3817 Θεοτόκιον.
2596 3794 2666 3804 —
2719 3761 2790 3816 Σὲ
2844 3761 3104 3839 κραταιάν
3156 3768 3496 3845 καταφυγὴν,
3548 3768 3641 3823 καὶ
3700 3770 3850 3847 πρὸς

2183 3851 2246 3906 τὸ
2293 3851 2483 3920 σώζειν
2540 3850 2766 3925 ἑτοίμην
2813 3853 3163 3926 προστασίαν,
3219 3854 3502 3928 Δέσποινα,
3559 3857 3849 3920 πλουτῶν.

2185 3944 2401 4014 θερμῶς
2434 3941 2658 3996 ἱκετεύω
2707 3961 2766 3996 σε
2821 3940 2910 3996 καὶ
2963 3939 3180 4017 δέομαι,
3228 3952 3329 4016 τῆς
3375 3945 3516 4020 ἐμῆς
3567 3949 3852 4024 πρόστηθι

2184 4032 2394 4104 ψυχῆς,
2427 4029 2815 4106 χωριζομένης
2845 4035 2943 4087 τοῦ
2996 4035 3257 4109 σκήνους,
3308 4035 3398 4090 καὶ
3436 4036 3584 4110 πρὸς
3630 4038 3850 4112 κόσμον

2184 4115 2356 4176 ἄλλον
2388 4117 2727 4194 ἆπαιρούσης
2757 4119 2818 4174 ἐκ
2845 4126 2970 4196 γῆς.

2662 4243 2793 4314 Ὦδή
2828 4250 2898 4302 Δ¹.
2931 4246 2993 4303 Ὁ
3024 4249 3345 4324 πατρικούς.

2253 4361 2315 4416 Ὁ
2344 4356 2710 4448 ,προδραμὼν
2765 4359 2979 4416 πάντων
3038 4368 3297 4435 μαθητῶν
3359 4365 3448 4421 ἐπὶ
3501 4368 3595 4424 τὸν
3665 4369 3850 4448 τάφον

416 4453 757 4525 sepulcrum
791 4451 1301 4526 praastantissimae
1331 4451 1485 4518 vitae,
1516 4451 1580 4504 in
1641 4451 1917 4521 sepulcro
1969 4468 2074 4523 pe-

2213 4455 2278 4517 ῆς
2337 4447 2703 4504 ἐνυποστάτου
2767 4451 2934 4521 ζωῆς,
2992 4452 3086 4506 τὸν
3147 4452 3198 4506 ἐν
3251 4455 3412 4532 τάφῳ
3500 4477 3568 4529 με
3639 4447 3848 4515 καθεύ-

411 4548 571 4598 trasaa
604 4542 1016 4598 obdurationis
1048 4541 1447 4596 dormientem
1480 4539 1673 4595 excita
1694 4555 1788 4594 me
1819 4555 1926 4611 per
1957 4559 2075 4613 pce-

409 4632 748 4688 nitentiam.

486 4721 803 4777 Recordari
836 4720 1040 4774 horret
1069 4733 1238 4772 mens
1271 4722 1416 4787 quot
1445 4721 1655 4784 terras,
1690 4721 1833 4787 quot
1881 4719 2072 4774 maria

2181 4535 2342 4593 δοντα
2400 4535 2676 4600 λιθώδους
2731 4539 3018 4610 πρώσεως,
3079 4538 3168 4596 διὰ
3257 4542 3550 4615 μετάνοιαν
3613 4546 3860 4620 ἀνάστη-

2095 4615 2143 4679 D
2176 4648 2294 4684 σον.

2251 4713 2482 4792 ’ἰλιγγιᾷ
2539 4720 2664 4778 νοῦς
2720 4723 3005 4772 κατανοεῖν
3055 4720 3153 4789 τήν
3214 4719 3266 4774 ἐν
3323 4722 3567 4799 θαλάσσῃ
3630 4726 3720 4781 καὶ
3785 4727 3853 4783 ἐν

415 4810 756 4883 pervadere,
783 4813 929 4880 quot
951 4807 1217 4873 sudores,
1247 4811 1391 4876 quot
1411 4806 1644 4861 labores
1663 4807 1924 4878 perferre
1949 4824 2068 4864 non

2209 4809 2247 4876 ᾗ
2305 4802 2582 4879 περίοδον
2642 4803 2770 4866 τοὺς
2827 4806 3086 4878 ίορῶτας,
3166 4807 3294 4872 τοὺς
3374 4814 3656 4884 καμάτους
3744 4837 3854 4872 σου

415 4899 701 4956 dubitasti
740 4917 847 4972 pro
879 4897 1193 4970 Evangelio
1221 4897 1443 4969 gratias.

487 5080 552 5135 In
581 5078 741 5135 malo
772 5093 1210 5134 consenescens
1241 5075 1450 5147 procul
1481 5092 1515 5132 a
1544 5075 1634 5131 via
1666 5077 1789 5145 Dei,
1809 5081 2064 5148 utroque

409 5169 636 5241 poplite
666 5169 937 5224 claudico
964 5193 978 5236 ;
1009 5167 1269 5235 devium,
1301 5171 1525 5234 sancte,
1557 5166 1633 5222 ad
1659 5167 1937 5223 virtutem
1967 5183 2059 5221 re-

404 5259 620 5315 forma.

474 5351 794 5420 Acceptam
826 5363 861 5402 a
889 5346 1121 5401 Christo
1152 5345 1500 5412 Ecclesiam,
1544 5360 1722 5415 quam
1767 5345 1893 5416 ipse
1944 5346 2060 5400 Do-

402 5437 602 5492 minus
632 5434 960 5499 constituit,
1005 5451 1125 5490 non
1170 5439 1368 5489 autem
1419 5433 1714 5502 homines,
1757 5432 1910 5488 bene
1958 5449 2060 5506 gu-

398 5521 686 5592 bernasti,
727 5528 793 5579 ut
823 5539 1056 5592 navem,
1089 5521 1382 5596 apostole.

466 5699 545 5756 Te
566 5696 829 5768 speciem
847 5697 1048 5766 Iacob,
1066 5712 1247 5767 quam
1273 5696 1584 5764 mundam,
1609 5701 1667 5754 et
1689 5695 1966 5766 electam,
1999 5703 2060 5756 et

2177 4891 2276 4956 οὕς
2308 4891 2474 4965 ἔτλης
2506 4893 2821 4969 γηθόμενος
2857 4896 2990 4972 ὑπὲρ
3038 4900 3137 4952 τοῦ
3193 4897 3539 4976 Εύαγγελίου
3579 4910 3680 4973 τῆς
3735 4909 3852 4982 χάο

2174 5003 2344 5056 ριτος.

2245 5071 2587 5136 Παλαιωθεὶς
2616 5071 2746 5134 ὅλος
2787 5071 2840 5127 ἐν
2902 5080 3092 5138 κακοῖς
3147 5076 3255 5132 ἀπὸ
3310 5083 3418 5134 τῶν
3476 5077 3681 5154 τρίϐων
3735 5089 3846 5140 τοῦ

2173 5167 2309 5218 Θεοῦ
2330 5161 2591 5238 ἐχώλανα
2620 5161 2962 5238 ἀμφοτέραις
2991 5170 3111 5228 ταῖς
3143 5167 3353 5242 ἰγνύαις
3375 5189 3502 5244 μου⁶
3535 5173 3848 5248 ἀρτίωσον,

2171 5255 2308 5330 ἅγιε,
2340 5253 2432 5308 τὸν
2462 5253 2600 5327 πρὸς
2641 5253 2840 5326 ἀρετήν
2874 5274 2943 5326 με
2971 5255 3314 5328 χωλεύοντα.

2244 5343 2338 5399 Ἐκ
2368 5345 2465 5396 τοῦ
2513 5342 2748 5416 Χριστοῦ
2805 5341 2868 5396 σὺ
2919 5341 3258 5417 παραλαϐὼν
3317 5349 3418 5418 τήν
3474 5350 3850 5426 Ἐκκλησίαν,

2168 5431 2235 5499 ἦν
2296 5429 2456 5493 αὐτὸς
2512 5430 2540 5483 6
2598 5427 2798 5502 Κύριος
2871 5431 2964 5487 καὶ
3038 5432 3138 5489 οὐκ
3203 5433 3484 5508 ἄνθρωποι
3565 5440 3849 5517 ἐπήξατο,

2168 5517 2358 5663 λαλᾷς
2466 5513 2834 5594 ἐκυϐέρνησας
2923 5519 3001 5584 ὠς
3085 5522 3295 5581 ὁλκάδα
3375 5528 3601 5602 ταύτην,
3660 5513 3851 5589 land-ﬁ

2168 5629 2268 5663 στο
2313 5627 2357 5663 ε.

2168 5627 2357 5664 στοΑε.

2235 5697 2546 5756 Θεοτόκιον.
2578 5729 2650 5743 ——
2677 5699 2792 5768 Τὴν
2851 5698 3132 5774 καλλονήν
3188 5725 3248 5762 σε
3291 5710 3388 5763 τοῦ
3445 5705 3666 5786 Ἰακὼϐ,
3725 5713 3843 5784 τήν
