4120 6384
336 434 476 492 1393

1561 435 1867 490 HYMNUS
1906 435 1983 487 IN
2017 434 2078 488 Β.
2118 433 2526 493 GEORGIUM.

3619 437 3757 494 1394

323 561 560 637 καθαρὰν
643 559 734 616 καὶ
794 557 1060 628 ἐκλεκτήν
1146 560 1236 613 καὶ
1289 559 1524 632 ἄμωμον
1583 555 1649 627 ἤν
1736 558 1970 631 ἠγάπησλ

2116 559 2538 618 sanctissimam
2572 563 2778 618 dilexit
2808 563 3074 618 Christus
3107 565 3259 618 Deus
3309 564 3751 634 pulchritudine

325 650 804 726 Χριπὸςὸθεὸς,
841 649 868 704 ὀ
927 647 1120 704 κάλλει
1183 648 1535 722 ἀσύγκριτος,
1593 646 1839 716 ἱκετεύω,
1891 647 1988 700 Δὲ-

329 761 548 811 σποινα,
581 740 755 795 σῶσόν
792 759 878 812 με.

727 853 856 923 Ὠδὴ
890 854 966 911 Ε“.
1003 854 1170 928 Κύριε
1205 854 1232 907 ό
1291 853 1420 916 Θεός
1466 874 1592 926 μου.

407 946 632 1019 Ῥώμης
665 946 692 999 ὁ
722 941 1053 1011 πολιοῦχος,
1085 941 1174 998 καὶ
1230 950 1332 1012 τῆς
1390 941 1664 1018 βασιλείας
1697 942 1724 996 ὁ
1755 946 1987 1015 ταμιοῦ-

337 1059 464 1114 χος,
525 1041 559 1106 ἡ
618 1035 788 1110 πέτρα
833 1037 934 1104 τῆς
1020 1035 1275 1100 πίστεως,
1333 1034 1360 1089 ὀ
1422 1033 1642 1110 στερρὸς
1725 1032 1984 1107 θεμέλιος

333 1133 435 1197 τῆς
460 1123 759 1195 καθολικῆς
788 1124 1121 1196 Ἐκκλησίας
1156 1125 1323 1199 ἷεροῖς
1380 1123 1647 1198 ὑμνείσθω
1698 1123 1750 1177 έν
1809 1122 1986 1197 ᾅσμα-

327 1237 434 1272 σιν.

401 1306 550 1365 Ἕως
608 1302 828 1366 ἑπτάκις
879 1303 1050 1358 πάλαι
1107 1307 1204 1358 τοῦ
1271 1305 1506 1378 Χριστοῦ
1571 1301 1878 1374 πυθόμενος
1937 1305 1982 1357 εἰ

335 1393 566 1470 ἀφήσεις
621 1399 738 1456 τοῖς
795 1393 1248 1467 ἐξαμαρτάνουσιν
1304 1391 1377 1454 εἷς
1435 1392 1512 1460 σὲ,
1578 1388 1761 1464 Πέτρε,
1812 1388 1981 1459 ἤκου-

329 1481 558 1544 σας,ού
617 1479 760 1557 λέγω
820 1502 902 1536 σοι
958 1479 1060 1543 ἕως
1117 1479 1362 1550 ἑπτάκις,
1402 1476 1864 1553 ἑϐδομηκοντάκις
1925 1477 1982 1534 δὲ

336 1568 550 1643 μᾶλλον
576 1568 730 1636 ἑπτά,

403 1657 601 1730 Τίμιος
625 1656 859 1712 έναντίον
892 1657 1090 1732 Κυρίου
1141 1657 1169 1712 ὀ
1226 1657 1452 1721 θάνατος
1505 1661 1613 1711 τῶν
1675 1655 1835 1711 ὁσίων
1886 1657 1979 1711 αύ-

325 1751 448 1817 τοῦ,
478 1747 657 1809 καθὼς
713 1748 1033 1822 γέγραπται·
1072 1747 1100 1802 ὀ
1162 1747 1253 1810 σὸς
1287 1744 1363 1817 δὲ,
1398 1747 1740 1823 πανεύφημε,
1779 1745 1980 1820 πολλῷ

323 1837 656 1913 τιμιώτερος
717 1834 913 1911 ὄντως,
965 1838 1040 1900 ὡς
1099 1841 1197 1892 τοῦ
1248 1835 1396 1902 θείου
1453 1837 1656 1898 πάθους
1688 1834 1976 1913 έκσφράγι-

329 1947 462 2000 σμα.

401 2020 613 2074 Ἅπασα
646 2015 889 2091 μαλακία
943 2016 1004 2072 ἐκ
1050 2020 1159 2072 τῶν
1216 2015 1606 2084 πιστευόντων,
1685 2016 1773 2069 καὶ
1835 2019 1979 2069 πᾶσα

321 2107 484 2168 νόσος
511 2112 632 2169 ταῖς
675 2105 1018 2178 ἀλεξικάκοις
1073 2127 1168 2161 σου
1227 2105 1508 2178 παλάμαις
1567 2103 1860 2175 ἠλαύνετο,
1917 2105 1978 2168 ἅς

315 2194 580 2258 ἐπιτιθεὶς
612 2202 728 2258 τοῖς
757 2200 1028 2268 νοσοῦσιν,
1067 2197 1238 2271 ὑγιεῖς
1285 2193 1546 2265 ἐδείκνυς,
1581 2193 1873 2252 ἀπόστολε.

392 2287 704 2341 Θεοτόκιον.
739 2319 806 2328 -
835 2289 1109 2359 Ὗψωως,
1165 2284 1412 2354 Θεοτόκε,
1473 2286 1570 2354 τὴν
1617 2289 1976 2348 ταπεινωθεῖ-

312 2395 414 2429 σαν
468 2376 764 2448 ἀνθρώπων
851 2373 1030 2452 φύσιν,
1078 2375 1198 2429 ·καί
1279 2374 1481 2444 ταύτην
1539 2373 1817 2448 ἐξήγειρας
1875 2377 1972 2427 τοῦ

321 2463 564 2540 ἀρχαίου
595 2466 914 2538 πτώματος·
945 2464 1038 2520 τὸν
1074 2465 1304 2537 Χριστὸν
1336 2464 1463 2538 γὰρ,
1491 2463 1582 2517 τὸν
1643 2463 1973 2537 ἀνορθοῦντα

314 2555 450 2616 τοὺς
481 2554 973 2631 κατερῥαγμένους,
1005 2552 1314 2628 ἐγέννησας.

853 2666 984 2738 Ὢδή
1021 2671 1077 2740 ζ“.
1110 2671 1444 2726 Ναυτιῶντα.

395 2760 474 2816 Τὰ
503 2755 675 2833 ψευδῆ
713 2765 936 2833 σημεῖα,
992 2760 1084 2814 καὶ
1141 2759 1236 2821 τὰς
1283 2755 1668 2835 φασματώδεις
1721 2753 1975 2828 δυνάμεις

325 2851 426 2904 τοῦ
463 2849 739 2922 Σίμωνος,
799 2846 987 2924 Πέτρε,
1040 2852 1137 2902 τοῦ
1192 2847 1494 2923 καταράτου
1553 2845 1628 2908 εἰς
1680 2847 1742 2900 τὸ
1804 2846 1972 2920 μηθὲν

325 2934 592 3000 διαλύσας
625 2935 911 3008 ἀνέλυσας,
943 2939 1018 3000 ὡς
1048 2937 1215 3006 ἣλιος
1235 2935 1435 3013 γνόφον
1460 2936 1550 2992 καὶ
1585 2934 1853 3011 ὀμίχλην·
1884 2935 1974 2990 καὶ

328 3025 546 3091 πολλὰς
577 3024 831 3100 δυνάμεις
857 3027 908 3081 έν
942 3031 1058 3099 Θεῷ
1085 3025 1364 3097 ἐποίησας.

398 3118 462 3174 ἸΙ
495 3121 632 3172 Θεοῦ
690 3118 853 3194 σοφία
912 3119 947 3187 ἡ
1002 3115 1386 3188 ἐξουσιάζουσα
1436 3114 1676 3184 πάντων,
1727 3115 1817 3171 καὶ
1867 3116 1974 3184 σοὶ,

321 3207 515 3281 Πέτρε,
548 3202 779 3261 δέδωκεν
803 3205 1040 3279 ἐξουσίαν
1091 3211 1282 3262 ⁸ιιατεῖν
1341 3205 1520 3261 ἐπάνω
1579 3205 1853 3282 σκορπίων
1886 3205 1976 3260 καὶ

2011 1932 2058 1997 Β

2101 649 2587 722 incomparabilis
2615 670 2627 706 :
2662 671 2786 724 oro,
2821 653 3092 720 Domina,
3120 653 3280 708 salva
3311 670 3423 708 me.

2490 859 2602 913 Ode
2633 861 2694 914 V.
2735 861 2960 915 Domine
2998 860 3135 915 Deus
3176 876 3344 915 meus.

2169 948 2368 1002 Romae
2399 954 2718 1019 praeses,et
2746 951 2888 1022 regii
2906 951 3119 1016 aerarii,
3145 955 3312 1022 petra
3336 950 3744 1018 ﬁdei,ﬁrmum

2095 1036 2402 1092 catholicae
2432 1039 2709 1094 Ecclesiae
2732 1039 3209 1110 fundamentum,
3227 1041 3411 1096 sacris
3428 1040 3749 1096 celebreris

2096 1125 2483 1186 carminibus.

2172 1305 2344 1373 Usque
2427 1308 2644 1375 septies,
2695 1305 3006 1376 respondit
3055 1305 3158 1360 tibi
3211 1305 3479 1361 Christus
3524 1307 3751 1378 petenti

2094 1394 2327 1463 quoties
2360 1394 2745 1465 peccantibus
2777 1395 2840 1449 in
2873 1401 2928 1450 te
2982 1393 3428 1462 dimittendum,
3461 1397 3580 1449 Non
3627 1395 3751 1449 dico

2093 1483 2195 1536 tibi
2224 1499 2394 1553 usque
2424 1486 2636 1554 septies,
2669 1485 2764 1538 sed
2792 1501 2962 1554 usque
2986 1486 3294 1554 septuagies
3321 1485 3539 1553 septies.

2161 1663 2514 1717 Honorabilis
2545 1680 2730 1718 coram
2755 1666 2987 1719 Domino
3054 1679 3198 1719 mors
3253 1669 3568 1718 sanctorum
3598 1663 3740 1733 ejus,

2090 1750 2173 1804 uti
2208 1751 2494 1822 scriptum
2527 1757 2764 1818 est;tua
2794 1769 2928 1808 vero
2952 1752 3140 1808 multo
3163 1751 3741 1824 honorabilior,quia

2091 1839 2302 1895 divina)
2334 1841 2628 1912 passionis
2660 1859 2795 1899 vera
2817 1842 3031 1915 imago.

2159 2018 2364 2074 Omnis
2398 2036 2575 2091 sopor
2631 2020 2841 2091 procul
2897 2038 2930 2076 a
2977 2019 3377 2086 credentibus,
3440 2024 3499 2074 et
3544 2021 3744 2077 omnis

2085 2108 2330 2165 morbus
2363 2110 2697 2182 pellebatur
2729 2111 3052 2166 salutiferis
3084 2111 3200 2165 tuis
3244 2110 3546 2180 manibus,
3597 2127 3745 2182 quas

2085 2199 2452 2271 imponenda
2481 2201 2802 2273 languidis,
2839 2201 3091 2256 sanabas
3127 2216 3355 2265 omnes,
3381 2201 3671 2270 apostole.

2158 2290 2427 2358 Deiparae.
2463 2322 2529 2329 ——
2545 2290 2927 2345 Humiliatam
2951 2291 3265 2345 hominum
3287 2294 3562 2345 naturam
3577 2291 3746 2345 resti-

2084 2377 2276 2442 tuisti,
2301 2379 2398 2432 Dei
2436 2379 2720 2446 Genitrix,
2747 2379 2992 2449 antiquo
3026 2395 3166 2434 casu
3191 2378 3535 2449 depressam
3555 2379 3742 2434 erexi-

2085 2468 2156 2523 sti
2191 2483 2369 2535 ;nam
2404 2468 2663 2541 genuisti
2696 2469 3022 2535 Christum,
3046 2467 3148 2539 qui
3192 2467 3410 2523 exaltat
3456 2467 3740 2526 humiles.

2613 2671 2725 2728 Ode
2761 2674 2855 2728 VI.
2896 2674 3239 2728 Vomentum.

2154 2759 2411 2816 Fallacia
2440 2761 2609 2832 signa
2637 2761 2939 2816 maledicti
2963 2760 3241 2829 Simonis,
3274 2762 3534 2830 Petre,et
3553 2777 3738 2818 vanas

2082 2850 2328 2905 virtutes
2358 2866 2602 2922 prorsus
2628 2850 2910 2919 avertisti,
2945 2851 3100 2905 sicut
3129 2851 3217 2905 sol
3232 2850 3508 2908 tenebras
3531 2851 3740 2908 etcali-

2084 2938 2281 3012 ginem
2311 2938 2510 3012 fugat;
2545 2945 2606 2994 et
2633 2939 2821 2994 multa
2849 2938 3118 3012 prodigia
3136 2940 3199 2994 in
3230 2941 3347 2996 Deo
3378 2939 3592 2997 fecisti.

2159 3117 2546 3188 Omnipotens
2571 3117 2674 3172 Dei
2701 3117 3016 3189 sapientia,
3080 3117 3183 3173 tibi
3225 3134 3483 3190 quoque,
3542 3119 3736 3186 Petre,

2086 3206 2430 3262 facultatem
2464 3206 2628 3262 dedit
2684 3224 2863 3278 super
2912 3207 3254 3279 scorpiones
3313 3207 3739 3265 deambulandi

321 3292 499 3373 ὄφεων
535 3299 644 3350 τῶν
675 3315 734 3350 τε
768 3295 979 3371 δρατῶν
1038 3295 1128 3350 καὶ
1179 3296 1447 3370 ἀοράτων,
1473 3292 1549 3349 ὧν
1597 3302 1698 3365 τῆς
1749 3291 1970 3351 ίοϐόλου

2116 3297 2354 3352 'isibiles
2387 3301 2443 3351 et
2472 3297 2801 3353 invisibiles
2835 3315 3127 3370 ;quorum
3177 3314 3212 3353 a
3239 3300 3556 3368 ivenenata
3604 3314 3740 3354 ma-

319 3387 654 3463 κακουργίας
687 3385 844 3461 ῥῦσαί
880 3408 967 3459 με.

398 3475 493 3531 Καὶ
527 3472 767 3547 μᾶλλον,
804 3475 991 3549 Πέτρε,
1023 3475 1148 3538 τοῦς
1181 3473 1549 3547 ὡραιοτάτους
1582 3496 1679 3530 σου
1720 3470 1971 3538 πόδας...

315 3565 557 3635 Reliqua
586 3563 988 3618 desiderantur.

807 3679 1115 3736 ΙΩΑΝΝΟΥ
1144 3681 1484 3736 ΜΟΝΑΧΟΥ

539 3801 781 3856 ΚΑΝΩΝ
815 3799 928 3852 ΕΙΣ
961 3799 1104 3854 TON
1133 3798 1341 3854 APION
1395 3799 1757 3867 I‘EQPI‘ION,

395 3898 458 3954 οὗ
487 3900 523 3968 ἠ
552 3897 891 3972 ἀκροστιχίς’
926 3903 1197 3972 remp-[too
1231 3895 1504 3972 μάρτυρος
1561 3897 1716 3968 ὑμνῶ
1769 3896 1902 3959 τοὺς

812 3969 1000 4032 θλους.
1048 3969 1202 4030 Δῖνος
1234 3969 1512 4026 Ἰωάννου.

537 4056 668 4127 Ὠδή
717 4059 796 4116 Α“.
829 4060 1012 4133 Ἧχος
1058 4055 1158 4115 πλ.
1198 4053 1265 4111 δ”
1306 4056 1756 4133 Ἀρματηλάτην.

395 4177 560 4250 [Cod.
595 4176 1200 4248 ἰ.153.]Γεοπονήσας
1253 4178 1333 4247 τῷ
1385 4179 1601 4248 σταυρῷ
1655 4176 1754 4243 τὴν
1818 4175 1976 4251 ἂρου-

319 4285 417 4342 ραν
460 4272 563 4334 τῆς
623 4263 886 4335 διανοίας,
940 4265 1031 4319 καὶ
1089 4262 1144 4318 ἐν
1198 4263 1334 4337 αὐτῇ
1387 4264 1611 4338 σπείρας
1678 4265 1869 4342 ἀρετὰς
1919 4265 1970 4321 ἐν

319 4353 575 4430 δάκρυσι,
646 4356 878 4428 θερίζεις
926 4351 1274 4428 ἆγαλλίασιψ
1336 4351 1427 4408 διὰ
1484 4353 1588 4430 γὰρ
1649 4357 1972 4431 μαρτυρίου,

314 4449 582 4523 Γεώργιε,
616 4446 959 4521 έγεώργησας
990 4445 1190 4500 στάχυν
1222 4445 1572 4524 ψυχοτρόφον
1615 4445 1863 4517 ἀείζωον.

392 4538 480 4594 Ἐν
514 4541 590 4610 τῷ
622 4534 842 4615 σφοδρῷ
891 4543 992 4606 τῆς
1024 4530 1269 4598 ἀσεϐείας
1317 4533 1555 4591 κλύδωνι
1613 4530 1792 4608 ἔστης,
1855 4538 1974 4594 ἀοί-

2088 3387 2358 3460 lignitate
2384 3403 2475 3441 me
2508 3387 2748 3442 liberes.

2157 3481 2235 3532 Ac
2256 3479 2474 3548 potius,
2500 3479 2696 3547 Petre,
2758 3476 3234 3548 speciosissimos
3272 3476 3452 3548 pedes
3485 3481 3734 3533 tuos.....

2085 3568 2318 3637 Reliqua
2338 3568 2742 3622 deside-rantur.

2583 3681 2881 3737 JOANNIS
2909 3681 3238 3736 MONACHI

2334 3796 2624 3851 HYMNUS
2664 3797 2735 3849 IN
2779 3796 3066 3849 BEATUM
3097 3797 3482 3852 GEORGIUM.

2081 3907 2281 3962 Primae
2332 3919 2581 3957 versuum
2640 3902 2838 3976 litterte
2880 3909 3079 3976 sonant
3108 3919 3126 3954 :
3175 3903 3405 3976 Georgii
3454 3904 3732 3976 martyris

2367 3981 2540 4029 canto
2584 3974 2931 4028 certamina.
2989 3975 3135 4028 Laus
3184 3975 3448 4030 Joannis.

2297 4065 2407 4120 Ode
2427 4066 2472 4119 Ι.
2507 4065 2683 4118 Sanus
2712 4061 2810 4119 πλ.
2844 4065 2896 4120 4.
2932 4065 3134 4119 συντ-αδ
3166 4066 3516 4133 agitatorem.

2154 4185 2336 4239 Cruce
2365 4197 2639 4252 campum
2673 4180 2890 4234 mentis
2916 4180 3250 4243 excoluisti,
3301 4180 3501 4252 ibique
3553 4181 3615 4236 in
3645 4181 3731 4237 la-

2085 4274 2304 4346 crymis
2335 4272 2580 4325 virtutes
2613 4269 2948 4337 seminasti,
2983 4286 3143 4324 nunc
3175 4270 3350 4325 metis
3383 4269 3734 4325 exsultatio-

2083 4381 2219 4422 nem
2244 4381 2256 4431 ;
2290 4379 2430 4417 nam
2452 4377 2558 4432 per
2579 4359 2951 4430 martyrium,
2977 4359 3206 4432 Georgi,
3233 4375 3490 4414 messem
3506 4359 3730 4431 parasti

2086 4452 2498 4527 spiritualibus
2524 4449 2883 4520 aeternisque
2904 4447 3193 4504 fructibus
3216 4449 3516 4504 refertam.

2155 4543 2344 4597 Media
2373 4542 2433 4594 in
2447 4539 2769 4610 impiorum
2785 4543 3132 4610 tempestate
3148 4538 3735 4608 immotusrestitisti,

314 4629 470 4702 διμε,
504 4629 576 4691 ὡς
628 4627 870 4705 ἀρραγὴς
922 4626 1112 4700 πέτρα,
1169 4631 1258 4682 καί
1313 4627 1388 4691 ὡς
1443 4627 1652 4704 πύργος
1710 4631 1970 4700 ἄσειστος,

2119 4632 2170 4686 ir
2197 4629 2516 4691 celebrate,
2546 4627 2708 4680 velut
2731 4626 3082 4680 inconcussa
3095 4631 3282 4696 petra,
3307 4630 3366 4680 et
3384 4625 3736 4680 velutturris

2116 4727 2119 4735 .
2229 4722 2239 4732 ο
2316 4721 2325 4730 ο
2504 4718 2516 4728 ⁵
2579 4733 2625 4735 μ,
2659 4733 2749 4735 ,-__
2823 4714 3008 4735 _-__.If_
3065 4715 3335 4735 n,__-:1-4-
3375 4715 3730 4735 _____2-A-____.

311 4719 551 4798 γενναίῳ
626 4719 968 4792 ἂναστήματι
1018 4724 1118 4787 τῆς
1208 4723 1424 4792 στερεᾶς
1481 4741 1578 4774 σου
1635 4717 1860 4796 καρδίας
1909 4721 1976 4775 τὰ

309 4815 425 4868 τῶν
459 4809 737 4866 κολάσεων
769 4809 986 4882 κύματα
1017 4805 1164 4862 λύων
1214 4805 1291 4870 εἷς
1348 4805 1621 4885 ἀφρώδεις
1677 4807 1976 4885 πομφόλυ-

352 4920 437 4962 ας.

307 4921 602 5066 γαξίὶφθης
633 4987 708 5050 ὡς
741 4985 881 5042 λέων
916 4988 1194 5050 πεποιθὼς
1226 4986 1254 5042 ὀ
1287 4983 1514 5052 δίκαιος·
1575 4991 1685 5043 τῶν
1741 4990 1971 5063 ἀγεννῶν

310 5077 425 5153 γὰρ
458 5080 642 5140 παθῶν
681 5076 980 5151 βασιλικῶς
1029 5075 1210 5153 ἄρξας,
1245 5077 1537 5148 ἀπτοήτως
1593 5077 1856 5152 ὥρμησας
1900 5078 1976 5142 ὡς

309 5167 460 5225 λέων
495 5165 572 5228 εἷς
601 5167 663 5220 τὸ
687 5164 927 5234 σταδιον,
977 5166 1104 5231 τοὺς
1160 5166 1394 5243 ἐχθροὺς
1441 5168 1840 5239 καταπλήττων
1897 5169 1972 5232 ὥς

301 5276 464 5319 τινας
516 5253 726 5334 φαύλας
785 5252 1076 5318 ἄλώπεκας
1131 5255 1210 5330 τῷ
1272 5255 1543 5333 βασιλικῷ
1599 5279 1697 5313 σου
1757 5259 1974 5335 βρυχη-

313 5365 453 5424 ματι
465 5389 475 5399 .

388 5435 542 5490 Ῥοῦν
590 5441 691 5504 τῆς
744 5433 958 5505 ἆτιατης
1023 5434 1273 5510 ἀκρατῶς
1355 5437 1678 5513 φερόμενον,
1741 5458 1970 5512 μαρτυς,

301 5523 600 5598 ἀνέκοψας·
655 5524 718 5579 τὸ
771 5524 872 5601 γὰρ
931 5524 1097 5580 αὐτοῦ
1145 5527 1261 5595 ζέον
1326 5527 1412 5581 καὶ
1475 5529 1536 5581 τὸ
1601 5527 1966 5601 ἀκμαιότατον

303 5612 579 5698 ῥαγδαίας
610 5611 998 5691 προσϐαλόντα
1055 5638 1140 5672 σοι
1189 5616 1280 5672 καὶ
1341 5615 1592 5695 σφοδρῶς
1642 5620 1972 5696 προσραγέν-

300 5726 404 5774 τοι,
436 5706 524 5760 οἱα
578 5707 834 5782 φραγμὸς
891 5705 1261 5785 ἆκαθαίρετος,
1323 5709 1500 5764 ὀπίσω
1557 5715 1763 5786 χωρεῖν
1840 5731 1972 5767 κατ-

305 5815 648 5875 ηναῃιασας.

2087 4721 2452 4782 firmissima,
2503 4718 2762 4790 ingenua
2815 4714 3012 4770 cordis
3063 4715 3342 4771 firmitate
3367 4715 3736 4771 cruciatuum

2085 4811 2302 4866 fluctus
2334 4806 2594 4863 eludisti.

2155 4987 2496 5060 Apparuisti
2530 4987 2687 5043 velut
2711 4987 2804 5044 leo
2834 4988 2988 5044 fidus
3016 4989 3074 5041 et
3099 4985 3330 5056 justus;
3368 4997 3507 5038 nam
3539 4980 3734 5053 pravis

2085 5077 2511 5150 cupiditatibus
2543 5079 2822 5150 regaliter
2847 5077 3189 5132 dominatus
3215 5091 3299 5140 es,
3334 5077 3614 5144 tanquam
3639 5070 3733 5126 leo

2084 5167 2418 5239 intrepidus
2450 5167 2708 5222 stadium
2740 5167 3039 5233 invadisti,
3092 5165 3414 5234 hostesque
3469 5161 3733 5217 terruisti

2085 5274 2192 5313 ceu
2225 5257 2476 5312 miseras
2508 5256 2713 5328 vulpes
2749 5257 2911 5330 regio
2942 5254 3160 5327 rugitu.

2153 5437 2549 5508 Impotentem
2582 5436 2800 5492 erroris
2827 5435 3051 5490 fluxum
3087 5431 3432 5494 cohibuisti,
3465 5433 3734 5501 martyr;

2083 5543 2224 5583 nam
2253 5527 2380 5598 ejus
2410 5527 2526 5581 vim
2557 5526 2964 5581 vehementem
2996 5529 3053 5578 et
3085 5522 3732 5592 turbidam,asperum-

2084 5635 2198 5689 que
2224 5617 2535 5689 impetum,
2571 5617 2734 5672 velut
2781 5621 3014 5688 septum
3047 5614 3491 5676 inconcussum,
3523 5615 3720 5666 retro-

2081 5709 2247 5785 gredi
2277 5707 2540 5783 coegisti.
