4120 6384
360 391 498 449 1395

1874 403 2218 457 ΔΒΒΒΝΟΑ
2229 442 2243 457 .

3664 402 3830 458 1396

439 518 662 592 Lingua
691 520 863 577 tarda
883 526 941 577 et
958 522 1149 592 exilis,
1185 541 1369 597 osque
1412 525 1642 583 discors
1696 530 1753 583 te
1782 526 2023 600 hymnis

2208 523 2522 580 Θεοτόκιον.
2557 555 2624 566 —
2658 526 2890 578 ΓΛῶσσα
2943 520 3173 600 βραδεῖα
3222 527 3315 581 καὶ
3370 531 3556 607 σαφῶς
3622 507 3833 604 ἰσχνά-

377 606 681 664 celebrare
703 610 1013 683 gloriatur,
1047 614 1300 670 Domina
1327 633 1341 683 ;
1377 621 1431 671 te
1454 617 1616 673 enim
1639 622 2031 673 cantantom-

371 713 479 753 nes
501 699 851 772 angelorum
891 700 1113 776 lingua:
1138 709 1198 759 et
1226 704 1521 762 flammea:
1554 713 1612 763 et
1637 708 1847 781 igneae,
1870 707 2037 763 etin-

370 802 795 860 corporeorum
827 807 948 847 01⁵8..

834 970 944 1027 Ode
972 972 1074 1030 ΠΙ.
1110 973 1217 1037 Qui
1268 978 1575 1044 conﬁrmat.

460 1060 531 1117 Ut
559 1059 809 1133 gloriam
840 1066 899 1117 et
925 1063 1111 1119 vitam
1144 1064 1204 1118 in
1235 1064 1467 1121 Christo
1500 1066 1865 1124 reconditam
1899 1085 2038 1124 con-

392 1149 671 1223 tingeres,
703 1149 1025 1224 despexisti
1051 1153 1300 1227 gloriam
1332 1154 1624 1228 fugacem,
1650 1162 1708 1212 et
1736 1160 2039 1231 corrupti-

379 1237 562 1294 bilem
575 1240 752 1296 vitam
769 1242 1074 1313 sapienter
1095 1243 1439 1316 neglexisti;
1466 1262 1648 1317 quare
1671 1264 1777 1319 per
1788 1254 2040 1304 mortem

380 1329 560 1385 vitam
591 1330 870 1387 invenisti
905 1337 1216 1389 aeternam.

456 1420 583 1476 Non
641 1420 964 1477 laborando
1024 1422 1317 1492 defecisti,
1379 1440 1498 1480 non
1569 1424 1923 1500 defatigatus
1981 1444 2044 1482 es

386 1509 694 1581 velutigne
726 1515 784 1565 et
797 1511 953 1566 ferro
978 1529 1270 1585 pugnans,
1297 1513 1452 1569 ferro
1474 1519 1533 1569 et
1554 1516 2044 1571 omniadamante

389 1599 639 1660 ﬁrmior,
677 1599 780 1655 sed
837 1602 1039 1657 omnia
1095 1603 1396 1674 pertulisti
1430 1604 1589 1660 velut
1634 1606 1800 1660 testis
1833 1605 2044 1661 aliena:

382 1705 706 1761 passuoms.

459 1781 572 1834 Pro
602 1780 834 1837 Christo
866 1784 1297 1849 conversantis,
1343 1783 1761 1840 instrumentis
1792 1790 2047 1841 tortores

391 1885 609 1941 corpus
642 1871 702 1925 in
734 1876 931 1942 partes
963 1871 1257 1939 dividunt,
1290 1878 1349 1926 et
1377 1878 1576 1945 partes
1621 1873 1682 1929 in
1710 1874 2046 1930 minutissi—
2080 1907 2125 1974 Β

395 1975 513 2027 ma,
550 1959 874 2016 fortissime
902 1978 915 2027 ;
950 1961 1054 2016 sed
1084 1961 1372 2017 charitate
1403 1963 1615 2018 Christi
1648 1968 1911 2020 mentem
1926 1981 2047 2018 ser—

398 2065 499 2105 vas
532 2050 996 2121 integerrimam.

474 2139 744 2194 Afﬂictus
774 2146 1018 2212 propter
1045 2141 1367 2210 Christum,
1402 2142 1502 2213 qui
1542 2146 1784 2213 propter
1813 2146 1869 2197 te
1900 2141 2053 2197 afﬂi-

401 2235 533 2283 ctus
564 2229 852 2296 est,illum
871 2229 931 2283 in
955 2230 1238 2285 membris
1263 2232 1378 2286 tuis
1396 2230 2052 2303 gloriﬁcasti,tanquam

401 2317 678 2387 stigmata
708 2318 837 2387 ejus
858 2317 1057 2372 ferens
1089 2320 1255 2374 carni
1275 2324 1389 2373 tua:
1417 2318 1614 2381 afﬁxa,
1648 2325 1706 2373 et
1736 2320 2055 2391 ipseglori-

400 2407 611 2461 tlcatus
643 2422 705 2459 es
736 2406 947 2478 magis.
992 2406 1397 2463 illustrissime
1429 2407 1658 2479 Georgi.

419 2510 431 2523 ·
470 2496 749 2565 Deiparze.
785 2524 848 2533 ——-
903 2497 1290 2551 Peccatorum
1350 2497 1617 2567 procella
1669 2496 2054 2567 iniquitatum

400 2589 747 2655 tempestas,
802 2585 1192 2656 malignitatis
1254 2586 1481 2657 scopuli
1535 2587 1827 2656 dejiciunt
1857 2605 1951 2643 me
1991 2588 2053 2643 in

402 2676 584 2731 imam
618 2676 1023 2746 impietatem;
1085 2676 1160 2731 da
1205 2676 1594 2750 mihi,Virgo,
1656 2678 1946 2748 dextram,
1979 2696 2055 2736 ne

402 2764 617 2820 fluctus
647 2765 938 2820 viventem
972 2783 1068 2821 me
1092 2766 1323 2822 obruat.

650 2873 761 2928 Ode
794 2874 891 2927 IV.
950 2874 1027 2927 Tu
1080 2873 1311 2941 Christe,
1350 2873 1611 2929 Dominus
1635 2890 1803 2931 meus.

466 2962 814 3019 Rhetoricas
845 2964 1263 3034 contempsisti
1297 2964 1759 3036 disputationes,
1812 2970 1870 3019 et
1906 2964 2054 3019 insi-

394 3053 687 3124 pientium
722 3068 906 3123 nugas
926 3052 1161 3106 veritati
1194 3052 1426 3125 sibique
1486 3054 1861 3109 contentiose
1911 3071 2051 3110 con-

395 3141 814 3196 tradicentium
844 3158 857 3207 ;
889 3141 1105 3195 Christi
1136 3142 1235 3196 Dei
1259 3142 1615 3213 sapientiam
1650 3142 1859 3198 doctus
1882 3150 1940 3198 et
1962 3144 2055 3200 in-

397 3230 676 3303 geniosus
711 3245 778 3283 ex
813 3230 1014 3285 anima
1036 3229 1325 3301 dilexisti,
1356 3233 1586 3304 Georgi.

462 3318 812 3375 Turbulenti
843 3318 1282 3375 vehementiam
1310 3321 2033 3394 tormentorumimpetus,

2142 635 2343 693 φωνος,
2402 613 2491 669 καὶ
2526 613 2702 687 στόμα
2750 611 2997 690 δύσηχόν
3054 636 3139 670 σοι
3197 623 3542 695 προσφωνεῖν
3595 617 3833 691 ὕμνους

2143 699 2523 775 εὐλαϐοῦνται,
2560 702 2839 759 Δέσποινα’
2874 704 2932 759 σὶ
2988 705 3091 779 γὰρ
3150 705 3410 779 ὑμνοῦσιν
3462 705 3669 763 ἅπασαι
3699 711 3828 762 τῶν

2143 790 2392 870 ἀγγέλων
2424 794 2478 848 αἱ
2508 792 2755 870 γλῶσσαι
2788 795 2843 849 αἱ
2877 790 3163 871 φλογεροὶ,
3194 795 3286 851 καὶ
3319 796 3692 876 πυρίμορφοι,
3721 794 3863 851 καὶ.

2142 887 2253 938 τῶν
2285 883 2591 957 ἀσωμάτων
2621 884 2688 939 τά
2710 882 2972 957 στόματα.

2610 971 2744 1054 ’ῼδή
2779 973 2849 1029 Γ’.
2900 974 2963 1031 Ὁ
3018 974 3336 1051 στερεώσας.

2219 1062 2332 1118 Ἵνα
2361 1069 2464 1132 τῆς
2494 1060 2655 1135 δόξης
2687 1062 2777 1118 καὶ
2811 1067 2957 1132 ζωῆς
3011 1069 3111 1134 τῆς
3169 1062 3223 1119 ἐν
3284 1070 3509 1141 Χριστῷ
3564 1086 3835 1141 κρυπτο-

2152 1152 2317 1226 μένης
2348 1150 2639 1228 ἐπιτύχῃς,
2690 1153 3096 1229 κατεφρόνησας
3153 1151 3315 1228 δόξης
3369 1153 3666 1228 λυομένης,
3725 1153 3835 1211 καὶ

2150 1246 2396 1318 φθαρτῆς
2427 1239 2717 1317 ἠλόγησας
2750 1237 2995 1315 εὐλόγως
3055 1248 3221 1312 (cui:
3279 1240 3364 1299 διὸ
3423 1241 3516 1298 διὰ
3571 1244 3837 1309 θανάτου

2151 1328 2300 1405 εὗρες
2332 1330 2476 1399 ζωὴν
2507 1331 2604 1400 τήν
2637 1329 2878 1387 αἰώνιον.

2222 1420 2302 1476 Οὐ
2326 1420 2729 1495 κατενάρκησας
2756 1420 2973 1493 καμὼν,
3019 1420 3122 1476 οὐκ
3179 1420 3468 1483 ἔκοπίασας
3525 1423 3679 1488 ὅλως
3744 1424 3838 1486 ὡς

2157 1508 2476 1582 μαχόμενος
2498 1508 2632 1584 πυρὶ
2671 1509 2762 1563 καὶ
2818 1508 3052 1584 σιδήρῳ,
3106 1510 3135 1565 ὁ
3193 1507 3423 1585 σιδήρου
3464 1510 3556 1565 καὶ
3605 1514 3835 1575 παντὸς

2156 1594 2464 1671 ἀδάμαντος
2509 1597 2891 1674 περῥότατος,
2950 1596 3078 1654 ἀλλ’
3136 1598 3313 1662 οὕτως
3368 1599 3679 1676 ἑκαρτὲρεις
3745 1601 3839 1664 ὡς

2156 1687 2358 1761 θεωρὸς
2392 1685 2568 1743 ἄλλου
2598 1688 2930 1763 πάσχοντος.

2226 1777 2385 1852 ’Υπὲρ
2417 1781 2659 1852 Χριστοῦ
2688 1776 3072 1852 προσομιλῶν,
3104 1774 3502 1852 κολαστηρίοις
3550 1775 3835 1854 ὀργάνοις

2154 1868 2581 1939 κατατέμνουσιν
2653 1866 2728 1928 ὡς
2786 1868 2951 1939 μέρη,
3010 1870 3098 1922 καὶ
3153 1865 3297 1940 μέλη
3365 1863 3673 1943 διαιροῦσιν
3746 1868 3836 1932 είς

2156 1953 2329 2011 λεπτά
2356 1956 2420 2011 τὸ
2449 1954 2609 2029 σῶμά
2638 1976 2760 2023 σου,
2794 1953 3095 2020 πολύαθλεσ
3168 1957 3260 2012 τὸν
3293 1955 3564 2033 λογισμὸν
3596 1956 3833 2035 ἐτήρεις

2156 2044 2399 2117 ἄτμητον
2432 2046 2491 2101 ἐκ
2517 2052 2617 2115 τῆς
2647 2043 2860 2122 ἀγάπης
2890 2047 3147 2118 Χριστοῦ.

2230 2135 2607 2210 Μαστιγωθεὶς
2639 2133 2729 2190 διὰ
2759 2136 2987 2210 Χριστὸν
3017 2135 3112 2190 τὸν
3162 2132 3252 2191 διὰ
3300 2136 3358 2192 σὶ
3420 2136 3829 2213 μαπιχθὲντα,

2156 2226 2245 2280 καὶ
2274 2222 2498 2297 δοξάσας
2524 2231 2643 2287 τοῖς
2674 2230 2791 2287 σοῖς
2828 2223 3013 2297 μέλεσι
3043 2228 3259 2294 τοῦτον,
3294 2226 3371 2290 ὡς
3422 2229 3491 2281 τὰ
3543 2226 3840 2303 στίγματα

2156 2313 2320 2369 αὐτοῦ
2356 2314 2621 2389 βαστάσας
2649 2319 2719 2389 τῇ
2752 2314 2927 2387 οἰκείᾳ
2956 2314 3112 2391 σαρκὶ
3173 2312 3571 2389 ἀντεδοξάσθης
3618 2315 3831 2388 πλέον,

2158 2400 2514 2477 δεδοξασμένε
2545 2406 2805 2480 Γεώργιε.

2228 2494 2534 2550 Θεοτόκιον.
2597 2528 2661 2538 -
2722 2495 3031 2570 ’Λμαρτιῶν
3093 2516 3160 2567 με
3223 2493 3495 2569 καταιγῖς,
3566 2496 3834 2568 ἀνομιῶν

2157 2584 2438 2657 τρικυμία,
2468 2582 2893 2654 ἀλλεπάλληλοι
2924 2581 3185 2646 σπιλάδες
3217 2585 3412 2647 κακίας
3470 2590 3828 2649 συνωθοῦσιν

2157 2672 2232 2734 εἷς
2268 2673 2430 2747 βαθὺν
2468 2674 2631 2747 βυθὸν
2680 2675 2779 2742 τῆς
2831 2673 3218 2749 ἀπογνώσεως⁸
3252 2670 3345 2736 δός
3399 2695 3519 2747 μοι,
3553 2676 3832 2748 Παρθένε,

2156 2768 2342 2839 χεῖρα,
2383 2763 2459 2836 μὴ
2488 2767 2636 2835 κῦμα
2668 2766 2847 2832 ζῶντα
2869 2761 3091 2838 καλύψῃ
3129 2783 3217 2837 με.

2468 2866 2598 2938 Ὦδή
2627 2876 2695 2925 A‘.
2734 2866 2810 2923 Σύ
2844 2890 2971 2941 μου,
3004 2869 3227 2943 Χριστὲ,
3263 2870 3489 2944 Κύριος.

2227 2960 2554 3036 Ῥητορικὴν
2637 2956 2955 3035 ἑρεσχελίαν
3032 2955 3339 3029 διὲπτυσας,
3425 2957 3517 3015 καὶ
3591 2958 3821 3038 ἀσόφων

2157 3048 2468 3126 φλήναφον,
2500 3051 2567 3121 τῇ
2598 3045 2830 3119 ἀληθείᾳ
2857 3048 2947 3102 καὶ
2978 3047 3194 3110 ἑαυτοῖς
3226 3046 3666 3121 διαμαχομένων
3697 3048 3806 3126 ἐρι-

2158 3142 2363 3199 στικοῖς
2384 3136 2701 3206 ἀντιθέσεσι,
2754 3141 2991 3212 Χριστοῦ
3061 3141 3195 3193 Θεοῦ
3252 3136 3444 3216 σοφίαν
3503 3139 3583 3202 ὡς
3650 3141 3810 3216 σοφὸς

2077 3262 2120 3330 C
2156 3226 2243 3282 καὶ
2275 3225 2543 3302 ἀγχίνους
2572 3225 2632 3280 ἐκ
2651 3229 2838 3330 ψυχῆς
2867 3227 3176 3299 ἀγαπήσας,
3211 3228 3472 3303 Γεώργιε.

2240 3316 2551 3393 Τυφωνικαί
2581 3314 2831 3395 σφοδρῶν
2888 3316 3133 3392 βασάνων
3180 3316 3507 3386 ἀντίπνοιαι,
3561 3319 3653 3374 καὶ
3716 3339 3830 3393 μα-

399 3416 457 3465 et
509 3409 887 3465 amarissima
946 3408 1321 3481 flagellorum
1378 3409 1649 3478 flumina,
1709 3416 1768 3466 et
1824 3411 2048 3468 turbida

2179 3406 2367 3481 στίγων
2422 3406 2667 3479 ποταμοὶ
2723 3406 3068 3479 πικρότατοι,
3115 3407 3207 3462 καὶ
3282 3407 3566 3483 πυραυγῆς
3621 3406 3832 3484 θολερά

394 3504 686 3575 igneaque
732 3501 933 3572 pl'lvia
956 3501 1135 3556 simul
1171 3507 1225 3557 te
1260 3502 1569 3569 invadunt,
1604 3509 1663 3558 et
1690 3502 1886 3558 subito
1911 3504 2057 3559 arri-

391 3591 583 3662 piunt,
618 3588 723 3643 sed
754 3588 1150 3643 confessionis
1176 3594 1293 3643 tua:
1314 3590 1525 3644 turrim
1578 3590 1910 3647 labefacere
1934 3609 2057 3648 non

388 3679 628 3741 valent;
659 3694 797 3733 nam
825 3678 888 3731 in
920 3681 1090 3748 petra
1123 3678 1370 3733 fundata
1401 3685 1548 3735 erat.

464 3769 791 3823 Fornacem
827 3766 1035 3821 multis
1066 3766 1244 3839 lignis
1270 3784 1648 3837 succensam,
1676 3770 1835 3825 velut
1854 3770 2054 3826 thala-

315 3916 327 3925 ,
394 3873 559 3913 mum
613 3856 917 3911 roscidum
978 3856 1286 3929 ingressus
1318 3874 1382 3912 es
1416 3877 1429 3926 ;
1464 3859 1711 3931 angelus
1757 3861 1917 3915 enim
1948 3853 2052 3917 Dei

396 3962 593 4002 rorem
617 3943 936 4016 quemdam
966 3960 1250 4017 spargens
1284 3946 1547 4002 fornacis
1571 3948 1940 4020 temperabat
1959 3968 2054 4005 ar-

395 4034 623 4100 dorem,
658 4031 998 4088 excutiebat
1028 4033 1356 4103 ﬂammam,
1375 4041 1434 4090 et
1455 4036 1588 4108 igne
1614 4038 1983 4109 superiorem
1998 4043 2054 4094 te

386 4122 725 4197 praestabat.

458 4211 712 4269 Verbum
744 4212 846 4267 Dei
878 4212 1067 4267 vivum
1104 4218 1161 4267 et
1184 4213 1560 4269 salutiferum
1592 4215 1800 4289 lingua
1820 4233 2052 4289 gerens,

379 4302 809 4369 illustrissime,
853 4302 1139 4374 gentilem
1173 4304 1285 4357 viri
1310 4304 1495 4359 ﬁcasti
1531 4311 1668 4360 ante
1698 4306 1912 4362 Christi
1953 4308 2058 4363 de-

382 4408 661 4449 scensum
685 4389 1077 4460 defunctum;
1122 4392 1318 4448 divino
1380 4395 1741 4466 baptismate
1798 4395 2053 4469 baptiza‘

386 4488 537 4544 tum,
562 4480 622 4534 in
656 4480 932 4553 gehenna
954 4481 1106 4554 ignis
1137 4482 1406 4539 liberasti
1435 4484 1633 4554 (Deest.
1686 4494 1827 4547 θεοτ.
1871 4493 1919 4542 et
1952 4487 2056 4547 ode

392 4570 443 4625 V
469 4569 675 4640 echus.)

1100 4661 1210 4717 Ode
1258 4663 1323 4718 V.

526 4790 539 4804 .
590 4790 602 4803 .
630 4765 833 4805 amare
864 4755 1239 4823 gemuerunt,
1266 4755 1324 4805 et
1352 4750 1529 4807 deum
1562 4752 1664 4807 Dei
1705 4770 1898 4825 praeco
1929 4754 2040 4808 hu-

382 4856 561 4896 mana
590 4856 729 4895 voce
761 4840 821 4895 in
855 4839 1161 4913 pulverem
1192 4840 1439 4913 redegit.
1483 4842 1665 4897 Deum
1713 4842 1919 4899 videns
1968 4843 2042 4899 ab

383 4930 585 5002 impiis
608 4929 983 5003 principibus
1017 4930 1313 4986 offensum
1348 4947 1467 4985 non
1522 4931 1880 5002 sustinuisti,
1940 4931 2045 4988 sed

387 5019 585 5076 divino
619 5021 813 5077 studio
842 5037 945 5077 cor
967 5020 1691 5092 inﬂammatus,magnum
1716 5023 2043 5078 errantium

389 5125 653 5166 errorem
688 5110 1031 5183 increpasti,
1060 5116 1118 5166 et
1150 5111 1335 5168 Deum
1388 5112 1686 5168 Christum
1740 5112 2048 5168 confessus

389 5215 473 5256 es.

458 5289 717 5361 Martyrii
751 5288 859 5355 tui,
880 5289 1164 5359 Salvator,
1193 5291 1345 5346 viam
1364 5306 1643 5364 peragam
1671 5295 1729 5346 et
1757 5290 2045 5359 laetabor;

386 5378 469 5434 ita
491 5378 795 5447 cantabas,
820 5378 1212 5453 Georgi,dum
1245 5380 1497 5452 speciosi
1531 5379 1615 5434 tui
1643 5379 1826 5451 pedes
1842 5379 2050 5435 ferreis

2173 3499 2355 3575 βροχή
2390 3497 2502 3571 ἅμα
2534 3493 2934 3573 προσϐαλόντα,
2966 3499 3057 3553 καὶ
3106 3495 3375 3577 αίφνίδιόν
3434 3521 3517 3555 σοι
3573 3504 3830 3573 προσρή-

2170 3593 2351 3659 ζαντα,
2385 3587 2484 3643 οὐκ
2513 3585 2757 3643 ἔπτωσαν
2789 3589 2881 3643 τὸν
2928 3589 3132 3663 πύργον
3190 3596 3292 3659 τῆς
3342 3596 3442 3659 σῆς
3491 3587 3825 3668 ὁμολογίας·

2166 3679 2219 3734 ἐν
2251 3682 2319 3752 τῇ
2351 3676 2521 3752 πέτρᾳ
2547 3678 2651 3755 γάρ
2680 3675 3065 3752 τεθεμελίωτο.

2236 3767 2375 3843 Ὕλῃ
2406 3766 2597 3841 πολλῇ
2637 3767 2742 3843 γὰρ
2799 3766 3101 3847 ἐξάφθησάν
3131 3789 3215 3824 σοι
3264 3770 3521 3844 κάμινον,
3579 3767 3657 3833 ὧς
3712 3792 3825 3826 πα-

2167 3855 2334 3913 στάδα
2394 3853 2653 3931 δροσερὰν
2697 3853 3033 3930 εἶσέδραμες·
3085 3856 3319 3934 ἄγγελος
3360 3863 3503 3923 θεῖος
3557 3860 3664 3935 γάρ
3719 3882 3820 3916 κα-

2163 3948 2369 4011 ταπτὰς
2392 3947 2480 4001 οἶα
2518 3946 2688 4015 πνοὴν
2749 3943 2947 4021 δρόσου
3005 3942 3327 4022 διασυρίζων
3364 3945 3594 4017 ἐποίησε
3620 3949 3686 4004 τὸ
3722 3950 3823 4023 μὲ-

2162 4058 2255 4099 νος
2304 4041 2404 4106 τῆς
2456 4035 2719 4109 καμίνου,
2780 4034 3081 4091 ἐκτινάσσει
3123 4037 3223 4105 τὴν
3284 4036 3469 4115 φλόγα
3496 4038 3587 4094 καὶ
3644 4040 3822 4114 πυρὸς

2165 4125 2532 4200 δυνατώτερον
2567 4121 2742 4194 δείζας
2762 4144 2819 4179 σε
2832 4168 2844 4183 .

2234 4217 2415 4289 Ῥῆμα
2472 4218 2606 4269 Θεοῦ
2667 4218 2771 4283 ζῶν
2830 4214 2919 4269 καὶ
2981 4215 3125 4284 ζωὴν
3185 4216 3564 4291 παρεχόμενον
3623 4215 3677 4272 ἐν
3753 4222 3823 4293 σῇ

2161 4304 2387 4382 γλώσσῃ
2421 4306 2624 4382 φέρων,
2670 4300 3020 4377 παναοίδιμε,
3077 4306 3265 4381 νεκρὸν
3317 4305 3572 4376 ἐζώωσας
3602 4304 3673 4361 δι’
3731 4306 3825 4363 εὖ·

2166 4402 2275 4471 χῆς
2307 4390 2563 4463 Ἕλληνα
2595 4394 2821 4457 θανόντα
2852 4392 2957 4470 πρὸ
2998 4399 3098 4463 τῆς
3153 4398 3389 4469 Χριστοῦ
3445 4390 3822 4460 καταϐάσεως·

2169 4483 2505 4562 βαπτίσματι
2538 4479 2594 4537 δὲ
2625 4482 2753 4555 θείῳ
2788 4481 3077 4558 βαπτίσας,
3137 4487 3329 4540 τοῦτον
3382 4483 3433 4539 ἐν
3483 4483 3671 4561 γεέννῃ
3717 4507 3825 4541 πυ-

2076 4627 2123 4694 D
2164 4576 2257 4651 ρὸς
2288 4572 2673 4647 ἡλευθὲρωσας
2724 4576 2800 4645 (l)
2829 4573 2978 4694 Deest
3026 4578 3177 4630 Θεοτ.
3238 4581 3291 4631 et
3346 4574 3462 4631 ode
3516 4576 3569 4630 V
3610 4577 3821 4650 echus.)

2878 4668 2919 4694 n
2956 4661 2985 4694 Δ
3030 4662 3082 4694 0‘
3283 4668 3309 4694 β

2878 4658 2990 4731 oss,
3028 4662 3101 4718 ις’.
3282 4668 3309 4735 ξ

2305 4795 2319 4809 .
2377 4754 2636 4823 ,πικρῶς
2660 4749 2931 4824 οἷ’μῶζαν,
2983 4751 3072 4806 καὶ
3130 4752 3223 4806 τὸν
3282 4752 3400 4817 θεὸν
3459 4757 3595 4810 Θεοῦ
3641 4756 3817 4831 κήρυξ

2153 4839 2469 4918 ἀνθρωπίνῃ
2504 4844 2660 4920 φωνῇ
2692 4839 2997 4912 ἐλεπτόνθη
3037 4839 3113 4903 εἷς
3145 4845 3306 4917 χοῦν.

2223 4932 2340 4986 Ὑπ’
2390 4928 2609 5003 ἀνόμων
2670 4931 2952 5007 ἀρχόντων
3017 4926 3236 5005 βλέπων
3287 4925 3648 5006 ὑϐριζόμενον
3682 4932 3815 4989 Θεὸν

2155 5022 2257 5077 οὐκ
2285 5020 2531 5096 ἤνεγκας,
2558 5018 2707 5074 ἀλλά
2733 5017 2860 5092 θείῳ
2890 5015 3047 5092 ζήλῳ
3097 5018 3349 5098 ἀναφθεὶς
3405 5021 3508 5088 τὴν
3566 5018 3819 5097 καρδίαν,

2156 5109 2443 5184 διήλεγξας
2470 5107 2759 5183 παρελθὼν
2822 5106 2899 5168 είς
2962 5105 3211 5182 μεγάλην
3267 5112 3375 5163 τῶν
3437 5108 3819 5182 πλανωμένων

2153 5200 2254 5269 τὴν
2286 5199 2519 5269 ἀπάτην,
2553 5196 2641 5253 καὶ
2676 5198 2809 5253 Θεὸν
2840 5196 2930 5251 τὸν
2972 5198 3201 5271 Χριστὸν
3236 5196 3632 5273 ὡμολόγησας.

2229 5288 2543 5362 Μαρτυρίου
2602 5307 2721 5355 σου,
2772 5290 2984 5361 Σῶτερ,
3039 5281 3299 5361 ἔψαλλες,
3357 5285 3660 5363 δραμοῦσαι
3714 5290 3828 5363 [ita

2159 5379 2316 5453 cod.]
2352 5373 2476 5432 ὁδὸν
2509 5375 2597 5433 καὶ
2625 5376 3032 5455 τερφθτςσομαι,
3068 5376 3121 5431 ἐν
3172 5380 3252 5450 τῷ
3283 5376 3656 5449 καθηλοῦσθαι
3690 5376 3824 5441 τοὺς

1968 5540 2193 5595 NOTAE.

465 5684 553 5764 (t).
583 5684 649 5737 In
680 5684 915 5765 vita}.
968 5685 1228 5765 Gregorii
1273 5685 1577 5765 .parmfere
1633 5682 1705 5737 de
1724 5681 2013 5765 “Trajano
2062 5682 2427 5752 ﬁtnarratio,
2474 5700 2656 5756 quam
2716 5683 2978 5757 theologi
3026 5701 3236 5747 omnes
3294 5685 3576 5746 refutant.
3618 5688 3821 5744 Instar

1110 5757 1125 5774 ς

396 5753 665 5809 omnium
698 5754 951 5809 Allatius
982 5755 1043 5809 in
1086 5752 1365 5811 Examine
1394 5755 1683 5812 librorum
1724 5752 1883 5808 Eccl.
1942 5756 2036 5809 Gr.
