4120 6378
316 442 456 501 1397

1547 430 1849 483 HYMNUS
1886 429 1960 481 IN
1997 429 2056 483 Β.
2099 428 2503 483 GEORGIUM.

3602 418 3743 474 1398

305 571 540 645 ὡραιους
585 584 682 619 σου
738 558 932 625 πόδας,
993 555 1249 631 Γεώργιε,
1308 551 1555 626 σιδηραῖς
1610 550 1958 626 κρηπίσικαὶ

2104 551 2332 622 τερίάίε
2364 553 2835 623 conﬁgebantur,
2901 554 2959 606 et
3013 547 3223 615 clavis,
3284 550 3342 601 et
3396 560 3605 599 cruore
3638 549 3738 600 tuo

304 639 706 735 περιπείρεσθαι
738 657 856 711 τοῖς
887 645 1069 717 ἣλοις,
1121 645 1211 700 καὶ
1236 648 1317 717 τῷ
1350 643 1536 718 λύθρῳ
1595 640 1872 719 φοινίσσον
1904 639 1965 692 τὸ

306 749 527 826 ἔδαφος.

378 819 580 913 Νόερὸν
636 830 913 906 ἀνδριάντι
973 824 1063 881 καὶ
1149 820 1492 898 παρικαλλὶς
1530 864 1543 889 ,
1630 819 1968 895 ὡραιότητος

305 908 530 1004 ἄγαλμα
572 927 669 979 τοῦ
717 922 853 975 Θεοῦ
897 917 952 971 αἱ
1005 918 1214 989 χεῖρες,
1276 912 1331 966 αἱ
1351 912 1442 965 τὸν
1502 908 1786 982 ἄνθρωπον
1809 927 1968 961 κατα-

308 1018 630 1073 σκευάσασαι
666 1010 720 1066 ἐν
748 1004 939 1079 πολλῇ
997 1004 1161 1081 σοφίᾳ
1217 1002 1307 1056 καὶ
1367 1000 1645 1072 ἐπιστήμη
1701 996 1878 1070 ἔξεσάν
1912 1016 1968 1050 σε

307 1107 399 1161 καὶ
432 1103 506 1165 εἷς
532 1098 740 1160 κάλλος
774 1095 1120 1171 εὐρύθμησαν
1151 1093 1374 1168 ἄφατον.

376 1191 681 1248 Θεοτόγιον.
716 1219 785 1229 --
817 1183 1145 1259 ἀρυόμενος
1190 1178 1331 1235 λέων
1380 1177 1570 1249 κύκλῳ
1616 1174 1965 1251 περιέρχεται

298 1284 576 1338 καταπιεῖν
615 1298 681 1351 με
731 1278 908 1345 ζητῶν
968 1276 1084 1334 τοῖς
1144 1269 1309 1324 αὐτοῦ
1361 1265 1571 1321 ὀδοῦσι·
1610 1267 1682 1337 μή
1724 1285 1789 1337 με
1817 1261 1966 1335 δῲης

301 1371 377 1433 εἷς
431 1371 624 1443 θήραν,
684 1358 1237 1436 πανάμωμε,ἠΘεὸν
1296 1361 1528 1412 τεκοῦσα
1582 1355 1674 1408 τὸν
1736 1356 1967 1428 κραταιᾷ

300 1442 532 1532 παλάμῃ
561 1456 678 1526 θείᾳ
699 1455 808 1509 τῶν
841 1451 1076 1507 λεόντων
1109 1449 1203 1511 τὰς
1236 1446 1416 1520 μύλας
1463 1442 1621 1508 συνθλ
1638 1446 1855 1498 ἀσαντα.

713 1558 847 1641 ’ῼδή
885 1559 944 1628 ζ’.
978 1559 1094 1626 Τὴν
1135 1552 1317 1624 δέησιν
1347 1553 1547 1627 ἐκχεῶ.

372 1656 479 1713 Τὸν
510 1637 758 1709 τείναντα
797 1649 885 1705 ἐπὶ
940 1646 1105 1718 ξύλου
1148 1645 1242 1707 τὰς
1276 1648 1485 1719 χεῖρας,
1536 1642 1626 1694 καὶ
1680 1642 1746 1712 τῇ
1780 1637 1963 1711 λόγχῃ

302 1747 405 1815 τὴν
435 1742 672 1818 πλεῦρᾶν
703 1739 1024 1815 ὀρυχθέντα,
1072 1737 1251 1809 Λόγον
1284 1736 1418 1789 Θεοῦ
1444 1731 1534 1785 καὶ
1584 1730 1714 1784 Θεὸν
1763 1749 1964 1800 καταγ-

303 1813 546 1912 γέλλων,
577 1813 899 1906 ἀναρτηθεὶς
955 1826 1043 1881 ἐπὶ
1096 1824 1287 1894 ζύλου,
1344 1822 1599 1896 Γεώργιε,
1633 1822 1851 1877 κοντοῖς
1881 1813 1961 1870 δι-

2080 642 2512 713 parvimentum
2538 641 2811 697 rubebat.

2151 822 2288 886 Qum
2322 825 2575 876 statuam
2610 822 2933 875 effecerunt
2953 816 3203 872 rationis
3227 828 3505 884 capacem
3529 815 3587 867 et
3607 811 3733 883 pul-

2079 911 2434 966 cherrimam
2462 911 2719 981 speciem
2738 909 2837 963 Dei
2862 924 3098 971 manus,
3128 904 3429 959 hominem
3456 905 3735 972 parentes

2078 1001 2138 1055 in
2171 1000 2361 1055 multa
2385 1000 2679 1070 sapientia
2733 1003 2791 1053 et
2841 996 3115 1057 scientia,
3150 992 3561 1064 exspoliarunt
3591 995 3647 1044 te
3680 994 3738 1043 et

2076 1090 2521 1161 pulchritudine
2550 1094 2604 1143 te
2637 1091 3078 1142 exornaverunt
3110 1082 3421 1137 ineffabili.

2148 1180 2421 1250 Deiparaz.
2471 1209 2543 1220 —
2600 1178 2856 1250 Rugiens
2916 1174 3132 1229 circuit
3178 1173 3270 1226 leo
3316 1186 3591 1241 quaerens
3641 1184 3736 1223 me

2077 1269 2358 1324 dentibus
2414 1268 2733 1329 devorare;
2798 1282 2871 1320 ne
2935 1280 3029 1318 me
3080 1261 3279 1316 tradas
3338 1260 3399 1313 in
3451 1258 3738 1329 praedam,

2077 1359 2357 1413 inviolata
2388 1359 2487 1413 Dei
2522 1357 2797 1430 genitrix,
2836 1354 2936 1425 qui
2973 1351 3200 1425 potenti
3233 1366 3339 1405 sua
3385 1349 3582 1403 divina
3611 1363 3740 1401 ma-

2075 1464 2157 1502 nu
2190 1448 2460 1503 maxillas
2493 1448 2732 1502 leonum
2762 1441 3105 1513 confringit.

2528 1554 2638 1608 Oile
2676 1553 2769 1615 VI,
2807 1553 2997 1605 Preces
3029 1546 3276 1616 eﬂ'undo.

2145 1644 2250 1710 Qui
2285 1660 2496 1698 manus
2547 1658 2727 1713 super
2783 1640 3008 1711 lignum
3057 1633 3327 1697 tetendit,
3375 1630 3548 1703 cujus
3580 1629 3735 1685 latus

2074 1734 2281 1789 lancea
2312 1734 2699 1804 perforatum,
2758 1729 3011 1783 Verbum
3062 1726 3163 1780 Dei
3213 1728 3271 1777 et
3301 1724 3485 1777 Deum
3514 1720 3640 1790 ipse
3672 1718 3735 1772 in

2074 1823 2233 1895 ligno
2293 1822 2584 1878 exaltatus
2642 1818 3002 1890 prmdicasti,
3084 1812 3330 1884 Georgi;
3392 1811 3520 1881 ipse
3578 1809 3733 1862 latus

308 1897 530 1998 έπείρου
560 1897 977 1992 τὰς-πλευρὰς,
1026 1913 1151 1969 ἀλλ’
1210 1911 1350 1986 εὐχῇ
1406 1911 1503 1973 τὰς
1550 1908 1728 1981 ἀκμάς
1788 1906 1961 1961 αὐτῶν

2104 1912 2258 1967 laStiS
2290 1911 2591 1982 perfossus
2632 1925 2720 1974 es,
2775 1907 2879 1962 sed
2922 1903 3200 1976 precibus
3251 1916 3455 1955 earum
3485 1897 3739 1952 vulnera

310 2011 347 2082 ἤ
359 2007 626 2086 μϐλυνας.

383 2102 440 2155 '0
472 2100 638 2154 λίθων
672 2094 1127 2166 ἀναισθητότερος
1185 2088 1383 2154 οὕτως,
1434 2086 1508 2149 ὠς
1540 2086 1630 2140 καὶ
1664 2082 1842 2147 λίθοις
1874 2082 1971 2135 ἀν-

308 2192 591 2261 αισθητοις
624 2184 924 2258 λατρεύων,
957 2180 1145 2236 ὕπτιόν
1187 2200 1243 2233 σε
1293 2177 1377 2233 ἐπ’
1426 2174 1655 2253 ἐδάφους
1686 2170 1972 2232 ἀπλώσαςο

307 2259 662 2352 λίθῳήβαλεῖ,
698 2274 928 2341 ἐκπιέζει
960 2272 1025 2325 τά
1070 2268 1363 2343 σπλάγχνα
1412 2287 1530 2334 σου,
1565 2264 1728 2324 αὐτὸς
1764 2259 1821 2315 δὲ
1871 2262 1969 2328 τὴν

304 2351 507 2445 πέτραν
529 2373 627 2435 τῆς
681 2370 846 2433 ζωῆς,
877 2361 969 2416 τὸν
1017 2358 1325 2430 πολύτιμον
1374 2354 1527 2419 λίθον
1584 2352 1798 2413 ἐπόθεις
1833 2351 1972 2424 Χρι-

313 2459 439 2515 στόν
452 2501 466 2515 .

380 2549 727 2615 Ὑπέκκαυμα
754 2545 850 2596 τοῖ’)
898 2540 1070 2613 πυρὸς
1126 2540 1224 2592 τοῦ
1283 2530 1549 2589 ἀσϐέστου
1611 2527 1967 2606 χρηματίζων

309 2638 341 2693 6
395 2637 512 2697 υἱὸς
543 2635 571 2687 6
608 2612 711 2701 της
768 2612 1008 2705 γεέννης,
1066 2629 1277 2680 νεοκαεῖ
1333 2623 1420 2677 καὶ
1477 2620 1669 2692 ζεούσῃ
1730 2612 1971 2685 ἀσϐέστῳ

306 2720 685 2798 καταχωννύει
736 2700 814 2787 σε,
852 2718 1077 2791 μάρτυς·
1114 2711 1239 2767 ἀλλ’
1299 2710 1532 2786 εὕρηκας
1593 2706 1840 2775 συνήθως
1872 2700 1973 2777 ἅγ-

311 2812 481 2889 γελον
513 2809 773 2890 φρουρὸν,
805 2808 895 2862 τὸν
934 2802 1193 2881 ῥύόμενόν
1228 2822 1284 2855 σε
1316 2799 1375 2855 ἐκ
1403 2798 1683 2860 νεότητος.

394 2882 667 2974 Σιδηρὸυ,
692 2895 869 2964 λίθου,
934 2890 1173 2967 χαλκοῦ,
1204 2886 1513 2960 ἀδάμαντος
1572 2882 1969 2958 ίσχυρώτερος,

317 2981 826 3063 Γεώργιε,ὤφθης’
886 2978 1113 3037 ’ἑκαστον
1173 2980 1274 3054 γὰρ
1336 2981 1441 3031 τῶν
1495 2970 1967 3047 ἀπηριθμημένων

314 3081 646 3155 παραχωρεῖ
674 3079 754 3147 τῷ
784 3072 914 3145 πυρὶ
964 3068 1371 3141 δαπανώμενοψ
1409 3064 1572 3126 αὐτὸς
1618 3060 1695 3131 δὲ,
1731 3061 1774 3113 ὦ
1805 3055 1970 3133 χάρι-

304 3152 409 3229 τος
440 3152 687 3233 πολλῆς,
717 3162 805 3217 καὶ
839 3161 1135 3233 παμφάγου
1158 3157 1327 3229 πυρὸς
1354 3152 1741 3228 ὑπερίσχυσας.

389 3254 697 3313 Θεοτόκιον.
734 3284 799 3293 —-
827 3250 1102 3321 Ἀπάτορα
1155 3248 1248 3301 τὸν
1295 3245 1550 3317 ἀμήτορα
1606 3241 1805 3300 τίκτεις
1840 3235 1969 3308 ὑπὲρ

2081 2000 2391 2064 obtudisti,

2151 2089 2243 2143 Sic
2276 2087 2571 2159 lapidibus
2602 2085 2830 2150 durior,
2861 2099 2971 2138 ceu
3020 2079 3286 2151 lapidum
3317 2077 3534 2143 fautor,
3568 2072 3739 2128 humi

2080 2180 2332 2251 supinus
2355 2176 2681 2247 explicatus
2708 2191 2790 2238 es,
2827 2180 2885 2227 et
2904 2170 3140 2241 injectis
3162 2165 3478 2237 lapidibus,
3512 2163 3740 2216 viscera

2082 2268 2427 2339 expressisti
2456 2271 2595 2332 tua;
2629 2265 2753 2335 ipse
2802 2267 3000 2316 autem
3047 2263 3277 2329 petram
3309 2255 3462 2319 vitm,
3498 2257 3557 2307 et
3586 2250 3737 2321 lapi-

2081 2357 2217 2413 dem
2246 2356 2574 2427 pretiosum
2606 2351 2904 2406 Christum
2936 2344 3314 2417 exquirebas.

2152 2537 2300 2590 Dum
2328 2538 2383 2587 te
2415 2528 2885 2601 inexstinguibili
2934 2525 3054 2598 igni
3109 2522 3340 2578 tradere
3390 2522 3640 2575 conatur
3666 2518 3740 2573 f1-

2077 2624 2194 2679 lius
2216 2620 2855 2696 gehennaa,ferociente
2879 2621 2935 2670 et
2955 2613 3187 2669 ardenti
3211 2612 3451 2666 ﬂamma
3475 2611 3735 2677 torquet,

2078 2718 2341 2784 martyr;
2378 2711 2479 2765 sed
2528 2712 2883 2763 consuetum
2930 2702 3209 2757 invenisti
3261 2700 3577 2764 fautorem,
3628 2696 3733 2766 qui

2080 2808 2137 2858 te
2168 2818 2238 2856 ex
2261 2802 2573 2872 juventute
2598 2795 2852 2851 fovebat.

2152 2894 2349 2957 Ferro,
2402 2886 2620 2958 lapide,
2680 2901 2815 2949 aere,
2873 2881 3189 2937 adamante
3221 2877 3449 2943 fortior,
3499 2874 3731 2945 Georgi,

2078 2982 2238 3037 visus
2270 2996 2372 3045 es;
2413 2978 2628 3031 horum
2674 2974 2835 3029 enim
2882 2970 3129 3042 quodvis
3175 2969 3308 3040 igne
3359 2964 3640 3030 solvitur;
3674 2966 3736 3018 at

2080 3076 2164 3135 tu,
2196 3069 2385 3141 gratia
2412 3066 2648 3132 referte,
2683 3063 2928 3119 edacem
2957 3058 3147 3114 vicisti
3179 3058 3398 3129 ignem.

2155 3252 2420 3320 Deiparce.
2481 3275 2550 3286 ——
2599 3243 2833 3313 Absque
2888 3244 3140 3294 matrem
3188 3236 3478 3310 genitum,
3528 3248 3736 3289 rursus

391 3299 697 3313 νυν-πω..
1170 3299 1209 3301 ι-
1336 3299 1409 3317 ι,
1485 3299 1493 3317 ι
1943 3299 1951 3308 _

313 3344 519 3403 ἔννοιαν
552 3343 643 3398 καὶ
674 3340 828 3418 φύσιν
882 3337 971 3392 καὶ
1030 3335 1221 3410 λόγον,
1273 3331 1366 3388 ’ἱνα
1422 3332 1550 3387 Θεὸν
1596 3328 1965 3401 ἀπεργάσηται

2104 3299 2305 3409 Lbsqtie
2327 3341 2491 3409 patre
2510 3334 2699 3405 gignis
2718 3299 2931 3403 printer
2946 3299 3364 3399 cogitationem
3383 3330 3441 3378 et
3460 3299 3737 3377 naturam

316 3439 483 3502 θέσειο
540 3434 629 3488 τὸν
702 3427 1028 3485 πεπτωκότα
1084 3421 1315 3493 ἐλπίδι,
1376 3422 1633 3491 θεότητος
1692 3418 1919 3487 ἀξίωσον
1953 3458 1968 3485 ,

316 3526 607 3589 Δέσποινα,
637 3520 779 3592 κάμέ
808 3522 907 3581 τῆς
940 3516 1195 3589 γλυκείας
1217 3512 1381 3567 αὐτοῦ
1411 3509 1770 3583 ὡραιότητος.

699 3624 830 3703 ’ῼδὴ
864 3625 936 3681 Ζ’.
969 3623 1036 3679 O't
1077 3621 1136 3675 ἐκ
1164 3627 1264 3689 τῆς
1300 3616 1584 3683 Ἰουδαίας,

393 3724 529 3777 Θεοῦ
570 3739 628 3773 σε
681 3716 775 3771 τὸν
837 3711 1071 3780 ὁπλίτην
1135 3706 1289 3764 οὐδὲν
1326 3705 1516 3781 ἴσχυσε
1577 3702 1798 3780 βλάψει,
1847 3698 1971 3755 οὐδὲ

316 3813 688 3886 λυμήνασθαι,
724 3804 784 3860 ού
820 3802 1104 3879 βράσματα
1127 3794 1399 3868 λεϐήτων,
1434 3795 1495 3850 οὐ
1527 3796 1784 3869 χάσματα
1815 3789 1973 3845 λεόν-

313 3878 450 3960 των⁶
485 3899 546 3955 οὔ
577 3900 677 3973 γὰρ
721 3893 789 3963 δὴ
824 3878 1153 3968 παραδώσει
1184 3888 1311 3948 Θεὸς
1340 3886 1524 3960 ψυχὴν
1582 3881 1770 3954 θηρίος
1826 3878 1971 3951 αὐτῷ

322 3992 407 4063 ὲξο
418 3987 852 4065 μολογουμένην.

394 4059 661 4154 Ᾰογισμῴ
694 4073 980 4142 διαιτήσας
1011 4073 1079 4142 τῇ
1132 4071 1287 4142 ψυχῇ
1342 4064 1432 4119 καὶ
1495 4060 1652 4136 σαρκί
1682 4080 1801 4127 σου,
1832 4059 1968 4132 μάρ.

315 4193 414 4234 τυς
446 4170 700 4243 Γεώργιε,
748 4168 827 4235 τῷ
857 4161 1124 4232 πνεύματι
1183 4158 1244 4210 τὸ
1298 4159 1479 4227 σῶμα,
1510 4156 1588 4223 τῷ
1612 4150 1876 4225 κρείττονι
1906 4148 1969 4202 τὸ

320 4265 509 4335 χεῖρον
587 4233 866 4328 νουνεχῶς
947 4245 1332 4316 καθυπὲταξας,
1393 4241 1678 4311 διαιτητὴς
1736 4233 1969 4314 ἀκριϐὴς

318 4348 499 4428 φανεὶς
529 4349 636 4399 τῶν
666 4344 802 4417 πρὸς
835 4340 1002 4413 ἀξίαν.

389 4438 451 4494 Ὁ
507 4434 722 4493 κλεινὸς
781 4420 1405 4506 ἀθλοφόρουὸπολλὴν
1466 4417 1771 4495 παρῥησίαν
1831 4418 1968 4491 πρὸς

313 4530 408 4585 τὸν
444 4526 676 4598 Σωτῆρα
706 4519 985 4583 πλουτῶν,
1014 4517 1106 4571 τὸν
1165 4513 1403 4569 πλοῦτον
1452 4510 1559 4566 τῶν
1594 4511 1778 4564 παθῶν
1835 4528 1961 4580 μου,

313 4618 408 4673 τὸν
439 4615 638 4687 φόρτον
668 4615 777 4667 τῶν
810 4612 988 4663 κακῶν
1015 4628 1122 4679 μου
1166 4602 1552 4675 διασκόρπισον
1588 4597 1801 4671 δέομαι,
1836 4597 1964 4651 ἀνα-

315 4705 511 4780 κωχὴν
550 4724 642 4775 μοι
677 4698 883 4764 διδοὺς,
916 4697 1003 4751 καὶ
1036 4694 1341 4771 κουφισμὸν
1372 4695 1468 4746 τοῦ
1504 4690 1725 4765 βάρους.

392 4776 611 4866 ’ἽῨμνοις
674 4792 878 4864 μάρτυς
933 4786 1231 4858 ύμνείσθω,
1279 4784 1306 4837 ὁ
1359 4781 1457 4849 τὴν
1520 4779 1727 4832 σύνεσιν
1788 4776 1974 4851 μέγας,

315 4885 408 4942 καὶ
458 4865 558 4951 τήν
611 4878 803 4956 σοφίαν
862 4876 1057 4943 πολὺς,
1120 4876 1147 4927 6
1204 4872 1390 4947 λόγοις
1448 4866 1827 4938 στηλιτεύσας,
1884 4865 1972 4920 καὶ

317 4972 503 5049 ἔργοις
530 4964 896 5041 θριαμϐεύσας
924 4966 1024 5033 τὴν
1055 4964 1265 5031 ἀπάτην
1293 4962 1392 5029 την
1418 4956 1630 5033 ἔεργον,
1663 4957 1752 5010 καὶ
1774 4976 1974 5028 καταγ-

316 5060 509 5137 γείλας
543 5058 773 5133 Χριστὸν
802 5056 924 5109 Υἱὸν
962 5058 1095 5109 Θεοῦ
1117 5053 1208 5107 καὶ
1239 5050 1432 5123 Λόγον.

390 5147 699 5203 Θεοτόκιον.
734 5176 802 5187 —-
836 5143 910 5196 Σὺ
944 5146 1106 5216 γενοῦ
1170 5160 1260 5212 μοι
1320 5134 1632 5212 προστάτις,
1678 5134 1739 5188 σὺ
1773 5131 1972 5209 φαιδρᾶ

313 5237 650 5309 παραστάτις
687 5277 700 5300 ,
762 5230 1190 5307 θεογεννήτριαῐ
1254 5226 1414 5296 ἡνίκα
1466 5227 1565 5292 τήν
1626 5224 1810 5297 ψυχὴν
1867 5243 1970 5293 μου

312 5326 524 5402 ἐσχάτη
558 5325 641 5379 καὶ
674 5320 883 5398 μεγάλη
945 5313 1231 5391 καταλάϐῃ
1288 5336 1617 5387 περιστασις,
1665 5312 1754 5367 καὶ
1787 5311 1971 5382 ἔξελοῦ

317 5437 387 5491 με
415 5416 603 5491 χειρὸς
633 5412 844 5487 λῃστῶν
877 5408 1219 5485 ἀεροπόρων.

604 5499 735 5570 Ὠδή
797 5502 879 5558 Η“.
943 5494 1365 5557 Ἱίπταπλασίως
1432 5493 1683 5565 κάμινος.

388 5593 712 5656 Ἀθανασίαν
756 5590 950 5663 εὕρατο
1011 5586 1101 5641 διὰ
1158 5583 1253 5639 σοῦ
1314 5584 1653 5649 Ἀθανάσιος,
1710 5590 1811 5651 τῆς
1844 5583 1971 5646 ἀθα-

307 5683 503 5747 νασίας
535 5684 562 5738 6
594 5679 823 5759 φαιδρὸς
874 5679 1181 5749 έπώνυμος’
1239 5675 1498 5749 τυράννου
1555 5675 1843 5746 προστάξει
1872 5674 1972 5747 γὰρ

309 5772 691 5850 θανατηφόρον
745 5769 1028 5847 φάρμακόν
1088 5787 1175 5822 σοι
1216 5763 1543 5841 κεκερακὼς,
1601 5762 1825 5828 ἀπαθῶς
1879 5784 1975 5819 πε..

2082 3437 2140 3485 et
2167 3430 2480 3492 rationem,
2514 3431 2581 3479 ut
2626 3424 2767 3478 deos
2818 3438 2927 3475 nos
2976 3419 3233 3483 efﬁciat;
3285 3432 3386 3486 spe
3436 3414 3731 3483 dejectum

2080 3520 2386 3574 divinitate
2418 3514 2699 3586 digneris,
2735 3511 3004 3575 Domina,
3048 3514 3105 3562 et
3133 3507 3291 3561 dulci
3343 3505 3472 3574 ejus
3520 3499 3728 3572 gratia.

2528 3623 2637 3677 Ode
2678 3622 2794 3673 νη.
2831 3619 2934 3682 Qui
2964 3617 3028 3669 de
3057 3616 3269 3669 ludant.

2151 3717 2225 3770 Te
2258 3716 2357 3769 Dei
2391 3712 2643 3767 militem
2676 3705 3258 3762 voluitnihillzedere
3278 3706 3378 3756 aut
3406 3698 3729 3766 offendere,

2081 3822 2191 3860 nec
2222 3804 2375 3875 ignis
2407 3802 2617 3864 fervor,
2654 3815 2762 3852 nec
2785 3798 3025 3850 leonum
3058 3794 3255 3857 furor;
3282 3808 3401 3845 non
3430 3789 3589 3843 enim
3622 3792 3733 3840 tra-

2082 3895 2181 3949 det
2214 3896 2364 3947 Deus
2397 3890 2558 3957 feris,
2611 3905 2741 3958 quae
2787 3888 2982 3956 ipsum
3029 3882 3300 3937 confessa
3343 3879 3539 3945 fuerit,
3592 3876 3729 3931 ani-

2082 4000 2266 4040 mam.

2154 4072 2401 4127 Ratione
2455 4068 2715 4134 dirigens
2766 4064 3025 4118 animam
3077 4067 3136 4115 et
3193 4075 3456 4120 carnem,
3510 4059 3735 4125 martyr

2083 4161 2309 4231 Georgi,
2363 4156 2595 4229 spiritui
2644 4171 2876 4225 corpus,
2923 4150 3161 4205 meliori
3212 4150 3382 4219 pejus
3426 4142 3733 4215 subjecisti

2081 4252 2400 4322 sapienter,
2430 4246 2691 4319 prudens
2721 4242 3047 4314 apparuisti
3080 4241 3211 4294 vita)
3244 4237 3569 4291 institutor.

2148 4430 2371 4500 Inclyte
2395 4425 2636 4493 athleta,
2671 4423 2771 4494 qui
2805 4427 3029 4476 tantam
3058 4434 3257 4474 coram
3281 4416 3579 4471 Salvatore
3602 4414 3734 4470 lau-

2075 4523 2210 4577 dem
2258 4517 2660 4591 promeruisti,
2695 4513 3137 4569 multitudinem
3179 4510 3526 4581 passionum
3559 4524 3724 4562 mea-

2075 4628 2231 4677 rum,
2282 4608 2514 4663 turbam
2568 4605 2861 4659 malorum
2914 4617 3181 4656 meorum
3230 4598 3459 4668 disjice,
3509 4614 3741 4666 quasso,

2003 4674 2045 4738 θ
2079 4700 2347 4769 requiem
2384 4697 2459 4750 da
2490 4695 2657 4760 mihi,
2694 4699 2751 4747 et
2779 4691 2979 4745 oneris
3010 4690 3300 4743 levamen.

2155 4787 2398 4857 Hymnis
2421 4782 2741 4839 celebreris
2771 4786 3015 4850 martyr,
3039 4776 3436 4847 intelligentia
3460 4789 3731 4841 magnus,

2082 4876 2375 4948 sapientia
2427 4873 2611 4940 dives,
2672 4870 2772 4940 qui
2808 4868 2998 4923 verbis
3056 4865 3471 4920 incriminatus
3534 4878 3616 4920 es.
3678 4866 3737 4915 et

2081 4965 2361 5037 operibus
2389 4960 2707 5017 confudisti
2759 4958 3014 5013 otiosum
3066 4970 3350 5019 errorem,
3402 4952 3500 5022 qui
3536 4950 3733 5005 Chris-

2081 5062 2205 5110 tum
2239 5052 2574 5124 prmdicasti
2607 5050 2823 5103 Filium
2855 5047 2953 5101 Dei
2989 5051 3047 5099 et
3076 5044 3355 5097 Verbum.

2154 5146 2423 5212 Doiparm
2484 5173 2527 5180 -
2557 5142 2641 5193 Tu
2696 5155 2787 5191 me
2820 5136 3082 5207 adjuves,
3138 5138 3199 5187 tu
3246 5148 3337 5185 me
3369 5130 3599 5203 egregie
3631 5128 3734 5182 de-

2080 5232 2311 5295 fendas,
2375 5231 2475 5284 Dei
2536 5226 2841 5283 Genitrixl
2918 5224 3154 5295 quando
3229 5222 3490 5276 animam
3540 5234 3735 5274 meam

2082 5323 2365 5392 corripiet
2392 5320 2604 5375 ultima
2635 5325 2693 5372 et
2742 5332 2975 5372 summa
3023 5314 3371 5379 necessitas,
3421 5311 3610 5365 libera
3641 5325 3737 5365 me

2081 5412 2153 5467 de
2185 5411 2516 5466 latronibus
2548 5408 2842 5464 mthereis.

2468 5499 2578 5553 Ode
2616 5498 2763 5551 VIII.
2798 5493 3060 5564 Septuplo
3087 5494 3352 5546 caminus.

2155 5584 2472 5648 Ἀθανασίαν
2502 5586 2711 5641 habuit
2740 5602 2845 5655 per
2877 5589 2929 5637 te
2964 5581 3460 5646 Athanasius,noc
3491 5578 3736 5633 nomine

2086 5678 2298 5733 merito
2339 5677 2715 5746 conspicuus.
2768 5676 2913 5728 Nam
2964 5672 3197 5741 tyranni
3237 5672 3412 5741 jussu
3467 5667 3738 5723 mortife-

2088 5784 2225 5823 rum
2258 5766 2364 5821 tibi
2394 5764 2828 5837 promiscuerat
2870 5776 3163 5817 venenum
3189 5776 3203 5830 ;
3255 5774 3508 5815 carnens
3537 5762 3737 5814 autem
