4120 6426
354 409 493 465 1399
1884 413 2032 467 ADD

2160 414 2253 468 )A.
3662 404 3842 463 1400

353 542 411 592 te
442 535 594 592 illud
618 536 868 610 impune
898 536 1230 607 bibentem,
1276 538 1587 611 obstupuit
1635 544 1690 595 et
1738 537 2016 595 virtutem

2160 535 2355 594 ιωκότα
2385 536 2516 595 ἰδὼν
2546 559 2626 612 σε,
2669 535 3010 614 κατεπλάγη,
3066 534 3159 592 καὶ
3209 535 3273 591 τὸ
3319 536 3521 612 κράτος
3574 531 3830 608 ἐπέγνω

358 625 596 700 agnovit
626 626 844 683 Christi
876 628 978 700 qui
1010 633 1265 685 mortem
1297 628 1559 684 sustulit.

2160 632 2362 702 ,ριστοῦ
2390 632 2490 683 τοῦ
2519 626 2847 690 καθελοντος
2876 627 2969 682 τὸν
3003 626 3230 690 θάνατον
3258 625 3492 700 θανάτῳ.

429 731 662 789 Robore
691 732 923 789 coalitus
971 738 1031 788 et
1057 734 1275 790 invicta
1303 734 1354 788 vi
1404 735 1672 790 munitus
1721 738 1866 788 τοίω
1901 738 2017 787 tor-

2165 732 2302 810 σχὺν
2359 735 2449 790 καὶ
2532 733 2716 799 σθένος
2794 736 3014 808 ἄμαχον
3104 731 3397 809 οὐρανόθεν
3466 733 3819 804 ζωσάμενος

360 826 633 879 mentum
676 821 1015 893 pertulisti;
1066 821 1276 895 gladiis
1335 823 1667 893 confossus,
1722 822 1904 878 ﬁbras
1962 825 2021 876 et

2160 825 2220 894 ἠν
2276 823 2364 880 ἐπὶ
2421 826 2625 900 τροχὸν
2695 823 2994 902 περιφοράν
3084 824 3345 901 ὑπέφιρες
3381 842 3392 856 ·
3443 822 3823 895 τεμνόμενος

360 926 573 966 nervos
631 909 916 979 divulsus,
977 915 1154 983 rupta
1213 928 1489 968 ossorum
1561 912 1903 978 concordia,
1964 915 2023 966 et

2160 914 2319 991 ίφεσι,
2351 917 2468 981 ἶνας
2517 915 2608 972 καὶ
2639 919 2800 990 νεῦρα
2856 914 3169 987 σπώμενος,
3227 913 3315 969 καὶ
3376 913 3823 988 περιθραυόμε-

361 1001 661 1074 spicarum
693 1002 884 1057 instar
913 1016 1114 1058 sacros
1146 1001 1362 1074 digitos
1390 1018 1599 1058 omnes
1629 1001 1940 1074 collegisti.

2160 1024 2216 1066 ος
2250 1005 2423 1060 ὀστῶν
2462 1004 2751 1079 ἁρμονίας,
2805 1003 2895 1059 καὶ
2946 1000 3106 1073 δίκην
3154 1000 3442 1078 ἀσταχύων
3493 1000 3821 1078 θεριζόμε-

2125 1115 2216 1156 νος
2249 1095 2451 1156 πάντας
2482 1092 2610 1158 τοὺς
2633 1092 2814 1168 ἱεροὺς
2845 1090 3171 1154 δακτύλους.

430 1179 782 1237 Crudelibus
831 1180 1030 1238 nervis
1082 1180 1264 1253 pedes
1310 1187 1369 1238 et
1416 1199 1631 1238 manus
1663 1182 2023 1253 discerptus,

355 1285 606 1326 nervum
629 1269 923 1326 enervasti
948 1271 1139 1327 hostis
1160 1271 1443 1341 ferreum,
1473 1273 1647 1345 cujus
1666 1272 1859 1328 cervix
1890 1287 2027 1327 con‘

359 1356 549 1414 fracta
578 1359 689 1414 fuit
737 1360 1078 1417 manifeste.
1131 1361 1399 1417 Christus
1451 1362 1612 1418 enim
1662 1361 1940 1417 firmabat
1970 1366 2026 1417 te

358 1448 614 1504 militem
665 1464 863 1518 suum,
923 1450 1119 1506 nervis
1179 1456 1235 1506 te
1285 1452 1458 1507 aereis
1516 1451 1921 1521 circumdans,
1962 1456 2030 1508 ut

362 1538 554 1608 aiunt,
586 1543 766 1610 atque
810 1540 927 1594 vim
978 1540 1084 1595 tibi
1137 1540 1439 1612 inspirans
1484 1541 1545 1596 in
1591 1542 1710 1597 Deo
1757 1541 2030 1613 prodigia

367 1626 652 1696 faciendi,
686 1644 751 1684 ac
783 1628 1062 1685 virtutem
1096 1630 1361 1685 solvendi
1397 1630 1800 1687 tenebrarum.

440 1735 745 1801 Quomodo
769 1736 922 1792 Deus
940 1737 1207 1792 Christus
1232 1743 1289 1792 et
1314 1739 1512 1794 omnis
1531 1744 1818 1794 creaturas
1838 1737 2031 1794 Domi-

366 1842 480 1882 nus
503 1830 561 1881 et
579 1824 855 1881 humanas
888 1830 1117 1882 natura;
1152 1834 1379 1899 auctor,
1413 1828 1505 1883 vel
1536 1827 1754 1883 invitos
1787 1826 2030 1899 coegisti

2198 1184 2431 1259 Νεύροις
2464 1184 2643 1257 ὠμοῖς
2685 1184 2999 1257 ξαινόμενος
3028 1187 3139 1238 τῶν
3197 1185 3401 1257 χειρῶν
3448 1180 3539 1237 καὶ
3589 1176 3819 1236 ποδῶν

2129 1296 2251 1343 σου,
2310 1274 2401 1329 τὸν
2464 1273 2663 1349 ἐχθρὸν
2716 1272 3056 1345 ἐξηνεύρισας
3112 1275 3298 1346 νεῦρον
3353 1269 3635 1345 σιδηροῦν,
3740 1270 3823 1324 οὗ

2129 1366 2427 1439 προφανῶς
2457 1362 2485 1417 ὁ
2518 1360 2822 1437 τράχηλος.
2882 1361 3110 1431 Χριστὸς
3151 1361 3251 1435 γάρ
3300 1354 3519 1437 ἔνεύρου
3556 1380 3617 1416 σε
3653 1358 3817 1432 ὑπὲρ

2130 1452 2297 1507 αὐτοῦ
2343 1450 2683 1526 μαχόμενον,
2726 1452 2888 1527 νεῦρά
2935 1471 3022 1506 σοι
3073 1448 3261 1525 χαλκᾶ
3305 1448 3603 1525 περιτιθεὶς
3653 1450 3745 1511 ὡς
3776 1448 3817 1503 ὁ

2134 1540 2298 1616 λόγος
2327 1540 2415 1595 καὶ
2449 1537 2675 1613 δύναμιν
2723 1538 2974 1614 ἐμπνέων
3030 1544 3129 1595 τοῦ
3186 1545 3413 1609 ποιῆσαι
3445 1536 3719 1611 δυνάμεις
3747 1536 3809 1593 ἐν

2130 1636 2210 1704 τῷ
2240 1628 2376 1703 Θεῷ,
2409 1629 2497 1684 καὶ
2532 1628 2689 1685 λῦσαι
2719 1630 2818 1699 τήν
2849 1626 3076 1702 δύναμιν
3110 1633 3209 1685 τοῦ
3240 1629 3495 1693 σκόπους.

2208 1744 2333 1799 ’Ότι
2393 1740 2525 1802 Θεὸς
2582 1739 2673 1794 καὶ
2730 1738 2931 1813 Κύριος
2970 1739 2999 1793 ὁ
3035 1738 3266 1810 Χριστὸς
3319 1734 3499 1809 πάσης
3555 1738 3809 1799 κτίσεως

2135 1830 2227 1887 καὶ
2258 1829 2606 1905 Δημιουργὸς
2657 1834 2759 1895 τῆς
2814 1827 3165 1901 ἀνθρωπίνης
3217 1824 3449 1900 φύσεως,
3500 1826 3593 1881 καὶ
3625 1823 3812 1881 ἄκον-

365 1913 667 1970 dzemones
699 1914 886 1969 Deum
917 1916 1212 1984 conﬁteri,
1245 1916 1387 1972 licet
1440 1922 1657 1973 natura
1708 1916 2028 1972 mendaces

2160 1942 2230 1984 τας
2263 1918 2461 1984 ἔκειθες
2512 1916 2807 1993 ὁμολογεῖν
2861 1916 2991 1978 νοῦς
3051 1915 3334 1988 δαίμονας,
3386 1914 3566 1971 καίτοι
3618 1935 3811 1993 φανε-

366 2004 505 2060 sint.
539 2005 683 2059 Nam
736 2009 1091 2076 potestatem
1144 2012 1306 2062 tuam
1358 2007 1421 2062 in
1472 2008 1633 2079 ipsos
1682 2006 1874 2075 veriti,
1918 2022 2027 2062 ceu

362 2093 513 2149 servi
544 2092 882 2167 ﬂagriones,
918 2094 1201 2152 mandata
1233 2101 1337 2152 tua
1361 2095 1747 2169 peragebant.

436 2274 715 2344 Βοῦραν-(τε.
749 2305 817 2313 -—-
848 2274 1100 2330 Carnem
1134 2276 1468 2347 suscipiens
1503 2293 1573 2330 ex
1605 2276 1894 2348 sanguine
1931 2279 2030 2329 tuo

367 2364 779 2434 incorporeus,
814 2364 1121 2420 hominem
1152 2366 1496 2422 carnalibus
1530 2366 1859 2437 subjectam
1881 2365 2031 2420 desi-

370 2451 577 2519 deriis,
601 2458 658 2506 et
683 2453 926 2523 spiritus
976 2460 1303 2525 expertem,
1353 2455 1607 2527 Spiritus
1634 2457 1818 2510 sancti
1854 2455 2031 2510 domo

372 2541 693 2610 roboravit,
726 2559 793 2597 ac
829 2543 942 2598 vim
975 2542 1136 2598 dedil
1177 2561 1390 2617 corpus
1443 2545 1765 2617 superbum
1797 2547 2031 2618 sapien-

375 2637 465 2688 ter
495 2633 1020 2705 comprimendi,et
1047 2635 1111 2690 in
1135 2637 1479 2693 servitutem
1498 2636 2028 2711 redigendi,Virgo.

682 2898 795 2956 Ode
820 2900 915 2955 IX.
948 2901 1248 2971 Infremuit
1276 2903 1453 2958 omnis
1478 2900 1724 2956 auditus.

440 3039 753 3095 Gressibus
784 3038 971 3095 animi
1003 3038 1087 3093 tui
1121 3038 1183 3091 in
1212 3042 1385 3108 petra
1423 3035 1564 3091 ﬁdei
1610 3034 1898 3101 fundatis,
1934 3051 2029 3089 er-

369 3128 523 3183 roris
566 3129 889 3183 simulacra
939 3128 1002 3182 in
1033 3127 1338 3199 pulverem
1394 3125 1704 3196 dejecisti;
1757 3124 1911 3179 collo
1956 3123 2031 3180 ad

378 3219 557 3272 Deum
588 3218 903 3283 inclinato,
937 3222 996 3270 et
1025 3222 1299 3271 truncata
1328 3214 1523 3284 gladio
1555 3214 1803 3281 cervice,
1837 3213 2027 3268 athle-

373 3312 452 3373 ta,
485 3306 558 3361 ad
588 3322 789 3361 rerum
821 3306 1090 3360 omnium
1126 3309 1304 3376 caput
1333 3303 1619 3376 migrasti.

450 3486 570 3541 Ceu
601 3486 797 3541 lilium
825 3487 958 3542 nive
990 3484 1381 3541 candidiusin
1410 3484 1562 3539 valle
1589 3488 1917 3554 martyrum
1935 3481 2040 3537 ﬂo-

380 3576 593 3642 ruisti;
626 3576 826 3631 divino
869 3576 1140 3647 martyrii
1182 3576 1413 3631 lavacro
1444 3573 1806 3640 rubefactus,
1839 3589 2038 3628 rosam

382 3665 622 3722 edidisti
648 3666 945 3730 rubidam,
978 3666 1130 3722 bene
1157 3666 1440 3732 olentem,
1475 3663 1804 3729 odoratam,
1829 3679 2038 3719 omnes

383 3754 669 3827 singulari
704 3756 1048 3826 passionum
1073 3754 1289 3810 Christi
1321 3752 1502 3808 odore
1535 3753 1840 3810 recreasti.

458 3933 635 3987 Ferro
670 3933 901 3988 firmius
946 3932 1254 4005 praebuisti
1307 3951 1525 4007 corpus
1554 3939 1723 3989 tuum
1755 3932 2041 3987 invictum

383 4022 612 4094 Georgi,
648 4028 1085 4078 tormentorum
1115 4023 1352 4079 molleis
1374 4024 1781 4096 nequidquam
1803 4039 2040 4094 percus-

380 4127 550 4176 sum;
582 4112 745 4167 velut
774 4128 930 4183 aqua
958 4111 1175 4185 frigida
1207 4115 1498 4186 sanguine
1528 4119 1628 4168 tuo
1659 4112 1854 4168 calido
1887 4112 2039 4166 tinc-

380 4206 508 4256 tum
550 4201 747 4257 acrius
795 4202 1073 4258 effectum
1131 4208 1241 4268 est,
1295 4203 1432 4274 igne
1481 4203 1788 4259 charitatis
1821 4201 2035 4257 Christi

378 4287 748 4345 induratum.

447 4486 662 4541 Christi
684 4488 873 4560 gratia
902 4488 1003 4559 qui
1026 4488 1317 4545 mundum
1344 4489 1501 4555 vicit,
1516 4490 1689 4562 juxta
1720 4490 2035 4562 promissa,

374 4580 731 4649 potestatem
761 4577 1049 4649 principis
1080 4579 1260 4651 hujus
1289 4578 1499 4634 mundi
1534 4580 1826 4651 superasti
1860 4580 2035 4634 inhu-

2138 2016 2247 2088 ρῶς
2286 2005 2637 2089 φιλοψευδεῖς
2695 2003 2851 2068 ὄντας
2903 2005 3079 2080 φύσει⁸
3131 2006 3232 2075 τήν
3289 2005 3387 2074 σὴν
3416 2006 3521 2080 γὰρ
3552 2001 3811 2067 δεδιότες

2135 2101 2253 2156 κατ’
2280 2100 2464 2173 αὐτῶν
2500 2096 2763 2168 ἐξουσίαν,
2796 2095 2872 2158 ὡς
2930 2091 3121 2150 δοῦλοι
3182 2092 3496 2169 μαστυγίαι,
3524 2094 3589 2148 τὸ
3620 2112 3808 2168 προσ-

2136 2191 2336 2266 ταχθὲν
2370 2186 2726 2261 ἐνεπλήρουν.

2213 2278 2523 2336 Θεοτόκιον.
2558 2310 2627 2320 -
2668 2276 2851 2351 Σάρκα
2910 2268 3094 2330 λαϐὼν
3156 2274 3184 2328 ὁ
3240 2269 3476 2345 ἄσαρκος
3536 2271 3598 2327 ἐκ
3647 2293 3808 2328 παν-

2142 2372 2322 2447 άγνων
2378 2370 2626 2441 αἱμάτων
2685 2386 2781 2420 συυ
2811 2407 2826 2434 ,
2882 2364 2973 2420 τὸν
3037 2363 3456 2438 καθυπαχθέντα
3511 2368 3812 2436 σαρκικοῖς

2140 2459 2438 2534 Θελήμασι,
2489 2459 2581 2514 καὶ
2622 2456 2930 2530 πνεύματός
2984 2456 3218 2529 ἄμοιρον
3269 2452 3808 2528 γεγεννημένονᾶν-

2143 2555 2386 2626 Θρωπον,
2446 2548 2761 2620 Πνεύματος
2807 2543 2965 2622 ἀγίου
3012 2546 3237 2619 παροχῇ
3295 2539 3647 2615 δυναμώσας,
3703 2563 3805 2598 ao.

2143 2646 2259 2721 φῶς
2294 2640 2612 2708 ὑπο-πιέζειν
2639 2636 2702 2693 τὸ
2751 2632 3063 2710 δυσάγωγον
3118 2633 3300 2707 σῶμα,
3328 2629 3707 2707 δουλαγωγεῖν
3742 2652 3807 2688 τε

2139 2735 2302 2787 τοῦτο
2332 2728 2607 2805 ἐνίσχυσε,
2638 2723 2892 2802 Παρθὲνε.

2535 2892 2669 2964 Ὠδὴ
2702 2899 2775 2949 8’.
2807 2890 3027 2971 Ἐφριξε
3056 2895 3201 2946 πᾶσα
3230 2888 3396 2960 ἀκοή.

2215 3026 2455 3105 Ἰδρύσας
2488 3046 2584 3081 σου
2637 3024 2704 3079 τά
2754 3022 2928 3093 νοητά
2983 3013 3299 3092 διαδήματα
3354 3015 3408 3072 ἐν
3465 3017 3638 3091 πέτρᾳ
3691 3020 3799 3105 τῆς

2141 3103 2398 3188 πίστεως,
2427 3117 2497 3172 τά
2525 3111 2873 3193 ἀφιδρύματα
2909 3110 2978 3166 τά
3019 3115 3119 3178 τῆς
3152 3108 3364 3178 ἀπάτης
3399 3106 3477 3169 εἰς
3506 3110 3645 3182 χοῦν
3676 3103 3795 3160 ἐλέ-

2140 3226 2366 3271 πτυνας·
2399 3205 2589 3269 κλίνας
2636 3201 2839 3278 αύχὲνα
2896 3196 2955 3255 δὲ
3011 3203 3128 3271 Θεῷ
3180 3197 3271 3252 καὶ
3302 3196 3441 3274 ξίφει
3497 3197 3599 3266 τήν
3629 3195 3789 3269 κάραν

2060 3280 2103 3347 (ἶ
2144 3321 2242 3355 σου
2273 3295 2636 3370 ἀποτμηθεὶς,
2693 3290 2927 3361 ἀθλητά,
2962 3288 3098 3367 πρὸς
3146 3287 3245 3357 τὴν
3278 3288 3496 3342 πάντων
3552 3283 3803 3353 κεφαλὴν

2146 3387 2511 3459 ἀνελήλυθας.

2216 3484 2302 3540 Ὠς
2327 3477 2509 3554 κρίνον
2572 3470 2929 3551 χιονοφεγγὶς
2984 3466 3038 3524 ἐν
3093 3465 3312 3523 κοιλᾶσι
3363 3469 3473 3521 τῶν
3510 3461 3804 3538 μαρτύρων

2147 3569 2457 3640 ἐξήνθησας·
2491 3569 2569 3637 τῷ
2600 3564 2730 3635 θείῳ
2776 3560 2960 3634 λύθρῳ
2992 3555 3049 3613 δὲ
3071 3561 3151 3630 τῷ
3177 3563 3280 3627 τῆς
3335 3554 3620 3625 ἀθλήσεως
3670 3573 3803 3629 φοι-

2147 3657 2489 3730 νισσόμενος,
2548 3650 2706 3731 ῥόδον
2768 3649 2970 3728 ἐφάνης
3026 3647 3285 3723 ἐρυθρὸν,
3344 3641 3563 3713 εὐῶδες,
3626 3642 3801 3718 μυρί-

2146 3769 2336 3817 πνουν,
2367 3746 2455 3801 καὶ
2516 3750 2678 3799 πᾶσιν
2739 3738 3000 3800 ἔπνευσας
3053 3735 3421 3811 ὑπερκόσμιον
3471 3732 3651 3806 ὀσμὴν
3699 3735 3814 3787 τῶν

2148 3841 2335 3894 παθῶν
2364 3840 2463 3892 τοῦ
2493 3835 2751 3908 Χριστοῦ.

2220 3927 2399 3983 Μόνον
2457 3921 2687 3996 σιδήρου
2745 3919 2950 3980 παντὸς
3006 3915 3070 3972 τὸ
3111 3911 3429 3978 πολύαθλόν
3490 3931 3588 3967 σου
3645 3910 3812 3983 σῶμα

2149 4015 2499 4092 περῥότερον
2542 4006 2724 4087 ὤφθη,
2772 4009 3028 4082 Γεώργιε,
3065 4002 3311 4080 βασάνων
3363 4001 3595 4092 σφύραις
3646 3999 3813 4092 μένον

2151 4088 2458 4160 άτύπωτονδ
2488 4102 2564 4162 ὡς
2619 4097 2676 4155 δῖε
2724 4099 2777 4155 ἐν
2837 4093 2990 4153 ὕδατι
3047 4097 3249 4171 ψυχρῷ
3277 4092 3358 4164 τῷ
3390 4095 3469 4164 σῷ
3501 4091 3691 4166 θερμῷ
3719 4088 3810 4143 α’ἰ-

2154 4215 2281 4269 ματι
2316 4193 2481 4271 βαφὶν
2533 4191 2883 4263 ἐστώμωτια,
2937 4189 3017 4258 τῷ
3068 4183 3201 4259 πυρὶ
3258 4178 3672 4258 προχαλκευθδν
3703 4184 3808 4248 τῆς

2150 4286 2362 4362 ἀγάπης
2392 4284 2653 4357 Χριστοῦ.

2219 4486 2467 4555 Νικήσας
2514 4482 2703 4557 χάριτι
2764 4479 3000 4553 Χριστοῦ
3055 4472 3152 4529 τοῦ
3214 4472 3536 4542 νικήσαντος
3584 4468 3677 4524 τὸν
3709 4467 3808 4523 κό-

2147 4597 2304 4651 σμον,
2338 4575 2411 4634 ὡς
2445 4570 2612 4648 ἔφησε
2660 4572 2758 4624 τοῦ
2789 4565 3234 4640 κοσμοκράτορος
3291 4562 3385 4622 τάς
3437 4557 3685 4630 ἐξουσίας
3713 4557 3805 4611 καὶ

372 4647 740 4737 manumque
770 4647 1350 4737 imperiumﬁictor
1391 4647 1628 4723 athleta
1668 4684 1697 4722 e
1746 4673 1906 4724 terra
1961 4668 2032 4724 ad

2160 4647 2568 4739 μισανθρώπους
2624 4659 2822 4734 άρχάς’
2881 4652 3289 4729 τροπαιοφόρος
3340 4647 3590 4720 ἀθλητὴς
3634 4652 3800 4721 γῆθεν

372 4754 639 4812 cmlestia
667 4754 941 4822 evolasti,
975 4757 1206 4828 potenti
1237 4756 1446 4812 dextra
1475 4763 1817 4813 coronatus.

445 4950 791 5007 Fluminum
824 4950 1004 5008 undis
1036 4957 1352 5026 mquantur
1396 4954 1712 5011 innumera
1741 4955 2034 5029 prodigia,

375 5057 510 5113 quas
540 5041 704 5097 vivus
756 5047 934 5116 atque
991 5043 1171 5100 etiam
1223 5048 1357 5116 post
1389 5049 1641 5102 mortem
1689 5046 2034 5118 perfecisti;

373 5148 509 5187 vere
538 5132 700 5188 enim
730 5132 932 5188 vivunt
960 5133 1021 5189 in
1055 5134 1170 5190 Deo
1222 5133 1314 5190 vel
1365 5138 1501 5206 post
1547 5140 1797 5191 mortem
1844 5135 2031 5207 justi;

374 5236 515 5277 nam
546 5221 609 5276 in
643 5237 824 5277 manu
856 5222 959 5278 Dei
994 5224 1208 5279 animae
1239 5240 1531 5280 meorum.

446 5416 590 5472 Cum
624 5435 963 5475 sermonem
995 5419 1277 5477 idoneum
1321 5439 1443 5479 non
1473 5422 1751 5492 habeam,
1782 5440 1891 5479 nec
1916 5422 2036 5479 lin-

372 5522 551 5581 guam
574 5507 890 5565 facundam
913 5527 1043 5581 quas
1075 5511 1393 5568 innumera
1411 5519 1510 5570 tua
1539 5519 1704 5586 gesta
1732 5513 2034 5568 celebrare

373 5595 586 5665 valeat,
640 5597 822 5653 verba
878 5601 1132 5671 suscipe,
1194 5606 1525 5675 martyrum
1575 5603 1784 5669 decor;
1830 5619 1934 5657 oro
1978 5607 2038 5657 et

378 5699 591 5753 precor
638 5686 1001 5742 Salvotorem
1029 5705 1229 5744 meum
1277 5692 1574 5748 Christum
1626 5698 1690 5747 ut
1737 5708 1874 5747 eum
1915 5691 2035 5747 mei

381 5768 681 5830 misereat.
721 5776 870 5829 Deest
901 5773 1197 5836 θεοτόκιον.

2151 4739 2510 4833 ἀνεφοίτησας
2538 4749 2674 4827 πρὸς
2728 4746 2795 4802 τὰ
2851 4742 3098 4821 οὐράνια,
3160 4739 3304 4813 δεξίᾷ
3356 4740 3629 4810 νικοποιῷ
3684 4756 3801 4791 m-

2149 4843 2514 4923 φθησόμενος,

2219 4951 2440 5026 Νάμασι
2471 4952 2588 5005 τοῖς
2626 4949 2734 5001 τῶν
2790 4945 3052 5016 ποταμῶν
3101 4940 3458 5010 παρισοῦνται
3490 4934 3559 4990 τά
3606 4929 3803 5010 ἄπειρα

2149 5022 2425 5117 θαύματα,
2478 5040 2613 5112 ἅπερ
2664 5033 2914 5095 ἐτὲλεσας
2969 5032 3059 5087 καὶ
3122 5034 3224 5099 ζῶν
3284 5027 3373 5083 καὶ
3432 5022 3511 5081 ἔτι
3568 5024 3703 5099 μετά
3738 5023 3801 5079 τὸ

2143 5112 2301 5194 τέλος
2330 5133 2531 5191 τελεῖς·
2592 5122 2760 5187 ὅντως
2816 5122 2917 5201 γὰρ
2953 5125 3114 5191 ζῶσιν
3144 5118 3197 5173 ἐν
3230 5121 3348 5190 Θεῷ
3402 5115 3492 5171 καὶ
3551 5113 3685 5188 μετά
3712 5112 3804 5167 τὸν

2145 5223 2372 5277 θάνατον
2405 5217 2631 5288 ἀληθῶς
2691 5215 2743 5270 οἱ
2802 5209 3023 5268 δίκαιοι·
3081 5207 3135 5265 ἐν
3186 5206 3333 5286 χειρὶ
3381 5204 3483 5281 γάρ
3514 5206 3611 5258 τοῦ
3667 5204 3802 5257 Θεοῦ

2147 5313 2203 5368 αἱ
2232 5310 2405 5387 ψυχαὶ
2438 5308 2643 5365 αὐτῶν.

2216 5421 2333 5480 Ούκ
2361 5417 2504 5493 ἔχων
2552 5412 2722 5489 λόγου
2780 5409 3087 5488 προφορὰν,
3148 5403 3273 5463 οὐδὲ
3330 5401 3586 5493 γλῶσσαν
3630 5399 3802 5493 ύμνο-

2144 5510 2351 5589 γράφον
2391 5487 2571 5564 ’πάντα
2627 5487 2997 5589 δεδυνημὲνην
3057 5495 3243 5589 καλῶς
3296 5494 3391 5589 τά-
3419 5492 3503 5589 σά-
3527 5487 3796 5589 γεραίρειν

2144 5576 2435 5676 ἀνάριθμα·
2482 5596 2698 5672 ῥήματα
2751 5587 2892 5659 ἰδοὺ,
2935 5586 3222 5665 μαρτύρων
3264 5582 3538 5652 καλλονή,
3566 5576 3798 5676 προσδό-

2144 5668 2267 5765 χουί
2303 5668 2581 5765 τρέπομαι
2609 5680 2699 5737 καὶ
2730 5677 2956 5736 ἱκετεύω
2994 5678 3086 5734 τὸν
3136 5681 3374 5754 Σωτῆρα
3406 5693 3511 5747 μου
3565 5668 3797 5745 Χριστὸν

2143 5777 2371 5835 ἱλεῶσαί
2403 5795 2492 5849 με.
2523 5776 2677 5833 Deest
2705 5765 3018 5827 Θεοτόκιον.
