  <div class='ocr_page' id='page_1' title='image "/cluster/home/n/w/nwhite01/storage/ocr_20150623/96:no.3/coo.31924054870005/716.png"; bbox 0 0 4120 6416; ppageno 0'>
   <div class='ocr_carea' id='block_1_1' title="bbox 413 433 548 490">
    <p class='ocr_par' dir='ltr' id='par_1_1' title="bbox 413 433 548 490">
     <span class='ocr_line' id='line_1_1' title="bbox 413 433 548 490; baseline -0.015 0"><span class='ocrx_word' id='word_1_1' title='bbox 413 433 548 490; x_wconf 76' lang='grc'>1401</span> 
     </span>
    </p>
   </div>
   <div class='ocr_carea' id='block_1_2' title="bbox 883 547 1570 606">
    <p class='ocr_par' dir='ltr' id='par_1_2' title="bbox 883 547 1570 606">
     <span class='ocr_line' id='line_1_2' title="bbox 883 547 1570 606; baseline -0.009 0"><span class='ocrx_word' id='word_1_2' title='bbox 883 547 1182 606; x_wconf 79' lang='grc' dir='ltr'>ΙΩΑΝΝΟΥ</span> <span class='ocrx_word' id='word_1_3' title='bbox 1223 547 1570 604; x_wconf 81' lang='grc' dir='ltr'>ΜΟΝΔΧΟΓ</span> 
     </span>
    </p>
   </div>
   <div class='ocr_carea' id='block_1_3' title="bbox 636 635 1836 701">
    <p class='ocr_par' dir='ltr' id='par_1_3' title="bbox 636 635 1836 701">
     <span class='ocr_line' id='line_1_3' title="bbox 636 635 1836 701; baseline -0.006 0"><span class='ocrx_word' id='word_1_4' title='bbox 636 647 868 701; x_wconf 82' lang='grc' dir='ltr'>ΚΑΝΩΝ</span> <span class='ocrx_word' id='word_1_5' title='bbox 911 642 1025 697; x_wconf 88' lang='grc' dir='ltr'>ΕΙΣ</span> <span class='ocrx_word' id='word_1_6' title='bbox 1065 638 1207 696; x_wconf 85' lang='lat' dir='ltr'>TON</span> <span class='ocrx_word' id='word_1_7' title='bbox 1250 639 1461 694; x_wconf 85' lang='grc' dir='ltr'>ΑΓΙΟΝ</span> <span class='ocrx_word' id='word_1_8' title='bbox 1504 635 1836 694; x_wconf 78' lang='grc' dir='ltr'>ΒΛΑΣΙΟΝ.</span> 
     </span>
    </p>
   </div>
   <div class='ocr_carea' id='block_1_4' title="bbox 414 744 2062 827">
    <p class='ocr_par' dir='ltr' id='par_1_4' title="bbox 414 744 2062 827">
     <span class='ocr_line' id='line_1_4' title="bbox 414 744 2062 827; baseline -0.008 -17"><span class='ocrx_word' id='word_1_9' title='bbox 414 756 477 809; x_wconf 81' lang='grc' dir='ltr'>οὗ</span> <span class='ocrx_word' id='word_1_10' title='bbox 527 756 562 822; x_wconf 79' lang='grc' dir='ltr'>ἡ</span> <span class='ocrx_word' id='word_1_11' title='bbox 610 750 954 827; x_wconf 55' lang='grc' dir='ltr'>ἀκροστιχίςς</span> <span class='ocrx_word' id='word_1_12' title='bbox 1010 745 1280 827; x_wconf 66' lang='grc' dir='ltr'>Βλαιτοῦς</span> <span class='ocrx_word' id='word_1_13' title='bbox 1321 744 1547 827; x_wconf 39' lang='grc' dir='ltr'>-άνυμῶν</span> <span class='ocrx_word' id='word_1_14' title='bbox 1595 749 1704 799; x_wconf 83' lang='grc' dir='ltr'>τῶν</span> <span class='ocrx_word' id='word_1_15' title='bbox 1755 745 1938 799; x_wconf 89' lang='grc' dir='ltr'>πόνων</span> <span class='ocrx_word' id='word_1_16' title='bbox 1965 747 2062 798; x_wconf 91' lang='grc' dir='ltr'>τοῦ</span> 
     </span>
    </p>
   </div>
   <div class='ocr_carea' id='block_1_5' title="bbox 879 818 1599 893">
    <p class='ocr_par' dir='ltr' id='par_1_5' title="bbox 879 818 1599 893">
     <span class='ocr_line' id='line_1_5' title="bbox 879 818 1599 893; baseline -0.01 -15"><span class='ocrx_word' id='word_1_17' title='bbox 879 818 1121 878; x_wconf 84' lang='grc' dir='ltr'>Βλασίου</span> <span class='ocrx_word' id='word_1_18' title='bbox 1161 818 1270 893; x_wconf 84' lang='grc' dir='ltr'>ἐγὼ</span> <span class='ocrx_word' id='word_1_19' title='bbox 1321 819 1544 884; x_wconf 85' lang='grc' dir='ltr'>Ἰωάννη</span> <span class='ocrx_word' id='word_1_20' title='bbox 1556 838 1599 878; x_wconf 90' lang='grc' dir='ltr'>ς.</span> 
     </span>
    </p>
   </div>
   <div class='ocr_carea' id='block_1_6' title="bbox 629 900 1846 992">
    <p class='ocr_par' dir='ltr' id='par_1_6' title="bbox 629 900 1846 992">
     <span class='ocr_line' id='line_1_6' title="bbox 629 900 1846 992; baseline -0.007 -24"><span class='ocrx_word' id='word_1_21' title='bbox 629 910 760 992; x_wconf 73' lang='grc' dir='ltr'>ᾨδή</span> <span class='ocrx_word' id='word_1_22' title='bbox 794 911 875 966; x_wconf 81' lang='grc' dir='ltr'>Α’.</span> <span class='ocrx_word' id='word_1_23' title='bbox 909 912 1086 983; x_wconf 78' lang='grc' dir='ltr'>Ἠχος</span> <span class='ocrx_word' id='word_1_24' title='bbox 1128 904 1226 965; x_wconf 92' lang='grc' dir='ltr'>πλ.</span> <span class='ocrx_word' id='word_1_25' title='bbox 1279 903 1345 963; x_wconf 86' lang='grc' dir='ltr'>δ’.</span> <span class='ocrx_word' id='word_1_26' title='bbox 1400 900 1846 980; x_wconf 80' lang='grc' dir='ltr'>Ἀρματηλάτην.</span> 
     </span>
    </p>
   </div>
   <div class='ocr_carea' id='block_1_7' title="bbox 483 1008 2060 1096">
    <p class='ocr_par' dir='ltr' id='par_1_7' title="bbox 483 1008 2060 1096">
     <span class='ocr_line' id='line_1_7' title="bbox 483 1008 2060 1096; baseline -0.009 -17"><span class='ocrx_word' id='word_1_27' title='bbox 483 1024 644 1096; x_wconf 88' lang='lat' dir='ltr'>[Cod.</span> <span class='ocrx_word' id='word_1_28' title='bbox 690 1022 733 1078; x_wconf 82' lang='lat' dir='ltr'>f.</span> <span class='ocrx_word' id='word_1_29' title='bbox 789 1022 890 1073; x_wconf 79' lang='grc'>172</span> <span class='ocrx_word' id='word_1_30' title='bbox 948 1018 1030 1088; x_wconf 92' lang='lat' dir='ltr'>h.]</span> <span class='ocrx_word' id='word_1_31' title='bbox 1087 1013 1344 1084; x_wconf 73' lang='grc' dir='ltr'>⁸Αληθῶς</span> <span class='ocrx_word' id='word_1_32' title='bbox 1400 1009 1792 1080; x_wconf 81' lang='grc' dir='ltr'>καθυποτάξας,</span> <span class='ocrx_word' id='word_1_33' title='bbox 1838 1008 2060 1080; x_wconf 83' lang='grc' dir='ltr'>Βλάσιε,</span> 
     </span>
    </p>
   </div>
   <div class='ocr_carea' id='block_1_8' title="bbox 409 1099 2059 1181">
    <p class='ocr_par' dir='ltr' id='par_1_8' title="bbox 409 1099 2059 1181">
     <span class='ocr_line' id='line_1_8' title="bbox 409 1099 2059 1181; baseline -0.012 -15"><span class='ocrx_word' id='word_1_34' title='bbox 409 1114 553 1179; x_wconf 87' lang='grc' dir='ltr'>πάθη</span> <span class='ocrx_word' id='word_1_35' title='bbox 581 1111 651 1164; x_wconf 81' lang='grc' dir='ltr'>τὰ</span> <span class='ocrx_word' id='word_1_36' title='bbox 681 1107 856 1181; x_wconf 76' lang='grc' dir='ltr'>ἄλογα</span> <span class='ocrx_word' id='word_1_37' title='bbox 901 1110 982 1177; x_wconf 81' lang='grc' dir='ltr'>τῷ</span> <span class='ocrx_word' id='word_1_38' title='bbox 1014 1104 1232 1180; x_wconf 78' lang='grc' dir='ltr'>ἀρχικῷ</span> <span class='ocrx_word' id='word_1_39' title='bbox 1291 1100 1467 1176; x_wconf 88' lang='grc' dir='ltr'>λόγῳ,</span> <span class='ocrx_word' id='word_1_40' title='bbox 1503 1100 1774 1175; x_wconf 77' lang='grc' dir='ltr'>βασιλέως</span> <span class='ocrx_word' id='word_1_41' title='bbox 1823 1099 2059 1174; x_wconf 83' lang='grc' dir='ltr'>πρόστα-</span> 
     </span>
    </p>
   </div>
   <div class='ocr_carea' id='block_1_9' title="bbox 410 1189 2059 1272">
    <p class='ocr_par' dir='ltr' id='par_1_9' title="bbox 410 1189 2059 1272">
     <span class='ocr_line' id='line_1_9' title="bbox 410 1189 2059 1272; baseline -0.007 -19"><span class='ocrx_word' id='word_1_42' title='bbox 410 1221 526 1272; x_wconf 85' lang='grc' dir='ltr'>γμα</span> <span class='ocrx_word' id='word_1_43' title='bbox 579 1197 668 1251; x_wconf 85' lang='grc' dir='ltr'>καὶ</span> <span class='ocrx_word' id='word_1_44' title='bbox 728 1194 902 1269; x_wconf 86' lang='grc' dir='ltr'>λόγον</span> <span class='ocrx_word' id='word_1_45' title='bbox 959 1193 1280 1267; x_wconf 74' lang='grc' dir='ltr'>ἐφαύλισας,</span> <span class='ocrx_word' id='word_1_46' title='bbox 1340 1189 1576 1246; x_wconf 88' lang='grc' dir='ltr'>Βασιλέα</span> <span class='ocrx_word' id='word_1_47' title='bbox 1622 1189 1879 1260; x_wconf 76' lang='grc' dir='ltr'>κηρύξας,</span> <span class='ocrx_word' id='word_1_48' title='bbox 1935 1189 2059 1257; x_wconf 75' lang='grc' dir='ltr'>οὗή</span> 
     </span>
    </p>
   </div>
   <div class='ocr_carea' id='block_1_10' title="bbox 410 1279 1572 1364">
    <p class='ocr_par' dir='ltr' id='par_1_10' title="bbox 410 1279 1572 1364">
     <span class='ocr_line' id='line_1_10' title="bbox 410 1279 1572 1364; baseline -0.006 -22"><span class='ocrx_word' id='word_1_49' title='bbox 410 1289 554 1364; x_wconf 72' lang='grc' dir='ltr'>ἀρχὴ</span> <span class='ocrx_word' id='word_1_50' title='bbox 585 1283 889 1359; x_wconf 86' lang='grc' dir='ltr'>ἁδιάδοχος</span> <span class='ocrx_word' id='word_1_51' title='bbox 919 1283 1010 1338; x_wconf 82' lang='grc' dir='ltr'>καὶ</span> <span class='ocrx_word' id='word_1_52' title='bbox 1048 1279 1297 1357; x_wconf 87' lang='grc' dir='ltr'>βασιλεία</span> <span class='ocrx_word' id='word_1_53' title='bbox 1327 1279 1572 1341; x_wconf 77' lang='grc' dir='ltr'>αἰώνιος.</span> 
     </span>
    </p>
   </div>
   <div class='ocr_carea' id='block_1_11' title="bbox 484 1366 2061 1450">
    <p class='ocr_par' dir='ltr' id='par_1_11' title="bbox 484 1366 2061 1450">
     <span class='ocr_line' id='line_1_11' title="bbox 484 1366 2061 1450; baseline -0.006 -20"><span class='ocrx_word' id='word_1_54' title='bbox 484 1376 688 1450; x_wconf 80' lang='grc' dir='ltr'>Σοφίαν</span> <span class='ocrx_word' id='word_1_55' title='bbox 714 1375 765 1430; x_wconf 88' lang='grc' dir='ltr'>ἐν</span> <span class='ocrx_word' id='word_1_56' title='bbox 796 1373 990 1444; x_wconf 77' lang='grc' dir='ltr'>ἀνοίξει</span> <span class='ocrx_word' id='word_1_57' title='bbox 1042 1370 1311 1444; x_wconf 75' lang='grc' dir='ltr'>πόματος</span> <span class='ocrx_word' id='word_1_58' title='bbox 1359 1366 1509 1424; x_wconf 80' lang='grc' dir='ltr'>δίδου</span> <span class='ocrx_word' id='word_1_59' title='bbox 1563 1390 1680 1441; x_wconf 91' lang='grc' dir='ltr'>μοι,</span> <span class='ocrx_word' id='word_1_60' title='bbox 1710 1366 1850 1443; x_wconf 81' lang='grc' dir='ltr'>Λόγε</span> <span class='ocrx_word' id='word_1_61' title='bbox 1905 1371 2061 1437; x_wconf 89' lang='grc' dir='ltr'>Θεοῦ,</span> 
     </span>
    </p>
   </div>
   <div class='ocr_carea' id='block_1_12' title="bbox 409 1457 2063 1541">
    <p class='ocr_par' dir='ltr' id='par_1_12' title="bbox 409 1457 2063 1541">
     <span class='ocr_line' id='line_1_12' title="bbox 409 1457 2063 1541; baseline -0.008 -19"><span class='ocrx_word' id='word_1_62' title='bbox 409 1469 498 1523; x_wconf 87' lang='grc' dir='ltr'>τὸν</span> <span class='ocrx_word' id='word_1_63' title='bbox 533 1467 680 1541; x_wconf 80' lang='grc' dir='ltr'>ἱερὸν</span> <span class='ocrx_word' id='word_1_64' title='bbox 721 1462 892 1527; x_wconf 77' lang='grc' dir='ltr'>ὅντως</span> <span class='ocrx_word' id='word_1_65' title='bbox 922 1464 1224 1536; x_wconf 82' lang='grc' dir='ltr'>ἀνυμνῆσαι</span> <span class='ocrx_word' id='word_1_66' title='bbox 1278 1460 1531 1517; x_wconf 86' lang='grc' dir='ltr'>Βλάσιον·</span> <span class='ocrx_word' id='word_1_67' title='bbox 1565 1458 1724 1518; x_wconf 85' lang='grc' dir='ltr'>αὐτὸς</span> <span class='ocrx_word' id='word_1_68' title='bbox 1754 1458 1856 1533; x_wconf 79' lang='grc' dir='ltr'>γάρ</span> <span class='ocrx_word' id='word_1_69' title='bbox 1885 1457 2063 1530; x_wconf 83' lang='grc' dir='ltr'>τούτῳ</span> 
     </span>
    </p>
   </div>
   <div class='ocr_carea' id='block_1_13' title="bbox 411 1545 2060 1631">
    <p class='ocr_par' dir='ltr' id='par_1_13' title="bbox 411 1545 2060 1631">
     <span class='ocr_line' id='line_1_13' title="bbox 411 1545 2060 1631; baseline -0.008 -20"><span class='ocrx_word' id='word_1_70' title='bbox 411 1554 616 1617; x_wconf 81' lang='grc' dir='ltr'>ἔδωκας</span> <span class='ocrx_word' id='word_1_71' title='bbox 669 1553 880 1631; x_wconf 77' lang='grc' dir='ltr'>σοφίαν,</span> <span class='ocrx_word' id='word_1_72' title='bbox 940 1552 976 1626; x_wconf 75' lang='grc' dir='ltr'>ᾖ</span> <span class='ocrx_word' id='word_1_73' title='bbox 1032 1553 1342 1618; x_wconf 78' lang='grc' dir='ltr'>αντιστῆναι</span> <span class='ocrx_word' id='word_1_74' title='bbox 1402 1546 1500 1602; x_wconf 81' lang='grc' dir='ltr'>οὐκ</span> <span class='ocrx_word' id='word_1_75' title='bbox 1559 1545 1786 1621; x_wconf 69' lang='grc' dir='ltr'>ἴσχυσαν</span> <span class='ocrx_word' id='word_1_76' title='bbox 1830 1547 1882 1599; x_wconf 79' lang='grc' dir='ltr'>οἱ</span> <span class='ocrx_word' id='word_1_77' title='bbox 1912 1545 2060 1617; x_wconf 80' lang='grc' dir='ltr'>αὐτῷ</span> 
     </span>
    </p>
   </div>
   <div class='ocr_carea' id='block_1_14' title="bbox 413 1644 800 1717">
    <p class='ocr_par' dir='ltr' id='par_1_14' title="bbox 413 1644 800 1717">
     <span class='ocr_line' id='line_1_14' title="bbox 413 1644 800 1717; baseline 0 -17"><span class='ocrx_word' id='word_1_78' title='bbox 413 1644 800 1717; x_wconf 74' lang='grc' dir='ltr'>ἀντικείμενοι.</span> 
     </span>
    </p>
   </div>
   <div class='ocr_carea' id='block_1_15' title="bbox 480 1723 2064 1806">
    <p class='ocr_par' dir='ltr' id='par_1_15' title="bbox 480 1723 2064 1806">
     <span class='ocr_line' id='line_1_15' title="bbox 480 1723 2064 1806; baseline -0.009 -16"><span class='ocrx_word' id='word_1_79' title='bbox 480 1732 782 1806; x_wconf 87' lang='grc' dir='ltr'>Ἀμπέλου,</span> <span class='ocrx_word' id='word_1_80' title='bbox 830 1732 1027 1805; x_wconf 80' lang='grc' dir='ltr'>Πάτερ,</span> <span class='ocrx_word' id='word_1_81' title='bbox 1087 1727 1378 1804; x_wconf 81' lang='grc' dir='ltr'>ζωηφόρου</span> <span class='ocrx_word' id='word_1_82' title='bbox 1431 1724 1660 1800; x_wconf 82' lang='grc' dir='ltr'>γέγονας</span> <span class='ocrx_word' id='word_1_83' title='bbox 1719 1723 1913 1796; x_wconf 77' lang='grc' dir='ltr'>κλῆμα</span> <span class='ocrx_word' id='word_1_84' title='bbox 1960 1730 2064 1778; x_wconf 78' lang='grc' dir='ltr'>πό-</span> 
     </span>
    </p>
   </div>
   <div class='ocr_carea' id='block_1_16' title="bbox 413 1812 2057 1900">
    <p class='ocr_par' dir='ltr' id='par_1_16' title="bbox 413 1812 2057 1900">
     <span class='ocr_line' id='line_1_16' title="bbox 413 1812 2057 1900; baseline -0.007 -23"><span class='ocrx_word' id='word_1_85' title='bbox 413 1823 692 1900; x_wconf 76' lang='grc' dir='ltr'>λόιρορον,</span> <span class='ocrx_word' id='word_1_86' title='bbox 739 1822 832 1882; x_wconf 73' lang='grc' dir='ltr'>τὰς</span> <span class='ocrx_word' id='word_1_87' title='bbox 888 1820 1078 1895; x_wconf 78' lang='grc' dir='ltr'>ἀρετάς</span> <span class='ocrx_word' id='word_1_88' title='bbox 1127 1820 1302 1894; x_wconf 72' lang='grc' dir='ltr'>φέρων</span> <span class='ocrx_word' id='word_1_89' title='bbox 1346 1816 1422 1877; x_wconf 83' lang='grc' dir='ltr'>ὡς</span> <span class='ocrx_word' id='word_1_90' title='bbox 1473 1814 1763 1890; x_wconf 83' lang='grc' dir='ltr'>πεπείρους</span> <span class='ocrx_word' id='word_1_91' title='bbox 1809 1812 2057 1887; x_wconf 85' lang='grc' dir='ltr'>βότρυας·</span> 
     </span>
    </p>
   </div>
   <div class='ocr_carea' id='block_1_17' title="bbox 1689 425 2573 484">
    <p class='ocr_par' dir='ltr' id='par_1_17' title="bbox 1689 425 2573 484">
     <span class='ocr_line' id='line_1_17' title="bbox 1689 425 2573 484; baseline 0.009 -8"><span class='ocrx_word' id='word_1_92' title='bbox 1689 425 1992 479; x_wconf 69' lang='grc' dir='ltr'>ΗΥΜΝῸΒ</span> <span class='ocrx_word' id='word_1_93' title='bbox 2027 426 2104 479; x_wconf 85' lang='lat' dir='ltr'>1N</span> <span class='ocrx_word' id='word_1_94' title='bbox 2139 426 2197 479; x_wconf 74' lang='grc' dir='ltr'>Β.</span> <span class='ocrx_word' id='word_1_95' title='bbox 2237 426 2573 484; x_wconf 80' lang='lat' dir='ltr'>BLASIUM.</span> 
     </span>
    </p>
   </div>
   <div class='ocr_carea' id='block_1_18' title="bbox 2099 550 2153 617">
    <p class='ocr_par' dir='ltr' id='par_1_18' title="bbox 2099 550 2153 617">
     <span class='ocr_line' id='line_1_18' title="bbox 2099 550 2153 617; baseline 0 0"><span class='ocrx_word' id='word_1_96' title='bbox 2099 550 2153 617; x_wconf 83' lang='lat' dir='ltr'><strong>A</strong></span> 
     </span>
    </p>
   </div>
   <div class='ocr_carea' id='block_1_19' title="bbox 3695 427 3836 482">
    <p class='ocr_par' dir='ltr' id='par_1_19' title="bbox 3695 427 3836 482">
     <span class='ocr_line' id='line_1_19' title="bbox 3695 427 3836 482; baseline 0 0"><span class='ocrx_word' id='word_1_97' title='bbox 3695 427 3836 482; x_wconf 79' lang='grc'>1402</span> 
     </span>
    </p>
   </div>
   <div class='ocr_carea' id='block_1_20' title="bbox 2671 550 3348 610">
    <p class='ocr_par' dir='ltr' id='par_1_20' title="bbox 2671 550 3348 610">
     <span class='ocr_line' id='line_1_20' title="bbox 2671 550 3348 610; baseline 0 -4"><span class='ocrx_word' id='word_1_98' title='bbox 2671 551 2792 608; x_wconf 78' lang='grc' dir='ltr'>,1οΑ</span> <span class='ocrx_word' id='word_1_99' title='bbox 2808 553 2969 610; x_wconf 83' lang='lat' dir='ltr'>NNIS</span> <span class='ocrx_word' id='word_1_100' title='bbox 3016 550 3348 609; x_wconf 84' lang='lat' dir='ltr'>MONACHI</span> 
     </span>
    </p>
   </div>
   <div class='ocr_carea' id='block_1_21' title="bbox 2429 641 3583 698">
    <p class='ocr_par' dir='ltr' id='par_1_21' title="bbox 2429 641 3583 698">
     <span class='ocr_line' id='line_1_21' title="bbox 2429 641 3583 698; baseline 0.001 -4"><span class='ocrx_word' id='word_1_101' title='bbox 2429 641 2731 696; x_wconf 85' lang='lat' dir='ltr'>HYMMUS</span> <span class='ocrx_word' id='word_1_102' title='bbox 2768 642 2838 696; x_wconf 84' lang='lat' dir='ltr'><strong>IN</strong></span> <span class='ocrx_word' id='word_1_103' title='bbox 2887 643 3215 698; x_wconf 78' lang='lat' dir='ltr'>SANCTUM</span> <span class='ocrx_word' id='word_1_104' title='bbox 3255 641 3583 696; x_wconf 83' lang='lat' dir='ltr'>BLASIUM.</span> 
     </span>
    </p>
   </div>
   <div class='ocr_carea' id='block_1_22' title="bbox 2169 732 3833 821">
    <p class='ocr_par' dir='ltr' id='par_1_22' title="bbox 2169 732 3833 821">
     <span class='ocr_line' id='line_1_22' title="bbox 2169 732 3833 821; baseline 0.003 -21"><span class='ocrx_word' id='word_1_105' title='bbox 2169 732 2234 800; x_wconf 76' lang='lat' dir='ltr'>in</span> <span class='ocrx_word' id='word_1_106' title='bbox 2270 765 2380 818; x_wconf 83' lang='lat' dir='ltr'>quo</span> <span class='ocrx_word' id='word_1_107' title='bbox 2412 752 2608 818; x_wconf 72' lang='lat' dir='ltr'>primae</span> <span class='ocrx_word' id='word_1_108' title='bbox 2635 768 2886 806; x_wconf 83' lang='lat' dir='ltr'>versuum</span> <span class='ocrx_word' id='word_1_109' title='bbox 2919 753 3126 808; x_wconf 71' lang='lat' dir='ltr'>littera?</span> <span class='ocrx_word' id='word_1_110' title='bbox 3149 751 3504 821; x_wconf 77' lang='lat' dir='ltr'>signiﬁcant:</span> <span class='ocrx_word' id='word_1_111' title='bbox 3553 750 3833 805; x_wconf 85' lang='lat' dir='ltr'>Germina</span> 
     </span>
    </p>
   </div>
   <div class='ocr_carea' id='block_1_23' title="bbox 2395 821 3611 895">
    <p class='ocr_par' dir='ltr' id='par_1_23' title="bbox 2395 821 3611 895">
     <span class='ocr_line' id='line_1_23' title="bbox 2395 821 3611 895; baseline 0.002 -21"><span class='ocrx_word' id='word_1_112' title='bbox 2395 821 2668 877; x_wconf 88' lang='lat' dir='ltr'>laborum</span> <span class='ocrx_word' id='word_1_113' title='bbox 2702 823 2880 878; x_wconf 89' lang='lat' dir='ltr'>Blasii</span> <span class='ocrx_word' id='word_1_114' title='bbox 2924 823 3159 878; x_wconf 88' lang='lat' dir='ltr'>celebro</span> <span class='ocrx_word' id='word_1_115' title='bbox 3202 840 3307 895; x_wconf 89' lang='lat' dir='ltr'>ego</span> <span class='ocrx_word' id='word_1_116' title='bbox 3337 824 3611 878; x_wconf 83' lang='lat' dir='ltr'>Joannes.</span> 
     </span>
    </p>
   </div>
   <div class='ocr_carea' id='block_1_24' title="bbox 2389 912 3611 982">
    <p class='ocr_par' dir='ltr' id='par_1_24' title="bbox 2389 912 3611 982">
     <span class='ocr_line' id='line_1_24' title="bbox 2389 912 3611 982; baseline 0.001 -17"><span class='ocrx_word' id='word_1_117' title='bbox 2389 912 2502 965; x_wconf 85' lang='lat' dir='ltr'>Ode</span> <span class='ocrx_word' id='word_1_118' title='bbox 2531 913 2578 966; x_wconf 90' lang='grc' dir='ltr'>Ι.</span> <span class='ocrx_word' id='word_1_119' title='bbox 2611 913 2788 967; x_wconf 67' lang='lat' dir='ltr'>Sanus</span> <span class='ocrx_word' id='word_1_120' title='bbox 2811 913 2895 982; x_wconf 77' lang='lat' dir='ltr'>pl.</span> <span class='ocrx_word' id='word_1_121' title='bbox 2928 915 2979 968; x_wconf 77' lang='grc'>4.</span> <span class='ocrx_word' id='word_1_122' title='bbox 3013 913 3217 969; x_wconf 76' lang='lat' dir='ltr'>Curras</span> <span class='ocrx_word' id='word_1_123' title='bbox 3261 914 3611 982; x_wconf 78' lang='lat' dir='ltr'>agitatorem.</span> 
     </span>
    </p>
   </div>
   <div class='ocr_carea' id='block_1_25' title="bbox 2247 1018 3825 1090">
    <p class='ocr_par' dir='ltr' id='par_1_25' title="bbox 2247 1018 3825 1090">
     <span class='ocr_line' id='line_1_25' title="bbox 2247 1018 3825 1090; baseline 0.001 -19"><span class='ocrx_word' id='word_1_124' title='bbox 2247 1018 2481 1072; x_wconf 80' lang='lat' dir='ltr'>Rationi</span> <span class='ocrx_word' id='word_1_125' title='bbox 2516 1036 2649 1074; x_wconf 88' lang='lat' dir='ltr'>vere</span> <span class='ocrx_word' id='word_1_126' title='bbox 2681 1020 2989 1090; x_wconf 86' lang='lat' dir='ltr'>subjecisti</span> <span class='ocrx_word' id='word_1_127' title='bbox 3021 1021 3291 1076; x_wconf 85' lang='lat' dir='ltr'>carnales</span> <span class='ocrx_word' id='word_1_128' title='bbox 3322 1022 3592 1086; x_wconf 70' lang='lat' dir='ltr'>allectus,</span> <span class='ocrx_word' id='word_1_129' title='bbox 3627 1018 3781 1074; x_wconf 88' lang='lat' dir='ltr'>Blasi</span> <span class='ocrx_word' id='word_1_130' title='bbox 3811 1034 3825 1086; x_wconf 89' lang='lat'><strong>;</strong></span> 
     </span>
    </p>
   </div>
   <div class='ocr_carea' id='block_1_26' title="bbox 2172 1107 3828 1180">
    <p class='ocr_par' dir='ltr' id='par_1_26' title="bbox 2172 1107 3828 1180">
     <span class='ocr_line' id='line_1_26' title="bbox 2172 1107 3828 1180; baseline 0.002 -22"><span class='ocrx_word' id='word_1_131' title='bbox 2172 1107 2328 1178; x_wconf 90' lang='lat' dir='ltr'>regis</span> <span class='ocrx_word' id='word_1_132' title='bbox 2361 1108 2709 1164; x_wconf 88' lang='lat' dir='ltr'>mandatum</span> <span class='ocrx_word' id='word_1_133' title='bbox 2771 1115 2829 1164; x_wconf 89' lang='lat' dir='ltr'>et</span> <span class='ocrx_word' id='word_1_134' title='bbox 2875 1126 3079 1164; x_wconf 89' lang='lat' dir='ltr'>vocem</span> <span class='ocrx_word' id='word_1_135' title='bbox 3131 1109 3564 1180; x_wconf 78' lang='lat' dir='ltr'>contempsisti,</span> <span class='ocrx_word' id='word_1_136' title='bbox 3609 1111 3828 1180; x_wconf 83' lang='lat' dir='ltr'>Regem</span> 
     </span>
    </p>
   </div>
   <div class='ocr_carea' id='block_1_27' title="bbox 2171 1196 3824 1269">
    <p class='ocr_par' dir='ltr' id='par_1_27' title="bbox 2171 1196 3824 1269">
     <span class='ocr_line' id='line_1_27' title="bbox 2171 1196 3824 1269; baseline 0.002 -21"><span class='ocrx_word' id='word_1_137' title='bbox 2171 1196 2509 1266; x_wconf 65' lang='lat' dir='ltr'>praedicans</span> <span class='ocrx_word' id='word_1_138' title='bbox 2546 1198 2638 1252; x_wconf 91' lang='lat' dir='ltr'>cui</span> <span class='ocrx_word' id='word_1_139' title='bbox 2672 1203 2935 1269; x_wconf 83' lang='lat' dir='ltr'>potestas</span> <span class='ocrx_word' id='word_1_140' title='bbox 2982 1199 3188 1254; x_wconf 88' lang='lat' dir='ltr'>innata</span> <span class='ocrx_word' id='word_1_141' title='bbox 3216 1205 3276 1254; x_wconf 90' lang='lat' dir='ltr'>et</span> <span class='ocrx_word' id='word_1_142' title='bbox 3302 1204 3591 1254; x_wconf 80' lang='lat' dir='ltr'>aeternum</span> <span class='ocrx_word' id='word_1_143' title='bbox 3635 1198 3824 1268; x_wconf 89' lang='lat' dir='ltr'>impe-</span> 
     </span>
    </p>
   </div>
   <div class='ocr_carea' id='block_1_28' title="bbox 2172 1286 2350 1343">
    <p class='ocr_par' dir='ltr' id='par_1_28' title="bbox 2172 1286 2350 1343">
     <span class='ocr_line' id='line_1_28' title="bbox 2172 1286 2350 1343; baseline 0.028 -5"><span class='ocrx_word' id='word_1_144' title='bbox 2172 1286 2350 1343; x_wconf 88' lang='lat' dir='ltr'>rium.</span> 
     </span>
    </p>
   </div>
   <div class='ocr_carea' id='block_1_29' title="bbox 2241 1375 3822 1447">
    <p class='ocr_par' dir='ltr' id='par_1_29' title="bbox 2241 1375 3822 1447">
     <span class='ocr_line' id='line_1_29' title="bbox 2241 1375 3822 1447; baseline 0.001 -18"><span class='ocrx_word' id='word_1_145' title='bbox 2241 1376 2316 1430; x_wconf 90' lang='lat' dir='ltr'>Os</span> <span class='ocrx_word' id='word_1_146' title='bbox 2367 1377 2658 1447; x_wconf 82' lang='lat' dir='ltr'>aperienti</span> <span class='ocrx_word' id='word_1_147' title='bbox 2710 1377 3065 1447; x_wconf 75' lang='lat' dir='ltr'>sapientiam</span> <span class='ocrx_word' id='word_1_148' title='bbox 3120 1381 3358 1447; x_wconf 64' lang='lat' dir='ltr'>praesta,</span> <span class='ocrx_word' id='word_1_149' title='bbox 3414 1376 3664 1431; x_wconf 86' lang='lat' dir='ltr'>Verbum</span> <span class='ocrx_word' id='word_1_150' title='bbox 3695 1375 3822 1446; x_wconf 89' lang='lat' dir='ltr'>Dei,</span> 
     </span>
    </p>
   </div>
   <div class='ocr_carea' id='block_1_30' title="bbox 2170 1465 3822 1538">
    <p class='ocr_par' dir='ltr' id='par_1_30' title="bbox 2170 1465 3822 1538">
     <span class='ocr_line' id='line_1_30' title="bbox 2170 1465 3822 1538; baseline 0.001 -19"><span class='ocrx_word' id='word_1_151' title='bbox 2170 1482 2284 1535; x_wconf 88' lang='lat' dir='ltr'>quo</span> <span class='ocrx_word' id='word_1_152' title='bbox 2319 1474 2590 1520; x_wconf 85' lang='lat' dir='ltr'>sanctum</span> <span class='ocrx_word' id='word_1_153' title='bbox 2625 1467 2885 1522; x_wconf 89' lang='lat' dir='ltr'>Blasium</span> <span class='ocrx_word' id='word_1_154' title='bbox 2920 1466 3094 1538; x_wconf 91' lang='lat' dir='ltr'>digne</span> <span class='ocrx_word' id='word_1_155' title='bbox 3143 1465 3473 1520; x_wconf 85' lang='lat' dir='ltr'>celebrem:</span> <span class='ocrx_word' id='word_1_156' title='bbox 3516 1465 3628 1535; x_wconf 90' lang='lat' dir='ltr'>ipsi</span> <span class='ocrx_word' id='word_1_157' title='bbox 3661 1467 3822 1520; x_wconf 88' lang='lat' dir='ltr'>enim</span> 
     </span>
    </p>
   </div>
   <div class='ocr_carea' id='block_1_31' title="bbox 2170 1553 3825 1624">
    <p class='ocr_par' dir='ltr' id='par_1_31' title="bbox 2170 1553 3825 1624">
     <span class='ocr_line' id='line_1_31' title="bbox 2170 1553 3825 1624; baseline -0.001 -16"><span class='ocrx_word' id='word_1_158' title='bbox 2170 1554 2523 1624; x_wconf 81' lang='lat' dir='ltr'>sapientiam</span> <span class='ocrx_word' id='word_1_159' title='bbox 2573 1555 2810 1623; x_wconf 84' lang='lat' dir='ltr'>dedisti,</span> <span class='ocrx_word' id='word_1_160' title='bbox 2871 1555 2964 1610; x_wconf 93' lang='lat' dir='ltr'>cui</span> <span class='ocrx_word' id='word_1_161' title='bbox 3005 1555 3282 1610; x_wconf 82' lang='lat' dir='ltr'>resistere</span> <span class='ocrx_word' id='word_1_162' title='bbox 3333 1569 3454 1608; x_wconf 93' lang='lat' dir='ltr'>non</span> <span class='ocrx_word' id='word_1_163' title='bbox 3509 1553 3825 1608; x_wconf 88' lang='lat' dir='ltr'>valuerunt</span> 
     </span>
    </p>
   </div>
   <div class='ocr_carea' id='block_1_32' title="bbox 2169 1643 2512 1700">
    <p class='ocr_par' dir='ltr' id='par_1_32' title="bbox 2169 1643 2512 1700">
     <span class='ocr_line' id='line_1_32' title="bbox 2169 1643 2512 1700; baseline 0.006 -3"><span class='ocrx_word' id='word_1_164' title='bbox 2169 1643 2512 1700; x_wconf 85' lang='lat' dir='ltr'>adversarii.</span> 
     </span>
    </p>
   </div>
   <div class='ocr_carea' id='block_1_33' title="bbox 2243 1731 3820 1804">
    <p class='ocr_par' dir='ltr' id='par_1_33' title="bbox 2243 1731 3820 1804">
     <span class='ocr_line' id='line_1_33' title="bbox 2243 1731 3820 1804; baseline 0 -18"><span class='ocrx_word' id='word_1_165' title='bbox 2243 1734 2461 1801; x_wconf 66' lang='lat' dir='ltr'>Vinea),</span> <span class='ocrx_word' id='word_1_166' title='bbox 2496 1735 2686 1800; x_wconf 87' lang='lat' dir='ltr'>Pater,</span> <span class='ocrx_word' id='word_1_167' title='bbox 2743 1734 3101 1790; x_wconf 83' lang='lat' dir='ltr'>vivificantis</span> <span class='ocrx_word' id='word_1_168' title='bbox 3150 1733 3340 1789; x_wconf 88' lang='lat' dir='ltr'>factus</span> <span class='ocrx_word' id='word_1_169' title='bbox 3371 1749 3433 1788; x_wconf 91' lang='lat' dir='ltr'>es</span> <span class='ocrx_word' id='word_1_170' title='bbox 3465 1731 3692 1804; x_wconf 90' lang='lat' dir='ltr'>palmes</span> <span class='ocrx_word' id='word_1_171' title='bbox 3735 1732 3820 1786; x_wconf 84' lang='lat' dir='ltr'>fe-</span> 
     </span>
    </p>
   </div>
   <div class='ocr_carea' id='block_1_34' title="bbox 2169 1822 3818 1890">
    <p class='ocr_par' dir='ltr' id='par_1_34' title="bbox 2169 1822 3818 1890">
     <span class='ocr_line' id='line_1_34' title="bbox 2169 1822 3818 1890; baseline 0 -14"><span class='ocrx_word' id='word_1_172' title='bbox 2169 1823 2420 1890; x_wconf 88' lang='lat' dir='ltr'>cundus,</span> <span class='ocrx_word' id='word_1_173' title='bbox 2470 1823 2788 1879; x_wconf 84' lang='lat' dir='ltr'>virtutibus</span> <span class='ocrx_word' id='word_1_174' title='bbox 2853 1824 3014 1879; x_wconf 85' lang='lat' dir='ltr'>velut</span> <span class='ocrx_word' id='word_1_175' title='bbox 3077 1824 3202 1878; x_wconf 88' lang='lat' dir='ltr'>uvis</span> <span class='ocrx_word' id='word_1_176' title='bbox 3253 1822 3503 1878; x_wconf 85' lang='lat' dir='ltr'>maturis</span> <span class='ocrx_word' id='word_1_177' title='bbox 3551 1827 3818 1890; x_wconf 88' lang='lat' dir='ltr'>ornatus,</span> 
     </span>
    </p>
   </div>
   <div class='ocr_carea' id='block_1_35' title="bbox 407 1902 2047 1988">
    <p class='ocr_par' dir='ltr' id='par_1_35' title="bbox 407 1902 2047 1985">
     <span class='ocr_line' id='line_1_35' title="bbox 407 1902 2047 1985; baseline -0.008 -18"><span class='ocrx_word' id='word_1_178' title='bbox 407 1910 838 1984; x_wconf 83' lang='grc' dir='ltr'>ἀποτυλώμενος</span> <span class='ocrx_word' id='word_1_179' title='bbox 871 1910 1006 1985; x_wconf 72' lang='grc' dir='ltr'>ξίφει</span> <span class='ocrx_word' id='word_1_180' title='bbox 1054 1905 1111 1962; x_wconf 81' lang='grc' dir='ltr'>δὲ</span> <span class='ocrx_word' id='word_1_181' title='bbox 1156 1907 1246 1962; x_wconf 85' lang='grc' dir='ltr'>καὶ</span> <span class='ocrx_word' id='word_1_182' title='bbox 1285 1906 1440 1960; x_wconf 82' lang='grc' dir='ltr'>ποσὶν</span> <span class='ocrx_word' id='word_1_183' title='bbox 1495 1903 1604 1978; x_wconf 82' lang='grc' dir='ltr'>οὐχ</span> <span class='ocrx_word' id='word_1_184' title='bbox 1651 1902 1873 1976; x_wconf 75' lang='grc' dir='ltr'>ὡραίοις</span> <span class='ocrx_word' id='word_1_185' title='bbox 1925 1902 2047 1956; x_wconf 81' lang='grc' dir='ltr'>ἀπο·</span> 
     </span>
    </p>
   </div>
   <div class='ocr_carea' id='block_1_36' title="bbox 2187 1902 3823 1988">
    <p class='ocr_par' dir='ltr' id='par_1_36' title="bbox 2187 1912 3823 1985">
     <span class='ocr_line' id='line_1_36' title="bbox 2187 1912 3823 1985; baseline 0 -20"><span class='ocrx_word' id='word_1_186' title='bbox 2187 1912 2379 1983; x_wconf 70' lang='lat' dir='ltr'>gladiis</span> <span class='ocrx_word' id='word_1_187' title='bbox 2406 1913 2674 1968; x_wconf 88' lang='lat' dir='ltr'>abscisus</span> <span class='ocrx_word' id='word_1_188' title='bbox 2706 1919 2766 1968; x_wconf 91' lang='lat' dir='ltr'>et</span> <span class='ocrx_word' id='word_1_189' title='bbox 2803 1914 3056 1985; x_wconf 88' lang='lat' dir='ltr'>pedibus</span> <span class='ocrx_word' id='word_1_190' title='bbox 3101 1913 3483 1968; x_wconf 89' lang='lat' dir='ltr'>conculcatus</span> <span class='ocrx_word' id='word_1_191' title='bbox 3527 1912 3823 1982; x_wconf 88' lang='lat' dir='ltr'>importu-</span> 
     </span>
    </p>
   </div>
   <div class='ocr_carea' id='block_1_37' title="bbox 402 1987 1947 2068">
    <p class='ocr_par' dir='ltr' id='par_1_37' title="bbox 402 1987 1947 2068">
     <span class='ocr_line' id='line_1_37' title="bbox 402 1987 1947 2068; baseline -0.005 -12"><span class='ocrx_word' id='word_1_192' title='bbox 402 1997 612 2063; x_wconf 78' lang='grc' dir='ltr'>θλιϐεἶς</span> <span class='ocrx_word' id='word_1_193' title='bbox 642 2006 826 2068; x_wconf 85' lang='grc' dir='ltr'>πᾶσιν,</span> <span class='ocrx_word' id='word_1_194' title='bbox 861 1996 1084 2066; x_wconf 86' lang='grc' dir='ltr'>Βλάσιε,</span> <span class='ocrx_word' id='word_1_195' title='bbox 1118 1995 1295 2057; x_wconf 78' lang='grc' dir='ltr'>οἴνους</span> <span class='ocrx_word' id='word_1_196' title='bbox 1328 1994 1662 2064; x_wconf 77' lang='grc' dir='ltr'>κατανύξεως</span> <span class='ocrx_word' id='word_1_197' title='bbox 1694 1987 1947 2054; x_wconf 76' lang='grc' dir='ltr'>ἕϐλυσας.</span> 
     </span>
    </p>
   </div>
   <div class='ocr_carea' id='block_1_38' title="bbox 478 2169 2054 2257">
    <p class='ocr_par' dir='ltr' id='par_1_38' title="bbox 478 2169 2054 2257">
     <span class='ocr_line' id='line_1_38' title="bbox 478 2169 2054 2257; baseline -0.01 -20"><span class='ocrx_word' id='word_1_198' title='bbox 478 2183 779 2257; x_wconf 81' lang='grc' dir='ltr'>ΙῘροφανῶς</span> <span class='ocrx_word' id='word_1_199' title='bbox 831 2177 915 2234; x_wconf 78' lang='grc' dir='ltr'>ἐπὶ</span> <span class='ocrx_word' id='word_1_200' title='bbox 967 2181 1073 2232; x_wconf 81' lang='grc' dir='ltr'>τῶν</span> <span class='ocrx_word' id='word_1_201' title='bbox 1124 2173 1301 2252; x_wconf 79' lang='grc' dir='ltr'>ἔργων</span> <span class='ocrx_word' id='word_1_202' title='bbox 1349 2172 1602 2243; x_wconf 74' lang='grc' dir='ltr'>δέδειξαι,</span> <span class='ocrx_word' id='word_1_203' title='bbox 1651 2171 1786 2226; x_wconf 74' lang='grc' dir='ltr'>κατὰ</span> <span class='ocrx_word' id='word_1_204' title='bbox 1830 2171 1924 2225; x_wconf 88' lang='grc' dir='ltr'>τὸν</span> <span class='ocrx_word' id='word_1_205' title='bbox 1961 2169 2054 2242; x_wconf 83' lang='grc' dir='ltr'>μέ-</span> 
     </span>
    </p>
   </div>
   <div class='ocr_carea' id='block_1_39' title="bbox 401 2257 2056 2344">
    <p class='ocr_par' dir='ltr' id='par_1_39' title="bbox 401 2257 2056 2344">
     <span class='ocr_line' id='line_1_39' title="bbox 401 2257 2056 2344; baseline -0.006 -21"><span class='ocrx_word' id='word_1_206' title='bbox 401 2289 498 2344; x_wconf 84' lang='grc' dir='ltr'>γαν</span> <span class='ocrx_word' id='word_1_207' title='bbox 552 2263 1015 2338; x_wconf 76' lang='grc' dir='ltr'>Ι’ὼ6,άληθινὸς,</span> <span class='ocrx_word' id='word_1_208' title='bbox 1049 2269 1242 2340; x_wconf 81' lang='grc' dir='ltr'>πρᾶος,</span> <span class='ocrx_word' id='word_1_209' title='bbox 1303 2263 1617 2337; x_wconf 74' lang='grc' dir='ltr'>συμπαθὴς,</span> <span class='ocrx_word' id='word_1_210' title='bbox 1675 2261 1765 2316; x_wconf 83' lang='grc' dir='ltr'>καὶ</span> <span class='ocrx_word' id='word_1_211' title='bbox 1825 2257 2056 2330; x_wconf 86' lang='grc' dir='ltr'>δίκαιος,</span> 
     </span>
    </p>
   </div>
   <div class='ocr_carea' id='block_1_40' title="bbox 401 2346 2056 2430">
    <p class='ocr_par' dir='ltr' id='par_1_40' title="bbox 401 2346 2056 2430">
     <span class='ocr_line' id='line_1_40' title="bbox 401 2346 2056 2430; baseline -0.006 -18"><span class='ocrx_word' id='word_1_212' title='bbox 401 2352 631 2426; x_wconf 78' lang='grc' dir='ltr'>εὒσεϐἠς</span> <span class='ocrx_word' id='word_1_213' title='bbox 653 2358 740 2412; x_wconf 83' lang='grc' dir='ltr'>καὶ</span> <span class='ocrx_word' id='word_1_214' title='bbox 783 2358 1092 2430; x_wconf 78' lang='grc' dir='ltr'>ἄμεμπτος,</span> <span class='ocrx_word' id='word_1_215' title='bbox 1125 2352 1470 2429; x_wconf 81' lang='grc' dir='ltr'>ἀπεχόμενος</span> <span class='ocrx_word' id='word_1_216' title='bbox 1519 2352 1684 2413; x_wconf 87' lang='grc' dir='ltr'>ὀντως</span> <span class='ocrx_word' id='word_1_217' title='bbox 1721 2348 1782 2405; x_wconf 82' lang='grc' dir='ltr'>ἐκ</span> <span class='ocrx_word' id='word_1_218' title='bbox 1810 2346 2056 2421; x_wconf 84' lang='grc' dir='ltr'>πονηροῦ</span> 
     </span>
    </p>
   </div>
   <div class='ocr_carea' id='block_1_41' title="bbox 403 2443 1519 2523">
    <p class='ocr_par' dir='ltr' id='par_1_41' title="bbox 403 2443 1519 2523">
     <span class='ocr_line' id='line_1_41' title="bbox 403 2443 1519 2523; baseline -0.004 -21"><span class='ocrx_word' id='word_1_219' title='bbox 403 2449 753 2523; x_wconf 86' lang='grc' dir='ltr'>πράγματος,</span> <span class='ocrx_word' id='word_1_220' title='bbox 776 2444 1186 2522; x_wconf 73' lang='grc' dir='ltr'>ἱερομαρτύρων</span> <span class='ocrx_word' id='word_1_221' title='bbox 1221 2443 1519 2517; x_wconf 80' lang='grc' dir='ltr'>ἀγλάϊσμα.</span> 
     </span>
    </p>
   </div>
   <div class='ocr_carea' id='block_1_42' title="bbox 478 2526 2052 2604">
    <p class='ocr_par' dir='ltr' id='par_1_42' title="bbox 478 2526 2052 2604">
     <span class='ocr_line' id='line_1_42' title="bbox 478 2526 2052 2604; baseline -0.007 -13"><span class='ocrx_word' id='word_1_222' title='bbox 478 2537 788 2593; x_wconf 87' lang='grc' dir='ltr'>Θεοτόκιον.</span> <span class='ocrx_word' id='word_1_223' title='bbox 820 2566 890 2576; x_wconf 91' lang='lat'>—</span> <span class='ocrx_word' id='word_1_224' title='bbox 919 2536 1016 2590; x_wconf 81' lang='grc' dir='ltr'>Ἐκ</span> <span class='ocrx_word' id='word_1_225' title='bbox 1071 2535 1168 2601; x_wconf 76' lang='grc' dir='ltr'>τῆς</span> <span class='ocrx_word' id='word_1_226' title='bbox 1202 2531 1357 2604; x_wconf 79' lang='grc' dir='ltr'>ῥίζης</span> <span class='ocrx_word' id='word_1_227' title='bbox 1417 2528 1610 2586; x_wconf 80' lang='grc' dir='ltr'>Ἰεσσαὶ</span> <span class='ocrx_word' id='word_1_228' title='bbox 1674 2526 2052 2603; x_wconf 87' lang='grc' dir='ltr'>βλαστήσασαν</span> 
     </span>
    </p>
   </div>
   <div class='ocr_carea' id='block_1_43' title="bbox 402 2615 2052 2702">
    <p class='ocr_par' dir='ltr' id='par_1_43' title="bbox 402 2615 2052 2702">
     <span class='ocr_line' id='line_1_43' title="bbox 402 2615 2052 2702; baseline -0.008 -21"><span class='ocrx_word' id='word_1_229' title='bbox 402 2621 607 2702; x_wconf 74' lang='grc' dir='ltr'>ῥάϐδον</span> <span class='ocrx_word' id='word_1_230' title='bbox 669 2625 992 2698; x_wconf 83' lang='grc' dir='ltr'>ὑπέρτιμον,</span> <span class='ocrx_word' id='word_1_231' title='bbox 1050 2622 1113 2676; x_wconf 87' lang='grc' dir='ltr'>τὸ</span> <span class='ocrx_word' id='word_1_232' title='bbox 1144 2622 1236 2676; x_wconf 85' lang='grc' dir='ltr'>τὸν</span> <span class='ocrx_word' id='word_1_233' title='bbox 1299 2619 1534 2696; x_wconf 86' lang='grc' dir='ltr'>Χριστὸν</span> <span class='ocrx_word' id='word_1_234' title='bbox 1591 2615 1772 2682; x_wconf 76' lang='grc' dir='ltr'>ἄνθος,</span> <span class='ocrx_word' id='word_1_235' title='bbox 1831 2615 2052 2685; x_wconf 85' lang='grc' dir='ltr'>ἀληθῶς</span> 
     </span>
    </p>
   </div>
   <div class='ocr_carea' id='block_1_44' title="bbox 400 2705 2052 2789">
    <p class='ocr_par' dir='ltr' id='par_1_44' title="bbox 400 2705 2052 2789">
     <span class='ocr_line' id='line_1_44' title="bbox 400 2705 2052 2789; baseline -0.007 -19"><span class='ocrx_word' id='word_1_236' title='bbox 400 2715 740 2789; x_wconf 81' lang='grc' dir='ltr'>ἀμάραντον,</span> <span class='ocrx_word' id='word_1_237' title='bbox 775 2712 878 2767; x_wconf 86' lang='grc' dir='ltr'>ὑπὸ</span> <span class='ocrx_word' id='word_1_238' title='bbox 920 2715 1015 2766; x_wconf 90' lang='grc' dir='ltr'>σοῦ</span> <span class='ocrx_word' id='word_1_239' title='bbox 1055 2712 1358 2780; x_wconf 85' lang='grc' dir='ltr'>ἀνθήσασαν</span> <span class='ocrx_word' id='word_1_240' title='bbox 1417 2708 1515 2776; x_wconf 83' lang='grc' dir='ltr'>τήν</span> <span class='ocrx_word' id='word_1_241' title='bbox 1576 2706 1726 2782; x_wconf 84' lang='grc' dir='ltr'>ἁγίαν</span> <span class='ocrx_word' id='word_1_242' title='bbox 1756 2705 2052 2779; x_wconf 81' lang='grc' dir='ltr'>Παρθένον,</span> 
     </span>
    </p>
   </div>
   <div class='ocr_carea' id='block_1_45' title="bbox 400 2796 2052 2874">
    <p class='ocr_par' dir='ltr' id='par_1_45' title="bbox 400 2796 2052 2874">
     <span class='ocr_line' id='line_1_45' title="bbox 400 2796 2052 2874; baseline -0.006 -15"><span class='ocrx_word' id='word_1_243' title='bbox 400 2807 539 2859; x_wconf 84' lang='grc' dir='ltr'>Θεοῦ</span> <span class='ocrx_word' id='word_1_244' title='bbox 582 2803 684 2872; x_wconf 78' lang='grc' dir='ltr'>τὴν</span> <span class='ocrx_word' id='word_1_245' title='bbox 726 2799 890 2857; x_wconf 90' lang='grc' dir='ltr'>πόλιν</span> <span class='ocrx_word' id='word_1_246' title='bbox 946 2801 1046 2870; x_wconf 78' lang='grc' dir='ltr'>τὴν</span> <span class='ocrx_word' id='word_1_247' title='bbox 1107 2796 1358 2874; x_wconf 78' lang='grc' dir='ltr'>ἔμψυχον</span> <span class='ocrx_word' id='word_1_248' title='bbox 1417 2797 1762 2873; x_wconf 78' lang='grc' dir='ltr'>ΐεροπρεπῶς</span> <span class='ocrx_word' id='word_1_249' title='bbox 1823 2796 2052 2871; x_wconf 83' lang='grc' dir='ltr'>μακαρί-</span> 
     </span>
    </p>
   </div>
   <div class='ocr_carea' id='block_1_46' title="bbox 399 2914 606 2967">
    <p class='ocr_par' dir='ltr' id='par_1_46' title="bbox 399 2914 606 2967">
     <span class='ocr_line' id='line_1_46' title="bbox 399 2914 606 2967; baseline 0.01 -19"><span class='ocrx_word' id='word_1_250' title='bbox 399 2915 480 2948; x_wconf 90' lang='grc' dir='ltr'>σω</span> <span class='ocrx_word' id='word_1_251' title='bbox 489 2914 582 2967; x_wconf 88' lang='grc' dir='ltr'>μεν</span> <span class='ocrx_word' id='word_1_252' title='bbox 593 2937 606 2951; x_wconf 93' lang='grc'>.</span> 
     </span>
    </p>
   </div>
   <div class='ocr_carea' id='block_1_47' title="bbox 939 2979 1512 3060">
    <p class='ocr_par' dir='ltr' id='par_1_47' title="bbox 939 2979 1512 3060">
     <span class='ocr_line' id='line_1_47' title="bbox 939 2979 1512 3060; baseline -0.002 -25"><span class='ocrx_word' id='word_1_253' title='bbox 939 2979 1070 3060; x_wconf 83' lang='grc' dir='ltr'>ᾨδή</span> <span class='ocrx_word' id='word_1_254' title='bbox 1104 2987 1172 3036; x_wconf 93' lang='grc' dir='ltr'>Γ.</span> <span class='ocrx_word' id='word_1_255' title='bbox 1220 2979 1512 3054; x_wconf 84' lang='grc' dir='ltr'>Οὐρανίας.</span> 
     </span>
    </p>
   </div>
   <div class='ocr_carea' id='block_1_48' title="bbox 474 3063 2047 3145">
    <p class='ocr_par' dir='ltr' id='par_1_48' title="bbox 474 3063 2047 3145">
     <span class='ocr_line' id='line_1_48' title="bbox 474 3063 2047 3145; baseline -0.006 -17"><span class='ocrx_word' id='word_1_256' title='bbox 474 3071 843 3142; x_wconf 83' lang='grc' dir='ltr'>Βουληθέντες</span> <span class='ocrx_word' id='word_1_257' title='bbox 902 3069 1181 3145; x_wconf 80' lang='grc' dir='ltr'>ζωγρῆσαί</span> <span class='ocrx_word' id='word_1_258' title='bbox 1238 3091 1296 3124; x_wconf 85' lang='grc' dir='ltr'>σε</span> <span class='ocrx_word' id='word_1_259' title='bbox 1352 3069 1488 3137; x_wconf 84' lang='grc' dir='ltr'>πρὸς</span> <span class='ocrx_word' id='word_1_260' title='bbox 1540 3067 1755 3142; x_wconf 73' lang='grc' dir='ltr'>σφαγὴν</span> <span class='ocrx_word' id='word_1_261' title='bbox 1811 3063 1997 3120; x_wconf 74' lang='grc' dir='ltr'>ἄδικον</span> <span class='ocrx_word' id='word_1_262' title='bbox 2034 3111 2047 3133; x_wconf 92' lang='grc'>,</span> 
     </span>
    </p>
   </div>
   <div class='ocr_carea' id='block_1_49' title="bbox 397 3158 2051 3238">
    <p class='ocr_par' dir='ltr' id='par_1_49' title="bbox 397 3158 2051 3238">
     <span class='ocr_line' id='line_1_49' title="bbox 397 3158 2051 3238; baseline -0.006 -17"><span class='ocrx_word' id='word_1_263' title='bbox 397 3162 548 3228; x_wconf 75' lang='grc' dir='ltr'>ὄντες</span> <span class='ocrx_word' id='word_1_264' title='bbox 583 3165 684 3219; x_wconf 82' lang='grc' dir='ltr'>ὑπὸ</span> <span class='ocrx_word' id='word_1_265' title='bbox 734 3168 829 3218; x_wconf 89' lang='grc' dir='ltr'>σοῦ</span> <span class='ocrx_word' id='word_1_266' title='bbox 883 3163 1248 3238; x_wconf 70' lang='grc' dir='ltr'>ζωγρηθέντες</span> <span class='ocrx_word' id='word_1_267' title='bbox 1297 3162 1432 3234; x_wconf 89' lang='grc' dir='ltr'>πρὸς</span> <span class='ocrx_word' id='word_1_268' title='bbox 1488 3158 1705 3213; x_wconf 79' lang='grc' dir='ltr'>αἰωνίαν</span> <span class='ocrx_word' id='word_1_269' title='bbox 1761 3159 1906 3227; x_wconf 75' lang='grc' dir='ltr'>ζωὴν</span> <span class='ocrx_word' id='word_1_270' title='bbox 1936 3161 2051 3230; x_wconf 84' lang='grc' dir='ltr'>Θεῷ</span> 
     </span>
    </p>
   </div>
   <div class='ocr_carea' id='block_1_50' title="bbox 2167 2002 3824 2074">
    <p class='ocr_par' dir='ltr' id='par_1_50' title="bbox 2167 2002 3824 2074">
     <span class='ocr_line' id='line_1_50' title="bbox 2167 2002 3824 2074; baseline -0.001 -19"><span class='ocrx_word' id='word_1_271' title='bbox 2167 2002 2282 2066; x_wconf 90' lang='lat' dir='ltr'>nis,</span> <span class='ocrx_word' id='word_1_272' title='bbox 2315 2002 2612 2069; x_wconf 89' lang='lat' dir='ltr'>omnibus,</span> <span class='ocrx_word' id='word_1_273' title='bbox 2647 2002 2824 2070; x_wconf 88' lang='lat' dir='ltr'>Blasi,</span> <span class='ocrx_word' id='word_1_274' title='bbox 2850 2002 3052 2058; x_wconf 90' lang='lat' dir='ltr'>vinum</span> <span class='ocrx_word' id='word_1_275' title='bbox 3091 2002 3337 2074; x_wconf 87' lang='lat' dir='ltr'>largitus</span> <span class='ocrx_word' id='word_1_276' title='bbox 3375 2005 3464 2056; x_wconf 91' lang='lat' dir='ltr'>est</span> <span class='ocrx_word' id='word_1_277' title='bbox 3493 2016 3824 2070; x_wconf 88' lang='lat' dir='ltr'>compunc-</span> 
     </span>
    </p>
   </div>
   <div class='ocr_carea' id='block_1_51' title="bbox 2169 2090 2368 2145">
    <p class='ocr_par' dir='ltr' id='par_1_51' title="bbox 2169 2090 2368 2145">
     <span class='ocr_line' id='line_1_51' title="bbox 2169 2090 2368 2145; baseline 0.005 -1"><span class='ocrx_word' id='word_1_278' title='bbox 2169 2090 2368 2145; x_wconf 89' lang='lat' dir='ltr'>tionis.</span> 
     </span>
    </p>
   </div>
   <div class='ocr_carea' id='block_1_52' title="bbox 2238 2179 3816 2252">
    <p class='ocr_par' dir='ltr' id='par_1_52' title="bbox 2238 2179 3816 2252">
     <span class='ocr_line' id='line_1_52' title="bbox 2238 2179 3816 2252; baseline 0.001 -19"><span class='ocrx_word' id='word_1_279' title='bbox 2238 2179 2540 2235; x_wconf 85' lang='lat' dir='ltr'>Manifeste</span> <span class='ocrx_word' id='word_1_280' title='bbox 2574 2181 2851 2252; x_wconf 88' lang='lat' dir='ltr'>operibus</span> <span class='ocrx_word' id='word_1_281' title='bbox 2881 2181 3168 2252; x_wconf 89' lang='lat' dir='ltr'>probatus</span> <span class='ocrx_word' id='word_1_282' title='bbox 3199 2196 3284 2248; x_wconf 87' lang='lat' dir='ltr'>es,</span> <span class='ocrx_word' id='word_1_283' title='bbox 3308 2179 3482 2250; x_wconf 82' lang='lat' dir='ltr'>juxta</span> <span class='ocrx_word' id='word_1_284' title='bbox 3533 2194 3816 2251; x_wconf 86' lang='lat' dir='ltr'>magnum</span> 
     </span>
    </p>
   </div>
   <div class='ocr_carea' id='block_1_53' title="bbox 2165 2268 3818 2338">
    <p class='ocr_par' dir='ltr' id='par_1_53' title="bbox 2165 2268 3818 2338">
     <span class='ocr_line' id='line_1_53' title="bbox 2165 2268 3818 2338; baseline 0 -16"><span class='ocrx_word' id='word_1_285' title='bbox 2165 2268 2270 2322; x_wconf 86' lang='lat' dir='ltr'>Job</span> <span class='ocrx_word' id='word_1_286' title='bbox 2313 2285 2504 2335; x_wconf 87' lang='lat' dir='ltr'>verus,</span> <span class='ocrx_word' id='word_1_287' title='bbox 2538 2275 2908 2334; x_wconf 88' lang='lat' dir='ltr'>mansuetus,</span> <span class='ocrx_word' id='word_1_288' title='bbox 2949 2269 3310 2332; x_wconf 88' lang='lat' dir='ltr'>misericors,</span> <span class='ocrx_word' id='word_1_289' title='bbox 3347 2273 3408 2323; x_wconf 92' lang='lat' dir='ltr'>et</span> <span class='ocrx_word' id='word_1_290' title='bbox 3427 2268 3648 2338; x_wconf 88' lang='lat' dir='ltr'>justus,</span> <span class='ocrx_word' id='word_1_291' title='bbox 3680 2269 3818 2338; x_wconf 91' lang='lat' dir='ltr'>pius</span> 
     </span>
    </p>
   </div>
   <div class='ocr_carea' id='block_1_54' title="bbox 2167 2357 3817 2429">
    <p class='ocr_par' dir='ltr' id='par_1_54' title="bbox 2167 2357 3817 2429">
     <span class='ocr_line' id='line_1_54' title="bbox 2167 2357 3817 2429; baseline 0.001 -19"><span class='ocrx_word' id='word_1_292' title='bbox 2167 2362 2227 2411; x_wconf 90' lang='lat' dir='ltr'>et</span> <span class='ocrx_word' id='word_1_293' title='bbox 2255 2358 2820 2429; x_wconf 87' lang='lat' dir='ltr'>irreprehensibilis,</span> <span class='ocrx_word' id='word_1_294' title='bbox 2877 2359 3185 2414; x_wconf 86' lang='lat' dir='ltr'>abstinens</span> <span class='ocrx_word' id='word_1_295' title='bbox 3243 2373 3377 2412; x_wconf 86' lang='lat' dir='ltr'>vere</span> <span class='ocrx_word' id='word_1_296' title='bbox 3409 2357 3483 2411; x_wconf 86' lang='lat' dir='ltr'>ab</span> <span class='ocrx_word' id='word_1_297' title='bbox 3533 2357 3696 2412; x_wconf 89' lang='lat' dir='ltr'>omni</span> <span class='ocrx_word' id='word_1_298' title='bbox 3753 2372 3817 2412; x_wconf 88' lang='lat' dir='ltr'>re</span> 
     </span>
    </p>
   </div>
   <div class='ocr_carea' id='block_1_55' title="bbox 2167 2446 2959 2518">
    <p class='ocr_par' dir='ltr' id='par_1_55' title="bbox 2167 2446 2959 2518">
     <span class='ocr_line' id='line_1_55' title="bbox 2167 2446 2959 2518; baseline 0.003 -18"><span class='ocrx_word' id='word_1_299' title='bbox 2167 2446 2346 2513; x_wconf 89' lang='lat' dir='ltr'>mala,</span> <span class='ocrx_word' id='word_1_300' title='bbox 2389 2452 2717 2518; x_wconf 86' lang='lat' dir='ltr'>martyrum</span> <span class='ocrx_word' id='word_1_301' title='bbox 2759 2447 2959 2502; x_wconf 89' lang='lat' dir='ltr'>decus.</span> 
     </span>
    </p>
   </div>
   <div class='ocr_carea' id='block_1_56' title="bbox 2239 2535 3820 2608">
    <p class='ocr_par' dir='ltr' id='par_1_56' title="bbox 2239 2535 3820 2608">
     <span class='ocr_line' id='line_1_56' title="bbox 2239 2535 3820 2608; baseline 0.001 -20"><span class='ocrx_word' id='word_1_302' title='bbox 2239 2536 2505 2605; x_wconf 61' lang='grc' dir='ltr'>θείμαν-ειν.</span> <span class='ocrx_word' id='word_1_303' title='bbox 2538 2567 2608 2577; x_wconf 59' lang='grc' dir='ltr'>-ο-</span> <span class='ocrx_word' id='word_1_304' title='bbox 2639 2537 2873 2607; x_wconf 83' lang='lat' dir='ltr'>Virgam</span> <span class='ocrx_word' id='word_1_305' title='bbox 2920 2537 3244 2608; x_wconf 87' lang='lat' dir='ltr'>pretiosam</span> <span class='ocrx_word' id='word_1_306' title='bbox 3290 2551 3359 2590; x_wconf 85' lang='lat' dir='ltr'>ex</span> <span class='ocrx_word' id='word_1_307' title='bbox 3388 2535 3588 2591; x_wconf 86' lang='lat' dir='ltr'>radice</span> <span class='ocrx_word' id='word_1_308' title='bbox 3639 2535 3820 2590; x_wconf 68' lang='lat' dir='ltr'>Jessm</span> 
     </span>
    </p>
   </div>
   <div class='ocr_carea' id='block_1_57' title="bbox 2163 2623 3818 2693">
    <p class='ocr_par' dir='ltr' id='par_1_57' title="bbox 2163 2623 3818 2693">
     <span class='ocr_line' id='line_1_57' title="bbox 2163 2623 3818 2693; baseline 0 -15"><span class='ocrx_word' id='word_1_309' title='bbox 2163 2625 2621 2693; x_wconf 74' lang='lat' dir='ltr'>germinantem,</span> <span class='ocrx_word' id='word_1_310' title='bbox 2664 2625 2932 2680; x_wconf 87' lang='lat' dir='ltr'>Christus</span> <span class='ocrx_word' id='word_1_311' title='bbox 2963 2626 3174 2680; x_wconf 87' lang='lat' dir='ltr'>ﬂorem</span> <span class='ocrx_word' id='word_1_312' title='bbox 3217 2641 3351 2679; x_wconf 88' lang='lat' dir='ltr'>vere</span> <span class='ocrx_word' id='word_1_313' title='bbox 3399 2623 3818 2680; x_wconf 89' lang='lat' dir='ltr'>amaranthum</span> 
     </span>
    </p>
   </div>
   <div class='ocr_carea' id='block_1_58' title="bbox 2167 2713 3813 2786">
    <p class='ocr_par' dir='ltr' id='par_1_58' title="bbox 2167 2713 3813 2786">
     <span class='ocr_line' id='line_1_58' title="bbox 2167 2713 3813 2786; baseline -0.001 -18"><span class='ocrx_word' id='word_1_314' title='bbox 2167 2715 2536 2781; x_wconf 71' lang='lat' dir='ltr'>efferentem,</span> <span class='ocrx_word' id='word_1_315' title='bbox 2572 2713 2809 2768; x_wconf 86' lang='lat' dir='ltr'>beatam</span> <span class='ocrx_word' id='word_1_316' title='bbox 2843 2715 3164 2786; x_wconf 81' lang='lat' dir='ltr'>Virginem,</span> <span class='ocrx_word' id='word_1_317' title='bbox 3198 2714 3386 2768; x_wconf 86' lang='lat' dir='ltr'>vivam</span> <span class='ocrx_word' id='word_1_318' title='bbox 3435 2714 3538 2769; x_wconf 89' lang='lat' dir='ltr'>Dei</span> <span class='ocrx_word' id='word_1_319' title='bbox 3588 2713 3813 2781; x_wconf 88' lang='lat' dir='ltr'>sedem,</span> 
     </span>
    </p>
   </div>
   <div class='ocr_carea' id='block_1_59' title="bbox 2163 2801 3008 2857">
    <p class='ocr_par' dir='ltr' id='par_1_59' title="bbox 2163 2801 3008 2857">
     <span class='ocr_line' id='line_1_59' title="bbox 2163 2801 3008 2857; baseline 0 0"><span class='ocrx_word' id='word_1_320' title='bbox 2163 2801 2586 2857; x_wconf 89' lang='lat' dir='ltr'>convenienter</span> <span class='ocrx_word' id='word_1_321' title='bbox 2615 2801 3008 2857; x_wconf 90' lang='lat' dir='ltr'>celebremus.</span> 
     </span>
    </p>
   </div>
   <div class='ocr_carea' id='block_1_60' title="bbox 2716 2977 3254 3035">
    <p class='ocr_par' dir='ltr' id='par_1_60' title="bbox 2716 2977 3254 3035">
     <span class='ocr_line' id='line_1_60' title="bbox 2716 2977 3254 3035; baseline 0.002 -1"><span class='ocrx_word' id='word_1_322' title='bbox 2716 2979 2828 3034; x_wconf 89' lang='lat' dir='ltr'>Ode</span> <span class='ocrx_word' id='word_1_323' title='bbox 2856 2978 2957 3035; x_wconf 89' lang='lat' dir='ltr'>III.</span> <span class='ocrx_word' id='word_1_324' title='bbox 2992 2977 3254 3035; x_wconf 68' lang='lat' dir='ltr'>Caelestes.</span> 
     </span>
    </p>
   </div>
   <div class='ocr_carea' id='block_1_61' title="bbox 2233 3066 3815 3139">
    <p class='ocr_par' dir='ltr' id='par_1_61' title="bbox 2233 3066 3815 3139">
     <span class='ocr_line' id='line_1_61' title="bbox 2233 3066 3815 3139; baseline 0.001 -17"><span class='ocrx_word' id='word_1_325' title='bbox 2233 3067 2340 3132; x_wconf 90' lang='lat' dir='ltr'>Qui</span> <span class='ocrx_word' id='word_1_326' title='bbox 2367 3072 2419 3122; x_wconf 88' lang='lat' dir='ltr'>te</span> <span class='ocrx_word' id='word_1_327' title='bbox 2450 3066 2726 3122; x_wconf 90' lang='lat' dir='ltr'>volebant</span> <span class='ocrx_word' id='word_1_328' title='bbox 2766 3068 2839 3123; x_wconf 90' lang='lat' dir='ltr'>ad</span> <span class='ocrx_word' id='word_1_329' title='bbox 2897 3068 3183 3139; x_wconf 84' lang='lat' dir='ltr'>injustam</span> <span class='ocrx_word' id='word_1_330' title='bbox 3233 3067 3656 3123; x_wconf 87' lang='lat' dir='ltr'>mactationem</span> <span class='ocrx_word' id='word_1_331' title='bbox 3689 3086 3815 3123; x_wconf 88' lang='lat' dir='ltr'>ser-</span> 
     </span>
    </p>
   </div>
   <div class='ocr_carea' id='block_1_62' title="bbox 2163 3156 3812 3226">
    <p class='ocr_par' dir='ltr' id='par_1_62' title="bbox 2163 3156 3812 3226">
     <span class='ocr_line' id='line_1_62' title="bbox 2163 3156 3812 3226; baseline 0.001 -15"><span class='ocrx_word' id='word_1_332' title='bbox 2163 3174 2318 3224; x_wconf 87' lang='lat' dir='ltr'>vare,</span> <span class='ocrx_word' id='word_1_333' title='bbox 2351 3175 2385 3211; x_wconf 91' lang='lat' dir='ltr'>a</span> <span class='ocrx_word' id='word_1_334' title='bbox 2417 3163 2471 3211; x_wconf 91' lang='lat' dir='ltr'>te</span> <span class='ocrx_word' id='word_1_335' title='bbox 2503 3156 2576 3211; x_wconf 88' lang='lat' dir='ltr'>ad</span> <span class='ocrx_word' id='word_1_336' title='bbox 2609 3157 2786 3211; x_wconf 86' lang='lat' dir='ltr'>vitam</span> <span class='ocrx_word' id='word_1_337' title='bbox 2835 3164 3120 3212; x_wconf 73' lang='lat' dir='ltr'>mternam</span> <span class='ocrx_word' id='word_1_338' title='bbox 3167 3159 3380 3212; x_wconf 87' lang='lat' dir='ltr'>servati</span> <span class='ocrx_word' id='word_1_339' title='bbox 3412 3163 3570 3226; x_wconf 89' lang='lat' dir='ltr'>sunt,</span> <span class='ocrx_word' id='word_1_340' title='bbox 3604 3163 3663 3213; x_wconf 91' lang='lat' dir='ltr'>et</span> <span class='ocrx_word' id='word_1_341' title='bbox 3693 3160 3812 3212; x_wconf 91' lang='lat' dir='ltr'>Deo</span> 
     </span>
    </p>
   </div>
   <div class='ocr_carea' id='block_1_63' title="bbox 393 3242 2047 3360">
    <p class='ocr_par' dir='ltr' id='par_1_63' title="bbox 393 3245 2047 3330">
     <span class='ocr_line' id='line_1_63' title="bbox 393 3245 2047 3330; baseline -0.005 -20"><span class='ocrx_word' id='word_1_342' title='bbox 393 3257 788 3330; x_wconf 78' lang='grc' dir='ltr'>προσήχθησαν</span> <span class='ocrx_word' id='word_1_343' title='bbox 837 3256 1060 3328; x_wconf 88' lang='grc' dir='ltr'>θήραμα</span> <span class='ocrx_word' id='word_1_344' title='bbox 1121 3253 1272 3322; x_wconf 85' lang='grc' dir='ltr'>ζὼων</span> <span class='ocrx_word' id='word_1_345' title='bbox 1333 3249 1552 3324; x_wconf 83' lang='grc' dir='ltr'>ἀλόγων</span> <span class='ocrx_word' id='word_1_346' title='bbox 1612 3245 1816 3319; x_wconf 81' lang='grc' dir='ltr'>πολλῷ</span> <span class='ocrx_word' id='word_1_347' title='bbox 1845 3268 2047 3320; x_wconf 89' lang='grc' dir='ltr'>τιμιω-</span> 
     </span>
    </p>
   </div>
   <div class='ocr_carea' id='block_1_64' title="bbox 2187 3242 3811 3360">
    <p class='ocr_par' dir='ltr' id='par_1_64' title="bbox 2187 3242 3811 3360">
     <span class='ocr_line' id='line_1_64' title="bbox 2187 3242 3811 3305; baseline 0.003 -7"><span class='ocrx_word' id='word_1_348' title='bbox 2187 3248 2344 3303; x_wconf 68' lang='grc' dir='ltr'>ιῢιίιιὶ</span> <span class='ocrx_word' id='word_1_349' title='bbox 2405 3254 2544 3302; x_wconf 88' lang='lat' dir='ltr'>sunt</span> <span class='ocrx_word' id='word_1_350' title='bbox 2597 3248 2848 3303; x_wconf 69' lang='lat' dir='ltr'>victima)</span> <span class='ocrx_word' id='word_1_351' title='bbox 2912 3248 3121 3304; x_wconf 90' lang='lat' dir='ltr'>ovibus</span> <span class='ocrx_word' id='word_1_352' title='bbox 3177 3249 3410 3305; x_wconf 85' lang='lat' dir='ltr'>ratione</span> <span class='ocrx_word' id='word_1_353' title='bbox 3469 3242 3811 3304; x_wconf 82' lang='lat' dir='ltr'>carentibus</span> 
     </span>
     <span class='ocr_line' id='line_1_65' title="bbox 2187 3336 2674 3360; baseline 0 0"><span class='ocrx_word' id='word_1_354' title='bbox 2187 3337 2342 3360; x_wconf 67' lang='grc' dir='ltr'>---1ι-</span> <span class='ocrx_word' id='word_1_355' title='bbox 2393 3336 2674 3360; x_wconf 63' lang='grc' dir='ltr'>κ-..ι2-..,.-</span> 
     </span>
    </p>
   </div>
   <div class='ocr_carea' id='block_1_65' title="bbox 391 3342 1120 3417">
    <p class='ocr_par' dir='ltr' id='par_1_65' title="bbox 391 3342 1120 3417">
     <span class='ocr_line' id='line_1_66' title="bbox 391 3342 1120 3417; baseline -0.003 -17"><span class='ocrx_word' id='word_1_356' title='bbox 391 3344 571 3401; x_wconf 84' lang='grc' dir='ltr'>τάτων</span> <span class='ocrx_word' id='word_1_357' title='bbox 592 3349 672 3416; x_wconf 78' lang='grc' dir='ltr'>τῷ</span> <span class='ocrx_word' id='word_1_358' title='bbox 693 3342 1120 3417; x_wconf 84' lang='grc' dir='ltr'>Παντοκράτορι.</span> 
     </span>
    </p>
   </div>
   <div class='ocr_carea' id='block_1_66' title="bbox 469 3429 2049 3508">
    <p class='ocr_par' dir='ltr' id='par_1_66' title="bbox 469 3429 2049 3508">
     <span class='ocr_line' id='line_1_67' title="bbox 469 3429 2049 3508; baseline -0.004 -19"><span class='ocrx_word' id='word_1_359' title='bbox 469 3435 628 3508; x_wconf 73' lang='grc' dir='ltr'>Ὑπὲρ</span> <span class='ocrx_word' id='word_1_360' title='bbox 686 3432 872 3506; x_wconf 81' lang='grc' dir='ltr'>ἄμμον</span> <span class='ocrx_word' id='word_1_361' title='bbox 951 3431 1230 3502; x_wconf 76' lang='grc' dir='ltr'>θαλάσσης</span> <span class='ocrx_word' id='word_1_362' title='bbox 1277 3432 1347 3486; x_wconf 78' lang='grc' dir='ltr'>τὰ</span> <span class='ocrx_word' id='word_1_363' title='bbox 1399 3429 1483 3496; x_wconf 77' lang='grc' dir='ltr'>σά,</span> <span class='ocrx_word' id='word_1_364' title='bbox 1518 3430 1648 3506; x_wconf 74' lang='grc' dir='ltr'>σοφὲ</span> <span class='ocrx_word' id='word_1_365' title='bbox 1680 3476 1695 3501; x_wconf 88' lang='grc'>,</span> <span class='ocrx_word' id='word_1_366' title='bbox 1755 3429 2002 3501; x_wconf 71' lang='grc' dir='ltr'>θαύματα</span> <span class='ocrx_word' id='word_1_367' title='bbox 2036 3448 2049 3462; x_wconf 90' lang='grc'>·</span> 
     </span>
    </p>
   </div>
   <div class='ocr_carea' id='block_1_67' title="bbox 395 3518 2047 3595">
    <p class='ocr_par' dir='ltr' id='par_1_67' title="bbox 395 3518 2047 3595">
     <span class='ocr_line' id='line_1_68' title="bbox 395 3518 2047 3595; baseline -0.004 -18"><span class='ocrx_word' id='word_1_368' title='bbox 395 3522 585 3585; x_wconf 76' lang='grc' dir='ltr'>παύεις</span> <span class='ocrx_word' id='word_1_369' title='bbox 649 3525 750 3595; x_wconf 80' lang='grc' dir='ltr'>γάρ</span> <span class='ocrx_word' id='word_1_370' title='bbox 818 3524 1013 3594; x_wconf 73' lang='grc' dir='ltr'>ψυχῶν</span> <span class='ocrx_word' id='word_1_371' title='bbox 1081 3521 1172 3573; x_wconf 84' lang='grc' dir='ltr'>καὶ</span> <span class='ocrx_word' id='word_1_372' title='bbox 1243 3518 1514 3591; x_wconf 87' lang='grc' dir='ltr'>σωμάτων</span> <span class='ocrx_word' id='word_1_373' title='bbox 1585 3518 1730 3586; x_wconf 88' lang='grc' dir='ltr'>πάθη</span> <span class='ocrx_word' id='word_1_374' title='bbox 1800 3518 1993 3571; x_wconf 85' lang='grc' dir='ltr'>ἀνίατα</span> <span class='ocrx_word' id='word_1_375' title='bbox 2035 3535 2047 3548; x_wconf 91' lang='grc'>·</span> 
     </span>
    </p>
   </div>
   <div class='ocr_carea' id='block_1_68' title="bbox 398 3605 2051 3684">
    <p class='ocr_par' dir='ltr' id='par_1_68' title="bbox 398 3605 2051 3684">
     <span class='ocr_line' id='line_1_69' title="bbox 398 3605 2051 3684; baseline -0.004 -17"><span class='ocrx_word' id='word_1_376' title='bbox 398 3612 612 3683; x_wconf 80' lang='grc' dir='ltr'>λαιμῶν</span> <span class='ocrx_word' id='word_1_377' title='bbox 669 3611 965 3681; x_wconf 86' lang='grc' dir='ltr'>παθήματα</span> <span class='ocrx_word' id='word_1_378' title='bbox 1016 3609 1106 3662; x_wconf 88' lang='grc' dir='ltr'>καὶ</span> <span class='ocrx_word' id='word_1_379' title='bbox 1157 3607 1468 3684; x_wconf 76' lang='grc' dir='ltr'>φλεγμονὰς</span> <span class='ocrx_word' id='word_1_380' title='bbox 1517 3605 1782 3675; x_wconf 82' lang='grc' dir='ltr'>διαλύεις,</span> <span class='ocrx_word' id='word_1_381' title='bbox 1837 3607 1924 3660; x_wconf 82' lang='grc' dir='ltr'>καὶ</span> <span class='ocrx_word' id='word_1_382' title='bbox 1984 3609 2051 3660; x_wconf 78' lang='grc' dir='ltr'>τὰ</span> 
     </span>
    </p>
   </div>
   <div class='ocr_carea' id='block_1_69' title="bbox 397 3694 1530 3776">
    <p class='ocr_par' dir='ltr' id='par_1_69' title="bbox 397 3694 1530 3776">
     <span class='ocr_line' id='line_1_70' title="bbox 397 3694 1530 3776; baseline -0.004 -21"><span class='ocrx_word' id='word_1_383' title='bbox 397 3703 531 3756; x_wconf 85' lang='grc' dir='ltr'>κατὰ</span> <span class='ocrx_word' id='word_1_384' title='bbox 560 3701 659 3768; x_wconf 71' lang='grc' dir='ltr'>τὴν</span> <span class='ocrx_word' id='word_1_385' title='bbox 690 3700 938 3776; x_wconf 78' lang='grc' dir='ltr'>φάρυγγα</span> <span class='ocrx_word' id='word_1_386' title='bbox 969 3698 1242 3772; x_wconf 84' lang='grc' dir='ltr'>ξηραίνεις</span> <span class='ocrx_word' id='word_1_387' title='bbox 1271 3694 1530 3772; x_wconf 78' lang='grc' dir='ltr'>ῥεύματα.</span> 
     </span>
    </p>
   </div>
   <div class='ocr_carea' id='block_1_70' title="bbox 472 3785 1403 3862">
    <p class='ocr_par' dir='ltr' id='par_1_70' title="bbox 472 3785 1403 3862">
     <span class='ocr_line' id='line_1_71' title="bbox 472 3785 1403 3862; baseline -0.002 -18"><span class='ocrx_word' id='word_1_388' title='bbox 472 3785 792 3852; x_wconf 74' lang='grc' dir='ltr'>Σεϐαστείας</span> <span class='ocrx_word' id='word_1_389' title='bbox 821 3787 911 3841; x_wconf 89' lang='grc' dir='ltr'>τὸν</span> <span class='ocrx_word' id='word_1_390' title='bbox 940 3786 1201 3862; x_wconf 85' lang='grc' dir='ltr'>μέγαν....</span> <span class='ocrx_word' id='word_1_391' title='bbox 1237 3785 1403 3847; x_wconf 83' lang='grc' dir='ltr'>ὡς....</span> 
     </span>
    </p>
   </div>
   <div class='ocr_carea' id='block_1_71' title="bbox 466 3871 2048 3954">
    <p class='ocr_par' dir='ltr' id='par_1_71' title="bbox 466 3871 2048 3954">
     <span class='ocr_line' id='line_1_72' title="bbox 466 3871 2048 3954; baseline 0.004 -23"><span class='ocrx_word' id='word_1_392' title='bbox 466 3878 768 3954; x_wconf 81' lang='grc' dir='ltr'>Ἀγρυπνίᾳ</span> <span class='ocrx_word' id='word_1_393' title='bbox 826 3876 1060 3948; x_wconf 87' lang='grc' dir='ltr'>συντόνῳ</span> <span class='ocrx_word' id='word_1_394' title='bbox 1114 3876 1201 3930; x_wconf 83' lang='grc' dir='ltr'>καὶ</span> <span class='ocrx_word' id='word_1_395' title='bbox 1264 3877 1547 3948; x_wconf 80' lang='grc' dir='ltr'>προσευχῇ</span> <span class='ocrx_word' id='word_1_396' title='bbox 1603 3871 1834 3949; x_wconf 73' lang='grc' dir='ltr'>γέγονας</span> <span class='ocrx_word' id='word_1_397' title='bbox 1879 3873 2048 3936; x_wconf 81' lang='grc' dir='ltr'>τόπος</span> 
     </span>
    </p>
   </div>
   <div class='ocr_carea' id='block_1_72' title="bbox 396 3959 2049 4044">
    <p class='ocr_par' dir='ltr' id='par_1_72' title="bbox 396 3959 2049 4044">
     <span class='ocr_line' id='line_1_73' title="bbox 396 3959 2049 4044; baseline -0.004 -19"><span class='ocrx_word' id='word_1_398' title='bbox 396 3967 526 4044; x_wconf 76' lang='grc' dir='ltr'>ὅρος</span> <span class='ocrx_word' id='word_1_399' title='bbox 586 3973 664 4040; x_wconf 76' lang='grc' dir='ltr'>τῷ</span> <span class='ocrx_word' id='word_1_400' title='bbox 718 3970 905 4042; x_wconf 83' lang='grc' dir='ltr'>Κυρίῳ</span> <span class='ocrx_word' id='word_1_401' title='bbox 963 3965 1052 4021; x_wconf 85' lang='grc' dir='ltr'>καὶ</span> <span class='ocrx_word' id='word_1_402' title='bbox 1129 3969 1246 4037; x_wconf 84' lang='grc' dir='ltr'>Θεῷ</span> <span class='ocrx_word' id='word_1_403' title='bbox 1301 3959 1516 4020; x_wconf 74' lang='grc' dir='ltr'>Ἰακὼϐ·</span> <span class='ocrx_word' id='word_1_404' title='bbox 1574 3964 1724 4039; x_wconf 82' lang='grc' dir='ltr'>ἅγιον</span> <span class='ocrx_word' id='word_1_405' title='bbox 1784 3965 2049 4036; x_wconf 80' lang='grc' dir='ltr'>σκήνωμα</span> 
     </span>
    </p>
   </div>
   <div class='ocr_carea' id='block_1_73' title="bbox 393 4050 2050 4135">
    <p class='ocr_par' dir='ltr' id='par_1_73' title="bbox 393 4050 2050 4135">
     <span class='ocr_line' id='line_1_74' title="bbox 393 4050 2050 4135; baseline -0.005 -20"><span class='ocrx_word' id='word_1_406' title='bbox 393 4061 500 4135; x_wconf 83' lang='grc' dir='ltr'>γὰρ</span> <span class='ocrx_word' id='word_1_407' title='bbox 549 4060 636 4113; x_wconf 89' lang='grc' dir='ltr'>καὶ</span> <span class='ocrx_word' id='word_1_408' title='bbox 689 4060 932 4131; x_wconf 78' lang='grc' dir='ltr'>Πνεῦμα,</span> <span class='ocrx_word' id='word_1_409' title='bbox 980 4059 1014 4126; x_wconf 76' lang='grc' dir='ltr'>ἡ</span> <span class='ocrx_word' id='word_1_410' title='bbox 1049 4055 1218 4132; x_wconf 79' lang='grc' dir='ltr'>Τριὰς</span> <span class='ocrx_word' id='word_1_411' title='bbox 1277 4053 1582 4124; x_wconf 70' lang='grc' dir='ltr'>ἐσκήνωσεν</span> <span class='ocrx_word' id='word_1_412' title='bbox 1635 4051 1687 4108; x_wconf 82' lang='grc' dir='ltr'>ἐν</span> <span class='ocrx_word' id='word_1_413' title='bbox 1737 4056 1804 4126; x_wconf 79' lang='grc' dir='ltr'>τῇ</span> <span class='ocrx_word' id='word_1_414' title='bbox 1854 4050 2050 4125; x_wconf 77' lang='grc' dir='ltr'>καρδίᾳ</span> 
     </span>
    </p>
   </div>
   <div class='ocr_carea' id='block_1_74' title="bbox 391 4170 509 4206">
    <p class='ocr_par' dir='ltr' id='par_1_74' title="bbox 391 4170 509 4206">
     <span class='ocr_line' id='line_1_75' title="bbox 391 4170 509 4206; baseline 0.017 -2"><span class='ocrx_word' id='word_1_415' title='bbox 391 4170 509 4206; x_wconf 90' lang='grc' dir='ltr'>σου.</span> 
     </span>
    </p>
   </div>
   <div class='ocr_carea' id='block_1_75' title="bbox 463 4226 2046 4308">
    <p class='ocr_par' dir='ltr' id='par_1_75' title="bbox 463 4226 2046 4308">
     <span class='ocr_line' id='line_1_76' title="bbox 463 4226 2046 4308; baseline -0.005 -16"><span class='ocrx_word' id='word_1_416' title='bbox 463 4237 749 4292; x_wconf 87' lang='grc' dir='ltr'>Θεοτόκιον</span> <span class='ocrx_word' id='word_1_417' title='bbox 789 4281 802 4294; x_wconf 91' lang='grc'>.</span> <span class='ocrx_word' id='word_1_418' title='bbox 861 4267 929 4278; x_wconf 93' lang='lat'>--</span> <span class='ocrx_word' id='word_1_419' title='bbox 983 4232 1188 4308; x_wconf 86' lang='grc' dir='ltr'>Νοεράν</span> <span class='ocrx_word' id='word_1_420' title='bbox 1263 4253 1321 4287; x_wconf 91' lang='grc' dir='ltr'>σε</span> <span class='ocrx_word' id='word_1_421' title='bbox 1373 4226 1574 4286; x_wconf 80' lang='grc' dir='ltr'>λαϐίδα</span> <span class='ocrx_word' id='word_1_422' title='bbox 1628 4231 1718 4285; x_wconf 88' lang='grc' dir='ltr'>τὸν</span> <span class='ocrx_word' id='word_1_423' title='bbox 1781 4229 2046 4300; x_wconf 84' lang='grc' dir='ltr'>ἀληθινὸν</span> 
     </span>
    </p>
   </div>
   <div class='ocr_carea' id='block_1_76' title="bbox 387 4317 2047 4402">
    <p class='ocr_par' dir='ltr' id='par_1_76' title="bbox 387 4317 2047 4402">
     <span class='ocr_line' id='line_1_77' title="bbox 387 4317 2047 4402; baseline -0.005 -21"><span class='ocrx_word' id='word_1_424' title='bbox 387 4325 627 4400; x_wconf 74' lang='grc' dir='ltr'>ἄνθρακα</span> <span class='ocrx_word' id='word_1_425' title='bbox 687 4328 952 4402; x_wconf 72' lang='grc' dir='ltr'>φέρουσαν</span> <span class='ocrx_word' id='word_1_426' title='bbox 1008 4323 1237 4397; x_wconf 78' lang='grc' dir='ltr'>Χριστὸν</span> <span class='ocrx_word' id='word_1_427' title='bbox 1299 4320 1350 4376; x_wconf 85' lang='grc' dir='ltr'>ἐν</span> <span class='ocrx_word' id='word_1_428' title='bbox 1403 4319 1673 4396; x_wconf 84' lang='grc' dir='ltr'>ἀγκάλαις</span> <span class='ocrx_word' id='word_1_429' title='bbox 1759 4317 2047 4396; x_wconf 80' lang='grc' dir='ltr'>ἔγνωμεν,</span> 
     </span>
    </p>
   </div>
   <div class='ocr_carea' id='block_1_77' title="bbox 385 4405 2048 4489">
    <p class='ocr_par' dir='ltr' id='par_1_77' title="bbox 385 4405 2048 4489">
     <span class='ocr_line' id='line_1_78' title="bbox 385 4405 2048 4489; baseline -0.005 -20"><span class='ocrx_word' id='word_1_430' title='bbox 385 4415 674 4469; x_wconf 73' lang='grc' dir='ltr'>Δέσποινα·</span> <span class='ocrx_word' id='word_1_431' title='bbox 735 4412 786 4467; x_wconf 81' lang='grc' dir='ltr'>ἐν</span> <span class='ocrx_word' id='word_1_432' title='bbox 826 4412 872 4486; x_wconf 82' lang='grc' dir='ltr'>ᾧ</span> <span class='ocrx_word' id='word_1_433' title='bbox 902 4411 1234 4489; x_wconf 82' lang='grc' dir='ltr'>κατάφλεξον</span> <span class='ocrx_word' id='word_1_434' title='bbox 1288 4410 1355 4464; x_wconf 77' lang='grc' dir='ltr'>τὰ</span> <span class='ocrx_word' id='word_1_435' title='bbox 1401 4405 1727 4486; x_wconf 80' lang='grc' dir='ltr'>φρυγανώδη</span> <span class='ocrx_word' id='word_1_436' title='bbox 1789 4429 1893 4482; x_wconf 89' lang='grc' dir='ltr'>μου</span> <span class='ocrx_word' id='word_1_437' title='bbox 1943 4407 2048 4462; x_wconf 85' lang='grc' dir='ltr'>πά-</span> 
     </span>
    </p>
   </div>
   <div class='ocr_carea' id='block_1_78' title="bbox 383 4498 1626 4576">
    <p class='ocr_par' dir='ltr' id='par_1_78' title="bbox 383 4498 1626 4576">
     <span class='ocr_line' id='line_1_79' title="bbox 383 4498 1626 4576; baseline -0.003 -17"><span class='ocrx_word' id='word_1_438' title='bbox 383 4508 476 4574; x_wconf 89' lang='grc' dir='ltr'>θη,</span> <span class='ocrx_word' id='word_1_439' title='bbox 507 4503 598 4557; x_wconf 87' lang='grc' dir='ltr'>καὶ</span> <span class='ocrx_word' id='word_1_440' title='bbox 628 4503 722 4558; x_wconf 87' lang='grc' dir='ltr'>τὸν</span> <span class='ocrx_word' id='word_1_441' title='bbox 753 4506 875 4557; x_wconf 91' lang='grc' dir='ltr'>νοῦν</span> <span class='ocrx_word' id='word_1_442' title='bbox 910 4503 1142 4576; x_wconf 87' lang='grc' dir='ltr'>καθαρὸν</span> <span class='ocrx_word' id='word_1_443' title='bbox 1180 4498 1626 4573; x_wconf 78' lang='grc' dir='ltr'>ὑλομανήσαντα.</span> 
     </span>
    </p>
   </div>
   <div class='ocr_carea' id='block_1_79' title="bbox 781 4605 1645 4687">
    <p class='ocr_par' dir='ltr' id='par_1_79' title="bbox 781 4605 1645 4687">
     <span class='ocr_line' id='line_1_80' title="bbox 781 4605 1645 4687; baseline 0.001 -25"><span class='ocrx_word' id='word_1_444' title='bbox 781 4605 911 4687; x_wconf 77' lang='grc' dir='ltr'>ᾨδή</span> <span class='ocrx_word' id='word_1_445' title='bbox 957 4608 1027 4664; x_wconf 91' lang='grc' dir='ltr'>Δ’.</span> <span class='ocrx_word' id='word_1_446' title='bbox 1077 4607 1412 4678; x_wconf 86' lang='grc' dir='ltr'>Εἷσακήκοα,</span> <span class='ocrx_word' id='word_1_447' title='bbox 1465 4605 1645 4680; x_wconf 77' lang='grc' dir='ltr'>Κύριε.</span> 
     </span>
    </p>
   </div>
   <div class='ocr_carea' id='block_1_80' title="bbox 457 4693 2098 4774">
    <p class='ocr_par' dir='ltr' id='par_1_80' title="bbox 457 4693 2098 4774">
     <span class='ocr_line' id='line_1_81' title="bbox 457 4693 2098 4774; baseline -0.004 -20"><span class='ocrx_word' id='word_1_448' title='bbox 457 4693 752 4774; x_wconf 75' lang='grc' dir='ltr'>ἰ’περέϐης</span> <span class='ocrx_word' id='word_1_449' title='bbox 779 4698 878 4766; x_wconf 81' lang='grc' dir='ltr'>τήν</span> <span class='ocrx_word' id='word_1_450' title='bbox 911 4695 1157 4767; x_wconf 79' lang='grc' dir='ltr'>αἶ’σθησιν</span> <span class='ocrx_word' id='word_1_451' title='bbox 1205 4695 1295 4750; x_wconf 88' lang='grc' dir='ltr'>καὶ</span> <span class='ocrx_word' id='word_1_452' title='bbox 1344 4695 1434 4750; x_wconf 84' lang='grc' dir='ltr'>τὸν</span> <span class='ocrx_word' id='word_1_453' title='bbox 1486 4695 1854 4768; x_wconf 81' lang='grc' dir='ltr'>ὑπέραισχρον</span> <span class='ocrx_word' id='word_1_454' title='bbox 1891 4715 2034 4768; x_wconf 80' lang='grc' dir='ltr'>παρ·</span> <span class='ocrx_word' id='word_1_455' title='bbox 2074 4693 2098 4716; x_wconf 60' lang='grc'>¹⁷</span> 
     </span>
    </p>
   </div>
   <div class='ocr_carea' id='block_1_81' title="bbox 381 4783 2039 4866">
    <p class='ocr_par' dir='ltr' id='par_1_81' title="bbox 381 4783 2039 4866">
     <span class='ocr_line' id='line_1_82' title="bbox 381 4783 2039 4866; baseline -0.004 -22"><span class='ocrx_word' id='word_1_456' title='bbox 381 4793 712 4866; x_wconf 85' lang='grc' dir='ltr'>εχώρησας,</span> <span class='ocrx_word' id='word_1_457' title='bbox 777 4792 1009 4863; x_wconf 80' lang='grc' dir='ltr'>χρυσαῖς</span> <span class='ocrx_word' id='word_1_458' title='bbox 1068 4785 1317 4862; x_wconf 80' lang='grc' dir='ltr'>πτέρυξιν</span> <span class='ocrx_word' id='word_1_459' title='bbox 1369 4783 1668 4858; x_wconf 76' lang='grc' dir='ltr'>ἱπτάμενος</span> <span class='ocrx_word' id='word_1_460' title='bbox 1724 4786 1823 4854; x_wconf 73' lang='grc' dir='ltr'>τῆς</span> <span class='ocrx_word' id='word_1_461' title='bbox 1881 4784 2039 4859; x_wconf 79' lang='grc' dir='ltr'>ἱερω-</span> 
     </span>
    </p>
   </div>
   <div class='ocr_carea' id='block_1_82' title="bbox 380 4876 1016 4950">
    <p class='ocr_par' dir='ltr' id='par_1_82' title="bbox 380 4876 1016 4950">
     <span class='ocr_line' id='line_1_83' title="bbox 380 4876 1016 4950; baseline -0.008 -14"><span class='ocrx_word' id='word_1_462' title='bbox 380 4879 554 4950; x_wconf 81' lang='grc' dir='ltr'>σύνης</span> <span class='ocrx_word' id='word_1_463' title='bbox 585 4880 677 4934; x_wconf 90' lang='grc' dir='ltr'>καὶ</span> <span class='ocrx_word' id='word_1_464' title='bbox 708 4876 1016 4949; x_wconf 82' lang='grc' dir='ltr'>ἀθλήσεως.</span> 
     </span>
    </p>
   </div>
   <div class='ocr_carea' id='block_1_83' title="bbox 455 4961 2039 5043">
    <p class='ocr_par' dir='ltr' id='par_1_83' title="bbox 455 4961 2039 5043">
     <span class='ocr_line' id='line_1_84' title="bbox 455 4961 2039 5043; baseline -0.006 -17"><span class='ocrx_word' id='word_1_465' title='bbox 455 4971 757 5043; x_wconf 84' lang='grc' dir='ltr'>Μυροθήκη</span> <span class='ocrx_word' id='word_1_466' title='bbox 790 4968 1084 5043; x_wconf 87' lang='grc' dir='ltr'>γενόμενος</span> <span class='ocrx_word' id='word_1_467' title='bbox 1145 4964 1458 5038; x_wconf 80' lang='grc' dir='ltr'>Πνεόματος</span> <span class='ocrx_word' id='word_1_468' title='bbox 1495 4964 1646 5040; x_wconf 81' lang='grc' dir='ltr'>ἁγίου</span> <span class='ocrx_word' id='word_1_469' title='bbox 1693 4965 1781 5018; x_wconf 80' lang='grc' dir='ltr'>καὶ</span> <span class='ocrx_word' id='word_1_470' title='bbox 1835 4961 2039 5019; x_wconf 82' lang='grc' dir='ltr'>εὐωδία</span> 
     </span>
    </p>
   </div>
   <div class='ocr_carea' id='block_1_84' title="bbox 371 5053 2036 5134">
    <p class='ocr_par' dir='ltr' id='par_1_84' title="bbox 371 5053 2036 5134">
     <span class='ocr_line' id='line_1_85' title="bbox 371 5053 2036 5134; baseline -0.003 -21"><span class='ocrx_word' id='word_1_471' title='bbox 371 5063 637 5134; x_wconf 87' lang='grc' dir='ltr'>Χριστοῦ,</span> <span class='ocrx_word' id='word_1_472' title='bbox 667 5061 770 5127; x_wconf 75' lang='grc' dir='ltr'>τὴν</span> <span class='ocrx_word' id='word_1_473' title='bbox 802 5059 979 5131; x_wconf 75' lang='grc' dir='ltr'>ὀσμὴν</span> <span class='ocrx_word' id='word_1_474' title='bbox 1009 5065 1111 5128; x_wconf 83' lang='grc' dir='ltr'>τῆς</span> <span class='ocrx_word' id='word_1_475' title='bbox 1162 5055 1326 5112; x_wconf 81' lang='grc' dir='ltr'>αὐτοῦ</span> <span class='ocrx_word' id='word_1_476' title='bbox 1370 5055 1624 5131; x_wconf 87' lang='grc' dir='ltr'>γνώσεως</span> <span class='ocrx_word' id='word_1_477' title='bbox 1673 5053 1763 5108; x_wconf 85' lang='grc' dir='ltr'>καὶ</span> <span class='ocrx_word' id='word_1_478' title='bbox 1793 5058 1901 5109; x_wconf 88' lang='grc' dir='ltr'>τῶν</span> <span class='ocrx_word' id='word_1_479' title='bbox 1931 5075 2036 5108; x_wconf 83' lang='grc' dir='ltr'>πα-</span> 
     </span>
    </p>
   </div>
   <div class='ocr_carea' id='block_1_85' title="bbox 375 5142 914 5221">
    <p class='ocr_par' dir='ltr' id='par_1_85' title="bbox 375 5142 914 5221">
     <span class='ocr_line' id='line_1_86' title="bbox 375 5142 914 5221; baseline -0.002 -18"><span class='ocrx_word' id='word_1_480' title='bbox 375 5151 446 5218; x_wconf 89' lang='grc' dir='ltr'>θη</span> <span class='ocrx_word' id='word_1_481' title='bbox 459 5150 642 5221; x_wconf 85' lang='grc' dir='ltr'>μάτων</span> <span class='ocrx_word' id='word_1_482' title='bbox 674 5142 914 5209; x_wconf 77' lang='grc' dir='ltr'>ἔπεισας.</span> 
     </span>
    </p>
   </div>
   <div class='ocr_carea' id='block_1_86' title="bbox 454 5233 2033 5311">
    <p class='ocr_par' dir='ltr' id='par_1_86' title="bbox 454 5233 2033 5311">
     <span class='ocr_line' id='line_1_87' title="bbox 454 5233 2033 5311; baseline -0.003 -20"><span class='ocrx_word' id='word_1_483' title='bbox 454 5238 782 5310; x_wconf 87' lang='grc' dir='ltr'>Νοσυμένων</span> <span class='ocrx_word' id='word_1_484' title='bbox 835 5233 1122 5309; x_wconf 83' lang='grc' dir='ltr'>λυτήριον,</span> <span class='ocrx_word' id='word_1_485' title='bbox 1180 5255 1438 5307; x_wconf 88' lang='grc' dir='ltr'>πονηρων</span> <span class='ocrx_word' id='word_1_486' title='bbox 1489 5234 1811 5307; x_wconf 86' lang='grc' dir='ltr'>πνευμάτων</span> <span class='ocrx_word' id='word_1_487' title='bbox 1866 5253 2033 5311; x_wconf 76' lang='grc' dir='ltr'>φυγα-</span> 
     </span>
    </p>
   </div>
   <div class='ocr_carea' id='block_1_87' title="bbox 375 5322 2036 5401">
    <p class='ocr_par' dir='ltr' id='par_1_87' title="bbox 375 5322 2036 5401">
     <span class='ocr_line' id='line_1_88' title="bbox 375 5322 2036 5401; baseline -0.003 -18"><span class='ocrx_word' id='word_1_488' title='bbox 375 5327 663 5401; x_wconf 86' lang='grc' dir='ltr'>δευτήριον</span> <span class='ocrx_word' id='word_1_489' title='bbox 721 5325 812 5380; x_wconf 88' lang='grc' dir='ltr'>καὶ</span> <span class='ocrx_word' id='word_1_490' title='bbox 865 5322 1140 5398; x_wconf 84' lang='grc' dir='ltr'>δαιμόνων</span> <span class='ocrx_word' id='word_1_491' title='bbox 1201 5322 1320 5387; x_wconf 84' lang='grc' dir='ltr'>δέος</span> <span class='ocrx_word' id='word_1_492' title='bbox 1381 5324 1632 5380; x_wconf 77' lang='grc' dir='ltr'>ἄπεκτον</span> <span class='ocrx_word' id='word_1_493' title='bbox 1693 5322 1783 5378; x_wconf 84' lang='grc' dir='ltr'>καὶ</span> <span class='ocrx_word' id='word_1_494' title='bbox 1844 5324 2036 5400; x_wconf 82' lang='grc' dir='ltr'>βαρεῖα</span> 
     </span>
    </p>
   </div>
   <div class='ocr_carea' id='block_1_88' title="bbox 377 5411 1027 5492">
    <p class='ocr_par' dir='ltr' id='par_1_88' title="bbox 377 5411 1027 5492">
     <span class='ocr_line' id='line_1_89' title="bbox 377 5411 1027 5492; baseline -0.003 -22"><span class='ocrx_word' id='word_1_495' title='bbox 377 5415 572 5492; x_wconf 82' lang='grc' dir='ltr'>μάστιξ</span> <span class='ocrx_word' id='word_1_496' title='bbox 602 5416 664 5470; x_wconf 90' lang='grc' dir='ltr'>τὸ</span> <span class='ocrx_word' id='word_1_497' title='bbox 696 5416 788 5470; x_wconf 86' lang='grc' dir='ltr'>σὸν</span> <span class='ocrx_word' id='word_1_498' title='bbox 831 5411 1027 5487; x_wconf 78' lang='grc' dir='ltr'>ὄνομα.</span> 
     </span>
    </p>
   </div>
   <div class='ocr_carea' id='block_1_89' title="bbox 445 5497 2031 5579">
    <p class='ocr_par' dir='ltr' id='par_1_89' title="bbox 445 5497 2031 5579">
     <span class='ocr_line' id='line_1_90' title="bbox 445 5497 2031 5579; baseline -0.002 -18"><span class='ocrx_word' id='word_1_499' title='bbox 445 5507 533 5569; x_wconf 83' lang='grc' dir='ltr'>Ὦς</span> <span class='ocrx_word' id='word_1_500' title='bbox 593 5505 804 5579; x_wconf 72' lang='grc' dir='ltr'>ποιμὴν</span> <span class='ocrx_word' id='word_1_501' title='bbox 868 5503 965 5577; x_wconf 72' lang='grc' dir='ltr'>μέν</span> <span class='ocrx_word' id='word_1_502' title='bbox 1025 5501 1347 5577; x_wconf 81' lang='grc' dir='ltr'>ἐποίμανας,</span> <span class='ocrx_word' id='word_1_503' title='bbox 1410 5502 1606 5558; x_wconf 74' lang='grc' dir='ltr'>ἄνωθεν</span> <span class='ocrx_word' id='word_1_504' title='bbox 1653 5503 1727 5565; x_wconf 86' lang='grc' dir='ltr'>ὡς</span> <span class='ocrx_word' id='word_1_505' title='bbox 1783 5497 2031 5578; x_wconf 77' lang='grc' dir='ltr'>πρόϐατα</span> 
     </span>
    </p>
   </div>
   <div class='ocr_carea' id='block_1_90' title="bbox 366 5587 2028 5670">
    <p class='ocr_par' dir='ltr' id='par_1_90' title="bbox 366 5587 2028 5670">
     <span class='ocr_line' id='line_1_91' title="bbox 366 5587 2028 5670; baseline -0.004 -17"><span class='ocrx_word' id='word_1_506' title='bbox 366 5595 831 5669; x_wconf 84' lang='grc' dir='ltr'>ποιμαινόμενος,</span> <span class='ocrx_word' id='word_1_507' title='bbox 859 5597 940 5666; x_wconf 79' lang='grc' dir='ltr'>τῷ</span> <span class='ocrx_word' id='word_1_508' title='bbox 969 5595 1167 5658; x_wconf 79' lang='grc' dir='ltr'>τιθέντι</span> <span class='ocrx_word' id='word_1_509' title='bbox 1213 5591 1298 5656; x_wconf 75' lang='grc' dir='ltr'>δὲς</span> <span class='ocrx_word' id='word_1_510' title='bbox 1329 5594 1404 5656; x_wconf 86' lang='grc' dir='ltr'>ὡς</span> <span class='ocrx_word' id='word_1_511' title='bbox 1445 5587 1738 5669; x_wconf 73' lang='grc' dir='ltr'>πρόϐατον,</span> <span class='ocrx_word' id='word_1_512' title='bbox 1771 5592 1845 5654; x_wconf 88' lang='grc' dir='ltr'>ὠς</span> <span class='ocrx_word' id='word_1_513' title='bbox 1873 5593 2028 5670; x_wconf 87' lang='grc' dir='ltr'>κριὸς</span> 
     </span>
    </p>
   </div>
   <div class='ocr_carea' id='block_1_91' title="bbox 367 5683 1094 5762">
    <p class='ocr_par' dir='ltr' id='par_1_91' title="bbox 367 5683 1094 5762">
     <span class='ocr_line' id='line_1_92' title="bbox 367 5683 1094 5762; baseline 0 -22"><span class='ocrx_word' id='word_1_514' title='bbox 367 5684 782 5762; x_wconf 80' lang='grc' dir='ltr'>προσηνέχθης,</span> <span class='ocrx_word' id='word_1_515' title='bbox 814 5683 1094 5760; x_wconf 77' lang='grc' dir='ltr'>ἱερώτατε.</span> 
     </span>
    </p>
   </div>
   <div class='ocr_carea' id='block_1_92' title="bbox 443 5770 2023 5850">
    <p class='ocr_par' dir='ltr' id='par_1_92' title="bbox 443 5770 2023 5850">
     <span class='ocr_line' id='line_1_93' title="bbox 443 5770 2023 5850; baseline -0.002 -20"><span class='ocrx_word' id='word_1_516' title='bbox 443 5773 752 5832; x_wconf 81' lang='grc' dir='ltr'>Θεοτόκιον.</span> <span class='ocrx_word' id='word_1_517' title='bbox 789 5805 856 5815; x_wconf 91' lang='grc'><strong><em>-</em></strong></span> <span class='ocrx_word' id='word_1_518' title='bbox 884 5772 992 5830; x_wconf 86' lang='grc' dir='ltr'>Τὸν</span> <span class='ocrx_word' id='word_1_519' title='bbox 1046 5770 1102 5829; x_wconf 78' lang='grc' dir='ltr'>ἐν</span> <span class='ocrx_word' id='word_1_520' title='bbox 1133 5777 1294 5830; x_wconf 77' lang='grc' dir='ltr'>πᾶσιν</span> <span class='ocrx_word' id='word_1_521' title='bbox 1354 5771 1653 5850; x_wconf 83' lang='grc' dir='ltr'>ἀχώρητον</span> <span class='ocrx_word' id='word_1_522' title='bbox 1710 5772 2023 5848; x_wconf 78' lang='grc' dir='ltr'>ἀστενοχω-</span> 
     </span>
    </p>
   </div>
   <div class='ocr_carea' id='block_1_93' title="bbox 2158 3336 2698 3409">
    <p class='ocr_par' dir='ltr' id='par_1_93' title="bbox 2158 3336 2698 3409">
     <span class='ocr_line' id='line_1_94' title="bbox 2158 3336 2698 3409; baseline -0.004 -17"><span class='ocrx_word' id='word_1_523' title='bbox 2158 3337 2347 3392; x_wconf 88' lang='lat' dir='ltr'>multo</span> <span class='ocrx_word' id='word_1_524' title='bbox 2388 3336 2698 3409; x_wconf 79' lang='lat' dir='ltr'>gratiores.</span> 
     </span>
    </p>
   </div>
   <div class='ocr_carea' id='block_1_94' title="bbox 2230 3426 3807 3498">
    <p class='ocr_par' dir='ltr' id='par_1_94' title="bbox 2230 3426 3807 3498">
     <span class='ocr_line' id='line_1_95' title="bbox 2230 3426 3807 3498; baseline 0.002 -18"><span class='ocrx_word' id='word_1_525' title='bbox 2230 3428 2424 3480; x_wconf 89' lang='lat' dir='ltr'>Arena</span> <span class='ocrx_word' id='word_1_526' title='bbox 2457 3426 2638 3480; x_wconf 89' lang='lat' dir='ltr'>maris</span> <span class='ocrx_word' id='word_1_527' title='bbox 2670 3426 2844 3497; x_wconf 91' lang='lat' dir='ltr'>plura</span> <span class='ocrx_word' id='word_1_528' title='bbox 2888 3432 2988 3480; x_wconf 89' lang='lat' dir='ltr'>tua</span> <span class='ocrx_word' id='word_1_529' title='bbox 3033 3426 3320 3498; x_wconf 84' lang='lat' dir='ltr'>prodigia,</span> <span class='ocrx_word' id='word_1_530' title='bbox 3355 3427 3611 3498; x_wconf 89' lang='lat' dir='ltr'>sapiens.</span> <span class='ocrx_word' id='word_1_531' title='bbox 3662 3430 3807 3483; x_wconf 88' lang='lat' dir='ltr'>Nam</span> 
     </span>
    </p>
   </div>
   <div class='ocr_carea' id='block_1_95' title="bbox 2157 3515 3805 3586">
    <p class='ocr_par' dir='ltr' id='par_1_95' title="bbox 2157 3515 3805 3586">
     <span class='ocr_line' id='line_1_96' title="bbox 2157 3515 3805 3586; baseline 0.001 -16"><span class='ocrx_word' id='word_1_532' title='bbox 2157 3516 2495 3570; x_wconf 80' lang='lat' dir='ltr'>animarum</span> <span class='ocrx_word' id='word_1_533' title='bbox 2538 3531 2972 3586; x_wconf 89' lang='lat' dir='ltr'>corporumque</span> <span class='ocrx_word' id='word_1_534' title='bbox 3023 3515 3390 3571; x_wconf 90' lang='lat' dir='ltr'>insanabiles</span> <span class='ocrx_word' id='word_1_535' title='bbox 3440 3516 3681 3571; x_wconf 90' lang='lat' dir='ltr'>morbos</span> <span class='ocrx_word' id='word_1_536' title='bbox 3705 3535 3805 3572; x_wconf 89' lang='lat' dir='ltr'>cu-</span> 
     </span>
    </p>
   </div>
   <div class='ocr_carea' id='block_1_96' title="bbox 2156 3606 3817 3680">
    <p class='ocr_par' dir='ltr' id='par_1_96' title="bbox 2156 3606 3817 3680">
     <span class='ocr_line' id='line_1_97' title="bbox 2156 3606 3817 3680; baseline 0.002 -21"><span class='ocrx_word' id='word_1_537' title='bbox 2156 3623 2253 3659; x_wconf 90' lang='lat' dir='ltr'>ras</span> <span class='ocrx_word' id='word_1_538' title='bbox 2281 3624 2293 3672; x_wconf 91' lang='lat'>;</span> <span class='ocrx_word' id='word_1_539' title='bbox 2328 3607 2583 3677; x_wconf 81' lang='lat' dir='ltr'>gutturis</span> <span class='ocrx_word' id='word_1_540' title='bbox 2614 3606 2849 3661; x_wconf 89' lang='lat' dir='ltr'>dolores</span> <span class='ocrx_word' id='word_1_541' title='bbox 2875 3606 3052 3662; x_wconf 88' lang='lat' dir='ltr'>solvis</span> <span class='ocrx_word' id='word_1_542' title='bbox 3083 3611 3141 3661; x_wconf 89' lang='lat' dir='ltr'>et</span> <span class='ocrx_word' id='word_1_543' title='bbox 3168 3612 3451 3674; x_wconf 90' lang='lat' dir='ltr'>tumores,</span> <span class='ocrx_word' id='word_1_544' title='bbox 3473 3613 3531 3662; x_wconf 93' lang='lat' dir='ltr'>et</span> <span class='ocrx_word' id='word_1_545' title='bbox 3554 3607 3817 3680; x_wconf 83' lang='lat' dir='ltr'>laryngis</span> 
     </span>
    </p>
   </div>
   <div class='ocr_carea' id='block_1_97' title="bbox 2161 3694 2569 3750">
    <p class='ocr_par' dir='ltr' id='par_1_97' title="bbox 2161 3694 2569 3750">
     <span class='ocr_line' id='line_1_98' title="bbox 2161 3694 2569 3750; baseline 0.002 -2"><span class='ocrx_word' id='word_1_546' title='bbox 2161 3694 2323 3748; x_wconf 83' lang='lat' dir='ltr'>sistis</span> <span class='ocrx_word' id='word_1_547' title='bbox 2355 3695 2569 3750; x_wconf 81' lang='lat' dir='ltr'>ﬂuxus.</span> 
     </span>
    </p>
   </div>
   <div class='ocr_carea' id='block_1_98' title="bbox 2227 3873 3810 3945">
    <p class='ocr_par' dir='ltr' id='par_1_98' title="bbox 2227 3873 3810 3945">
     <span class='ocr_line' id='line_1_99' title="bbox 2227 3873 3810 3945; baseline 0.001 -17"><span class='ocrx_word' id='word_1_548' title='bbox 2227 3873 2498 3928; x_wconf 87' lang='lat' dir='ltr'>Assiduis</span> <span class='ocrx_word' id='word_1_549' title='bbox 2555 3873 2766 3945; x_wconf 81' lang='lat' dir='ltr'>vigiliis</span> <span class='ocrx_word' id='word_1_550' title='bbox 2826 3881 2884 3928; x_wconf 91' lang='lat' dir='ltr'>et</span> <span class='ocrx_word' id='word_1_551' title='bbox 2940 3874 3205 3928; x_wconf 89' lang='lat' dir='ltr'>oratione</span> <span class='ocrx_word' id='word_1_552' title='bbox 3259 3873 3450 3930; x_wconf 88' lang='lat' dir='ltr'>factus</span> <span class='ocrx_word' id='word_1_553' title='bbox 3510 3892 3573 3929; x_wconf 91' lang='lat' dir='ltr'>es</span> <span class='ocrx_word' id='word_1_554' title='bbox 3622 3874 3810 3941; x_wconf 90' lang='lat' dir='ltr'>locus,</span> 
     </span>
    </p>
   </div>
   <div class='ocr_carea' id='block_1_99' title="bbox 2155 3963 3814 4030">
    <p class='ocr_par' dir='ltr' id='par_1_99' title="bbox 2155 3963 3814 4030">
     <span class='ocr_line' id='line_1_100' title="bbox 2155 3963 3814 4030; baseline 0.001 -13"><span class='ocrx_word' id='word_1_555' title='bbox 2155 3980 2328 4017; x_wconf 89' lang='lat' dir='ltr'>mons</span> <span class='ocrx_word' id='word_1_556' title='bbox 2361 3963 2609 4018; x_wconf 90' lang='lat' dir='ltr'>Domino</span> <span class='ocrx_word' id='word_1_557' title='bbox 2643 3968 2700 4017; x_wconf 88' lang='lat' dir='ltr'>et</span> <span class='ocrx_word' id='word_1_558' title='bbox 2732 3965 2848 4019; x_wconf 89' lang='lat' dir='ltr'>Deo</span> <span class='ocrx_word' id='word_1_559' title='bbox 2879 3963 3053 4018; x_wconf 88' lang='lat' dir='ltr'>Jacob</span> <span class='ocrx_word' id='word_1_560' title='bbox 3081 3981 3094 4030; x_wconf 91' lang='lat'><strong>;</strong></span> <span class='ocrx_word' id='word_1_561' title='bbox 3128 3980 3269 4018; x_wconf 88' lang='lat' dir='ltr'>nam</span> <span class='ocrx_word' id='word_1_562' title='bbox 3303 3969 3577 4018; x_wconf 88' lang='lat' dir='ltr'>sanctum</span> <span class='ocrx_word' id='word_1_563' title='bbox 3609 3964 3814 4019; x_wconf 87' lang='lat' dir='ltr'>taber-</span> 
     </span>
    </p>
   </div>
   <div class='ocr_carea' id='block_1_100' title="bbox 2154 4052 3808 4124">
    <p class='ocr_par' dir='ltr' id='par_1_100' title="bbox 2154 4052 3808 4124">
     <span class='ocr_line' id='line_1_101' title="bbox 2154 4052 3808 4124; baseline 0.001 -18"><span class='ocrx_word' id='word_1_564' title='bbox 2154 4052 2434 4106; x_wconf 88' lang='lat' dir='ltr'>naculum</span> <span class='ocrx_word' id='word_1_565' title='bbox 2468 4059 2525 4106; x_wconf 91' lang='lat' dir='ltr'>et</span> <span class='ocrx_word' id='word_1_566' title='bbox 2550 4058 2790 4108; x_wconf 84' lang='lat' dir='ltr'>sanctus</span> <span class='ocrx_word' id='word_1_567' title='bbox 2821 4053 3094 4124; x_wconf 89' lang='lat' dir='ltr'>Spiritus,</span> <span class='ocrx_word' id='word_1_568' title='bbox 3127 4053 3380 4108; x_wconf 89' lang='lat' dir='ltr'>Trinitas</span> <span class='ocrx_word' id='word_1_569' title='bbox 3426 4053 3717 4108; x_wconf 88' lang='lat' dir='ltr'>habitavit</span> <span class='ocrx_word' id='word_1_570' title='bbox 3743 4053 3808 4108; x_wconf 90' lang='lat' dir='ltr'>in</span> 
     </span>
    </p>
   </div>
   <div class='ocr_carea' id='block_1_101' title="bbox 2151 4141 2480 4196">
    <p class='ocr_par' dir='ltr' id='par_1_101' title="bbox 2151 4141 2480 4196">
     <span class='ocr_line' id='line_1_102' title="bbox 2151 4141 2480 4196; baseline 0 -1"><span class='ocrx_word' id='word_1_571' title='bbox 2151 4141 2328 4196; x_wconf 89' lang='lat' dir='ltr'>corde</span> <span class='ocrx_word' id='word_1_572' title='bbox 2363 4146 2480 4195; x_wconf 86' lang='lat' dir='ltr'>tuo.</span> 
     </span>
    </p>
   </div>
   <div class='ocr_carea' id='block_1_102' title="bbox 2223 4231 3810 4305">
    <p class='ocr_par' dir='ltr' id='par_1_102' title="bbox 2223 4231 3810 4305">
     <span class='ocr_line' id='line_1_103' title="bbox 2223 4231 3810 4305; baseline 0.002 -21"><span class='ocrx_word' id='word_1_573' title='bbox 2223 4232 2499 4300; x_wconf 73' lang='lat' dir='ltr'>Deiparae.</span> <span class='ocrx_word' id='word_1_574' title='bbox 2537 4262 2600 4271; x_wconf 96' lang='lat'><strong>—</strong></span> <span class='ocrx_word' id='word_1_575' title='bbox 2633 4231 2971 4302; x_wconf 87' lang='lat' dir='ltr'>Supernum</span> <span class='ocrx_word' id='word_1_576' title='bbox 3008 4237 3062 4287; x_wconf 90' lang='lat' dir='ltr'>te</span> <span class='ocrx_word' id='word_1_577' title='bbox 3110 4249 3208 4288; x_wconf 88' lang='lat' dir='ltr'>vas</span> <span class='ocrx_word' id='word_1_578' title='bbox 3240 4232 3638 4305; x_wconf 88' lang='lat' dir='ltr'>agnoscimus,</span> <span class='ocrx_word' id='word_1_579' title='bbox 3695 4233 3810 4287; x_wconf 91' lang='lat' dir='ltr'>Do-</span> 
     </span>
    </p>
   </div>
   <div class='ocr_carea' id='block_1_103' title="bbox 2151 4320 3808 4390">
    <p class='ocr_par' dir='ltr' id='par_1_103' title="bbox 2151 4320 3808 4390">
     <span class='ocr_line' id='line_1_104' title="bbox 2151 4320 3808 4390; baseline 0.001 -16"><span class='ocrx_word' id='word_1_580' title='bbox 2151 4320 2334 4387; x_wconf 89' lang='lat' dir='ltr'>mina,</span> <span class='ocrx_word' id='word_1_581' title='bbox 2368 4337 2500 4390; x_wconf 81' lang='lat' dir='ltr'>quae</span> <span class='ocrx_word' id='word_1_582' title='bbox 2562 4337 2764 4375; x_wconf 89' lang='lat' dir='ltr'>verum</span> <span class='ocrx_word' id='word_1_583' title='bbox 2823 4322 3144 4376; x_wconf 88' lang='lat' dir='ltr'>carbonem</span> <span class='ocrx_word' id='word_1_584' title='bbox 3183 4322 3486 4376; x_wconf 88' lang='lat' dir='ltr'>Christum</span> <span class='ocrx_word' id='word_1_585' title='bbox 3530 4323 3591 4377; x_wconf 92' lang='lat' dir='ltr'>in</span> <span class='ocrx_word' id='word_1_586' title='bbox 3642 4322 3808 4376; x_wconf 92' lang='lat' dir='ltr'>ulnis</span> 
     </span>
    </p>
   </div>
   <div class='ocr_carea' id='block_1_104' title="bbox 2150 4409 3808 4482">
    <p class='ocr_par' dir='ltr' id='par_1_104' title="bbox 2150 4409 3808 4482">
     <span class='ocr_line' id='line_1_105' title="bbox 2150 4409 3808 4482; baseline 0.002 -20"><span class='ocrx_word' id='word_1_587' title='bbox 2150 4409 2396 4481; x_wconf 89' lang='lat' dir='ltr'>portasti</span> <span class='ocrx_word' id='word_1_588' title='bbox 2425 4429 2439 4478; x_wconf 91' lang='lat'><strong>;</strong></span> <span class='ocrx_word' id='word_1_589' title='bbox 2475 4409 2578 4464; x_wconf 92' lang='lat' dir='ltr'>illo</span> <span class='ocrx_word' id='word_1_590' title='bbox 2607 4410 2889 4465; x_wconf 91' lang='lat' dir='ltr'>combure</span> <span class='ocrx_word' id='word_1_591' title='bbox 2923 4412 3264 4466; x_wconf 88' lang='lat' dir='ltr'>surculosas</span> <span class='ocrx_word' id='word_1_592' title='bbox 3298 4427 3462 4466; x_wconf 91' lang='lat' dir='ltr'>meas</span> <span class='ocrx_word' id='word_1_593' title='bbox 3497 4411 3808 4482; x_wconf 89' lang='lat' dir='ltr'>passiones</span> 
     </span>
    </p>
   </div>
   <div class='ocr_carea' id='block_1_105' title="bbox 2152 4499 3267 4570">
    <p class='ocr_par' dir='ltr' id='par_1_105' title="bbox 2152 4499 3267 4570">
     <span class='ocr_line' id='line_1_106' title="bbox 2152 4499 3267 4570; baseline 0.003 -18"><span class='ocrx_word' id='word_1_594' title='bbox 2152 4516 2285 4570; x_wconf 83' lang='lat' dir='ltr'>quae</span> <span class='ocrx_word' id='word_1_595' title='bbox 2319 4500 2533 4554; x_wconf 67' lang='lat' dir='ltr'>anima:</span> <span class='ocrx_word' id='word_1_596' title='bbox 2567 4499 2888 4554; x_wconf 88' lang='lat' dir='ltr'>candorem</span> <span class='ocrx_word' id='word_1_597' title='bbox 2928 4500 3267 4570; x_wconf 90' lang='lat' dir='ltr'>inquinant.</span> 
     </span>
    </p>
   </div>
   <div class='ocr_carea' id='block_1_106' title="bbox 2543 4609 3408 4680">
    <p class='ocr_par' dir='ltr' id='par_1_106' title="bbox 2543 4609 3408 4680">
     <span class='ocr_line' id='line_1_107' title="bbox 2543 4609 3408 4680; baseline 0 -15"><span class='ocrx_word' id='word_1_598' title='bbox 2543 4609 2653 4665; x_wconf 87' lang='lat' dir='ltr'>Ode</span> <span class='ocrx_word' id='word_1_599' title='bbox 2677 4611 2774 4665; x_wconf 83' lang='lat' dir='ltr'>IV.</span> <span class='ocrx_word' id='word_1_600' title='bbox 2817 4611 3116 4680; x_wconf 70' lang='lat' dir='ltr'>Exaudivi,</span> <span class='ocrx_word' id='word_1_601' title='bbox 3161 4613 3408 4666; x_wconf 80' lang='lat' dir='ltr'>Domine.</span> 
     </span>
    </p>
   </div>
   <div class='ocr_carea' id='block_1_107' title="bbox 2219 4699 3809 4770">
    <p class='ocr_par' dir='ltr' id='par_1_107' title="bbox 2219 4699 3809 4770">
     <span class='ocr_line' id='line_1_108' title="bbox 2219 4699 3809 4770; baseline 0.001 -16"><span class='ocrx_word' id='word_1_602' title='bbox 2219 4700 2467 4754; x_wconf 89' lang='lat' dir='ltr'>Omnem</span> <span class='ocrx_word' id='word_1_603' title='bbox 2502 4716 2743 4753; x_wconf 88' lang='lat' dir='ltr'>sensum</span> <span class='ocrx_word' id='word_1_604' title='bbox 2777 4699 3092 4770; x_wconf 88' lang='lat' dir='ltr'>superasti,</span> <span class='ocrx_word' id='word_1_605' title='bbox 3117 4705 3175 4753; x_wconf 92' lang='lat' dir='ltr'>et</span> <span class='ocrx_word' id='word_1_606' title='bbox 3205 4699 3621 4770; x_wconf 88' lang='lat' dir='ltr'>turpissimum</span> <span class='ocrx_word' id='word_1_607' title='bbox 3645 4716 3809 4756; x_wconf 84' lang='lat' dir='ltr'>exce-</span> 
     </span>
    </p>
   </div>
   <div class='ocr_carea' id='block_1_108' title="bbox 2152 4789 3668 4862">
    <p class='ocr_par' dir='ltr' id='par_1_108' title="bbox 2152 4789 3668 4862">
     <span class='ocr_line' id='line_1_109' title="bbox 2152 4789 3668 4862; baseline 0 -18"><span class='ocrx_word' id='word_1_608' title='bbox 2152 4790 2310 4858; x_wconf 90' lang='lat' dir='ltr'>disti,</span> <span class='ocrx_word' id='word_1_609' title='bbox 2347 4789 2545 4844; x_wconf 90' lang='lat' dir='ltr'>aureis</span> <span class='ocrx_word' id='word_1_610' title='bbox 2577 4789 2894 4844; x_wconf 88' lang='lat' dir='ltr'>sacerdotii</span> <span class='ocrx_word' id='word_1_611' title='bbox 2928 4795 2986 4845; x_wconf 91' lang='lat' dir='ltr'>et</span> <span class='ocrx_word' id='word_1_612' title='bbox 3010 4790 3280 4862; x_wconf 84' lang='lat' dir='ltr'>martyrii</span> <span class='ocrx_word' id='word_1_613' title='bbox 3312 4791 3423 4846; x_wconf 89' lang='lat' dir='ltr'>alis</span> <span class='ocrx_word' id='word_1_614' title='bbox 3455 4791 3668 4846; x_wconf 85' lang='lat' dir='ltr'>elatus.</span> 
     </span>
    </p>
   </div>
   <div class='ocr_carea' id='block_1_109' title="bbox 2221 4970 3805 5044">
    <p class='ocr_par' dir='ltr' id='par_1_109' title="bbox 2221 4970 3805 5044">
     <span class='ocr_line' id='line_1_110' title="bbox 2221 4970 3805 5044; baseline 0.001 -19"><span class='ocrx_word' id='word_1_615' title='bbox 2221 4972 2599 5043; x_wconf 87' lang='lat' dir='ltr'>Unguentum</span> <span class='ocrx_word' id='word_1_616' title='bbox 2637 4970 2831 5025; x_wconf 89' lang='lat' dir='ltr'>factus</span> <span class='ocrx_word' id='word_1_617' title='bbox 2878 4971 3132 5041; x_wconf 83' lang='lat' dir='ltr'>Spiritus</span> <span class='ocrx_word' id='word_1_618' title='bbox 3176 4973 3362 5027; x_wconf 90' lang='lat' dir='ltr'>sancti</span> <span class='ocrx_word' id='word_1_619' title='bbox 3397 4977 3455 5026; x_wconf 92' lang='lat' dir='ltr'>et</span> <span class='ocrx_word' id='word_1_620' title='bbox 3483 4970 3805 5044; x_wconf 86' lang='lat' dir='ltr'>fragrantia</span> 
     </span>
    </p>
   </div>
   <div class='ocr_carea' id='block_1_110' title="bbox 2147 5059 3802 5133">
    <p class='ocr_par' dir='ltr' id='par_1_110' title="bbox 2147 5059 3802 5133">
     <span class='ocr_line' id='line_1_111' title="bbox 2147 5059 3802 5133; baseline 0.002 -20"><span class='ocrx_word' id='word_1_621' title='bbox 2147 5059 2384 5124; x_wconf 87' lang='lat' dir='ltr'>Christi,</span> <span class='ocrx_word' id='word_1_622' title='bbox 2408 5060 2634 5114; x_wconf 90' lang='lat' dir='ltr'>bonum</span> <span class='ocrx_word' id='word_1_623' title='bbox 2655 5059 2900 5115; x_wconf 85' lang='lat' dir='ltr'>odorem</span> <span class='ocrx_word' id='word_1_624' title='bbox 2927 5061 3188 5115; x_wconf 63' lang='lat' dir='ltr'>scientia:</span> <span class='ocrx_word' id='word_1_625' title='bbox 3216 5067 3274 5116; x_wconf 90' lang='lat' dir='ltr'>et</span> <span class='ocrx_word' id='word_1_626' title='bbox 3303 5061 3650 5132; x_wconf 90' lang='lat' dir='ltr'>passionum</span> <span class='ocrx_word' id='word_1_627' title='bbox 3672 5062 3802 5133; x_wconf 89' lang='lat' dir='ltr'>ejus</span> 
     </span>
    </p>
   </div>
   <div class='ocr_carea' id='block_1_111' title="bbox 2147 5148 2460 5206">
    <p class='ocr_par' dir='ltr' id='par_1_111' title="bbox 2147 5148 2460 5206">
     <span class='ocr_line' id='line_1_112' title="bbox 2147 5148 2460 5206; baseline 0.006 -2"><span class='ocrx_word' id='word_1_628' title='bbox 2147 5148 2460 5206; x_wconf 70' lang='lat' dir='ltr'>diﬁudisti.</span> 
     </span>
    </p>
   </div>
   <div class='ocr_carea' id='block_1_112' title="bbox 2216 5238 3798 5314">
    <p class='ocr_par' dir='ltr' id='par_1_112' title="bbox 2216 5238 3798 5314">
     <span class='ocr_line' id='line_1_113' title="bbox 2216 5238 3798 5314; baseline 0.003 -22"><span class='ocrx_word' id='word_1_629' title='bbox 2216 5239 2600 5293; x_wconf 84' lang='lat' dir='ltr'>Inﬁrmorum</span> <span class='ocrx_word' id='word_1_630' title='bbox 2633 5238 2814 5304; x_wconf 89' lang='lat' dir='ltr'>salus,</span> <span class='ocrx_word' id='word_1_631' title='bbox 2839 5238 3134 5294; x_wconf 88' lang='lat' dir='ltr'>malorum</span> <span class='ocrx_word' id='word_1_632' title='bbox 3158 5240 3475 5311; x_wconf 88' lang='lat' dir='ltr'>spirituum</span> <span class='ocrx_word' id='word_1_633' title='bbox 3507 5239 3798 5314; x_wconf 86' lang='lat' dir='ltr'>refugium</span> 
     </span>
    </p>
   </div>
   <div class='ocr_carea' id='block_1_113' title="bbox 2144 5327 3797 5402">
    <p class='ocr_par' dir='ltr' id='par_1_113' title="bbox 2144 5327 3797 5402">
     <span class='ocr_line' id='line_1_114' title="bbox 2144 5327 3797 5402; baseline 0.001 -19"><span class='ocrx_word' id='word_1_634' title='bbox 2144 5333 2202 5383; x_wconf 90' lang='lat' dir='ltr'>et</span> <span class='ocrx_word' id='word_1_635' title='bbox 2223 5328 2542 5383; x_wconf 71' lang='lat' dir='ltr'>daemonum</span> <span class='ocrx_word' id='word_1_636' title='bbox 2573 5333 2766 5383; x_wconf 89' lang='lat' dir='ltr'>terror</span> <span class='ocrx_word' id='word_1_637' title='bbox 2787 5327 3183 5384; x_wconf 89' lang='lat' dir='ltr'>intolerabilis</span> <span class='ocrx_word' id='word_1_638' title='bbox 3215 5335 3273 5383; x_wconf 90' lang='lat' dir='ltr'>et</span> <span class='ocrx_word' id='word_1_639' title='bbox 3293 5346 3462 5402; x_wconf 88' lang='lat' dir='ltr'>grave</span> <span class='ocrx_word' id='word_1_640' title='bbox 3494 5329 3797 5402; x_wconf 82' lang='lat' dir='ltr'>ﬂagellum</span> 
     </span>
    </p>
   </div>
   <div class='ocr_carea' id='block_1_114' title="bbox 2142 5421 2581 5472">
    <p class='ocr_par' dir='ltr' id='par_1_114' title="bbox 2142 5421 2581 5472">
     <span class='ocr_line' id='line_1_115' title="bbox 2142 5421 2581 5472; baseline 0 0"><span class='ocrx_word' id='word_1_641' title='bbox 2142 5421 2308 5472; x_wconf 88' lang='lat' dir='ltr'>tuum</span> <span class='ocrx_word' id='word_1_642' title='bbox 2340 5433 2581 5472; x_wconf 91' lang='lat' dir='ltr'>nomen.</span> 
     </span>
    </p>
   </div>
   <div class='ocr_carea' id='block_1_115' title="bbox 2212 5506 3796 5580">
    <p class='ocr_par' dir='ltr' id='par_1_115' title="bbox 2212 5506 3796 5580">
     <span class='ocr_line' id='line_1_116' title="bbox 2212 5506 3796 5580; baseline 0.001 -18"><span class='ocrx_word' id='word_1_643' title='bbox 2212 5509 2330 5562; x_wconf 92' lang='lat' dir='ltr'>Ceu</span> <span class='ocrx_word' id='word_1_644' title='bbox 2361 5513 2563 5579; x_wconf 90' lang='lat' dir='ltr'>pastor</span> <span class='ocrx_word' id='word_1_645' title='bbox 2593 5523 2832 5580; x_wconf 85' lang='lat' dir='ltr'>gregem</span> <span class='ocrx_word' id='word_1_646' title='bbox 2862 5507 3089 5576; x_wconf 85' lang='lat' dir='ltr'>rexisti,</span> <span class='ocrx_word' id='word_1_647' title='bbox 3124 5507 3441 5564; x_wconf 83' lang='lat' dir='ltr'>desursum</span> <span class='ocrx_word' id='word_1_648' title='bbox 3470 5506 3632 5563; x_wconf 87' lang='lat' dir='ltr'>velut</span> <span class='ocrx_word' id='word_1_649' title='bbox 3660 5524 3796 5564; x_wconf 83' lang='lat' dir='ltr'>oves</span> 
     </span>
    </p>
   </div>
   <div class='ocr_carea' id='block_1_116' title="bbox 2138 5597 3795 5670">
    <p class='ocr_par' dir='ltr' id='par_1_116' title="bbox 2138 5597 3795 5670">
     <span class='ocr_line' id='line_1_117' title="bbox 2138 5597 3795 5670; baseline 0.001 -17"><span class='ocrx_word' id='word_1_650' title='bbox 2138 5614 2413 5670; x_wconf 89' lang='lat' dir='ltr'>pascens,</span> <span class='ocrx_word' id='word_1_651' title='bbox 2465 5597 2716 5652; x_wconf 86' lang='lat' dir='ltr'>Domino</span> <span class='ocrx_word' id='word_1_652' title='bbox 2769 5602 2970 5653; x_wconf 90' lang='lat' dir='ltr'>autem</span> <span class='ocrx_word' id='word_1_653' title='bbox 3012 5602 3297 5669; x_wconf 86' lang='lat' dir='ltr'>tanquam</span> <span class='ocrx_word' id='word_1_654' title='bbox 3337 5598 3459 5654; x_wconf 88' lang='lat' dir='ltr'>ovis</span> <span class='ocrx_word' id='word_1_655' title='bbox 3507 5602 3612 5654; x_wconf 85' lang='lat' dir='ltr'>aut</span> <span class='ocrx_word' id='word_1_656' title='bbox 3640 5598 3795 5654; x_wconf 84' lang='lat' dir='ltr'>aries</span> 
     </span>
    </p>
   </div>
   <div class='ocr_carea' id='block_1_117' title="bbox 2140 5686 2897 5743">
    <p class='ocr_par' dir='ltr' id='par_1_117' title="bbox 2140 5686 2897 5743">
     <span class='ocr_line' id='line_1_118' title="bbox 2140 5686 2897 5743; baseline -0.001 0"><span class='ocrx_word' id='word_1_657' title='bbox 2140 5687 2376 5743; x_wconf 91' lang='lat' dir='ltr'>oblatus</span> <span class='ocrx_word' id='word_1_658' title='bbox 2407 5703 2468 5742; x_wconf 92' lang='lat' dir='ltr'>es</span> <span class='ocrx_word' id='word_1_659' title='bbox 2500 5686 2897 5742; x_wconf 86' lang='lat' dir='ltr'>sanctissime.</span> 
     </span>
    </p>
   </div>
   <div class='ocr_carea' id='block_1_118' title="bbox 2207 5775 3790 5848">
    <p class='ocr_par' dir='ltr' id='par_1_118' title="bbox 2207 5775 3790 5848">
     <span class='ocr_line' id='line_1_119' title="bbox 2207 5775 3790 5848; baseline 0.001 -15"><span class='ocrx_word' id='word_1_660' title='bbox 2207 5777 2475 5848; x_wconf 70' lang='lat' dir='ltr'>Deipam.</span> <span class='ocrx_word' id='word_1_661' title='bbox 2509 5805 2571 5818; x_wconf 89' lang='lat'><strong>-</strong></span> <span class='ocrx_word' id='word_1_662' title='bbox 2597 5775 2789 5832; x_wconf 86' lang='lat' dir='ltr'>Nullis</span> <span class='ocrx_word' id='word_1_663' title='bbox 2815 5775 3108 5833; x_wconf 86' lang='lat' dir='ltr'>limitibus</span> <span class='ocrx_word' id='word_1_664' title='bbox 3138 5777 3523 5837; x_wconf 81' lang='lat' dir='ltr'>terminatum</span> <span class='ocrx_word' id='word_1_665' title='bbox 3546 5781 3606 5836; x_wconf 85' lang='lat' dir='ltr'>et</span> <span class='ocrx_word' id='word_1_666' title='bbox 3624 5778 3790 5838; x_wconf 71' lang='lat' dir='ltr'>cmlis</span> 
     </span>
    </p>
   </div>
  </div>
