4120 6422
385 419 523 479 1403
1904 410 2053 464 ΔΒῙ)

2182 413 2275 467 )Δ.
3690 407 3872 465 μοι

376 547 674 612 latiorem,
710 543 904 616 Virgo,
938 541 1088 597 mire
1124 537 1454 610 eoncepisti
1482 553 1496 603 ;
1522 541 1580 592 et
1597 541 1664 592 ut
1684 536 1878 592 bonus
1899 553 2046 607 prae-

2182 537 2337 606 ιήτως
2372 581 2387 604 ,
2444 537 2590 613 Κόρη
2627 583 2641 608 ,
2711 536 3002 614 ἐχώρησας
3059 535 3297 612 οὐρανῶν
3354 533 3860 613 εὐρυχωρότερον

375 641 582 708 oeptor
611 636 909 691 innocuos
941 630 1124 686 simul
1157 635 1216 684 et
1244 627 1612 700 negligentes
1644 643 1882 698 pueros.
1919 667 1932 680 .
1971 667 1983 679 .
2019 665 2033 680 .

2187 625 2282 702 πὲρ
2312 629 2460 681 νοῦν⁶
2502 629 2593 682 καὶ
2635 627 2709 692 ὡς
2760 626 2930 688 καλὸς
2977 621 3343 703 παιδοτρίϐης
3392 624 3568 681 ἅκακα
3620 621 3870 680 παιδία

2141 715 2233 770 καὶ
2270 716 2443 790 βρέφη
2476 713 2730 788 ἀκηδῆ...

2853 821 2982 904 ᾨδή
3015 824 3092 881 a'.

2211 933 2325 988 Ἰνα
2351 929 2404 986 τί
2459 953 2526 1004 με
2583 933 2900 1006 χρήματι...
2958 935 3039 1004 τῷ
3087 935 3203 1003 Θεῷ
3259 930 3537 1004 προσῆξας
3587 931 3850 1006 καθαρὰ

2143 1021 2219 1083 ὡς
2249 1021 2409 1096 ἀρνία
2437 1021 2526 1077 καὶ
2585 1019 2792 1095 ὂίμωμα
2842 1020 3294 1086 ἀλοκαυτωθὲντα
3351 1017 3443 1075 δῖἀ
3473 1021 3652 1095 πυρὸς
3688 1042 3848 1076 και-

2143 1116 2238 1167 νοῦ
2267 1115 2364 1166 τοῦ
2396 1111 2577 1190 ξίφη..
2611 1113 2788 1186 ὀσμήν
2822 1109 3049 1174 εὐωδίας
3074 1116 3155 1184 τῷ
3188 1111 3434 1169 Κτίσαντι
3472 1131 3486 1182 ;

2217 1203 2543 1277 Νυσταγμὸν
2607 1202 2876 1277 ῥᾳθυμίας
2923 1201 3386 1274 ἀποτιναξάμενος
3445 1203 3553 1257 ἀπὸ
3599 1199 3860 1278 βλεφά-

1095 825 1208 882 Ode
1253 825 1319 881 V.

461 940 534 995 Ut
560 953 656 994 me
687 935 925 992 divitiis.
960 975 973 989 .
1004 975 1019 988 .
1054 935 1172 988 Deo
1214 931 1480 987 obtulisti
1511 929 2041 986 velutinnocentes

382 1045 568 1102 agnos
595 1032 653 1082 et
679 1040 935 1090 amoma,
971 1040 1077 1095 per
1117 1037 1333 1076 novum
1389 1021 1609 1094 ignem,
1642 1037 1748 1092 per
1777 1017 2041 1092 gladium

382 1118 647 1186 incensa,
690 1115 935 1169 odorem
968 1111 1308 1182 fragrantiae
1340 1110 1610 1164 Domino.

455 1207 740 1262 Somnum
790 1202 1168 1276 negligentia)
1213 1200 1285 1255 ab
1337 1199 1527 1254 oculis
1576 1199 1904 1263 excutiens;
1939 1196 2041 1251 diu

382 1301 680 1366 noctuque
713 1295 830 1348 Deo
879 1289 1265 1357 inserviebas,
1318 1288 1593 1360 precibus
1631 1287 1916 1342 continuo
1949 1286 2042 1340 in-

383 1383 669 1456 dulgebas
701 1387 760 1437 et
800 1380 1048 1452 psalmis
1083 1384 1143 1433 et
1183 1378 1444 1450 hymnis,
1497 1376 1645 1431 tibia
1686 1375 1920 1430 Domini
1953 1374 2041 1429 fa-

387 1478 538 1529 ctus.

456 1556 1258 1624 Omnemlaboremlevabas,
1278 1571 1518 1610 omnem
1547 1553 1962 1608 infirmitatem
1985 1556 2044 1605 et

386 1651 662 1706 morbum
695 1648 986 1713 sanabas;
1045 1647 1144 1718 qui
1195 1661 1385 1716 usque
1437 1643 1509 1699 ad
1560 1649 1616 1697 te
1659 1646 2044 1698 accesserunt

2147 1312 2254 1368 ρων
2286 1312 2404 1364 σου,
2436 1290 2781 1368 πανημέριός
2837 1311 2896 1346 τε
2951 1291 3042 1346 καὶ
3103 1289 3405 1365 παννύχιος
3461 1296 3580 1364 Θεῷ
3636 1311 3860 1366 προσ-

2145 1379 2396 1454 ήδρευες,
2441 1388 2776 1457 προσευχαῖς
2828 1379 3118 1457 σχολάζων
3151 1378 3521 1455 ὲπαγρύπνοις
3555 1379 3847 1454 ψαλμοῖς

2145 1468 2235 1525 καὶ
2265 1469 2480 1542 ὕμνοις,
2511 1469 2599 1524 καὶ
2634 1467 2800 1534 ἄυλος
2827 1468 2974 1540 αὐτῷ
3013 1467 3429 1542 συγγενόμενος.

2219 1560 2397 1617 Πάντα
2428 1558 2592 1615 πόνον
2641 1560 2936 1639 κουφίζων,
2970 1565 3142 1614 πᾶσαν
3199 1558 3466 1633 μαλακίαν
3519 1559 3610 1614 καὶ
3647 1558 3842 1614 νόσον

2149 1647 2404 1722 ἰώμενος,
2431 1648 2559 1711 τοὺς
2591 1647 3032 1724 προστρέχοντάς
3091 1667 3176 1701 σοι
3232 1645 3302 1702 δι’
3335 1646 3508 1723 εὐχῆς
3540 1647 3633 1702 καὶ
3665 1645 3844 1724 ἁφῆς

385 1741 533 1795 votis
566 1746 624 1796 et
653 1755 834 1793 manu
865 1736 1217 1791 reﬁciebas:
1253 1751 1391 1789 nam
1421 1733 1603 1806 gratis
1649 1732 1952 1803 accepisti,
1986 1735 2044 1784 et

2182 1740 2486 1813 θεράπευες·
2549 1735 2756 1814 δωρεάν
2818 1732 3002 1792 λαϐὼν
3032 1736 3161 1812 γὰρ,
3189 1736 3276 1790 καὶ
3335 1732 3543 1810 δωρεὰν
3595 1733 3849 1798 ἐδίδους

383 1827 567 1901 gratis
598 1827 836 1895 dedisti,
868 1826 1027 1880 velut
1059 1825 1351 1896 ingenuus
1369 1821 1584 1877 Christi
1616 1820 1967 1892 discipulus.

2182 1833 2300 1896 τᾶσι,
2335 1827 2410 1891 ὡς
2435 1828 2671 1901 Χριστοῦ
2706 1827 2956 1900 μαθητὴς
2973 1826 3368 1901 γνησιώτατος.

461 1917 752 1973 Laborum
782 1921 1020 1970 tuorum
1050 1914 1277 1968 fructus
1309 1912 1534 1983 spicam
1585 1909 1851 1980 martyrii
1902 1924 2037 1980 pre-

2215 1917 2277 1973 Ὁ
2304 1920 2412 1971 τῶν
2445 1915 2625 1971 πόνων
2655 1937 2750 1971 σου
2785 1915 2994 1990 καρπὸς
3041 1915 3245 1988 στάχυν
3299 1911 3602 1988 μαρτυρίου
3632 1908 3834 1968 ἐϐλά-

382 2007 558 2076 fudit,
593 2006 769 2072 Blasi,
802 2005 1108 2077 plagarum
1139 2003 1288 2057 falce
1320 2000 1661 2072 decerptam
1695 1999 1833 2054 etin
1862 1998 2039 2054 caelo-

2182 2026 2332 2076 τησε,
2393 2003 2609 2075 Βλάσιε,
2667 2005 2938 2077 αἰκισμῶν
2999 2001 3238 2078 δρεπάνῃ
3299 2003 3655 2076 θεριζόμενον
3729 2002 3835 2056 καὶ

384 2113 519 2152 rum
555 2097 764 2150 horreo
785 2094 1118 2160 collectam,
1144 2097 1203 2146 et
1232 2091 1480 2146 Domino
1512 2090 1573 2144 iu
1605 2106 1818 2160 panem
1853 2088 2042 2160 puris-

2182 2094 2507 2170 υναγόμενον
2541 2094 2616 2156 εἷς
2656 2095 2938 2164 ἀποθήκας
2979 2096 3087 2146 τῶν
3130 2091 3399 2166 οὐρανῶν,
3447 2089 3540 2145 καὶ
3565 2095 3649 2162 τῷ
3680 2099 3830 2145 Δεσ-

387 2187 607 2243 simum
638 2187 1116 2240 transmutatam.

2182 2187 2287 2259 ῖότῃ
2316 2186 2696 2260 καθαρώτατον
2729 2180 2893 2258 ἄρτον
2915 2181 3227 2258 γινόμενον.

460 2277 732 2345 Βεὶρανεε.
766 2305 835 2314 ——
865 2274 1032 2327 Nunc
1063 2276 1118 2326 te
1158 2270 1414 2335 beatam,
1448 2268 1853 2333 Sanctissima,
1881 2267 2042 2321 cele-

2219 2274 2506 2330 Θεοτόκιον
2542 2318 2554 2332 .
2619 2307 2683 2318 -
2741 2275 2850 2331 Νῦν
2905 2293 2963 2328 σε
2998 2315 3013 2342 ,
3076 2271 3338 2344 Πάναγνε,
3398 2275 3564 2325 πᾶσαι
3626 2271 3834 2346 γενεαὶ

389 2365 569 2420 brent
599 2378 807 2418 omnes
827 2360 1279 2434 generationum
1312 2357 1747 2431 generationes.
1773 2359 1916 2412 Nam
1940 2355 2040 2427 qui

2184 2368 2342 2420 ενεῶν
2399 2363 2756 2440 μακαρίζουσι
2793 2408 2808 2433 ,
2873 2361 3136 2437 μακαρίαν
3198 2359 3381 2416 οὖσαν
3442 2361 3470 2415 ὁ
3537 2358 3832 2434 μακάριος

393 2452 561 2508 solus
591 2451 801 2506 beatus
834 2450 1140 2517 Dominus,
1173 2463 1268 2503 me
1299 2465 1334 2503 a
1362 2447 1703 2502 daemonum
1753 2451 2043 2518 potestate

2182 2455 2318 2517 ιόνος
2379 2453 2658 2525 Δεσπότης
2715 2454 2818 2529 γάρ
2879 2452 3016 2508 κατά
3088 2449 3400 2512 δυναστείας
3457 2447 3832 2523 ίδαιμονικῆς

395 2541 672 2610 liberato,
702 2539 1171 2611 benignissimus
1202 2554 1309 2608 per
1341 2541 1394 2590 te
1426 2536 1720 2608 apparuit.

1092 2655 1202 2710 Ode
1239 2656 1333 2710 VI.

469 2766 542 2821 Ut
572 2764 718 2820 olim
749 2763 928 2834 piscis
954 2763 1188 2834 spinam
1213 2762 1380 2834 pueri
1413 2761 1635 2834 gutturi
1659 2761 1907 2816 infixam
1939 2760 2049 2814 eri-

397 2854 602 2928 puisti,
637 2854 722 2909 sic
751 2858 808 2908 et
837 2869 996 2908 nunc
1026 2869 1060 2908 a
1081 2852 1448 2923 voluptatum
1473 2851 1664 2924 spina,
1689 2851 1848 2905 velut
1877 2856 2051 2906 acuta

401 2946 613 3018 sagitta
643 2944 704 2998 in
736 2943 1004 2998 animum
1027 2942 1319 3010 immissa,
1342 2941 1534 2996 libera
1553 2957 1648 2996 me
1670 2957 1776 3012 per
1803 2956 2050 2996 manum

398 3038 563 3090 tuam
596 3033 902 3088 intactam.

473 3209 847 3265 Mortalitatis
875 3214 1069 3264 vestes
1100 3208 1382 3275 coriacas,
1417 3213 1475 3263 et
1504 3207 1780 3262 interitus
1811 3223 2052 3262 sensum

2152 2541 2423 2622 ῥυόμενὸς
2453 2567 2538 2618 με,
2572 2541 2662 2600 διὰ
2689 2549 2786 2599 σοῦ
2817 2542 3207 2622 φιλάνθρωπος
3241 2540 3523 2619 ἐπέφανεν.

2869 2657 3002 2739 ᾨδὴ
3031 2661 3091 2729 ζ’.

2223 2771 2312 2832 Ὠς
2367 2767 2538 2824 πάλαι
2595 2769 2693 2838 τήν
2751 2765 2848 2822 τοῦ
2906 2766 3102 2842 ἰχθύος
3182 2769 3415 2830 ἄκανθαν
3473 2764 3814 2842 ἑμπαγεῖσαι

2151 2863 2231 2930 τῷ
2287 2856 2475 2932 λαιμῷ
2527 2861 2625 2912 τοῦ
2685 2854 2948 2926 παιδίου,
3008 2854 3151 2911 οὕτω
3206 2855 3297 2911 καὶ
3345 2859 3437 2910 νῦν
3499 2855 3574 2918 ὡς
3638 2854 3825 2925 ὀξεῖαν

2159 2945 2431 3023 β[ολίδα]
2485 2945 2539 3001 ἐν
2596 2950 2677 3018 τῷ
2733 2944 2924 3018 λαιμῷ
2974 2947 3073 3014 τῆς
3127 2947 3315 3022 ψυχῆς
3374 2943 3669 3018 ἰσταμὲνου
3722 2964 3822 2998 σου

2152 3037 2252 3104 τὴν
2311 3035 2538 3100 ἄκανθαν
2591 3038 2700 3090 τῶν
2759 3031 2974 3104 ἡδολῶν
3011 3078 3025 3104 ,
3081 3033 3273 3109 ἀναιρεῖ
3344 3032 3523 3110 ἒπαφῃ
3579 3053 3679 3088 σου
3730 3032 3812 3103 ἐξ·

2157 3123 2369 3182 ἑλαυνε.

2232 3217 2568 3291 Νεκρώσεως
2628 3211 2984 3290 δερματίνους
3055 3215 3296 3288 χιτῶνας
3353 3211 3446 3266 καὶ
3521 3211 3586 3266 τὸ
3645 3210 3812 3268 πάθος

402 3299 619 3358 exuisti
655 3316 669 3365 ;
699 3299 916 3353 amictu
948 3297 1238 3369 deposito,
1279 3297 1528 3369 gloriam
1561 3296 1810 3368 adeptus
1843 3313 1906 3350 es
1945 3313 2051 3368 per

2182 3307 2259 3370 τῆς
2316 3281 2520 3382 ιρθορᾶς
2574 3281 2799 3376 ἐξεδύςω
2855 3281 3199 3372 καταπολήν
3255 3301 3445 3380 ἀφεὶς,
3501 3299 3594 3356 καὶ
3657 3297 3819 3369 δόξης

403 3388 736 3446 nuditatem
763 3405 776 3454 ;
807 3403 945 3441 nam
997 3385 1194 3440 nudus
1225 3385 1297 3440 ad
1326 3385 1589 3442 tabulam
1638 3384 1913 3456 alligatus
1942 3401 2054 3440 un-

403 3479 559 3554 gulis
591 3477 912 3534 dilacertus
935 3493 995 3532 es
1025 3477 1231 3532 latera.

481 3659 672 3714 Mollis
703 3662 762 3713 et
791 3657 1033 3712 infirma
1063 3656 1281 3712 mulier
1310 3673 1641 3727 pugnarum
1675 3660 1908 3710 tuarum
1943 3655 2058 3709 vir-

409 3755 534 3805 tute
566 3749 841 3803 roborata
872 3753 982 3813 est,
1016 3752 1074 3802 et
1111 3746 1360 3800 viriliter
1412 3747 1641 3801 hostem
1673 3745 2056 3819 repugnavit;

406 3838 629 3894 restitit
653 3837 816 3892 enim
848 3835 938 3891 vel
969 3836 1233 3907 periculo
1261 3836 1390 3890 vitae
1425 3835 1579 3891 malo
1611 3841 1874 3907 peccato,
1909 3852 2058 3908 prai-

407 3935 499 3984 ter
528 3932 803 3983 naturam
825 3925 1163 3982 colluctata.

485 4107 595 4173 Qui
625 4107 749 4162 vult
797 4122 1006 4161 omnes
1037 4105 1228 4160 salvos
1291 4105 1419 4160 ﬁeri
1469 4111 1527 4160 et
1573 4105 1647 4160 ad
1696 4105 2062 4178 agnitionem

409 4197 674 4255 veritatis
703 4195 923 4263 venire,
955 4195 1317 4250 confortatas
1340 4212 1441 4250 ore
1465 4200 1562 4250 tuo
1588 4195 1889 4262 mulieres,
1914 4210 2062 4267 quas

406 4288 579 4362 juxta
610 4286 774 4342 Pauli
808 4287 1051 4340 effatum
1083 4284 1145 4339 in
1176 4284 1430 4339 vinculis
1454 4284 1730 4357 genuisti,
1766 4285 1849 4339 ita
1879 4284 2060 4339 robo-

414 4377 565 4433 ravit
595 4381 660 4431 ut
687 4374 914 4449 gladios
947 4379 1004 4429 et
1034 4375 1236 4447 plagas
1267 4379 1326 4429 et
1358 4375 1554 4447 ignem
1591 4373 1845 4430 adirent.

481 4564 752 4635 Deiparw.
787 4594 855 4604 —
887 4564 1059 4620 Cwlis
1091 4563 1384 4619 excelsius
1417 4561 1868 4618 tabernaculum
1890 4567 1946 4616 te
1977 4561 2066 4615 in-

2161 3393 2569 3468 ἀμφιεσάμενος
2628 3389 2719 3446 διὰ
2773 3392 3104 3469 γυμνώσεως
3139 3409 3151 3423 ·
3210 3391 3414 3466 γυμνὸς
3488 3389 3590 3464 γὰρ
3665 3387 3820 3462 ἷκρύ-

2161 3503 2320 3544 πτιος
2381 3479 2553 3546 δεθεὶς
2608 3481 2705 3543 τὰς
2776 3478 3017 3556 πλευρὰς
3091 3478 3437 3558 κατεσκάφης
3506 3483 3626 3542 τοῖς
3682 3473 3820 3531 ὄνυ-

2163 3573 2261 3644 ξιν.

2233 3662 2310 3718 Τὸ
2342 3665 2542 3736 χαῦνον
2577 3661 2667 3716 καὶ
2716 3661 2933 3724 ἀσθενὲς
2964 3664 3061 3714 τοῦ
3093 3657 3310 3730 θήλεως
3339 3661 3418 3724 τῷ

2164 3756 2269 3806 σῶν
2305 3750 2526 3826 ἀγώνων
2562 3748 2834 3826 ἐῤῥώσθη,
2893 3747 2983 3804 καὶ
3042 3745 3313 3823 ἀνδρικῶς
3343 3744 3424 3818 τῷ
3454 3744 3644 3820 ἐχθρῷ
3696 3765 3825 3797 συν-

2165 3841 2402 3910 επλάκη·
2441 3838 2793 3910 ἀντικατέστη
2843 3839 2931 3894 καὶ
2991 3838 3096 3913 γὰρ
3159 3837 3358 3912 μέχρις
3417 3834 3651 3907 αἳματος
3684 3832 3823 3908 πρὸς

2162 3932 2263 4000 τὴν
2324 3928 2588 4005 ἁμαρτίαν
2648 3928 2937 4003 πονηράν,
2999 3927 3131 4003 ὑπὲρ
3209 3925 3369 4002 φύσιν
3448 3923 3820 3998 ἀνταγωνισά-

2170 4040 2351 4094 μενον.

2235 4110 2298 4166 Ὀ
2356 4106 2529 4172 θέλων
2592 4103 2792 4169 πάντας
2864 4105 3186 4180 ἀνθρώπους
3266 4108 3507 4173 σωθῆναι
3583 4102 3671 4156 καὶ
3733 4099 3820 4156 ἐπὶ

2167 4203 2367 4274 γνῶσιν
2395 4196 2653 4268 ἀληθείας
2701 4201 2822 4258 ταῖς
2855 4201 2972 4258 σαῖς
3034 4193 3225 4270 εὐχαῖς
3276 4195 3369 4255 τάς
3408 4196 3668 4268 γυναῖκας
3699 4210 3820 4244 σ’το⁸

2171 4291 2378 4363 μώσας,
2438 4285 2499 4350 ’ἀς
2535 4285 2585 4342 ἐν
2621 4283 2846 4360 δεσμοῖς
2904 4286 3040 4341 κατά
3087 4281 3307 4340 Παῦλον
3349 4281 3656 4358 ἐγέννησας,
3687 4277 3825 4355 πρὸς

2167 4377 2317 4458 ξίφος
2375 4375 2463 4432 καὶ
2527 4377 2786 4451 μάστιγας
2856 4375 2945 4431 καὶ
3006 4378 3111 4444 πῦρ
3171 4373 3548 4446 ἀντιτάξασθαι
3621 4366 3824 4430 ταύτας

2167 4469 2446 4542 ἐνίσχυσεν
2458 4508 2470 4522 .

2241 4555 2548 4614 Θεοτόκιον.
2608 4588 2676 4596 -
2732 4554 2891 4631 Ὑπὲρ
2950 4551 3116 4628 ὕψους
3166 4551 3398 4627 οὐρανοῦ
3458 4569 3515 4604 σε
3569 4548 3820 4620 σκήνομα

3475 3653 3683 3731 ςτεῤῥῷ
3710 3659 3821 3708 τῶν

406 4654 652 4710 veniens
684 4653 744 4707 in
779 4653 951 4708 terris
999 4652 1130 4707 σιεΙί
1179 4653 1481 4717 Conditor,
1516 4651 1618 4706 Dei
1679 4651 1961 4716 Genitrix,
1992 4654 2053 4704 ut

2182 4648 2192 4700 ὃ
2254 4646 2525 4720 Δομήτωρ
2586 4643 2850 4718 οὐρανοῦ,
2911 4644 3236 4718 Θεομήτωρ,
3297 4641 3474 4716 εὐρών
3509 4638 3563 4694 ἐν
3591 4641 3688 4714 γῇ,
3747 4636 3820 4699 ὡς

410 4762 666 4818 sponsus
694 4745 836 4800 exiit
866 4761 936 4798 ex
971 4743 1282 4815 splendido
1317 4743 1575 4798 thalamo
1609 4742 1828 4797 ventris
1855 4741 1958 4808 tui,
1993 4757 2061 4795 ac

413 4852 656 4892 carnem
717 4835 929 4890 exinde
979 4833 1090 4888 sibi
1125 4833 1451 4904 assumpsit
1490 4834 1644 4888 Deus
1693 4831 1978 4887 cwlorum
2004 4831 2063 4885 et

411 4925 608 4982 omnis
640 4924 858 4981 carnis.

857 5040 968 5096 Ode
1007 5040 1127 5094 VII.
1163 5037 1270 5104 Qui
1297 5054 1366 5092 ea:
1393 5037 1605 5093 Iudaea.

484 5149 928 5205 Validissimum
980 5147 1139 5201 senis
1185 5145 1465 5202 baculum
1526 5146 1773 5216 portasti
1823 5162 2059 5202 crucem

411 5238 669 5294 divmam
707 5255 720 5303 ;
753 5237 930 5310 virgis
977 5253 1130 5291 caesa
1179 5242 1268 5290 est
1313 5235 1475 5308 virga
1517 5235 1754 5306 pietatis
1797 5252 1954 5291 nunc
2005 5241 2062 5291 et

411 5329 582 5385 culus
614 5333 769 5383 tuus.
807 5371 820 5383 .
857 5367 870 5381 .
904 5331 964 5381 et
994 5342 1087 5382 me
1118 5315 1450 5382 admonuit.

485 5505 629 5576 Lupi
663 5523 730 5560 os
760 5521 935 5559 vorax
965 5503 1132 5559 freno
1168 5547 1180 5559 .
1220 5544 1231 5558 .
1269 5548 1281 5561 .
1315 5503 1837 5576 praisidio'divinae
1858 5503 2060 5576 gratiae

417 5599 477 5649 et
505 5593 851 5647 morborum
909 5593 1142 5648 turbam
1194 5593 1622 5648 miraculorum
1679 5592 1907 5664 fulgore
1938 5590 2056 5646 dis-

416 5696 630 5752 pergis.

486 5768 885 5839 Conjicientes
913 5771 972 5825 in
1023 5771 1217 5827 lacum
1252 5813 1265 5828 .
1297 5812 1310 5827 .
1353 5814 1366 5826 .
1400 5771 1704 5842 mulieres,
1765 5769 2062 5826 coalicolas

2169 4735 2403 4812 νυμφίος
2435 4731 2682 4807 προῆλθε
2736 4734 2794 4789 ἐκ
2850 4733 3176 4812 φωτοφόρου
3228 4735 3435 4786 παστοῦ
3491 4731 3590 4797 τῆς
3619 4723 3816 4798 νηδύος

2171 4846 2290 4892 σου,
2319 4826 2418 4892 τὴν
2453 4823 2622 4898 σάρκα
2668 4823 2974 4901 νυμφεύσας
3020 4824 3194 4895 ἑαυτῷ
3226 4823 3254 4877 ὁ
3285 4820 3416 4883 Θεὸς
3441 4823 3549 4874 τῶν
3580 4815 3816 4891 οὐρανῶν

2168 4915 2259 4970 καὶ
2292 4915 2469 4984 πάσης
2503 4913 2718 4990 σαρκός.

2562 5027 2693 5109 ᾮδὴ
2727 5037 2796 5090 Z'.
2828 5031 2895 5088 Oi.
2926 5027 2985 5085 ἐκ
3007 5035 3109 5099 τῆς
3139 5026 3425 5092 Ἰουδαίας.

2241 5138 2545 5213 Βακτηρίαν
2603 5143 2700 5195 τοῦ
2750 5140 2958 5214 γήραος
3025 5138 3099 5199 ὡς
3161 5134 3440 5205 δυνατὴν,
3497 5131 3675 5212 φέρων
3730 5133 3818 5186 τὸν

2170 5235 2313 5296 θεῖον
2383 5231 2632 5303 σταυρόν·
2711 5227 3049 5301 τυπτόμενος
3107 5231 3226 5289 ταῖς
3285 5221 3513 5302 ῥάϐδοις
3559 5225 3595 5292 ἡ
3629 5216 3824 5299 ῥάϐδος

2170 5315 2440 5385 εὐσεϐείας
2467 5323 2560 5373 νῦν
2581 5319 2674 5374 καὶ
2695 5321 2730 5389 ἡ
2764 5317 3032 5393 βακτηρία
3061 5338 3163 5372 σου
3189 5317 3302 5374 ἑ....
3334 5312 3427 5371 καῖ
3455 5307 3820 5389 παρεκάλεσέν

2173 5430 2424 5554 μῗςύκου
2461 5498 2640 5572 στόμα
2693 5498 3015 5575 παμφάγον,
3069 5494 3356 5572 χαλινῷ...
3420 5495 3662 5569 χορηγεῖ
3708 5489 3820 5562 θείᾳ

2171 5589 2358 5665 χάριτι
2445 5589 2536 5644 καὶ
2640 5589 2970 5662 νοσημάτων
3063 5585 3240 5662 ἀχλὺν
3316 5581 3447 5658 αῗλῃ
3530 5581 3818 5655 θαυμάτων

2169 5676 2342 5739 λύεις.

2244 5763 2709 5844 Συγκλεισάμεναι
2768 5764 3052 5840 λάκκῳ....
3111 5768 3410 5842 γυναῖκες,
3463 5762 3590 5824 τοὺς
3651 5759 3810 5836 οὐρα-
