4120 6376
307 408 452 464 4405

1575 416 1878 470 HYHNUS
1913 414 1989 467 ΙΝ
2026 415 2086 468 Β.
2126 413 2462 468 BLABIUM.

3589 411 3727 466 1406

313 533 506 595 νίωνας
535 531 661 595 τοὺς
694 529 938 609 μάκαρας
989 529 1213 598 ἀθλίους
1263 534 1566 614 ἀπέφηναν,
1594 537 1683 591 καὶ
1730 534 1952 597 τούτους

2080 535 2470 592 Lmbecilitatis
2500 541 2843 609 arguerunt,
2879 536 3158 607 ipsosque
3181 537 3514 608 praecipites
3557 536 3721 610 deje-

306 629 389 696 τῷ
443 623 593 698 βυθῷ
639 623 1032 698 καθώρμησαν,
1085 629 1364 697 Μωσαῖκῷ
1410 631 1527 680 κατ’
1577 625 1749 680 αὐτῶν
1805 645 1964 700 τερα-

306 715 639 786 τουργοῦσαι
670 711 881 787 τρύπῳ.

293 838 296 840 -
383 801 693 858 Θεοτὸκιον.
753 835 822 844 -
877 804 996 858 Ἵνα
1035 802 1184 876 σώσῃ
1237 803 1328 858 τὸν
1385 804 1589 879 κόσμον
1649 805 1676 859 ὁ
1729 805 1966 874 Ποιήσας

312 893 405 946 τὸν
461 892 694 965 κόσμον,
751 886 906 962 ὤφθη
971 891 1164 966 βροτὸς
1227 891 1313 947 ἐπὶ
1371 901 1494 969 γῆς’
1554 894 1643 948 καὶ
1699 893 1798 968 γὰρ
1842 914 1962 946 συν-

314 981 618 1058 ανεστράφη
682 981 990 1054 ἀνθρώποις
1043 979 1429 1058 φιλάνθρωπος
1464 1032 1478 1057 ,
1530 984 1743 1058 ὁραθεὶς
1792 979 1961 1044 ὅντως

311 1067 605 1143 ἅνθρωπας
663 1068 712 1123 ἐν
766 1071 835 1140 τῇ
867 1067 1072 1124 δούλου
1106 1075 1293 1150 μορφῇ
1338 1073 1545 1146 μητρὸς
1601 1072 1649 1143 ἐξ
1709 1072 1964 1146 ἀπειράν-

316 1155 469 1234 δρου.

777 1275 906 1346 Ὠδή
940 1281 1022 1334 Η’.
1058 1279 1495 1342 Ἐπταπλασίως.

379 1384 468 1446 Ὠς
500 1382 636 1457 ἁγίῳ
668 1383 940 1457 ΙΙνεύματι
1000 1387 1400 1460 κουφιζόμενος
1435 1433 1449 1457 ,
1485 1385 1683 1442 Βλάσιε
1713 1430 1725 1454 ,
1761 1386 1964 1459 λίμνης

305 1473 391 1528 ἐπὶ
441 1475 628 1528 νώτων
690 1473 950 1551 ἀσφαλῶς
1005 1475 1355 1550 ὀχούμενος,
1413 1476 1651 1548 ἀτρέμας
1708 1472 1960 1538 ἐϐάδισας

306 1563 428 1616 καθ’
455 1563 618 1638 ὑγρὰν
654 1561 780 1618 ὁδὸν
833 1567 912 1634 τῷ
969 1565 1150 1633 παντὶ,
1209 1565 1298 1618 καὶ
1357 1563 1443 1618 ἐπὶ
1504 1571 1708 1633 λεπτῆς
1766 1564 1960 1642 ἐπιφα-

306 1651 454 1713 νείας
490 1649 696 1706 ὑδάτων
724 1653 1025 1723 κεκάθηκας
1067 1651 1304 1727 ἑδραῖος,
1351 1658 1573 1727 στερεοῦ
1598 1674 1748 1714 τινος
1780 1652 1960 1728 ὥσπερ

309 1737 540 1814 ἔχοντος
578 1740 800 1815 βυθόθεν
829 1742 1009 1814 ἡρέμα
1042 1763 1136 1796 σου
1165 1742 1229 1796 τὸ
1254 1747 1432 1814 σῶμα.

385 1844 740 1922 Ὑλογεώδεις
781 1845 985 1924 ἄψυχοι
1045 1848 1094 1902 οἷ
1145 1848 1256 1902 θεοὶ
1306 1848 1743 1922 χρηματίζοιτες
1791 1846 1959 1923 ἄρδην

2077 632 2308 693 cerunt,
2342 628 2517 682 Mosis
2549 626 2622 682 ad
2654 627 2844 682 instar
2873 625 3141 698 prodigia
3163 626 3222 681 in
3254 642 3354 681 eos
3386 626 3651 683 edentes.

2149 807 2420 876 Πειραιᾶ).
2451 837 2517 846 —
2550 807 2621 861 Ut
2669 806 2853 861 salvet
2883 803 3174 860 mundum
3205 805 3447 860 Creater
3501 803 3727 876 mundi,

2075 896 2346 950 mortalis
2378 896 2534 950 visus
2566 902 2654 950 est
2687 896 2747 950 in
2785 901 2979 950 terra:
3014 912 3151 950 nam
3192 894 3500 968 hominum
3532 893 3729 948 fautor

2074 986 2373 1056 apparuit,
2421 1002 2552 1039 vere
2598 986 2772 1039 homo
2827 985 3106 1055 probatus
3157 985 3407 1040 formam
3455 984 3603 1038 servi
3655 999 3725 1037 ex

2074 1080 2262 1129 matre
2293 1075 2514 1147 virgine
2547 1074 2866 1145 accipiens.

2570 1280 2682 1335 Ode
2737 1280 2885 1334 VIII.
2935 1278 3218 1348 Septuplo.

2147 1388 2317 1443 Velut
2346 1392 2549 1442 sancto
2581 1387 2801 1458 Spiritu
2843 1387 3103 1456 adjutus,
3140 1385 3315 1453 Blasi,
3351 1400 3528 1454 super
3557 1384 3722 1439 lacus

2073 1477 2314 1532 dorsum
2349 1493 2553 1531 secure
2586 1477 2760 1541 latus,
2796 1475 3105 1529 interritus
3135 1473 3380 1527 omnino
3412 1473 3720 1527 humidam

2071 1565 2224 1619 viam
2257 1565 2542 1630 incessiti,
2576 1571 2633 1619 et
2662 1563 2927 1618 instabili
2956 1563 3016 1616 in
3053 1578 3222 1632 aquae
3255 1561 3595 1615 summitate
3622 1562 3724 1614 fir-

2071 1655 2244 1709 miter
2291 1654 2635 1721 consedisti,
2677 1651 2837 1708 haud
2885 1667 3054 1707 secus
3095 1667 3161 1706 ac
3207 1651 3254 1704 si
3305 1664 3520 1721 corpus
3551 1653 3720 1704 tuum

2072 1744 2320 1816 abyssus
2352 1745 2474 1815 ipse
2509 1743 2850 1798 sustineret.

2145 1852 2358 1923 Lignea
2387 1851 2707 1905 simulacra
2745 1867 2876 1920 quae
2909 1848 3010 1903 Dei
3061 1847 3434 1902 habebantur
3478 1845 3718 1916 penitus

313 1935 624 2004 ἀπώλεσαν,
677 1937 756 1999 εἷς
810 1939 968 2012 βυθὸν
1017 1936 1330 2005 κατέδυσαν,
1377 1938 1592 1992 κάκεῖνο
1640 1939 1952 1992 πεπόνθασιι

2080 1941 2448 2006 interierunt,
2481 1942 2542 1994 in
2593 1940 2883 2012 gurgitem
2925 1938 3200 1992 demersa
3243 1942 3400 1999 sunt,
3439 1941 3495 1989 et
3524 1935 3715 2006 legem

309 2023 446 2099 ὅπερ
497 2025 649 2080 αὐτοὶ
693 2023 1000 2102 δεδράκασι,
1061 2026 1310 2103 ῥίψαντες
1340 2025 1595 2088 πολλοὺς
1661 2027 1764 2081 ὑπὸ
1820 2031 1962 2101 Χρι-

312 2115 440 2168 στὸν
497 2111 753 2188 ποιμένα,
788 2115 862 2178 ὡς
914 2120 1004 2169 νῦν
1063 2117 1189 2177 τοὺς
1244 2116 1574 2187 στρατιώτας
1602 2115 1731 2177 τοὺς
1778 2117 1964 2178 αὐτοῖς

305 2205 674 2272 πεποιθότας,
725 2205 851 2266 τοὺς
911 2201 1078 2266 ὅντῶς
1135 2206 1500 2281 παραπλῆγας
1533 2251 1548 2273 ,
1600 2203 1728 2267 τοὺς
1789 2201 1960 2268 ὅντως

306 2292 590 2362 ἠλιθίους.

385 2383 509 2436 Ἐπῖ
573 2379 796 2459 ἄντυγος
852 2384 1123 2446 καταπτὰς
1181 2389 1328 2448 θεῖος
1397 2381 1623 2460 ἅγγελος
1694 2383 1962 2454 ἐπικαθη-

307 2473 462 2544 μένῳ
482 2477 598 2534 τοῖς
627 2479 727 2541 τῆς
782 2471 984 2545 λίμνης
1035 2471 1208 2537 ὕδασι,
1259 2474 1343 2543 τὸ,
1395 2475 1581 2546 Χαῖρε,
1616 2473 1696 2526 σοὶ
1731 2472 1962 2548 φθέγγε-

298 2583 447 2627 ται,
509 2561 598 2615 καὶ
658 2560 910 2637 γλυκερῷ
997 2562 1271 2638 φιλήματί
1348 2583 1404 2616 σε
1476 2561 1814 2636 ἐπιχαρίτως
1869 2562 1960 2616 καὶ

305 2651 610 2719 ἀσπάζεται
653 2650 848 2723 λέγων’
911 2653 1183 2722 Ανάστηθι
1240 2651 1329 2706 καὶ
1388 2648 1566 2724 δεῦρο,
1603 2645 1962 2722 ἀπολάμϐανε

297 2739 520 2813 χαίρων
578 2740 670 2794 τὸν
731 2738 990 2817 στέφανον
1047 2747 1148 2810 τῆς
1205 2737 1390 2811 δόξης,
1429 2741 1518 2795 τὸν
1580 2738 1664 2792 σοὶ
1721 2741 1958 2810 ἡτοιμα-

299 2826 530 2897 σμένον.

379 2921 476 2984 Γῆ,
535 2917 621 2970 καὶ
684 2915 887 2987 πηλὸς,
945 2917 1034 2970 καὶ
1098 2911 1391 2992 βόρϐορος,
1449 2915 1812 2990 χρηματίζων
1860 2915 1957 2968 τύ-

295 3025 495 3078 ραννος
523 3007 686 3081 γήϊνα
717 3011 903 3083 φρονεῖ
946 3008 1034 3060 καὶ
1082 3007 1322 3079 κοσμικᾶ
1365 3004 1660 3081 λογίζεταυ
1710 3005 1772 3058 τὸ
1815 3004 1954 3078 μέγα

289 3095 580 3170 τεράστιον
631 3103 730 3164 τῆς
787 3100 884 3149 τοῦ
945 3097 1185 3170 Χριστοῦ
1243 3092 1546 3168 δυνάμεως,
1602 3091 1824 3166 δαίμοσι
1854 3113 1950 3147 σα-

286 3191 459 3257 προῖς
519 3186 787 3248 ἀνατιθεὶς
838 3187 1143 3248 ἀνιάτως...
1204 3187 1298 3240 τὸν
1356 3186 1457 3260 γὰρ
1516 3181 1686 3247 ὅντως
1746 3183 1949 3257 ὀνομά-

2073 2031 2382 2085 subierunt
2431 2046 2607 2101 quam
2655 2033 3000 2100 posuerant,
3051 2026 3253 2080 multis
3297 2025 3369 2080 ad
3419 2024 3716 2079 Christum
3762 2043 3770 2052 ·

2069 2126 2368 2190 pastorem
2400 2120 2659 2192 rejectis,
2689 2119 2768 2173 ita
2798 2122 2863 2172 ut
2893 2116 3111 2171 milites
3134 2115 3234 2186 qui
3267 2114 3411 2186 ipsis
3439 2113 3720 2169 inservie-

2067 2209 2232 2280 bant,
2266 2216 2368 2266 aut
2397 2216 2638 2280 stupore
2668 2215 2769 2263 aut
2797 2207 3011 2262 rubore
3042 2206 3496 2260 conﬁcerentur.

2143 2391 2325 2444 Lacus
2356 2387 2535 2443 undis
2565 2385 2927 2440 insidentem
2960 2384 3197 2438 divinus
3246 2382 3490 2454 angelus
3521 2381 3715 2435 valere

2059 2477 2252 2550 jubet,
2282 2482 2339 2532 et
2380 2477 2539 2531 dulci
2581 2475 2784 2530 osculo
2837 2473 3162 2539 blanditur,
3212 2488 3279 2526 ac
3328 2487 3506 2526 curru
3536 2475 3591 2525 te
3624 2486 3717 2524 re-

2065 2567 2291 2637 cipiens
2315 2567 2497 2621 dicit:
2540 2567 2797 2637 Assurge
2829 2570 2887 2619 et
2915 2564 3070 2628 veni,
3102 2563 3300 2632 accipe
3335 2561 3505 2616 laetus
3547 2576 3720 2614 coro-

2063 2672 2203 2710 nam
2234 2656 2440 2726 gloriae
2472 2671 2606 2726 quaa
2639 2653 2744 2708 tibi
2775 2658 2982 2724 parata
3015 2657 3122 2708 est.

2129 2928 2326 2991 Terra,
2352 2940 2606 2988 caenum,
2630 2927 2689 2978 et
2711 2922 2889 2977 limus
2913 2939 2925 2988 ;
2957 2921 3056 2992 qui
3089 2923 3330 2975 vocatur
3351 2934 3451 2974 rex
3474 2921 3712 2974 terrena

2059 3017 2242 3071 sentit
2271 3019 2328 3070 et
2359 3014 2661 3069 mundana
2683 3013 2918 3084 cogitat.
2952 3014 3156 3083 Magno
3183 3008 3451 3081 prodigio
3477 3008 3712 3063 virtutis

2057 3106 2270 3160 Christi
2308 3111 2508 3175 turpes
2547 3103 2851 3157 daemones
2900 3101 3166 3155 funditus
3198 3098 3507 3171 perdidisti
3541 3140 3554 3152 .
3593 3136 3605 3149 .
3646 3139 3656 3152 .
3697 3139 3710 3152 .

2055 3211 2191 3249 vere
2213 3210 2423 3250 vocare
2455 3192 2810 3247 salvatorem
2841 3191 2941 3262 qui
2973 3189 3046 3245 ab
3076 3189 3334 3244 infirmis
3364 3186 3712 3258 parentibus

290 3280 406 3344 ζειν
442 3282 662 3350 σωτῆρα
717 3275 846 3337 τοὺς
904 3274 1380 3350 προαπολωλότας
1436 3275 1526 3329 ὑπ’
1589 3275 1825 3329 ἀσθενῶν
1854 3293 1946 3349 γο-

2080 3285 2322 3342 lamnati
2354 3284 2607 3338 fuerant.

289 3361 433 3419 νέων
444 3407 455 3419 .

366 3457 676 3510 Θεοτόκιον.
735 3485 803 3496 —--
850 3455 939 3517 Ὧς
996 3455 1232 3526 καθαρὰν
1289 3455 1616 3525 κατοικήσας
1675 3455 1776 3521 τήν
1839 3456 1945 3527 μή-

283 3561 422 3616 τραν
484 3562 579 3595 σευ
642 3543 669 3595 ὁ
729 3544 1079 3617 Δημιουργὸς
1145 3550 1246 3610 τῆς
1304 3544 1652 3615 ἀνθρωπίνης
1713 3543 1946 3621 φύσεως,

283 3630 552 3702 ἐξῴκησε,
601 3630 886 3697 Δέσποινα,
920 3632 1018 3698 τήν
1078 3629 1129 3683 ἓν
1186 3633 1322 3702 ἡμῖν
1379 3631 1674 3701 οἶκήσασαν
1735 3651 1948 3705 προπα-

289 3720 522 3794 τορικὴν
585 3719 893 3794 παρθενίαν,
944 3718 1071 3782 τοὺς
1128 3719 1297 3774 πάλαι
1337 3725 1548 3795 πικρῶς
1606 3719 1951 3783 ἀποικισθέν-

291 3830 392 3870 τας
449 3813 546 3864 τοῦ
603 3813 834 3884 τερπνοῦ
891 3806 1223 3884 παραδείσου
1257 3852 1270 3877 ,
1326 3807 1574 3882 ένῲκισεν
1649 3808 1702 3864 ἐν
1769 3808 1950 3882 τούτῳ

291 3899 457 3954 αὐτὸν
492 3897 945 3974 δοξολογοῦντας.

727 4011 857 4082 Ὠδή
886 4015 960 4072 9⁸.
985 4013 1202 4085 Ἐξέστη
1228 4013 1518 4086 ἐπιτιμῶν.

374 4124 511 4182 Ἰλύῖ
538 4124 627 4180 καὶ
666 4119 920 4198 βορϐόρῳ
971 4125 1272 4198 ἁμαρτιῶν,
1325 4124 1410 4178 οἵα
1467 4127 1660 4197 χοῖρος
1718 4122 1797 4177 αεὶ
1829 4143 1948 4176 κοι-

293 4215 625 4286 ταζόμενος,
657 4215 747 4268 καὶ
790 4215 882 4269 τὸν
936 4214 1094 4289 ὑγρὸν
1141 4213 1282 4289 βίον,
1315 4215 1410 4280 τὴν
1466 4211 1692 4287 ῥέουσαν
1745 4209 1949 4281 ἡδονήν

299 4300 515 4357 διώκων
545 4347 558 4371 ,
611 4305 869 4376 ἅρπασμα
916 4305 1211 4378 πρόκειμαι
1264 4307 1342 4374 τῷ
1393 4299 1546 4372 λύκῳ
1598 4305 1677 4373 τῷ
1733 4306 1943 4373 νοητῷ,

296 4391 466 4446 αὐτοῦ
498 4396 631 4446 θεοῦ
662 4392 990 4465 θεράποντος
1018 4399 1120 4462 τῆς
1153 4393 1321 4467 θήρας
1364 4387 1675 4463 ἐξελοῦμαι,
1731 4392 1947 4464 μήποτε

297 4483 497 4557 βρῶμα
526 4479 732 4535 τούτων
754 4482 1019 4555 γένωμαι.

367 4568 572 4644 Ὼραῖοί
599 4590 694 4623 σου
753 4570 807 4622 οἱ
854 4565 1036 4638 πόδες,
1093 4569 1358 4644 ἱερουργέ·
1410 4569 1510 4638 τήν
1555 4567 1780 4644 εἰρήνην
1837 4569 1942 4643 γὰρ

2133 3467 2398 3535 Πείρανω.
2440 3491 2506 3503 -
2541 3458 3050 3527 Quemadmodum
3086 3457 3186 3528 qui
3211 3457 3506 3527 integrum
3540 3460 3705 3510 tuum

2057 3560 2294 3610 uterum
2324 3552 2609 3607 habitavit
2639 3551 2914 3605 humanae
2947 3551 3173 3601 natura;
3221 3544 3522 3612 Conditor,
3556 3542 3710 3614 pris-

2060 3645 2244 3698 tinam
2277 3658 2408 3712 qum
2439 3640 2611 3695 nobis
2641 3640 2834 3694 inerat
2863 3636 3263 3708 integritatem
3287 3633 3569 3696 restituit,
3600 3632 3702 3698 ita,

2059 3738 2199 3788 sunt
2253 3731 2397 3784 illuc
2428 3729 2570 3783 olim
2617 3745 2687 3783 ex
2736 3724 3136 3782 ammnissimo
3185 3721 3460 3794 paradiso
3510 3721 3706 3794 ejecti.

2060 3823 2330 3892 Domina,
2365 3819 2465 3891 qui
2503 3817 2740 3874 reduxit
2767 3818 2962 3888 ipsum
2994 3813 3384 3870 celebrantes.

2405 4025 2515 4080 Ode
2543 4025 2638 4078 IX.
2686 4021 2896 4077 Extitz’t
2934 4019 3356 4091 reprehendens.

2133 4129 2295 4184 Limo
2329 4132 2386 4181 et
2405 4142 2570 4181 emno
2596 4129 2974 4196 peccatorum
2996 4137 3102 4176 ceu
3126 4135 3341 4192 porcus
3363 4115 3700 4188 indulgens,

2059 4225 2118 4274 et
2148 4219 2324 4273 vitam
2369 4215 2658 4270 lubricam
2710 4217 2768 4267 et
2815 4211 3174 4282 voluptatem
3226 4207 3526 4280 fugitivam
3558 4205 3702 4260 affe-

2058 4314 2246 4374 ctans,
2280 4305 2480 4378 praeda
2510 4304 2732 4358 habeor
2761 4301 2884 4373 lupi
2919 4298 3245 4372 spiritalis;
3280 4296 3382 4352 Dei
3421 4293 3699 4366 prmsidio

2055 4415 2090 4453 a
2120 4398 2243 4452 fera
2275 4395 2494 4450 liberer
2523 4410 2596 4449 ne
2627 4393 2798 4447 istius
2830 4389 3116 4462 pabulum
3149 4386 3393 4443 efﬁciar.

2125 4574 2384 4646 Speciosi
2409 4573 2588 4644 pedes
2606 4571 2711 4638 tui,
2741 4567 3149 4632 sanctissime;
3174 4581 3312 4620 nam
3337 4579 3543 4635 pacem
3567 4577 3698 4633 qua)

291 4660 398 4726 τὴν
429 4659 797 4734 ὑπερέχουσαν
853 4659 1058 4713 ἅπαντα
1098 4658 1365 4721 νοῦν.καῖ
1422 4660 1490 4713 τα
1551 4659 1682 4730 ὑπὲρ
1739 4655 1939 4712 ἔννοιαν

2080 4669 2368 4736 ιχειιροναι
2389 4678 2626 4717 omnem
2659 4675 2922 4724 sensum,
2947 4663 3005 4711 et
3031 4671 3288 4727 superna
3307 4653 3464 4708 bona
3493 4651 3704 4724 prmdi-

288 4750 470 4824 ἀγαθά
522 4749 878 4825 εὐαγγελίσω,
939 4748 1158 4819 Βλάσιε,
1210 4751 1418 4824 βήματι
1473 4748 1759 4823 τυράννου,
1803 4767 1940 4822 παρ-

291 4840 541 4911 εστηκὼς
567 4838 621 4894 ἐν
653 4837 806 4894 ὕδασι
866 4836 1103 4902 πολλοῖς
1160 4859 1218 4893 τε
1273 4839 1366 4901 τὰς
1421 4833 1642 4914 τρίϐους
1673 4837 1941 4908 ἐποιήσω,

280 4929 380 4985 καὶ
411 4928 513 4983 οὐκ
541 4927 883 5004 ἐγνώσθησαν
914 4928 980 4983 τὰ
1007 4926 1138 5004 ἴχνη
1184 4949 1298 4984 σου.

362 5018 464 5072 Καὶ
527 5012 742 5086 ἔπνιξας
800 5018 1011 5092 ἀγχόνῃ
1091 5022 1201 5073 τῶν
1259 5021 1522 5088 νηστειῶν
1610 5015 1938 5092 λαιμαργίαν

284 5107 500 5176 θηρίων
564 5105 886 5178 ἀκόρεστον,
944 5105 1182 5162 σκύλλαν
1245 5107 1478 5181 πικρὰν,
1541 5103 1702 5181 ὕδραν
1762 5104 1943 5160 πολυ-

285 5193 553 5268 κέφαλον,
614 5193 869 5265 μυθικήν’
923 5193 1160 5258 ἐντεῦθεν
1213 5194 1373 5270 χάριν
1433 5193 1664 5268 εἴληφας
1695 5195 1758 5247 τὰ
1805 5194 1942 5247 κατά

282 5285 380 5341 τὸν
440 5284 661 5359 θώρακα
707 5283 797 5337 καὶ
863 5282 1064 5356 λαιμὸν
1113 5284 1436 5360 πηγνύμενα
1495 5285 1651 5339 ὀστέα
1706 5282 1938 5355 ἐξέλκειν

283 5371 574 5436 ἀνωδύνως
607 5371 725 5444 θείᾳ
753 5372 1090 5448 προσψαύσει
1125 5378 1233 5428 τῶν
1264 5372 1534 5447 λειψάνων
1570 5393 1687 5427 σου.

361 5615 373 5628 .
412 5615 424 5627 .
463 5616 475 5628 .
511 5615 525 5629 .
559 5567 720 5634 όδους
751 5566 994 5645 διαρτίας
1029 5569 1356 5647 μεταλαχὼν
1392 5569 1736 5643 ἐπαλλήλοις
1768 5571 1938 5629 πάλαι

277 5662 614 5733 νοσήμασιν,
643 5655 822 5714 ἓλκων
859 5659 1002 5728 ζωὴν
1058 5658 1546 5732 πολυπαθεστάτην
1593 5661 1682 5715 καὶ
1720 5673 1938 5736 μοχθη-

278 5750 403 5833 ράν*
437 5749 499 5804 τὸ
531 5751 634 5826 γάρ
665 5755 764 5820 τῆς
797 5746 937 5822 ὕλης
961 5789 974 5805 .
1011 5793 1023 5808 .
1061 5793 1073 5808 .
1111 5796 1123 5810 .
1157 5771 1283 5806 κτον
1336 5754 1568 5808 πάντοτε
1611 5745 1934 5831 φέρόμενον,

2054 4755 2224 4819 casti,
2261 4753 2452 4818 Blasi;
2489 4768 2685 4806 coram
2745 4765 2902 4820 rege,
2935 4747 3086 4801 viam
3131 4745 3236 4799 tibi
3287 4759 3466 4814 super
3513 4758 3700 4812 aquas

2054 4843 2299 4916 parasti,
2332 4857 2441 4896 nec
2469 4841 2874 4911 apparuerunt
2904 4834 3146 4907 vestigia
3167 4838 3286 4888 tua.

2124 5023 2356 5092 Laqueo
2410 5017 2790 5090 transgulasti
2851 5012 3249 5070 insatiabilem
3306 5009 3699 5066 esurientium

2050 5110 2310 5166 ferarum
2352 5107 2693 5181 ingluviem,
2746 5104 2991 5175 scyllam
3042 5101 3392 5169 terribilem,
3448 5099 3696 5172 hydram

2043 5201 2215 5274 juxta
2247 5199 2476 5254 fabulas
2507 5197 2712 5251 multis
2760 5193 3052 5265 capitibus
3095 5192 3483 5256 instructam;
3539 5187 3698 5242 unde

2050 5289 2300 5364 gratiam
2350 5287 2628 5358 accepisti
2670 5299 2803 5338 ossa
2834 5282 3057 5352 absque
3108 5280 3311 5336 dolore
3361 5277 3697 5350 expellendi

2049 5379 2275 5451 pectori
2308 5382 2366 5432 et
2393 5374 2614 5447 gutturi
2664 5373 2864 5438 inﬁxa,
2897 5369 3094 5426 divino
3125 5368 3515 5439 reliquiarum
3564 5372 3700 5421 tua-

2052 5486 2185 5526 rum
2217 5471 2514 5524 contactu.

2055 5620 2069 5637 .
2116 5619 2127 5632 .
2176 5619 2188 5631 .
2233 5617 2246 5630 .
2293 5617 2305 5630 .
2351 5616 2364 5629 .
2409 5615 2421 5628 .
2465 5614 2478 5628 .
2514 5569 2812 5626 continuis
2849 5569 2976 5641 jam
3017 5565 3250 5638 pridem
3282 5565 3506 5622 morbis
3537 5565 3694 5621 affli-

2051 5673 2200 5731 ctus,
2216 5666 2393 5720 vitam
2414 5664 2580 5718 traho
2604 5661 3003 5716 miserrimam
3019 5663 3077 5713 et
3093 5657 3530 5713 difﬁcillimam.
3548 5659 3694 5713 Nam

2050 5756 2322 5815 carnales
2353 5756 2598 5812 affectus
2649 5752 2763 5807 huc
2802 5749 3063 5822 illucque
3111 5749 3294 5803 invita
3339 5751 3539 5803 mente
3571 5749 3694 5820 agi-
