4120 6406
428 389 574 447 1607
1961 394 2069 449 AD]

2193 392 2333 453 [ΒΛ.
3733 394 3907 452 1408

418 518 551 585 tati,
584 535 680 576 me
709 518 1193 581 circumveniunt
1234 523 1739 597 opprimuntque;
1776 519 2069 579 doloribus

2204 512 2472 588 πλημμε)
2488 518 2562 577 ῶς
2591 518 2689 570 τοῦ
2720 518 2838 584 νοῦ,
2868 523 3161 592 πολιορκεῖ
3190 538 3281 592 με,
3312 516 3566 598 σφοδρῶς
3598 540 3676 595 με
3707 540 3907 577 κατα-

429 609 636 665 multis
666 611 921 667 crucior.

2201 605 2435 681 τρύχον,
2463 602 2704 668 πολλαῖς
2736 601 2969 668 ὠδύναις
2998 605 3166 664 ἀπολ.
3199 654 3212 666 .
3250 652 3263 665 .
3297 652 3309 665 .

498 698 662 754 Alios
695 700 945 756 sanandi
972 702 1025 756 vi
1056 702 1301 775 gaudes,
1333 702 1605 776 prodigia
1653 701 1941 775 operandi
1972 701 2069 755 vir-

2274 699 2390 749 Τῶν
2426 694 2671 767 ἰαμάτων
2704 689 2848 771 ἔχων
2903 697 3087 772 πηγὴν
3143 696 3219 760 ὡς
3276 697 3568 772 θαυμάτων
3607 700 3908 773 πλουτή-

429 791 618 843 tutem
642 804 677 844 a
706 789 825 844 Deo
847 789 1119 862 adeptus,
1153 792 1467 862 prmmium
1499 791 1826 848 illustrium
1850 795 2069 845 tuorun

2204 805 2299 849 σας
2329 783 2602 859 ἐνέργειαν
2636 782 2725 840 ἐπὶ
2775 789 2932 856 Θεοῦ,
2963 782 3201 851 ἔπαθλον
3247 792 3357 844 τῶν
3409 789 3593 854 ἄθλων
3627 811 3737 847 σου
3773 796 3906 848 τῶν

428 877 855 945 certaminum;
881 879 1193 935 vulnerum
1207 885 1475 937 tumores
1503 886 1562 935 et
1586 880 1842 952 gutturis
1861 879 2067 934 inﬂam

2206 879 2437 944 σεπτῶν,
2492 874 2558 929 τὰ
2611 880 2719 929 τῶν
2773 876 3027 950 τρώσεων
3090 875 3466 954 ηιρρώματα,
3517 879 3609 935 καὶ
3668 880 3784 943 τὰς
3846 881 3904 937 ἐν

425 967 719 1023 mationes
749 967 877 1024 sine
910 968 1114 1025 dolore
1155 970 1502 1043 restinguis,
1536 986 1902 1042 prorsusque
1927 967 2069 1023 tolli:

2205 966 2286 1038 τῷ
2319 965 2554 1042 λάρυγγι
2585 963 2896 1041 φλεγμονὰς
2930 964 3227 1038 μαλάσσεις
3277 964 3588 1041 ἀνωδυνως,
3635 969 3904 1046 σκορπί-

426 1056 651 1128 potenti
683 1062 782 1111 tua
813 1074 973 1113 cura.

2211 1060 2319 1126 ζεις
2350 1052 2671 1123 λεληθότως
2700 1052 3032 1117 ἐπιστασίαις
3054 1076 3171 1110 σου.
3210 1100 3223 1112 .
3255 1100 3267 1112 .
3305 1100 3318 1113 .
3350 1055 3605 1119 κώδεσιν,

496 1146 680 1210 Quam
700 1147 948 1201 Domino
970 1146 1289 1219 profudisti
1314 1164 1574 1219 precem,
1600 1150 1796 1213 Pater,
1822 1152 2069 1219 tempore

2276 1146 2380 1201 Ἤν
2422 1141 2571 1214 ηὔξω
2627 1147 2704 1215 τῷ
2762 1144 3031 1218 Δεσπότῃ,
3092 1145 3287 1220 Πάτερ,
3344 1147 3519 1222 εὐχὴν
3579 1147 3638 1203 ἐν
3694 1155 3907 1225 καιρῷ

422 1233 699 1291 interitus
729 1236 838 1302 tui,
872 1242 932 1291 et
978 1253 1139 1292 nunc
1171 1237 1465 1308 profunde
1510 1243 1577 1293 ut
1625 1238 2069 1292 intercessorem

2200 1238 2280 1306 τῷ
2309 1240 2410 1303 τῆς
2449 1241 2550 1303 σῆς
2578 1231 2917 1297 τελειώσεως
2953 1277 2966 1301 ,
3000 1232 3168 1310 εὔχου
3220 1234 3309 1289 καὶ
3338 1240 3430 1290 νῦν
3465 1283 3479 1308 ,
3532 1238 3693 1300 ὅπως
3726 1239 3909 1294 ἅντι-

420 1328 479 1379 te
510 1324 837 1381 habeamus
871 1324 973 1397 qui
1021 1333 1076 1381 te
1128 1326 1516 1391 invocamus;
1576 1330 1652 1382 Te
1713 1328 2069 1383 inveniamu:

2204 1322 2461 1395 λήπτορα
2494 1322 2712 1398 ἔχωμεν
2772 1323 2825 1377 οἱ
2885 1322 2942 1377 σὲ
3000 1321 3447 1397 ἐπικαλούμενοι·
3507 1323 3757 1403 ἔχοιμεν
3796 1330 3900 1385 καὶ

419 1413 836 1469 auxiliatorem
858 1420 919 1470 et
954 1415 1335 1471 liberatorem
1362 1418 1422 1472 in
1445 1416 1772 1481 doloribus,
1801 1417 1863 1471 in
1895 1433 2069 1471 neces

2207 1412 2406 1490 ρύστην
2458 1414 2548 1467 καὶ
2606 1412 2809 1486 βοηθὸν
2859 1413 2910 1466 ἐν
2962 1409 3193 1481 λύπαις,
3239 1412 3292 1468 ἐν
3330 1413 3615 1490 ἀνάγκαις,
3672 1416 3734 1473 ἐν
3800 1418 3907 1473 νό-

422 1504 721 1569 sitatibus,
773 1505 835 1561 in
887 1506 1115 1562 morbis
1158 1508 1463 1579 periculis,
1523 1509 1584 1564 in
1641 1507 2063 1564 discriminibu

2206 1524 2344 1575 σοις,
2377 1501 2431 1558 ἐν
2456 1499 2749 1569 κινδύνοις,
2782 1498 3074 1578 διαφοραῖς
3098 1502 3190 1558 καὶ
3222 1503 3620 1579 περιστάσεσιν.

423 1598 483 1648 et
512 1593 1043 1651 vicissitudinibus.

496 1683 767 1754 Deiparae.
797 1716 864 1727 —
897 1685 1259 1742 Salvatorem
1293 1693 1351 1741 et
1382 1687 1701 1743 Dominum
1753 1693 1812 1743 et
1842 1686 2090 1743 Libera-

425 1778 614 1829 torem
642 1791 774 1845 quae
804 1780 1019 1846 prmter
1050 1782 1334 1840 mentem,
1370 1783 1428 1833 et
1449 1777 1771 1844 rationem,
1794 1783 1854 1833 et
1873 1778 2091 1849 cogita-

424 1864 651 1920 tionem
669 1865 990 1920 carnaliter
1001 1866 1559 1935 genuisti,l)omina.
1578 1867 1651 1923 ab
1668 1867 2088 1923 alfectibusme
2120 1886 2167 1951 Β

419 1954 610 2009 libera
639 1954 905 2026 corporis
937 1961 996 2012 et
1025 1957 1210 2012 animi
1238 1974 1251 2024 ;
1280 1957 1589 2014 circumda
1620 1958 1769 2013 mihi
1800 1958 2085 2013 amictum

420 2043 605 2099 divini
630 2045 837 2100 auxilii
861 2062 876 2112 ;
901 2046 1061 2103 salva
1088 2062 1206 2117 tne,
1240 2047 1413 2122 Virgo
1440 2047 1650 2104 mundi
1682 2047 2012 2104 liberatrix.

2267 1681 2579 1739 Θεοτόκιον.
2631 1715 2703 1726 —
2760 1688 2995 1758 Σωτῆρα
3069 1681 3160 1738 καὶ
3238 1682 3513 1756 Δεσπότην
3595 1685 3699 1741 καὶ
3766 1693 3899 1743 Ao-

2193 1775 2407 1850 τρωτῆν
2444 1773 2574 1846 ὑπὲρ
2607 1770 2776 1847 λόγον
2803 1770 2892 1827 καὶ
2924 1775 3050 1826 νοῦν
3079 1772 3172 1827 καὶ
3204 1770 3468 1845 διάνοιαν,
3496 1777 3709 1840 πάθος.
3752 1823 3770 1835 .
3815 1820 3833 1834 .
3868 1819 3891 1838 .

2199 1863 2483 1925 Δέσποινα.
2540 1864 2770 1918 τεκοῦσα
2826 1865 3177 1935 σωματικῶς,
3235 1860 3297 1917 ἐκ
3335 1866 3444 1919 τῶν
3504 1869 3710 1930 παθῶν
3771 1887 3897 1940 μου

2197 1952 2354 2031 ῥῦσαί
2411 1972 2478 2025 με
2527 1955 2637 2006 τῶν
2694 1954 3023 2024 σωματικῶν
3080 1952 3171 2005 καὶ
3228 1956 3335 2007 τῶν
3407 1955 3675 2029 ψυχικῶν
3714 1974 3732 1988 ⁶
3791 1956 3897 2011 καὶ

2199 2042 2346 2108 θείας
2380 2042 2638 2117 βοηθείας
2678 2037 2883 2109 στολὴν
2931 2034 3326 2116 περιϐαλοῦσα,
3361 2042 3537 2098 σῶσόν
3575 2064 3673 2117 με,
3710 2046 3885 2119 Κόρη

2193 2132 2628 2207 κοσμοσώτειρα.

1478 2382 1564 2468 S.
1625 2380 2091 2469 JOANNIS
2152 2377 2785 2467 DAMASCENI

830 2546 1805 2679 FRAGMENTA
1915 2547 2070 2674 IN
2170 2546 2292 2677 S.
2395 2531 3427 2680 MATTHIEUM*

1382 2775 1492 2845 (Ea:
1523 2774 1731 2830 Catena
1764 2775 1962 2831 Νίσαια
1995 2770 2182 2828 Balth.
2229 2772 2490 2830 Gorderio
2529 2770 2874 2843 interprete.)

487 3034 624 3118 95?:
641 3035 770 3118 ΧΠ,
804 3038 911 3118 1³](
932 3037 1000 3118 In
1031 3034 1135 3118 illo
1158 3040 1427 3118 tempore
1458 3034 1605 3091 abiit
1622 3035 1793 3118 Iesus
1813 3050 1922 3106 per
1947 3037 2069 3089 sata

2193 3108 2228 3118 _
2252 3030 2413 3118 ,εὶΕν
2471 3027 2792 3118 ἒὶιειίνῳητῷ
2832 3032 3008 3118 καιρῷ
3056 3027 3329 3118 ἐπορεύθη
3379 3029 3408 3084 ὁ
3455 3030 3680 3118 indos}:
3731 3032 3855 3118 τοῖς

491 3105 783 3188 διώξηιρε
819 3105 1098 3188 discipuli
1129 3105 1327 3188 autem
1350 3109 1482 3188 ejus
1513 3105 1847 3163 esurientes
1878 3122 2072 3177 cmpe-

490 3183 635 3234 runt
662 3177 879 3234 vellere
911 3177 1124 3249 spicas,
1158 3185 1217 3235 et
1244 3177 1578 3237 comedere.
1613 3200 1643 3229 ››

488 3375 560 3429 Ει
589 3390 791 3430 servus
822 3380 980 3442 tuus,
1015 3375 1229 3448 inquit,
1263 3382 1322 3432 et
1345 3376 1654 3450 subjugale
1706 3376 1769 3431 in
1818 3373 2075 3430 Sabbato

419 3464 799 3536 requiescet:
833 3464 896 3521 id
943 3470 1052 3532 est,
1084 3466 1502 3523 bebdomadali
1552 3468 1663 3523 hac
1694 3466 1835 3531 vita,
1868 3464 2075 3536 subju-

414 3553 545 3628 gale
577 3553 818 3625 quidem
865 3555 1035 3625 quasi
1080 3572 1297 3627 corpus
1326 3573 1362 3612 a
1390 3556 1673 3612 servitute
1720 3554 1947 3627 peccati
1979 3570 2075 3610 re-

417 3643 707 3715 quiescet,
756 3643 971 3700 divinis
1029 3650 1229 3701 autem
1270 3644 1567 3701 mandatis
1615 3644 1939 3711 inserviet;
1986 3644 2076 3699 ira

415 3749 553 3790 vero
585 3739 645 3789 et
669 3734 1177 3806 concupiscentia,
1211 3740 1496 3806 tanquam
1545 3750 1748 3791 servus
1791 3734 2071 3805 requies-

413 3827 530 3889 cet,
563 3824 681 3878 Deo
727 3830 929 3880 autem
959 3841 1167 3881 vacare
1188 3824 1537 3897 jubebitur:
1587 3825 2073 3896 concupiscentia

417 3911 661 3983 quidem
690 3912 890 3967 omnis
921 3913 996 3968 ad
1027 3913 1212 3968 Deum
1244 3913 1519 3980 tendens,
1552 3913 1642 3970 ira
1669 3930 1831 3983 vero,
1864 3919 2072 3974 contra

417 4017 519 4057 eos
552 4001 653 4072 qui
685 4003 869 4069 Deum
905 4007 1273 4075 oppugnant,
1305 4008 1535 4065 armata
1563 4004 1657 4075 (1).

486 4179 661 4235 XVII.
710 4181 761 4234 2.
822 4181 944 4235 «Et
973 4180 1428 4254 transﬁguratus
1486 4185 1578 4237 est
1633 4185 1770 4237 ante
1820 4197 1943 4237 eos.
2002 4182 2072 4236 Et

414 4267 791 4341 resplenduit
836 4267 1017 4326 facies
1058 4271 1189 4342 ejus
1221 4270 1376 4325 sicut
1412 4269 1541 4337 sol;
1574 4270 1928 4327 vestimenta
1955 4286 2068 4325 au-

413 4364 536 4413 tem
568 4357 697 4428 ejus
728 4357 866 4413 alba
889 4358 1047 4415 facta
1076 4364 1234 4429 sunt,
1268 4359 1421 4415 sicut
1454 4360 1577 4415 nix.
1611 4380 1640 4409 »

486 4446 963 4519 Transﬁguratur
1008 4448 1297 4503 Dominus
1330 4490 1344 4516 ,
1395 4465 1517 4503 non
1570 4447 1730 4520 quod
1776 4463 1897 4503 non
1946 4453 2074 4504 erat

410 4550 748 4602 assumens,
800 4535 903 4590 sed
962 4536 1123 4607 quod
1170 4542 1298 4592 erat
1343 4537 1668 4593 ostendens
1717 4536 2067 4609 discipulis:

411 4629 473 4681 et
503 4623 779 4698 splendet
807 4623 990 4680 facies
1034 4626 1163 4696 ejus
1211 4626 1365 4680 sicut
1390 4626 1478 4681 sol
1521 4628 1539 4698 (
1571 4626 1704 4681 luce
1744 4625 1906 4680 enim
1954 4625 2073 4681 alia

409 4692 687 4771 clarescit
717 4713 1047 4769 secundum
1079 4715 1471 4787 hypostasim)
1497 4733 1511 4783 ;
1548 4716 1701 4771 sicut
1724 4715 1827 4769 nix
1870 4720 2070 4771 autem

413 4804 729 4861 albescunt
783 4801 1123 4858 aecundum
1182 4805 1440 4859 Marcum
1498 4805 1629 4876 ejus
1681 4803 2070 4874 vestimenta,

411 4894 666 4951 amictus
696 4893 859 4949 enim
895 4891 1101 4948 habitu
1143 4892 1530 4965 gloriﬁcatur,
1556 4910 1678 4950 non
1710 4894 1931 4950 unione
1962 4895 2067 4965 hy-

411 4983 719 5056 postatica.
757 4983 829 5038 Ut
875 4999 1010 5037 vero
1053 4982 1164 5048 sol,
1193 4998 1347 5037 unus
1380 4999 1516 5038 cum
1544 4983 1639 5050 sit,
1692 4982 1841 5039 duas
1888 4982 2069 5039 habet

411 5072 797 5140 substantias,
845 5071 1074 5128 scilicet
1120 5088 1304 5127 unam
1338 5072 1508 5135 lucis,
1534 5090 1667 5145 qum
1711 5074 1876 5145 prior
1912 5072 2068 5130 facta

409 5169 519 5231 est,
579 5167 639 5217 et
694 5161 947 5218 alteram
1004 5161 1271 5235 corporis
1329 5162 1630 5219 creatione
1677 5164 2062 5236 posterioris;

403 5269 510 5325 per
534 5257 726 5309 totum
756 5256 957 5308 autem
1016 5264 1230 5325 corpus
1264 5251 1364 5308 lux
1397 5269 1520 5310 non
1550 5252 1785 5309 divisim
1834 5254 2061 5323 unitur,

404 5358 471 5399 ac
502 5358 752 5414 corpore
784 5347 1065 5398 manente
1134 5342 1235 5397 lux
1266 5340 1546 5399 omnibus
1578 5349 1751 5399 terrea
1791 5342 2061 5416 partibus

2191 3097 2433 3177 _Ea'6_6aai
2487 3100 2579 3157 διὰ
2632 3097 3231 3177 τῶν-,σπορίμωνμῷ
3278 3097 3338 3157 δὲ
3383 3100 3628 3177 μαθηταὶ
3684 3100 3842 3177 αὕτοᾷ

2184 3173 2467 3312 ἓπὲἑνασαν
2502 3216 2518 3244 ,
2583 3173 2674 3228 καὶ
2764 3170 2999 3249 ἤρξαντο
3086 3170 3303 3229 τίλλειν
3384 3170 3637 3249 ’στάχυας
3666 3216 3683 3244 ,
3747 3170 3838 3227 καὶ

2214 3268 2244 3301 σ
2304 3266 2403 3304 ειν.
2433 3269 2463 3299 »

2257 3368 2359 3425 Καὶ
2391 3364 2644 3430 tamn
2700 3388 2819 3439 σου,
2877 3366 3033 3446 φησὶ,
3090 3365 3182 3423 καί
3234 3366 3300 3422 τὸ
3360 3365 3656 3443 ὑποζύγιον
3692 3366 3851 3439 ἐντῷ

2186 3454 2456 3532 Σαϐϐάτῳ
2515 3458 2953 3529 ἀναπαυθήσεται
2987 3476 3001 3490 ο
3061 3456 3335 3513 τουτέστιν
3362 3501 3377 3527 ,
3434 3454 3487 3511 ἐν
3543 3460 3626 3530 τῷ
3685 3450 3853 3512 ἐϐδο-

2187 3553 2406 3625 ματικῷ
2462 3546 2642 3621 τούτῳ
2703 3548 2848 3624 βίῳ·
2904 3548 2981 3610 ὡς
3051 3545 3147 3621 μὲν
3205 3544 3501 3623 ὐποζύγίον
3557 3547 3621 3601 τὸ
3683 3549 3853 3619 σῶμα

2180 3642 2280 3709 τῆς
2338 3636 2591 3701 δουλείας
2644 3644 2746 3709 τῆς
2804 3634 3074 3713 ἁμαρτίας
3160 3637 3518 3708 παυθήσεταν
3604 3640 3729 3698 ταῖς
3787 3632 3851 3690 δὲ

2182 3730 2351 3791 θείαις
2408 3727 2658 3793 ἐντολαῖς
2733 3726 3191 3802 ὲξυπηρετήσεται
3222 3744 3235 3756 ·
3302 3726 3377 3788 ὡς
3436 3722 3495 3780 δὲ
3550 3722 3761 3789 δοῦλος
3818 3725 3849 3780 ὁ

2179 3818 2355 3892 θυμὸς
2382 3819 2470 3873 καὶ
2521 3816 2803 3891 ἐπιτυμία,
2860 3823 2961 3885 τῆς
3024 3816 3120 3890 μὶν
3180 3816 3452 3889 ἁμαρτίας
3481 3816 3847 3885 καταπαυθτς-

2179 3929 2349 3982 σεται,
2404 3908 2484 3981 τῷ
2538 3905 2595 3963 δὲ
2652 3911 2768 3979 Θεῷ
2818 3904 3110 3983 σχολάζειν
3166 3904 3612 3982 ἐπιτραπήσεται·
3646 3906 3684 3975 ἡ
3741 3905 3842 3978 μὲν

2180 3997 2441 4073 ἐπιθυμία
2498 3998 2635 4072 πρὸς
2692 3996 2822 4052 Θεὸν
2881 3993 3075 4051 ἅπασα
3111 3996 3426 4070 τεινομένη,
3476 3995 3506 4050 ὁ
3554 3992 3613 4051 δὲ
3661 3995 3842 4069 θυμὸς

2177 4088 2316 4144 κατᾶ
2343 4091 2452 4143 τῶν
2482 4089 2579 4142 τοῦ
2601 4088 2736 4142 Θεοῦ
2759 4082 3085 4159 δυσμενειῶν
3120 4082 3511 4158 ὁπλιζόμενος.

2253 4203 2279 4230 ‹‹
2315 4177 2416 4234 Καὶ
2458 4176 2863 4252 μετεμορφώθη
2896 4173 3203 4250 ἔμπροσθεν
3256 4174 3451 4230 αὐτῶν.
3501 4172 3607 4231 Καὶ
3658 4170 3845 4248 ἔλαμ-

2179 4269 2249 4341 ψε
2276 4266 2339 4321 τὸ
2370 4264 2664 4340 πρόσωπον
2687 4262 2880 4335 αὐτοῦ,
2903 4262 2977 4326 ὡς
2996 4263 3025 4320 ὁ
3045 4259 3228 4334 ἥλιος·
3260 4261 3329 4318 τὰ
3356 4259 3415 4319 δὲ
3444 4260 3640 4336 ἱμάτια
3668 4262 3843 4318 αὐτοῦ

2181 4351 2467 4431 ἐγένοδντο
2496 4351 2764 4425 λευκᾶ,ὡς
2794 4352 2856 4406 τὸ
2878 4355 3011 4428 φῶς.
3050 4376 3077 4403 ››

2251 4446 2707 4521 Μεταμορφοῢειαι
2743 4442 2771 4496 ὁ
2838 4441 3040 4517 Κύριος
3086 4442 3218 4517 οὐχ,
3270 4441 3300 4497 ὃ
3358 4440 3459 4496 οὐκ
3511 4443 3602 4511 ἦν,
3657 4461 3840 4515 προσ-

2181 4528 2513 4607 λαϐόμενος,
2547 4529 2673 4588 ἀλλ’
2713 4532 2846 4606 ὅπερ
2895 4531 2962 4601 ἦν
3020 4536 3138 4593 τοῖς
3203 4535 3475 4605 μαθηταῖς
3505 4530 3839 4608 ἐκφαινόμε-

2177 4645 2293 4695 νος,
2355 4624 2444 4679 καὶ
2510 4622 2717 4696 λάμπει
2768 4622 2830 4677 τὸ
2888 4622 3184 4698 πρόσωπον
3239 4621 3404 4677 αὐτοῦ
3461 4622 3539 4685 ὡς
3595 4623 3625 4677 ὁ
3668 4621 3840 4693 ἥλιος

2179 4713 2341 4793 (φωτὶ
2400 4712 2501 4788 γὰρ
2560 4710 2720 4785 ἄλλῳ
2799 4718 3103 4782 ταυτιζεται
3160 4712 3281 4767 καθ’
3352 4711 3663 4785 ὑπόστασιν)
3736 4716 3836 4787 (2)’

2178 4805 2254 4867 ὡς
2313 4800 2371 4859 δὲ
2429 4802 2569 4879 χιὼν
2625 4800 2966 4858 λευκαίνεται
3017 4802 3156 4858 κατᾶ
3209 4801 3435 4879 Μάρκον
3474 4802 3546 4857 τὰ
3593 4802 3793 4877 ἱμάτια
3819 4846 3836 4861 .

2178 4889 2459 4969 Περιϐολή
2493 4892 2597 4968 γὰρ
2641 4890 2919 4966 δοξάζεται
2971 4889 3178 4968 σχίσει,
3220 4891 3334 4968 οὐχ
3389 4889 3572 4948 ἑνώσει
3612 4894 3681 4967 τῇ
3716 4894 3836 4948 καθ’

2180 4983 2503 5039 ὑπόστασιν.
2556 4983 2761 5057 Ὠσπερ
2816 4978 2876 5037 δὲ
2929 4982 2959 5037 ὁ
3015 4978 3182 5051 ἣλιος
3237 4982 3311 5043 εἷς
3368 4980 3539 5045 ἐστιν,
3598 4977 3716 5057 ἔχει
3777 4979 3837 5038 δὲ

2176 5070 2365 5135 οὐσίας
2419 5068 2540 5141 δύο,
2602 5074 2703 5126 τυῦ
2758 5091 2817 5126 τε
2872 5071 3075 5150 φωτὸς,
3107 5070 3352 5147 ὃγὲγονε
3403 5069 3692 5146 πρότερον,
3742 5073 3836 5127 καὶ

2172 5160 2270 5217 τοῦ
2300 5164 2370 5236 τῇ
2413 5161 2585 5217 κτίσει
2635 5158 3077 5239 ἐφυστερίζοντος
3133 5161 3413 5234 σώματος,
3475 5156 3548 5215 δι’
3600 5154 3741 5215 ὅλου
3771 5157 3833 5216 δὶ

2174 5255 2273 5309 τοῦ
2322 5251 2581 5326 σώματος
2632 5250 2696 5305 τὸ
2756 5252 2872 5327 φῶς
2929 5246 3256 5325 ἆδιαιρὲτως
3312 5248 3539 5320 ἥνωται,
3592 5249 3679 5304 καὶ
3732 5253 3836 5305 τοῦ

2173 5340 2434 5415 σώματος
2469 5341 2751 5414 μένοντος,
2777 5337 2840 5394 τὸ
2888 5342 3005 5416 φῶς
3052 5343 3183 5393 πᾶσι
3226 5344 3327 5410 τῆς
3356 5344 3464 5414 γῆς
3493 5335 3837 5416 ἐφαπλοῦται

471 5469 492 5490 "
526 5465 850 5537 Vestiganti
883 5467 1029 5522 mihi
1061 5466 1395 5540 fragmenta
1414 5467 1542 5524 haec
1571 5466 1814 5523 nonnisi
1848 5470 2173 5541 excerptim
2203 5469 2269 5525 in
2300 5467 2476 5523 editis
2506 5471 2850 5524 occurrunt.
2882 5467 3038 5523 Εοιτ.

2008 5584 2230 5642 ΝΟΤΛΕ.

474 5668 551 5742 (l)
583 5668 671 5742 (ξς.
703 5674 845 5726 tom.
876 5672 1073 5740 XCVI,
1107 5673 1245 5727 1202
1273 5687 1399 5742 seq.

477 5737 556 5807 (2)
586 5737 674 5794 Cf.
704 5756 902 5813 supra,
931 5743 1058 5798 ⁸794.
