4120 6370
231 382 374 440 1409

1374 369 1826 427 FRAGMENTA
1864 374 1939 426 IN
1975 386 2034 439 Q.
2078 374 2531 433 MATTHEUM.

3526 386 3664 444 1410

226 513 343 570 τοῖς
406 500 644 579 μέρεσιν*
702 496 846 555 οὕτω
898 497 987 552 καὶ
1049 497 1077 552 ὁ
1126 496 1355 570 Χριστὸς
1412 501 1527 573 φῶς
1590 494 1648 549 ἐκ
1707 496 1888 571 φωτὸς

2028 498 2397 557 ΙίΙΤιιῐιάὶιιπε
2433 504 2514 559 ita
2545 506 2723 560 etiam
2751 505 3043 573 Christus,
3078 505 3279 561 lumen
3312 507 3383 561 de
3430 507 3661 564 lumine

231 598 470 671 ἄναρχον
507 592 589 659 ὃν,
630 590 719 646 καὶ
774 588 1093 664 ἀπρόσιτον,
1149 586 1199 640 ἐν
1244 591 1324 657 τῷ
1374 590 1620 660 χρονικῷ
1648 584 1738 639 καὶ
1768 606 1885 638 κτιο

232 692 343 758 στῷ
372 682 661 760 γενόμενος
705 680 939 751 σώματι,
992 679 1070 739 εἷς
1122 676 1230 730 ἐστι
1284 672 1635 744 δικαιοσύνης
1666 673 1888 743 ἽΙλιος,

234 778 311 839 εἷς
342 774 572 848 Χριστὸς
632 770 681 825 ἐν
742 767 860 822 δυσῖ
918 772 1038 827 ταῖς
1099 766 1307 840 φύσεσι·
1369 765 1457 818 καὶ
1508 765 1570 819 τὸ
1607 766 1699 836 μὲν
1733 764 1891 836 σῶμα

234 864 628 938 περίγραπτον,
660 862 695 929 ἡ
729 856 787 912 δὲ
836 858 1030 925 θεότης
1082 856 1378 930 ἁχώρητος
1428 853 1480 909 ἐν
1534 859 1696 909 πᾶσιν
1736 850 1889 921 οὖσα,

235 953 326 1008 καὶ
357 952 568 1006 πάντων
632 947 900 1003 ἐπέκειναο
969 945 1060 999 καὶ
1119 944 1300 1019 ὥσπερ
1356 941 1538 1019 ἕτερον
1602 945 1695 1016 μὲν
1731 941 1892 1012 ἣλιος

238 1043 413 1118 (πηγὴ
471 1040 571 1114 γὰρ
632 1036 743 1091 ἐστι
802 1036 1001 1109 φωτὸς,
1063 1034 1390 1110 καθορᾶσθαι
1462 1034 1539 1107 μὴ
1600 1031 1893 1105 δυνάμενος

235 1133 487 1205 τρανῶς),
521 1127 706 1199 ἕτερον
756 1123 813 1178 δὲ
859 1125 923 1179 τὸ
980 1128 1119 1201 φῶς,
1176 1124 1238 1177 τὸ
1298 1122 1347 1195 ἐξ
1406 1122 1574 1177 αὐτοῦ
1623 1123 1761 1195 πρὸς
1790 1128 1890 1197 γῆν

236 1216 633 1291 ἀφικνούμενον
692 1215 902 1290 (ὁρᾶται
973 1215 1078 1288 γὰρ
1153 1213 1243 1267 καὶ
1312 1207 1680 1287 προϐλὲπεται
1736 1210 1896 1287 σοφία

234 1312 331 1363 τοῦ
394 1311 528 1362 Θεοῦ
584 1306 675 1361 καὶ
758 1304 1162 1382 φιλανθρωπία,
1223 1304 1297 1364 ὡς
1357 1302 1413 1357 ἂν
1478 1305 1553 1376 μὴ
1616 1299 1893 1363 παντελῶς

232 1399 507 1473 ἀμὲτοχοι
564 1402 671 1451 τῶν
732 1394 916 1451 καλῶν
974 1393 1426 1467 κατασταῖημεν)·
1487 1392 1630 1447 οὕτω
1684 1393 1745 1446 τὸ
1802 1392 1895 1463 μὲν

235 1487 535 1562 πρόσωπον
594 1489 692 1541 τοῦ
772 1487 1006 1559 Χριστοῦ
1078 1482 1285 1556 λάμπει
1354 1480 1674 1556 τρανότερον
1736 1482 1807 1541 ὡς
1869 1481 1896 1534 6

234 1577 401 1647 ἣλιος
460 1576 612 1649 (ὅπερ
672 1576 773 1649 γὰρ
829 1573 880 1628 ἐν
942 1573 1227 1641 αἰσθητοῖς
1290 1572 1315 1625 6
1373 1571 1560 1640 ἥλιος,
1620 1575 1783 1624 τοῦτο
1845 1569 1895 1623 ἐν

234 1672 461 1737 νοητοῖς
496 1668 523 1720 6
556 1665 706 1733 Θεὸς)
753 1666 854 1737 (3),
904 1664 978 1725 ὡς
1029 1661 1085 1717 δὲ
1138 1666 1253 1739 φῶς
1306 1659 1642 1715 λευκαῖνεται
1672 1662 1737 1715 τὰ
1768 1661 1901 1733 ἱμά-

234 1776 347 1825 τια,
409 1756 480 1825 τῇ
540 1751 818 1828 μεταδόσει
880 1757 977 1807 τοῦ
1051 1751 1199 1816 θείου
1269 1751 1450 1829 φωτὸς
1508 1748 1895 1826 ἀγλαϊζόμενα.

2004 588 2129 642 sine
2164 592 2477 662 principio,
2543 599 2600 647 et
2656 594 3095 661 inaccessibile,
3143 596 3202 649 in
3258 598 3568 667 temporali
3602 607 3661 655 et

2002 686 2198 733 creato
2251 684 2543 737 exsistens
2588 700 2855 754 corpore,
2909 702 3065 739 unus
3116 690 3205 738 est
3252 686 3340 739 sol
3382 687 3655 756 justitim.

2002 784 2157 823 unus
2190 770 2459 825 Christus
2489 772 2550 826 in
2582 772 2815 827 duabus
2860 773 3091 827 naturis
3118 790 3129 826 :
3184 790 3250 828 ac
3281 791 3495 844 corpus
3526 774 3655 844 qui-

2005 856 2140 911 dem
2173 859 2712 932 circumscriptum,
2747 862 3022 916 divinitas
3057 863 3182 916 sine
3216 862 3343 917 loco
3375 864 3435 916 in
3468 864 3661 917 omni-

2004 945 2115 1000 bus
2173 949 2489 1016 exsistens,
2558 950 2956 1021 omnibusque
3015 951 3323 1022 superior:
3385 969 3453 1006 ac
3512 953 3667 1007 sicut

2005 1034 2167 1090 aliud
2200 1037 2443 1107 quidem
2506 1038 2595 1092 sol
2646 1044 2735 1093 est
2775 1040 2927 1107 (fons
2983 1040 3142 1093 enim
3201 1045 3290 1094 est
3348 1040 3520 1107 lucis,
3555 1058 3666 1097 nec

2004 1124 2189 1179 videri
2224 1131 2419 1196 potest
2460 1130 2703 1197 exacte),
2758 1128 2921 1182 aliud
2970 1145 3105 1183 vero
3152 1128 3273 1197 lux,
3328 1146 3459 1199 qua)
3497 1129 3569 1183 ab
3597 1146 3665 1184 eo

2006 1214 2068 1267 in
2096 1220 2313 1269 terram
2379 1217 2734 1271 diffunditur
2794 1218 3048 1285 (videtur
3096 1219 3257 1272 enim
3290 1225 3347 1272 et
3377 1220 3667 1289 aspicitur

2010 1304 2303 1373 sapientia
2333 1306 2453 1372 Dei,
2495 1312 2553 1359 et
2604 1307 2958 1378 benignitas,
2994 1313 3061 1360 ut
3108 1307 3313 1376 utique
3367 1308 3663 1363 bonorum

2009 1392 2169 1447 illius
2220 1396 2517 1464 possimus
2565 1412 2694 1451 esse
2748 1396 3126 1467 participes):
3175 1397 3255 1450 ita
3298 1395 3475 1450 facies
3522 1398 3663 1467 qui-

2011 1481 2146 1536 dem
2173 1483 2387 1537 Christi
2423 1485 2697 1555 splendet
2727 1484 2926 1539 lucida
2976 1485 3129 1538 sicut
3176 1484 3264 1537 sol
3297 1486 3477 1554 (quod
3510 1487 3668 1541 enim

2012 1572 2073 1625 in
2106 1572 2498 1628 sensibilihus
2532 1573 2617 1628 sol
2651 1578 2761 1639 est,
2796 1573 2992 1627 hocin
3027 1572 3439 1643 spiritualibus
3474 1575 3671 1645 Deus);

2013 1660 2283 1715 sicutlux
2314 1668 2514 1716 autem
2538 1662 2851 1717 albescunt
2882 1662 3238 1716 vestimenta
3264 1664 3674 1719 communica-

2012 1751 2171 1805 tione
2195 1751 2406 1805 divinaa
2429 1751 2580 1805 lucis
2602 1751 2915 1805 radiantia.
2942 1753 3141 1820 Neque
3161 1756 3320 1805 certe
3344 1756 3409 1804 ut
3435 1751 3522 1805 sol
3552 1757 3677 1806 tan-

235 1846 357 1901 Ὃτι
397 1845 580 1916 μέντοι
616 1843 728 1917 οὐχ
780 1843 854 1905 ὡς
913 1844 940 1896 6
999 1840 1162 1910 ἥλιος
1221 1837 1484 1914 ἔλαμψεν,
1519 1838 1661 1894 ἀλλά
1693 1838 1774 1894 6'1:
1808 1840 1896 1893 καὶ

2028 1857 2139 1895 .um
2164 1840 2558 1912 resplenduit,
2584 1841 2685 1895 sed
2710 1842 2819 1895 hac
2851 1839 3245 1895 similitudine
3269 1839 3463 1894 lucem
3487 1842 3668 1896 etiam

236 1937 333 1987 166
376 1930 775 2007 ὑποδείγματος
829 1935 1012 2003 μεῖζον
1059 1930 1125 1999 ἦν
1177 1930 1240 1983 τὸ
1290 1934 1428 2007 φῶς,
1480 1926 1680 2001 ἔδειξαν
1716 1929 1765 1982 οἱ
1802 1949 1901 2000 μα-

238 2021 405 2092 θηταὶ
459 2018 731 2081 πεσόντες.
791 2018 852 2073 Εἰ
911 2018 1015 2093 γὰρ
1090 2017 1165 2091 μὴ
1244 2014 1472 2092 ἄκρατον
1532 2018 1599 2086 ἦν
1653 2016 1715 2071 τὸ
1769 2020 1903 2093 φῶς,

238 2110 396 2166 ἀλλά
424 2112 513 2165 καὶ
543 2114 623 2181 τῷ
654 2108 804 2181 ἡλίῳ
834 2107 1170 2182 σύμμετρον,
1203 2106 1303 2161 06x
1332 2107 1392 2161 ἂν
1421 2103 1634 2162 ἔπεσον.

310 2225 337 2252 ι(
383 2198 557 2261 Οὗτός
605 2198 745 2253 ἐστιν
797 2196 920 2259 Υἱός
973 2218 1077 2271 μου
1127 2197 1155 2251 6
1204 2195 1501 2273 ἀγαπητὸς,
1554 2195 1607 2251 ἐν
1657 2196 1703 2267 ᾧ
1734 2191 1904 2265 ηὐδὸ-

234 2309 413 2360 κησα,
442 2288 606 2342 αὐτοῦ
636 2288 878 2343 ἀκούετε.
913 2309 941 2337 ››

305 2378 689 2449 Ἐπισήμηναι
749 2376 833 2430 6'1:
904 2373 1168 2450 πρότερον
1253 2376 1346 2447 μὲν
1433 2373 1485 2429 ἐν
1564 2371 1813 2449 Ἰορδάνῃ
1869 2374 1903 2443 ἡ

231 2466 413 2543 Τριᾶς
463 2464 821 2541 ἐμαρτυρήθη
879 2468 975 2517 τοῦ
1035 2462 1163 2516 Υἱοῦ
1220 2463 1644 2537 βαπτιζομένου,
1692 2462 1906 2534 Πατρὸς

244 2554 459 2611 ἄνωθεν
496 2557 925 2629 μαρτυροῦντος,
964 2556 1060 2605 τοῦ
1116 2550 1431 2623 [Ινεύματος
1461 2552 1590 2606 ὡσεὶ
1620 2549 1910 2626 περιστερᾶ

253 2644 691 2721 κατερχομένου.
725 2646 838 2697 Νῦν
871 2638 926 2695 δὲ
957 2639 1009 2695 ἐν
1034 2636 1228 2713 Θαϐὼρ
1327 2641 1466 2710 αὐτή
1500 2640 1666 2695 πάλιν
1704 2661 1907 2715 μαρτυ-

259 2741 431 2810 ρεῖται
462 2738 542 2806 τῷ
569 2731 915 2805 κηρύττοντι,
946 2734 1023 2801 τῷ
1053 2728 1469 2804 κηρῦττομὲνῳ,
1503 2732 1572 2803 τῇ
1598 2728 1799 2806 νεφέλῃ
1832 2732 1909 2799 τῷ

260 2823 553 2896 Πνεῦματι.
585 2821 769 2877 Ταῦτά
797 2840 880 2873 τοι
911 2818 999 2873 καὶ
1030 2813 1195 2872 Δαϐὶδ
1246 2819 1678 2895 προανεφώνησε.
1713 2811 1907 2891 Θαϐὼρ

257 2912 349 2967 καὶ
402 2910 617 2986 Ἐρμὼν
674 2910 724 2964 ἐν
781 2912 862 2979 τῷ
921 2907 1147 2980 ὀνόματί
1202 2928 1297 2962 σου
1355 2906 1794 2983 ἆγαλλιάσονται.
1830 2906 1909 2962 Τὸ

262 3002 357 3075 μὶν
390 3002 495 3076 γὰρ
526 2999 741 3074 Ἑρμῶν
773 2996 1158 3073 ἠγαλλιάσατο
1216 2997 1617 3072 βαπτιζομένου
1646 2996 1743 3049 τοῦ
1774 3000 1909 3070 Χρι-

260 3096 408 3147 στοῦ.
440 3091 517 3146 Τὸ
550 3087 608 3143 δὲ
639 3083 833 3163 Θαϐὼρ
863 3084 1408 3161 μεταμορφουμένου,
1434 3083 1623 3153 ἐπειδὴ
1652 3085 1703 3139 ἐν
1731 3085 1911 3159 ἀμφο-

255 3182 438 3257 τέροις
487 3179 700 3253 ἠνέχθη
759 3177 939 3252 φωνὴ,
993 3175 1165 3237 Οὗτός
1220 3174 1359 3231 ἐστιν
1412 3176 1439 3229 6
1488 3173 1612 3237 Υἱός
1666 3196 1770 3248 μου
1819 3175 1915 3229 λέ-

256 3290 446 3347 γουσα.

332 3384 360 3412 ‹‹
403 3359 502 3412 Καὶ
578 3352 762 3413 λαϐὼν
838 3358 900 3411 τὸ
975 3356 1242 3428 ποτήριον
1346 3355 1436 3409 καὶ
1513 3354 1915 3429 εὐχαριστήσας

258 3446 458 3505 ἔδωκεν
490 3445 674 3506 αὐτοῖς
699 3445 893 3519 λέγων’
929 3446 1086 3499 Πίετε
1117 3443 1168 3513 ἐξ
1199 3444 1368 3498 αὐτοῦ
1397 3445 1611 3505 πάντες.
1647 3468 1674 3495 ››

334 3534 449 3593 06x
477 3531 587 3588 ἔστι
618 3532 789 3595 τύπος
814 3534 843 3586 6
875 3530 1038 3604 ἄρτος
1081 3530 1171 3584 καὶ
1228 3534 1373 3594 οἶνος
1414 3536 1512 3586 τοῦ
1544 3532 1796 3605 σώματος
1827 3530 1919 3584 καὶ

264 3622 497 3697 αἳματος
528 3622 623 3677 τοῦ
655 3622 914 3695 Χριστοῦ,
951 3622 1027 3691 μὴ
1072 3620 1313 3694 γένοιτο,
1348 3619 1474 3675 ἀλλ’
1506 3620 1638 3674 αὐτὸ
1668 3621 1729 3675 τὸ
1761 3624 1921 3693 σῶμα

264 3712 357 3767 καὶ
388 3712 521 3766 αὐτὸ
549 3713 611 3765 τὸ
644 3710 782 3782 αἷμα
812 3708 890 3770 εἷς
920 3706 1171 3762 σύστασιν
1212 3714 1313 3777 τῆς
1341 3709 1611 3783 ἡμετερας
1643 3712 1832 3783 ψυχῆς
1862 3728 1922 3761 τε

266 3802 355 3856 καὶ
392 3802 648 3873 σώματος
677 3802 922 3874 χωροῦν,
955 3796 1015 3851 οὐ
1059 3794 1466 3870 δαπανώμενον,
1514 3796 1576 3851 οὐ
1628 3798 1923 3871 φθειρόμε-

267 3910 387 3960 νον,
421 3890 521 3945 οὐκ
552 3888 626 3950 εἷς
651 3885 935 3966 ἀφεδρῶνα
962 3890 1204 3961 χωροῦν,
1238 3885 1364 3941 ἀλλ’
1395 3886 1473 3950 εἷς
1500 3886 1601 3954 τήν
1632 3890 1792 3959 ἡμῶν
1827 3885 1924 3940 οὐ-

271 3980 388 4033 σίαν
415 4000 473 4034 τε
500 3979 591 4033 καὶ
622 3979 970 4051 αυντήρησιν.
1007 3975 1066 4030 Εἰ
1118 3972 1176 4030 δὲ
1221 3976 1309 4030 καὶ
1358 3996 1499 4037 τινες
1533 3975 1797 4030 ἀντίτυπα
1825 3979 1924 4028 τοῦ

266 4072 527 4143 σώματος
576 4068 665 4123 καὶ
716 4072 814 4123 τοῦ
864 4067 1095 4140 α’ίματος
1141 4070 1238 4121 τοῦ
1288 4068 1491 4142 Κυριου
1521 4066 1612 4120 τὸν
1646 4066 1804 4137 ἄρτον
1832 4065 1923 4119 καὶ

263 4160 357 4214 τὸν
421 4160 564 4214 οἶνον
627 4155 906 4225 ἐκάλεσαν,
967 4156 1032 4209 οὐ
1094 4154 1227 4227 μετὰ
1276 4156 1340 4209 τὸ
1398 4153 1921 4227 ἁγιαστῆναιεῖπον,

265 4246 415 4301 ἀλλᾶ
443 4245 570 4323 πρὶν
627 4248 976 4321 ἀγιασθῆναι,
1035 4244 1135 4312 τὴν
1194 4243 1506 4321 προσφορὰν
1567 4242 1709 4297 οὕτω
1757 4241 1923 4297 καλὲ-

264 4355 473 4395 σαντες.
530 4334 828 4389 Ἀντίτυπα
874 4329 931 4386 δὲ
976 4336 1084 4385 τῶν
1139 4329 1453 4403 μελλόντων
1503 4328 1772 4406 λέγονται,
1816 4332 1927 4406 οὐχ

263 4424 339 4486 ὡς
372 4425 449 4495 μὴ
486 4420 615 4479 ὄντα
640 4422 863 4493 ἀληθῶς
924 4425 1083 4494 σῶμα
1149 4420 1238 4474 καὶ
1298 4422 1435 4492 αἷμα
1493 4419 1747 4495 Χριστοῦ,
1799 4419 1926 4475 ἀλλ’

265 4512 350 4567 ὅτι
380 4517 474 4567 νῦν
514 4515 607 4585 μὲν
643 4510 711 4567 δι’
765 4511 942 4566 αὐτῶν
1008 4511 1318 4584 μετέχομεν
1373 4517 1473 4579 τῆς
1534 4516 1775 4584 Χριστοῦ
1807 4512 1927 4565 Θεό-

263 4620 454 4670 τητος,
486 4602 609 4655 τότε
659 4597 715 4654 δὲ
762 4602 971 4663 νοητῶς
1021 4597 1109 4651 διὰ
1165 4598 1334 4669 μόνης
1380 4604 1479 4666 τῆς
1512 4598 1655 4658 θεας.
1698 4599 1923 4671 Λέγεται
1958 4596 2003 4660 D

269 4688 327 4746 δὲ
389 4689 697 4764 μετάληψις
762 4688 877 4761 μὲν,
938 4686 1020 4742 ὅτι
1081 4684 1151 4740 δι’
1208 4688 1381 4755 αὐτῆς
1432 4682 1923 4761 μεταλαμϐάνομεν

266 4787 368 4850 τῆς
398 4783 581 4850 Ἰησοῦ
614 4780 891 4848 θεότητος·
952 4775 1214 4831 κοινωνία
1268 4773 1346 4847 δὲ,
1399 4772 1488 4830 διὰ
1535 4776 1597 4829 16
1643 4782 1926 4831 κοινωνεῖν

266 4872 418 4943 ἡμᾶς
449 4868 521 4924 δι’
550 4868 716 4937 αὐτῆς
771 4872 849 4938 τῷ
908 4863 1148 4940 Χριστῷ,
1203 4866 1294 4919 καὶ
1356 4864 1604 4939 μετέχειν
1635 4864 1799 4919 αὐτοῦ
1830 4872 1929 4935 τῆς

268 4958 467 5033 σαρκός
516 4979 574 5013 τε
630 4957 721 5013 καί
782 4956 1063 5026 θεότητος.
1129 4959 1417 5009 Κοινωνεῖν
1474 4952 1531 5007 δὲ
1560 4954 1649 5008 καὶ
1684 4955 1927 5009 ὲνοῦσθαι

266 5049 357 5100 καὶ
411 5046 685 5115 ἀλλήλοις
735 5044 806 5100 δι’
854 5046 1046 5113 αὐτῆς.
1102 5040 1327 5111 Ἐπειδὴ
1374 5044 1479 5117 γὰρ
1511 5043 1561 5113 ἐξ
1593 5043 1710 5105 ἑνὸς
1763 5046 1928 5116 ἄρτου

274 5132 773 5208 μεταλαμϐάνομεν
831 5135 1047 5203 πάντες,
1101 5130 1157 5188 ἓν
1218 5137 1379 5205 σῶμα
1437 5134 1672 5207 Χριστοῦ
1729 5133 1819 5188 καὶ
1871 5131 1929 5189 ἓν

270 5227 430 5297 αἷμα,
463 5224 554 5280 καὶ
604 5222 875 5292 ἀλλήλων
936 5221 1079 5296 μέλη
1139 5221 1419 5297 γινόμεθα,
1481 5219 1762 5293 σύσσωμοι
1795 5224 1931 5298 Χρι-

272 5317 401 5368 στοῦ
432 5333 543 5389 χρη
556 5312 890 5387 ματιζοντες.

345 5459 361 5493 ¹
399 5461 557 5517 Psal.
591 5476 856 5531 LXXXVIII,
890 5461 974 5513 t3.

2013 1930 2194 1986 fuisse
2228 1933 2537 2003 majorem,
2586 1931 2977 1985 ostenderunt
3024 1930 3302 1984 cadentes
3352 1929 3667 2001 discipuli:

2011 2021 2127 2074 nisi
2163 2022 2323 2075 enim
2354 2021 2679 2092 purissima
2709 2020 2809 2075 lux
2839 2020 3069 2083 fuisset,
3104 2019 3206 2074 sed
3238 2019 3348 2074 soli
3372 2036 3674 2075 commen-

2016 2116 2237 2179 surata,
2273 2113 2480 2181 utique
2513 2129 2637 2167 non
2668 2112 3048 2167 cecidissent.

2086 2203 2137 2253 5.
2172 2223 2199 2249 «
2235 2200 2337 2255 Hic
2383 2205 2472 2255 est
2520 2200 2703 2255 Filius
2755 2217 2926 2255 meus
2979 2199 3253 2271 dilectus,
3286 2201 3349 2256 in
3380 2216 3495 2271 quo
3528 2201 3678 2256 mihi

2013 2288 2165 2344 bene
2197 2289 2551 2360 complacui,
2586 2291 2784 2360 ipsum
2816 2289 3035 2345 audite.
3072 2310 3097 2340 ι

2084 2379 2406 2450 Iudicatur,
2440 2380 2597 2451 quod
2632 2382 2794 2452 prius
2830 2380 3072 2451 quidem
3103 2379 3165 2435 in
3194 2378 3445 2435 Iordane
3476 2380 3675 2452 bapti-

2013 2475 2139 2525 zato
2171 2471 2317 2525 Filio
2351 2476 2565 2526 testata
2595 2476 2684 2525 est
2730 2470 3006 2537 Trinitas,
3064 2472 3237 2524 Patre
3279 2475 3532 2524 testante
3567 2468 3672 2523 de-

2017 2576 2213 2630 super,
2274 2560 2495 2631 Spiritu
2554 2565 2839 2631 tanquam
2914 2559 3191 2614 columba
3246 2558 3670 2614 descendente.

2015 2650 2179 2703 Nunc
2229 2664 2365 2703 vero
2424 2650 2484 2703 in
2528 2649 2760 2703 Thabor
2819 2648 2932 2719 ipsi
2986 2664 3193 2701 rursus
3254 2648 3666 2704 testimonium

2014 2736 2363 2810 perhibetur
2413 2754 2447 2791 a
2496 2736 2879 2808 praedicante,
2936 2736 3007 2790 ab
3059 2752 3126 2789 eo
3156 2735 3257 2805 qui
3310 2735 3669 2805 praedicatus

2017 2832 2126 2893 est,
2160 2832 2219 2879 et
2249 2825 2426 2892 nube,
2460 2843 2590 2896 quae
2622 2826 2874 2896 Spiritus
2905 2830 3027 2879 est:
3062 2825 3187 2878 hmo
3218 2823 3401 2878 David
3432 2840 3671 2896 quoque

2018 2915 2327 2987 praedixit:
2364 2916 2579 2969 Thabor
2609 2922 2661 2969 et
2710 2917 2948 2968 Hermon
2995 2916 3052 2967 in
3095 2915 3315 2968 nomine
3364 2920 3456 2967 tuo
3488 2914 3677 2968 exsul-

2021 3004 2320 3060 taverunt.‘
2356 3005 2614 3059 Hermon
2647 3004 2807 3057 enim
2839 3002 3157 3058 exsultavit
3185 3002 3478 3073 baptizata
3512 3003 3674 3057 Chri-

2022 3100 2131 3150 sto.
2165 3093 2319 3148 Illud
2345 3111 2479 3148 vero
2526 3093 2790 3148 Thabore
2839 3098 3087 3159 mutato,
3145 3092 3286 3162 quia
3318 3092 3377 3146 in
3409 3092 3679 3163 utrisque

2021 3203 2131 3241 vox
2158 3184 2295 3239 data
2327 3189 2417 3238 est
2442 3200 2453 3237 :
2486 3182 2590 3239 Hic
2620 3189 2696 3238 est
2726 3182 2899 3238 Filius
2928 3198 3098 3247 meus,
3131 3180 3357 3237 dicens.

2098 3364 2293 3431 XXVI,
2326 3364 2415 3415 28.
2452 3384 2478 3413 ‹‹
2509 3363 2579 3416 Et
2608 3362 2907 3433 accipiens
2931 3360 3177 3415 calicem
3208 3358 3426 3432 gratias
3457 3358 3593 3431 egit,
3626 3363 3687 3415 et

2028 3454 2192 3510 dedit
2223 3454 2308 3507 eis
2339 3453 2545 3508 dicens
2573 3471 2583 3506 :
2618 3453 2805 3506 Bibite
2838 3469 2906 3507 ex
2939 3452 3051 3506 hoc
3083 3466 3313 3505 omnes.
3350 3470 3377 3499 ››

2102 3545 2277 3598 Panis
2311 3547 2369 3597 et
2398 3543 2599 3597 vinum
2631 3558 2752 3597 non
2796 3546 2888 3595 est
2929 3541 3117 3613 ﬁgura
3163 3538 3429 3609 corporis
3461 3543 3520 3591 et
3550 3554 3683 3593 san-

2029 3634 2226 3706 guinis
2257 3632 2495 3699 Christi,
2530 3630 2723 3685 absit!
2777 3629 2879 3684 sed
2932 3630 3129 3701 ipsum
3178 3644 3415 3698 corpus,
3472 3632 3531 3681 et
3560 3626 3687 3698 ipse

2032 3722 2270 3793 sanguis
2301 3721 2374 3775 ad
2406 3721 2892 3775 constitutionem
2953 3718 3167 3772 animae
3214 3721 3433 3772 nostra:
3468 3732 3686 3787 corpo-

2028 3812 2230 3882 risque
2262 3810 2594 3877 conferens,
2641 3826 2763 3864 non
2817 3811 3259 3878 consumptum,
3310 3821 3505 3876 neque
3556 3822 3687 3860 cor-

2031 3906 2293 3971 ruptum,
2322 3916 2443 3954 non
2475 3900 2537 3953 in
2570 3915 2870 3953 secessum
2902 3897 3129 3962 abiens,
3177 3894 3280 3949 sed
3315 3896 3375 3948 in
3408 3892 3682 3949 substan-

2034 3990 2175 4043 tiam
2232 3994 2498 4043 nostram
2570 4004 2635 4043 ac
2714 3986 3245 4041 conservationem.
3326 3984 3427 4037 Sin
3485 3989 3687 4038 autem

2032 4077 2309 4133 nonnulli
2366 4077 2543 4132 etiam
2613 4077 2881 4147 antitypa
2938 4074 3203 4145 corporis
3267 4078 3326 4128 et
3383 4072 3690 4143 sanguinis

2035 4167 2547 4222 consecrationem
2581 4165 2878 4231 dixerunt,
2927 4164 3029 4219 sed
3080 4162 3431 4234 priusquam
3481 4177 3693 4215 conse-

2035 4261 2324 4325 craretur,
2396 4256 2476 4310 ita
2531 4255 2893 4309 oblationem
2954 4252 3365 4324 appellantes:
3426 4250 3695 4321 antitypa

2036 4352 2233 4400 autem
2294 4344 2628 4399 futurorum
2690 4344 2993 4409 dicuntur,
3052 4358 3172 4396 non
3232 4345 3516 4409 tanquam
3556 4356 3691 4394 vere

2037 4450 2249 4504 corpus
2281 4439 2340 4486 et
2368 4432 2609 4503 sanguis
2628 4431 2844 4485 Christi
2878 4447 2995 4484 non
3032 4429 3150 4483 sint
3179 4446 3192 4493 ;
3227 4428 3329 4481 sed
3361 4427 3501 4497 quia
3530 4442 3691 4480 nunc

2038 4522 2279 4594 quidem
2314 4522 2385 4576 iis
2419 4521 2635 4576 Christi
2670 4521 3095 4592 participamus
3126 4517 3519 4582 divinitatem,
3554 4522 3695 4571 tunc

2036 4633 2174 4670 vero
2208 4613 2694 4668 intellectualiter
2724 4630 2830 4683 per
2870 4612 3057 4666 solam
3104 4609 3696 4681 contemplationem.

2038 4706 2264 4760 Dicitur
2295 4710 2494 4759 autem
2527 4703 2823 4774 susceptio
2857 4702 3121 4772 quidem,
3148 4717 3215 4754 eo
3248 4698 3407 4770 quod
3439 4715 3545 4769 per
3566 4714 3698 4753 eam

2037 4795 2172 4849 Jesu
2206 4794 2601 4864 suscipiamus
2642 4792 3045 4846 divinitatem:
3099 4788 3440 4843 communio
3474 4792 3697 4855 autem,

2041 4900 2108 4939 eo
2142 4883 2299 4955 quod
2330 4900 2438 4937 nos
2473 4898 2607 4937 cum
2638 4881 2869 4935 Christo
2924 4877 3434 4935 communicemus
3468 4893 3533 4931 ac
3565 4892 3700 4946 par-

2040 4973 2251 5043 ticipes
2311 4971 2497 5025 simus
2551 4970 2747 5024 carnis
2805 4969 2968 5023 illius
3000 4985 3066 5023 ac
3126 4967 3402 5021 deitatis:
3463 4980 3529 5019 ac
3592 4980 3699 5035 per

2043 5079 2171 5117 eam
2223 5062 2357 5116 aliis
2409 5076 2645 5131 quoque
2692 5060 3224 5123 communicemur,
3276 5072 3343 5110 ac
3391 5055 3697 5119 uniamur,

2041 5152 2187 5205 Cum
2220 5151 2379 5205 enim
2415 5166 2482 5204 ex
2514 5166 2634 5204 uno
2689 5164 2841 5219 pane
2895 5164 3202 5203 sumamus
3251 5160 3458 5200 omnes
3508 5158 3696 5197 unum

2042 5240 2259 5295 Christi
2293 5255 2529 5310 corpus,
2561 5254 2867 5308 unumque
2901 5237 3495 5309 sanguinem,mutua
3518 5232 3698 5287 etiam

2043 5328 2314 5383 membra
2342 5328 2539 5395 ﬁmus,
2576 5326 2960 5396 concorporei
2991 5325 3207 5379 Christi
3240 5322 3567 5394 nuncupati
3599 5321 3699 5393 (4).

1866 5598 2091 5655 ΝΟΤΕ.

342 5710 422 5784 (3)
453 5710 537 5769 Cf.
572 5726 775 5785 supra,
807 5708 927 5770 col.
961 5711 1087 5779 799,
1118 5709 1243 5767 800.

2113 5712 2191 5788 (1)
2224 5712 2308 5773 οι.
2343 5714 2538 5787 XCIV,
2572 5716 2730 5786 1147,
2764 5715 2923 5771 1151.
