4074 6398
461 365 594 422 ﬂii

1331 361 1702 419 ADDBNDA.
1736 386 1805 398 --
1839 353 2295 413 FRAGMENTA
2337 358 2411 413 IN
2454 358 2509 413 Β.
2550 358 2999 418 ΠΔἸἿἮΒΠΠ.

3753 358 3909 418 1412

527 485 750 550 ΧΧνΙΙ,
781 487 834 537 5.
868 504 896 533 α
929 483 1000 537 Et
1027 479 1309 553 projectis
1348 478 1645 552 argenteis
1670 476 1733 533 in
1766 476 1985 548 templo
2016 492 2107 530 re-

2301 495 2327 527 α
2357 474 2459 530 Καὶ
2504 474 2664 551 ῥίψας
2719 478 2787 533 τὰ
2841 477 3072 555 ἀργύρια
3122 477 3175 535 ἐν
3228 484 3309 553 τῷ
3366 484 3504 553 ναῷ,
3534 477 3906 558 ἀνεχώρησε·

455 575 655 637 cessit,
690 579 748 628 et
775 571 981 629 abiens
1011 570 1225 642 laqueo
1258 585 1319 623 se
1352 566 1680 641 suspendit.
1718 588 1746 614 η

524 662 841 718 Derelictio
871 661 991 716 alia
1018 659 1259 731 quidem
1292 663 1381 713 est
1410 656 1483 713 ob
1516 655 1807 712 occultam
1830 653 2105 710 virtutem

453 757 519 809 ut
547 752 981 816 manifestetur,
1016 750 1170 804 sicut
1200 747 1304 802 illa
1338 746 1501 813 Jobi;
1533 746 1652 801 alia
1699 762 1834 799 vero
1882 743 1955 798 ob
2008 761 2104 798 su-

453 842 673 914 perbiae
702 840 1093 906 aversionem,
1144 842 1211 892 ut
1238 836 1343 890 illa
1378 835 1585 901 Pauli;
1619 834 1737 890 alia
1784 839 1983 889 autem
2031 832 2107 887 ad

452 932 699 986 alterius
729 928 1184 993 correctionem,
1236 930 1303 980 ut
1344 925 1537 980 Lazari
1570 941 1638 979 ac
1670 924 1887 979 divitis.
1923 924 2103 977 Natu-

453 1020 659 1076 raliter
684 1018 843 1075 enim
873 1032 1006 1073 cum
1040 1015 1310 1071 videmus
1341 1014 1492 1069 alios
1522 1013 1666 1084 pati,
1698 1012 2105 1084 reprimimur.

453 1108 585 1163 Alia
613 1124 746 1164 vero
774 1106 848 1163 ad
878 1105 1123 1161 alterius
1153 1103 1443 1173 gloriam;
1476 1109 1541 1157 ut
1583 1102 1768 1169 illius,
1802 1102 1902 1172 qui
1933 1117 1968 1155 a
2000 1116 2104 1154 na-

448 1198 672 1253 tivitate
699 1213 889 1252 caecus
919 1195 1050 1260 fuit,
1083 1193 1157 1249 ad
1183 1192 1397 1248 Christi
1425 1191 1694 1264 gloriam.
1730 1190 1861 1245 Alia
1905 1194 2106 1245 autem

453 1286 528 1341 ad
560 1286 807 1342 alterius
845 1284 1058 1347 zelum,
1107 1288 1172 1337 ut
1202 1283 1262 1337 in
1297 1280 1727 1336 testimonium.
1760 1280 1841 1335 Ac
1873 1277 2106 1349 simpli-

450 1378 600 1432 citer
657 1375 773 1431 duo
833 1378 974 1430 sunt
1031 1370 1437 1427 derelictionis
1505 1386 1743 1442 genera.
1802 1370 1903 1423 Est
1945 1367 2106 1422 enim

453 1464 764 1523 derelictio
795 1480 902 1535 per
949 1460 1455 1534 dispensationem
1510 1464 1569 1515 et
1626 1457 2106 1538 instructionem,

453 1562 516 1614 et
544 1559 634 1611 est
660 1553 967 1610 derelictio
1017 1568 1148 1623 qum
1208 1550 1285 1606 sit
1342 1548 1538 1605 finalis
1598 1547 1974 1619 reprobatio;
2009 1547 2106 1601 Di-

456 1646 793 1719 spensativa
823 1642 1065 1714 quidem
1113 1658 1180 1697 ac
1231 1640 1578 1695 instructiva
1627 1655 1758 1709 quae
1805 1638 1878 1693 ad
1909 1653 2106 1692 corre-

459 1736 717 1792 ctionem
749 1750 815 1789 ac
847 1732 1099 1788 salutem
1134 1736 1193 1786 et
1221 1730 1472 1802 gloriam
1504 1728 1667 1783 illius
1700 1728 1785 1793 ﬁt,
1819 1727 1921 1798 qui
1952 1725 2107 1798 pati-

2214 560 2304 615 καὶ
2338 561 2586 619 ἀπελθὼν
2609 564 2916 643 ἀπήγξατο.
2952 592 2981 620 ››

2288 652 2409 707 Τῶν
2444 651 2905 731 ἐγκαταλείψεων,
2960 659 2996 726 ἡ
3062 658 3158 732 μὶν
3208 653 3322 715 ἔστι
3373 655 3463 714 διὰ
3490 656 3903 732 κεκρυμμένην

2219 738 2439 813 ἆρετὴν,
2495 742 2584 798 ἳνα
2632 748 2940 822 φανερωθῇ,
2999 745 3075 809 ὡς
3134 749 3168 816 ἡ
3236 750 3335 802 τοῦ
3394 743 3541 804 Ἰώ6’
3596 750 3633 817 ἡ
3696 745 3761 803 δὶ
3824 744 3908 801 δι’

2217 827 2537 903 ἀποτροπὴν
2599 833 2996 912 ὑπερηφανίας,
3080 835 3158 899 ὡς
3234 835 3324 891 ἐπὶ
3378 840 3477 891 τοῦ
3535 836 3795 893 Παύλου·
3864 838 3906 906 ἡ

2219 914 2276 972 δὲ
2304 922 2442 993 πρὸς
2485 917 2778 997 διόρθωσιν
2838 922 3039 994 ἄλλου,
3088 927 3163 986 ὡς
3211 924 3299 980 ἐπὶ
3342 929 3441 980 τοῦ
3493 926 3749 1002 Λαζάρου
3800 926 3908 981 καὶ

2215 1011 2314 1061 τοῦ
2362 1008 2650 1069 πλουσίου.
2708 1016 2965 1076 Φυσικῶς
3010 1012 3114 1089 γὰρ
3164 1014 3400 1089 ὁρῶντες
3443 1035 3596 1078 τινας
3633 1016 3906 1090 πάσχονυ

2216 1118 2334 1165 τας,
2369 1098 2797 1172 συστελλόμεθα.
2850 1102 2913 1159 'll
2971 1098 3029 1157 δὲ
3085 1101 3164 1165 είς
3220 1102 3398 1158 ἄλλου
3446 1101 3626 1177 δόξαν,
3657 1103 3738 1165 ὡς
3773 1104 3806 1158 6
3836 1104 3910 1159 ὶιι

2216 1196 2436 1265 γενετῆς
2483 1189 2711 1270 τυφλὸς,
2761 1191 2840 1254 εἷς
2892 1190 3047 1263 δόξαν
3098 1194 3362 1269 Χριστοῦ.
3393 1195 3458 1252 Ἡ
3491 1192 3549 1250 δὲ
3593 1193 3672 1258 εἷς
3706 1191 3906 1250 ἄλλου

2222 1278 2415 1349 ζῆλον,
2448 1279 2523 1343 ὡς
2554 1280 2640 1335 ἐπὶ
2697 1283 2799 1349 τήν
2861 1280 3181 1357 μαρτυρίαν.
3239 1283 3344 1341 Καὶ
3393 1283 3586 1348 ἁπλῶς
3625 1290 3732 1354 τῆς
3764 1282 3907 1338 ἐκα-

2215 1367 2521 1442 ταλείψεως
2551 1368 2683 1425 εἰσίν
2738 1367 2857 1441 εἷ’δη
2915 1367 3034 1427 δύο*
3090 1367 3203 1428 ἔστι
3259 1372 3361 1449 γαρ
3391 1372 3785 1449 ἐγκατάλειψις
3812 1374 3908 1428 ol-

2218 1458 2486 1531 κονομικη
2518 1457 2608 1513 καὶ
2640 1456 2985 1529 παιδευτικὴ,
3044 1460 3135 1515 καὶ
3194 1458 3335 1516 ἔστιν
3382 1459 3777 1538 ἐγκατάλειψις
3804 1483 3906 1518 τε·

2219 1546 2345 1602 λεία
2373 1547 2783 1623 ἀπογνωστική.
2838 1547 3179 1623 Οἰκονομική
3245 1550 3340 1623 μὶν
3392 1551 3484 1606 καὶ
3529 1550 3903 1621 παιδευτική,

2220 1634 2256 1705 ἢ
2289 1636 2426 1712 πρὸς
2459 1634 2750 1711 διόρθωσιν
2773 1637 2865 1693 καί
2889 1638 3187 1714 σωτηρίαν,
3210 1639 3302 1695 καί
3326 1636 3482 1712 δόξαν
3505 1645 3603 1696 τοῦ
3633 1641 3903 1716 πάσχον-

2219 1746 2311 1787 τος
2341 1727 2633 1800 γινομὲνη,
2663 1723 2700 1796 ἤ
2751 1726 2839 1782 καὶ
2885 1729 3024 1804 πρὸς
3072 1726 3260 1784 ἄλλων
3296 1728 3465 1799 ζῆλον
3495 1729 3585 1786 καὶ
3621 1730 3899 1804 μίμησιν,

455 1834 575 1893 tur,
607 1830 709 1881 aut
754 1823 829 1879 ad
861 1822 1113 1878 aliorum
1170 1821 1362 1875 zelum
1421 1836 1489 1874 ac
1539 1817 1955 1884 imitationem,
2010 1820 2113 1871 aut

2225 1812 2257 1884 ἤ
2288 1814 2378 1869 καὶ
2409 1815 2547 1891 πρὸς
2577 1814 2732 1887 δόξαν
2767 1814 2926 1873 Θεοῦ.
2958 1818 3023 1874 ἸΙ
3079 1815 3137 1873 δὲ
3191 1816 3375 1874 τελεία
3412 1818 3763 1895 κατάλειψις,
3800 1818 3903 1875 ὅτε

453 1916 633 1970 etiam
664 1914 739 1969 ad
779 1914 879 1968 Dei
932 1911 1204 1983 gloriam.
1257 1909 1478 1965 Finalis
1525 1913 1723 1963 autem
1774 1904 2105 1971 derelictio,

420 1992 423 1997 ’
450 2020 586 2061 cum
620 2004 738 2058 Deo
769 2002 972 2057 omnia
1001 1998 1077 2055 ad
1108 1998 1360 2054 salutem
1388 2002 1726 2069 peragente,
1752 1992 2106 2051 incurabilis

451 2108 521 2147 ex
553 2092 790 2165 proprio
822 2091 1038 2145 affectu
1070 2089 1249 2143 homo
1281 2085 1566 2159 persistit.
1600 2086 1744 2139 Tum
1778 2084 1937 2140 enim
1969 2099 2107 2154 per-

450 2182 663 2237 ditioni
699 2179 952 2236 traditur
980 2183 1047 2234 ut
1073 2177 1251 2234 Judas
1281 2178 1377 2245 (ὅ).

525 2271 687 2325 Vsus.
749 2270 838 2323 37.
870 2290 897 2318 «
930 2269 1000 2321 Et
1055 2267 1471 2337 imposuerunt
1530 2281 1710 2336 super
1765 2267 1943 2335 caput
1973 2262 2105 2334 ejus

449 2374 692 2414 causam
719 2358 909 2429 ipsius
939 2357 1223 2427 scriptam
1248 2371 1261 2409 :
1295 2354 1391 2410 hic
1421 2360 1508 2410 est
1533 2354 1701 2409 Jesus
1744 2370 1847 2409 rex
1872 2350 2107 2407 Iudaeo-

450 2464 606 2503 rum.
643 2469 672 2497 ι)

522 2536 699 2593 Tituli
732 2535 975 2608 scriptio
1006 2551 1186 2607 quam
1218 2534 1444 2589 Pilatus
1498 2548 1678 2604 supra
1728 2531 2103 2587 Dominicum

420 2620 630 2699 'caput
657 2625 865 2693 afﬁxit,
901 2623 1188 2696 implebat
1233 2624 1462 2678 Domini
1492 2639 1692 2678 vocem
1722 2638 1735 2677 :
1783 2623 1913 2679 Cum
1946 2620 2104 2675 exal-

450 2723 598 2772 tatus
623 2719 803 2785 fuero,
853 2714 1130 2778 dicentis,
1163 2715 1351 2768 omnia
1407 2712 1622 2767 traham
1666 2711 1740 2766 ad
1768 2712 2031 2781 meipsum
2056 2708 2100 2776 ¹,

450 2804 792 2861 declarabat
823 2804 1001 2877 igitur
1040 2801 1259 2857 ibidem
1293 2801 1419 2856 Ι]ωο
1450 2801 1650 2866 lectio,
1697 2817 1817 2854 non
1866 2816 1971 2871 pro
2004 2800 2094 2854 Ju-

450 2894 580 2952 daza
610 2901 864 2959 tantum,
894 2910 1097 2949 verum
1129 2894 1308 2949 etiam
1359 2892 1576 2949 Grncis
1607 2896 1665 2946 et
1706 2889 1979 2945 Barbaris
2011 2904 2106 2943 sa-

448 2983 706 3042 lutarem
738 2983 866 3041 ﬁeri
898 2982 1261 3055 passionem.

524 3074 612 3129 45.
646 3095 675 3123 ‹‹
710 3074 755 3127 Α
786 3077 952 3128 sexta
1002 3077 1199 3127 autem
1249 3069 1396 3124 hora
1458 3067 1719 3124 tenebras
1765 3068 1934 3123 factm
1966 3070 2106 3122 sunt

451 3177 631 3233 super
654 3161 995 3217 universam
1017 3164 1238 3215 terram
1258 3174 1447 3229 usque
1469 3157 1543 3212 ad
1574 3158 1781 3212 horam
1803 3172 2047 3212 noman.
2072 3176 2101 3205 »

520 3244 741 3306 Deﬁcit
759 3250 849 3305 sol
869 3249 1024 3304 lunaa
1046 3265 1292 3319 corpore
1315 3253 1598 3319 tanquam
1620 3245 1814 3301 medio
1842 3244 2103 3316 quodam

443 3338 820 3411 interposito,
880 3355 949 3394 ac
1005 3336 1422 3405 obumbrante,
1480 3351 1675 3406 neque
1719 3335 2102 3407 permittente

448 3427 577 3484 dari
609 3426 782 3482 nobis
813 3426 1028 3483 lucem.
1064 3427 1552 3496 Quandocunque
1583 3424 1764 3497 igitur
1792 3424 2100 3479 inventum

446 3517 628 3573 fuerit
687 3517 844 3572 lunae
893 3533 1109 3589 corpus
1163 3516 1351 3572 solem
1400 3513 1788 3580 abscondere,
1849 3517 1975 3568 tum
2034 3513 2102 3568 lit

445 3607 686 3679 eclipsis
713 3606 877 3673 solis,
927 3607 1166 3679 eclipsis
1213 3622 1348 3661 vero
1398 3605 1558 3660 luna)
1590 3621 1659 3660 ex
1688 3603 1902 3659 umbra
1926 3607 2099 3658 terra;

446 3697 659 3764 oritur,
693 3713 829 3751 cum
853 3696 1063 3768 quinta
1108 3699 1167 3750 et
1196 3693 1432 3750 decima
1473 3693 1617 3749 luna
1662 3693 1862 3759 fuerit,
1895 3690 2099 3747 inven-

444 3791 623 3856 taque
655 3802 726 3840 ex
751 3784 996 3840 adverso
1045 3783 1436 3839 extremitatis
1483 3783 1694 3850 centri,
1737 3781 1826 3837 sol
1856 3779 2100 3852 quidem

445 3873 555 3931 sub
587 3879 767 3943 terra,
798 3874 945 3929 luna
972 3889 1107 3929 vero
1136 3889 1318 3945 supra
1346 3877 1589 3929 terram.
1622 3870 1903 3927 Umbram
1935 3869 2096 3925 enim

441 3964 585 4020 facit
607 3969 787 4031 terra,
817 3979 1013 4034 neque
1046 3962 1190 4018 sinit
1220 3961 1410 4017 solare
1440 3960 1644 4017 lumen
1678 3958 1990 4032 pervenire
2021 3958 2098 4014 ad

442 4050 674 4124 lunam,
705 4057 885 4124 atque
917 4056 1042 4107 tum
1075 4050 1362 4124 temporis
1385 4049 1607 4105 deﬁcit.

518 4231 768 4301 XXVIII,
800 4233 889 4287 20.
908 4232 1023 4285 «Et
1052 4246 1187 4286 ecce
1218 4228 1640 4304 egovobiscum
1672 4244 1803 4284 sum
1822 4225 2101 4282 omnibus

443 4319 872 4392 diebus,usque
885 4318 959 4376 ad
981 4319 1561 4376 consummationem
1583 4317 1805 4373 saeculi.
1835 4319 2043 4372 Amen.
2068 4336 2097 4367 »

514 4409 644 4468 Non
673 4426 809 4466 cum
843 4409 963 4464 illis
1010 4414 1241 4465 tantum
1293 4408 1443 4464 dixit
1482 4424 1543 4463 se
1575 4407 1863 4475 futurum,
1895 4421 2100 4461 verum

443 4499 623 4555 etiam
654 4515 792 4554 cum
824 4498 1103 4555 omnibus
1133 4500 1234 4570 qui
1260 4503 1395 4572 post
1424 4496 1561 4553 illos
1590 4501 1761 4553 erant
1790 4494 2094 4551 credituri.

2213 1906 2312 1957 τοῦ
2360 1907 2494 1958 Θεοῦ
2550 1904 2720 1959 πάντα
2777 1904 2913 1980 πρὸς
2968 1905 3245 1982 σωτηρίαν
3303 1908 3698 1980 πεποιηκότος,
3734 1908 3901 1963 ἀνία-

2214 2012 2306 2054 τος
2340 1991 2392 2063 ἐξ
2424 1990 2628 2055 οίκείας
2656 1994 2967 2068 προθέσεως
3024 1991 3252 2070 διαμίνῃ
3308 1996 3336 2051 ὁ
3389 1993 3703 2072 ἅνθρωπος.
3742 1995 3898 2055 Τότε

2214 2081 2319 2156 γὰρ
2352 2080 2427 2144 εἰς
2454 2079 2732 2138 ἀπώλειαν
2765 2078 3121 2158 παραδίδοται
3150 2084 3225 2148 ὡς
3257 2085 3285 2140 6
3318 2081 3551 2147 Ἰοόδας.

2286 2284 2315 2312 ‹‹
2349 2258 2447 2314 Καὶ
2479 2258 2745 2331 ἐπέθηκαν
2796 2259 2977 2317 ἐπάνω
3022 2264 3123 2331 τῆς
3166 2260 3412 2341 κεφαλῆς
3459 2262 3624 2319 αὐτοῦ
3653 2265 3764 2334 τὴν
3790 2263 3882 2320 αἷ-

2209 2348 2329 2404 τίαν
2360 2346 2529 2404 αὐτοῦ
2579 2350 2984 2425 γεγραμμένην
3033 2350 3208 2415 Οὗτός
3255 2351 3396 2407 ἐστιν
3448 2357 3661 2424 Ἰησοῦς
3692 2355 3725 2409 6
3765 2354 3881 2429 βα·-

2213 2437 2398 2501 σιλεὺς
2430 2444 2539 2494 τῶν
2572 2436 2873 2498 Ἰουδαίων.
2902 2461 2930 2495 ι

2285 2529 2347 2582 ’Π
2402 2532 2503 2582 τοῦ
2559 2530 2919 2601 λευκώματος
2971 2531 3151 2608 γραφὴ
3206 2532 3273 2602 ἢν
3327 2532 3566 2595 Πιλάτος
3622 2534 3875 2607 πρὸτῆς

2213 2620 2492 2691 Κυριακῆς
2524 2613 2687 2688 ἔπηξε
2743 2618 3010 2697 κεφαλῆς,
3063 2620 3163 2689 τὴν
3222 2625 3320 2676 τοῦ
3376 2620 3573 2697 Κυρίου
3618 2621 3882 2697 ἐπλήρου

2212 2708 2418 2784 φωνὴν,
2456 2705 2705 2764 Ἐπειδὰν
2770 2710 2995 2782 ὑψωθῶ,
3060 2707 3336 2786 λέγοντος,
3394 2712 3598 2774 πάντας
3652 2711 3879 2768 ἑλκύσω

2212 2797 2349 2872 πρός
2382 2795 2639 2869 ἐμαυτόν.
2669 2794 2910 2868 Ἐδηλου
2930 2799 3113 2854 τοίνυν
3143 2802 3177 2869 ἡ
3207 2798 3409 2856 ἐκεῖθεν
3433 2800 3737 2877 ἀνάγνωτις
3764 2802 3899 2876 οὐχ.

2215 2884 2347 2959 ὑπὲρ
2382 2883 2646 2948 Ἰουδαίας
2678 2887 2876 2960 μόνης,
2909 2887 3056 2944 ἀλλά
3102 2888 3191 2944 καὶ
3222 2890 3405 2960 πάσης
3432 2887 3641 2962 Ἐλλην
3672 2890 3777 2964 [lx]
3806 2892 3882 2961 ἧς

2211 2973 2300 3030 καὶ
2336 2970 2615 3051 βαρϐάρου
2646 2983 2966 3051 γεγενῆσθαι
2997 2977 3059 3033 τὸ
3091 2980 3364 3051 σωτήριον
3397 2976 3593 3041 πᾶθος.

2287 3087 2315 3115 ‹‹
2347 3064 2487 3122 Ἀπὸ
2541 3060 2598 3119 δὲ
2643 3062 2802 3134 ἕκτης
2866 3065 3011 3141 ὥρας
3078 3066 3270 3129 σκότος
3327 3065 3544 3143 ἐγένετο
3575 3067 3664 3124 ἐπὶ
3691 3074 3868 3124 πᾶσαν

2212 3153 2313 3223 τήν
2343 3160 2468 3229 γῆν,
2498 3149 2603 3216 ἕως
2633 3154 2778 3231 ὥρας
2801 3153 3043 3226 ὲννάτης.
3080 3179 3107 3208 ››

2288 3239 2561 3298 Ἐκλείπει
2614 3245 2641 3298 6
2689 3241 2853 3313 ἥλιος
2897 3248 2998 3300 τοῦ
3046 3246 3300 3319 σώματος
3348 3252 3450 3316 τῆς
3483 3244 3721 3318 σελήνης
3755 3246 3875 3302 ὥσ-

2209 3351 2311 3407 περ
2368 3352 2419 3386 τι
2480 3331 2801 3407 μεσότειχον
2859 3334 3157 3409 γινομένου
3239 3334 3332 3391 καὶ
3417 3338 3877 3407 ἆποσκιάζοντος,

2208 3420 2295 3475 καὶ
2334 3420 2410 3493 μὴ
2446 3420 2639 3484 ἐῶντος
2699 3418 3012 3488 διαδοθῆναι
3059 3424 3195 3497 ἡμῖν
3252 3425 3316 3480 τὸ
3375 3428 3514 3499 φῶς.
3567 3428 3733 3483 ’Όσον
3776 3424 3872 3480 οὖν

2209 3510 2402 3584 εὑρεθῇ
2432 3515 2532 3579 τῆς
2566 3508 2805 3581 σελήνης
2848 3511 3213 3588 ἀποκρύπτειν
3264 3513 3356 3569 τὸν
3388 3511 3578 3584 ἥλιον,
3608 3518 3875 3571 τοσοῦτον

2206 3599 2297 3653 καὶ
2328 3600 2363 3668 ἡ
2397 3594 2640 3673 ἔκλειψις
2683 3597 2905 3675 γίνεται.
2964 3602 3025 3658 ἸΙ
3088 3598 3145 3658 δὲ
3199 3605 3301 3673 τῆς
3358 3601 3593 3675 σελήνης
3624 3601 3876 3679 ἔκλειψις

2208 3683 2268 3742 ἔκ
2311 3691 2410 3742 τοῦ
2458 3687 2899 3763 ἀποσκιάσματος
2950 3695 3052 3759 τῆς
3100 3697 3203 3766 γῆς
3256 3691 3488 3768 γίνεται,
3543 3693 3669 3748 ὅταν
3704 3693 3876 3767 γὲνη-

2208 3797 2297 3832 ται
2369 3774 2874 3834 πεντεκαιδεκαταία
2950 3780 2985 3849 ἡ
3062 3782 3293 3853 σελήνη,
3375 3781 3465 3837 καὶ
3543 3781 3738 3859 εὑρεθῇ
3818 3781 3875 3852 ἐξ

2208 3864 2452 3928 ἐναντίας
2508 3867 2646 3922 κατά
2698 3868 2763 3922 τὸ
2819 3864 2983 3944 ἄκρον
3040 3867 3281 3946 κέντρον,
3330 3871 3359 3926 6
3414 3872 3510 3944 μὶν
3570 3871 3730 3941 ἣλιος
3765 3872 3875 3927 ὑπὸ

2210 3961 2317 4030 γῆς
2346 3956 2381 4024 ἡ
2417 3951 2474 4010 δὶ
2502 3953 2707 4026 σελήνη
2743 3957 2875 4031 ὑπὶρ
2919 3963 3041 4033 γῆν.
3104 3958 3484 4034 Ἀποσκίασμα
3512 3962 3618 4037 γὰρ
3648 3967 3801 4017 ποιεῖ
3832 3963 3871 4032 ἡ

2206 4048 2301 4121 γῆ,
2332 4044 2424 4099 καὶ
2455 4044 2517 4099 οὗ
2548 4043 2733 4122 φθάνει
2762 4046 2827 4102 τὸ
2857 4044 3090 4116 ἡλιακὸν
3131 4052 3250 4127 φῶς
3296 4051 3532 4106 φωτίσαι
3566 4051 3666 4120 τήν
3701 4050 3876 4122 σελή-

2208 4155 2333 4205 νην,
2363 4135 2610 4188 κακεῖθεν
2638 4132 2897 4192 ἐγλείπει.

2282 4246 2310 4275 ‹‹
2343 4221 2449 4279 Καὶ
2479 4219 2599 4278 ἰδοὺ
2630 4221 2741 4298 ἐγὼ
2772 4225 2893 4298 μεθ’
2922 4225 3076 4298 ὑμῶν
3125 4225 3240 4300 είμι
3285 4229 3461 4291 πάσας
3503 4229 3598 4292 τὰς
3632 4230 3873 4305 ἡμέρας,

2208 4310 2312 4374 ἕως
2342 4318 2442 4381 τῆς
2475 4310 2782 4375 συντελείας
2806 4317 2902 4369 τοῦ
2932 4313 3153 4378 αἰῶνος.
3189 4318 3389 4389 ’Δμήν.
3426 4340 3455 4369 »

2282 4401 2359 4459 Οὐ
2395 4402 2512 4475 μετ’
2543 4399 2762 4458 ἐκείνων
2801 4403 2969 4477 μόνον
3001 4404 3142 4460 εἶπεν
3165 4402 3401 4475 ἔσεσθαι,
3428 4406 3575 4464 ἀλλά
3602 4408 3695 4464 καὶ
3729 4409 3870 4482 μετά

2210 4492 2428 4547 πάντων
2482 4496 2589 4546 τῶν
2654 4492 2770 4565 μετ’
2828 4491 3065 4557 ἐκείνους
3124 4495 3508 4553 πιστευόντων.
3551 4497 3628 4556 Οὐ
3658 4497 3763 4573 γὰρ
3799 4495 3871 4568 δή

438 4590 565 4643 Non
598 4589 759 4643 enim
790 4605 980 4660 usque
1004 4588 1079 4644 ad
1111 4587 1690 4644 consummationem
1713 4585 1913 4641 seaculi
1938 4601 2102 4640 man-

2225 4577 2311 4643 ίως
2340 4587 2439 4651 τῆς
2467 4578 2778 4645 συντελείας
2834 4587 2932 4638 τοῦ
2980 4582 3181 4647 αἲῶνος
3240 4586 3297 4639 οἱ
3347 4583 3651 4642 ἀπόστολοι
3688 4588 3870 4660 μένειν

441 4677 564 4733 suri
606 4683 778 4734 erant
827 4678 1106 4750 apostoli,
1157 4676 1262 4734 sed
1310 4683 1596 4750 tanquam
1645 4690 1833 4731 unum
1885 4691 2103 4745 corpus

447 4767 657 4824 ﬁdeles
678 4768 1111 4839 alloquitur.Ne
1134 4766 1544 4839 enim,inquit,
1564 4765 1711 4821 mihi
1734 4780 1933 4819 rerum
1956 4763 2106 4819 diffi-

442 4857 727 4914 cultatem
762 4857 1056 4931 objiciatis
1084 4875 1097 4926 ;
1131 4874 1236 4930 ego
1269 4857 1428 4912 enim
1457 4855 1763 4910 vobiscum
1795 4870 1951 4922 sum,
2000 4850 2104 4924 qui

436 4948 640 5005 omnia
662 4948 845 5005 reddo
866 4948 1087 5005 facilia.
1115 4947 1235 5003 Hoc
1265 4946 1575 5019 prophetis
1607 4960 1844 5016 quoque
1868 4942 1929 4998 in
1948 4943 2103 4999 anti-

443 5053 561 5108 qua
574 5036 701 5108 lege
725 5037 964 5093 assidue
982 5037 1286 5104 dixit,tum
1302 5035 1574 5091 Ieremia;
1592 5033 1912 5106 pueritiam
1934 5049 2105 5089 excu-

438 5127 615 5194 santi,
647 5132 773 5182 tum
804 5127 1117 5195 Ezechieli,
1152 5133 1277 5183 tum
1336 5126 1538 5197 Moysi,
1584 5124 1812 5179 obrutis
1839 5123 2101 5180 difﬁcul-

442 5221 600 5272 tate:
632 5212 751 5286 Ego
780 5217 1055 5273 vobiscum
1086 5234 1223 5273 sum.
1261 5217 1349 5271 Ita
1392 5215 1572 5271 etiam
1609 5214 1773 5270 hisce
1799 5214 1911 5269 hic.
1948 5215 2102 5269 Con-

442 5306 637 5362 sidera
658 5324 793 5363 vero
816 5307 963 5362 mihi
987 5308 1165 5363 etiam
1196 5306 1293 5362 hic
1315 5306 1529 5360 horum
1556 5304 1975 5360 differentiam.
2006 5302 2100 5359 Illi

441 5395 736 5467 siquidem
765 5396 839 5453 ad
870 5413 1050 5452 unam
1082 5401 1320 5469 gentem
1353 5395 1521 5450 missi
1564 5410 1973 5465 saepenumero
2004 5408 2098 5448 re-

509 5521 531 5555 ²
559 5524 726 5578 Joan.
760 5527 863 5591 xii,
897 5525 986 5578 32.

2214 4667 2476 4744 ἔμελλονο
2507 4668 2636 4727 ἀλλ’
2663 4672 2737 4734 ὠς
2765 4669 2844 4728 ἐνὶ
2875 4673 3089 4747 σώματι
3122 4670 3431 4751 διαλέγεται
3481 4681 3600 4739 τοῖς
3628 4683 3874 4741 πιστοῖς.

2214 4760 2308 4829 Μὴ
2340 4760 2444 4839 γὰρ
2501 4781 2617 4835 μοι,
2676 4761 2832 4841 φησὶ,
2889 4764 2989 4835 τὴν
3045 4760 3335 4820 δυσκολίαν
3369 4763 3561 4836 εἴπητε
3588 4771 3698 4823 τῶν
3730 4788 3877 4842 πρα-

2213 4852 2460 4927 γμάτων.
2512 4852 2652 4927 Ἐγὼ
2697 4851 2799 4930 γὰρ
2860 4853 2976 4927 είμι
3039 4856 3158 4929 μεθ’
3240 4856 3390 4929 ὑμῶν
3449 4858 3626 4914 πάντα
3692 4863 3873 4915 ποιῶν

2214 4937 2441 5000 εὔκολα.
2481 4943 2661 4999 Τοῦτο
2701 4942 2792 4999 καὶ
2834 4948 2951 5008 τοῖς
2997 4946 3305 5024 προφήταις
3353 4941 3538 5022 ἔλεγεν
3570 4944 3624 5002 ἐν
3654 4951 3727 5022 τῇ
3760 4953 3878 5003 lla—

2213 5028 2345 5101 λαιᾷ
2388 5035 2652 5106 συνεχῶς,
2710 5033 2801 5087 καὶ
2853 5038 2935 5106 τῷ
2984 5033 3223 5109 Ἱερεμίᾳ
3276 5035 3505 5107 νεότητα
3545 5032 3876 5111 προϐαλλο-

2216 5118 2380 5193 μένῳ,
2411 5120 2499 5175 καὶ
2532 5124 2613 5192 τῷ
2644 5122 2846 5195 Μωσῇ,
2883 5121 2975 5177 καὶ
3028 5126 3109 5196 τῷ
3156 5124 3423 5193 Ἰεζεκιήλ
3448 5123 3877 5199 ἀναδυομένοις,

2212 5210 2359 5283 Ἐγώ
2410 5208 2527 5282 είμι
2582 5211 2699 5283 μεθ’
2760 5210 2937 5283 ὑμῶν.
2998 5209 3157 5269 Οὒτω
3212 5212 3303 5268 καὶ
3359 5211 3582 5270 ἐνταῢθα
3626 5216 3877 5280 τούτοις.

2212 5299 2415 5353 Σκόπει
2490 5294 2548 5352 δὲ
2626 5319 2721 5372 μοι
2795 5299 3064 5385 κάνταῦθα
3119 5302 3219 5371 τήν
3290 5302 3500 5359 τούτων
3579 5301 3878 5385 διαφορὰν.

2211 5389 2446 5445 Ἐκεῖνοι
2501 5387 2596 5460 μὶν
2644 5386 2746 5463 γὰρ
2795 5387 2874 5452 είς
2916 5385 2970 5445 ἓν
3018 5383 3167 5454 ἔθνος
3215 5383 3697 5469 ἀποστελλόμενοι
3728 5396 3847 5453 πολ

2027 5616 2251 5672 NOTAE.

509 5708 581 5775 (ε)
608 5706 694 5762 Cf.
727 5708 915 5777 xcrv,
946 5708 1059 5763 col.
1094 5708 1255 5782 1186,
1288 5710 1446 5765 1091.
1506 5776 1515 5785 λ
