4074 6404
289 402 431 459 1417

1303 396 1654 452 ΕΡΙΒἸὈῙιΔ
1689 398 1790 450 ΔΙ)
1824 395 2394 455 CONSTANTINUM
2432 402 2702 458 PAPAM.

3581 407 3720 463 1418

284 533 507 585 πταῖσαι
567 519 839 600 συμϐαίη,
900 519 937 592 ἤ
996 517 1187 582 ἄλλως
1242 542 1362 584 πως
1432 523 1796 588 κεκακῶσθαι,
1855 517 1943 573 οὐκ

2064 521 2245 592 afﬁci,
2279 526 2437 583 haud
2497 545 2740 600 prorsus
2791 547 2996 586 eorum
3032 530 3144 586 sibi
3173 547 3376 588 curam
3409 537 3578 603 putat
3609 531 3714 588 de-

283 617 704 694 ἀπροσποίητον
727 615 826 684 τήν
884 610 1094 668 τούτων
1147 606 1464 682 ἐπιμέλειαν
1522 609 1748 674 τίθεται·
1805 605 1952 662 ἀλλᾶ

283 711 376 765 καὶ
412 711 552 782 πρὸς
583 709 650 762 τὰ
677 711 787 762 τῶν
820 704 1004 778 μελῶν
1038 699 1242 778 ἔσχατᾶ
1265 703 1365 771 τήν
1416 702 1646 770 φυσικὴν
1702 697 1950 754 δεικνῦσα

284 799 648 874 συμπάθειαν,
710 795 801 851 διὰ
855 799 959 863 τῆς
1032 797 1141 848 τῶν
1205 795 1409 867 χειρῶν
1501 789 1820 866 ὑπουργίας,
1877 791 1947 862 τῇ

280 888 486 965 ὀδηγίᾳ
512 893 610 943 τοῦ
639 885 935 963 ὀφθαλμοῦ
993 881 1284 955 θεραπεύει
1338 880 1400 934 τὸ
1453 880 1786 949 πεπονηκὸς,
1847 878 1951 932 οὐκ

286 979 628 1052 ἀτιμάζουσα
683 974 774 1030 καὶ
834 970 1276 1044 ἀποπεμπομὲνη
1336 969 1436 1038 τήν
1494 968 1701 1024 τούτων
1759 967 1948 1040 συνὲρο

286 1067 442 1144 γείαν
474 1068 550 1128 ὡς
581 1064 881 1139 ἃχρηστον.
909 1060 1136 1122 Τούτοις
1189 1058 1255 1127 δή
1311 1059 1379 1114 τὰ
1433 1058 1570 1114 κατὰ
1594 1059 1722 1144 τήνγ
1756 1054 1950 1127 ὑμετὲ-

291 1143 388 1231 ραν
445 1151 820 1221 ἀποπολικήν
879 1149 1170 1225 προεδρίαν
1257 1145 1462 1224 ἔχομεν
1543 1143 1945 1222 παραϐάλλειν,

286 1245 612 1320 ἁγιώτατοι,
702 1240 795 1296 καὶ
852 1237 1099 1315 κεφαλὴν
1153 1239 1253 1308 τῆς
1333 1238 1470 1292 κατὰ
1524 1235 1753 1310 Χριστὸν
1783 1235 1945 1309 ἱερω-

287 1333 460 1404 σύνης
505 1334 805 1392 κανονικῶς
864 1329 1005 1402 ὑμᾶς
1093 1326 1468 1402 λογιζόμενοι,
1553 1325 1798 1392 εἰκότως,
1876 1321 1948 1378 δι’

289 1423 450 1497 ὑμῶν
528 1421 894 1492 ἐπιζητοῦμεν
951 1425 1053 1487 τῆς
1120 1411 1498 1487 Ξπισυμϐασης
1578 1413 1810 1487 ἀθυμίας
1867 1415 1947 1485 τῷ

283 1513 411 1578 καθ’
441 1513 587 1585 ἡμᾶς
621 1509 1061 1580 ἰκκλησιαστικῷ
1095 1507 1309 1579 σώματι
1368 1506 1427 1558 ἐκ
1479 1510 1580 1573 τῆς
1627 1498 1945 1574 λοιμώδους

281 1599 380 1656 καὶ
466 1602 764 1655 νοσοποιοῦ
848 1601 958 1652 τῶν
1048 1599 1244 1670 ψυχῶν
1299 1595 1622 1668 τυραννικῆς
1683 1589 1946 1664 ἐξουσίας,

282 1689 636 1764 παραμυθίαν
730 1686 1077 1761 κομίσασθαι.
1161 1685 1387 1746 Πάντως
1467 1682 1568 1759 γὰρ
1624 1681 1715 1735 καὶ
1769 1679 1946 1749 ὑμεῖς,

279 1783 367 1851 τῷ
416 1785 520 1848 τῆς
577 1775 827 1855 κεφαλῆς
885 1773 1171 1848 ῗδιώματι,
1205 1768 1534 1842 ἀϐουλήτως
1588 1769 1946 1839 νενοσηκότας

279 1871 436 1941 ἡμᾶς
494 1866 557 1921 οὗ
615 1865 962 1939 περιόψεσθε,
1027 1860 1154 1917 οὐδὲ
1231 1868 1334 1930 τῆς
1389 1861 1593 1915 ὶαυτῶν
1646 1855 1943 1936 συμφυείας

285 1960 440 2030 ἡμᾶς
472 1955 907 2029 ἀποπέμψοισθε.
951 1951 1132 2008 Ἀλλὰ
1193 1950 1405 2024 μᾶλλον
1463 1955 1582 2010 τοῖς
1638 1946 1938 2023 τραύμασιν

285 2049 452 2120 ἡμῶν
525 2043 1002 2119 ἰπιστυγνάζοντες
1080 2041 1410 2116 (πάσχοντος
1482 2039 1583 2114 γὰρ
1662 2037 1778 2099 ἑνὸς
1844 2036 1939 2108 με·

288 2135 448 2206 λους,
480 2135 828 2208 συμπάσχειν
888 2131 1032 2193 εἰκὸς
1092 2132 1266 2185 πάντα
1322 2130 1390 2184 τὰ
1453 2127 1618 2202 μέλη,
1659 2127 1795 2181 κατὰ
1837 2126 1940 2194 τήν

282 2229 388 2280 τοῦ
419 2221 753 2282 Ἀποστόλου
783 2222 1018 2300 φωνὴν),
1049 2223 1138 2275 νῦν
1166 2222 1237 2293 τῇ
1269 2220 1406 2294 πρὸς
1431 2219 1495 2273 τὸ
1545 2217 1694 2292 ὑγιὲς
1743 2214 1939 2270 ἐπανα-

288 2313 498 2390 δρομῇ,
557 2314 646 2368 καὶ
705 2312 842 2384 πρὸς
896 2311 958 2365 τὸ
1017 2308 1205 2383 ἄρτιον
1264 2308 1694 2364 ἀποκαταστάσει
1753 2307 1941 2378 ἡμῶν,

286 2403 696 2480 συγχαρήσεσθε
742 2399 1074 2456 δικαιότατα”
1133 2399 1221 2453 καὶ
1275 2396 1532 2470 μάλιστα,
1591 2393 1823 2466 ὁπηνίκα
1877 2394 1941 2448 τὸ

287 2489 651 2568 ἄρῥώστημα,
688 2489 786 2544 οὐκ
815 2487 875 2543 ἐκ
901 2495 1001 2556 τῆς
1031 2487 1207 2549 αἰτίας
1263 2490 1360 2540 τοῦ
1391 2487 1644 2558 σώματος
1689 2486 1788 2554 τήν
1849 2481 1942 2537 σύ-

287 2602 477 2636 στασιν
521 2579 772 2657 εἴληφεν,
830 2577 958 2634 ἀλλ’
1020 2575 1210 2648 ἔξωθεν
1257 2571 1620 2649 βεϐιασμένης
1678 2573 1767 2628 καὶ
1816 2571 1942 2628 ἄδο-

290 2673 468 2741 κήτου
571 2671 857 2741 συμφορᾶς
933 2665 1146 2741 γὲγονεν
1228 2662 1595 2736 ἀποτέλεσμα’
1680 2662 1804 2736 περὶ
1871 2663 1940 2733 ἧς

289 2759 602 2836 ἀναγκαίως
667 2759 816 2831 ὑμῖν,
876 2754 1106 2833 ἀδελφοὶ
1165 2755 1506 2826 θεοτίμητοι,
1540 2755 1601 2809 τὸ
1632 2754 1800 2826 παρὸν
1845 2755 1942 2822 τῆς

285 2847 676 2926 πληροφορίας
733 2846 1130 2916 ἀπεστείλαμεν
1198 2844 1449 2918 γράμμα,
1529 2844 1641 2896 οἷον
1728 2843 1942 2915 ἀπογυ-

290 2941 556 3012 μνοῦντες
587 2937 716 3011 ὑμῖν
746 2932 815 2988 δι’
840 2935 1008 2988 αὐτοῦ
1048 2932 1136 2987 καὶ
1175 2929 1472 2993 δεικνύντες
1527 2933 1590 2987 τὸ
1647 2939 1746 3001 τῆς
1801 2931 1943 3000 πλη·

287 3033 400 3102 γῆς
437 3023 728 3100 δυσαχθὲς.
763 3023 857 3078 Διὸ
888 3021 978 3077 καὶ
1012 3021 1179 3097 μέχρι
1211 3024 1310 3075 τοῦ
1341 3024 1455 3091 νῦν,
1492 3021 1627 3097 πρὸς
1656 3022 1754 3090 τὴν
1791 3021 1942 3093 ὑμῶν

286 3115 601 3192 ἁγιωσύνην
633 3117 714 3185 τῷ
742 3113 958 3182 συνήθει
1001 3118 1100 3179 τῆς
1162 3107 1450 3178 συνοδικῆς
1505 3113 1944 3188 προσφωνήσεως

284 3211 621 3270 καταντῆσαι
681 3199 1092 3272 διεκωλύθημεν
1147 3204 1476 3268 τυραννικῶς
1559 3201 1944 3274 κατεχόμενον

571 2671 857 2742 συμφορᾶς
933 2665 1146 2742 γέγονεν
1228 2661 1595 2736 ἀποτέλεσμα’

1972 1911 2019 1976 Β

2063 617 2432 671 trectandam
2469 635 2482 672 :
2517 620 2660 690 quin
2686 620 2880 690 potius
2915 637 3051 692 erga
3095 622 3274 676 etiam
3326 621 3594 677 membra
3624 622 3721 677 in-

2061 705 2202 760 ﬁma
2232 708 2565 762 naturalem
2588 710 3068 780 compassionem
3094 711 3402 777 exhibens,
3429 727 3716 766 manuum

2058 795 2413 863 ministerio,
2439 798 2610 852 oculo
2634 799 2804 865 duce,
2839 805 3009 854 curat
3037 801 3195 870 quod
3258 803 3538 856 aﬂ'ectum
3599 805 3712 868 est,

2059 884 2210 938 nihil
2243 901 2450 941 eorum
2476 887 2865 957 adjutorium,
2909 906 3017 943 ceu
3051 889 3265 944 inutile
3308 906 3600 960 spernens
3644 906 3714 946 ac

2057 973 2358 1044 rejiciens.
2383 977 2483 1029 His
2522 994 2698 1048 porro
2747 979 3137 1049 apostolicam
3197 985 3448 1033 vestram
3512 979 3716 1050 przesi-

2056 1061 2321 1118 dentiam
2354 1081 2420 1118 ac
2447 1067 2838 1136 pontiﬁcium,
2857 1067 3220 1122 sanctissimi
3246 1084 3594 1139 comparare
3607 1069 3716 1123 ha-

2055 1151 2511 1224 bemus,vosque
2543 1155 2857 1210 sacerdotii
2890 1157 3425 1222 Christi,canonice
3449 1157 3708 1228 caput(i)

2055 1249 2399 1311 reputantes
2455 1246 2553 1313 (2),
2612 1261 2720 1315 per
2762 1261 2862 1299 vos
2911 1245 3258 1315 qumrimus,
3307 1250 3373 1299 ut
3429 1246 3711 1300 solatium

2053 1329 2296 1401 aliquod
2327 1348 2360 1386 a
2392 1334 2668 1386 maestitia
2708 1334 3010 1404 animique
3037 1335 3342 1405 languore.
3379 1335 3478 1404 qui
3504 1339 3709 1390 nostro

2055 1419 2194 1474 huic
2224 1422 2499 1476 Ecclesiae
2525 1423 2786 1492 corpori,
2820 1439 2887 1476 ex
2939 1423 3222 1493 pestifera
3271 1439 3337 1477 ac
3395 1423 3710 1479 animabus

2056 1509 2302 1564 exitiosa
2333 1512 2642 1581 tyrannica
2688 1517 2981 1583 potestate
3035 1511 3266 1575 accidit,
3313 1517 3708 1583 reportemue.

2055 1597 2235 1652 Plane
2275 1599 2670 1670 siquidem,ea
2701 1617 2937 1672 quoque
2955 1618 3058 1655 vos
3085 1601 3296 1671 capitis
3322 1600 3707 1670 proprietate,

2055 1687 2391 1743 inconsulto
2422 1690 2697 1760 nihilque
2719 1690 2984 1745 volentes
3009 1689 3349 1744 laborantes
3383 1689 3710 1756 nos,haud-

2055 1793 2354 1848 quaquam
2387 1778 2798 1849 despexeritis,
2832 1785 2933 1834 aut
2962 1796 2994 1833 a
3026 1785 3216 1833 vestra
3263 1778 3706 1834 necessitudine

2053 1867 2393 1936 repuleritis
2425 1883 2438 1920 :
2474 1869 2621 1939 quin
2653 1885 2790 1923 vero
2824 1885 3004 1940 super
3033 1868 3541 1923 nostrisdolentes
3573 1867 3705 1923 vul-

2049 1955 2330 2011 neribus:
2365 1957 2585 2028 quippe
2613 1957 2879 2012 membro
2928 1974 3049 2012 uno
3104 1958 3389 2028 patiente,
3452 1973 3559 2027 par
3616 1962 3710 2013 est

2051 2047 2306 2116 compati
2341 2047 2611 2102 membra
2642 2048 2865 2114 omnia,
2890 2047 3061 2119 juxta
3106 2047 3368 2118 Apostoli
3404 2062 3605 2100 vocem
3628 2046 3652 2080 ²
3686 2061 3701 2102 :

2051 2140 2254 2189 nostro
2286 2152 2444 2190 nunc
2465 2136 2538 2191 ad
2571 2138 2886 2192 sanitatem
2937 2136 3153 2203 reditu,
3207 2153 3274 2191 ac
3321 2135 3703 2190 restitutione

2051 2223 2318 2294 pristinas
2351 2225 2674 2296 sospitatis,
2705 2242 2826 2280 una
2855 2225 3167 2279 nobiscum
3187 2224 3518 2296 justissime
3540 2224 3702 2294 gavi-

2051 2315 2174 2368 suri
2197 2315 2339 2369 estis
2369 2333 2382 2381 ;
2417 2316 2596 2386 idque
2627 2316 2907 2380 maxime,
2969 2315 3151 2386 quod
3185 2314 3428 2368 morbus
3486 2330 3609 2368 non
3667 2327 3703 2368 ο,

2051 2419 2298 2474 corpore
2329 2420 2569 2459 causam
2601 2405 2879 2460 habuerit
2909 2421 2975 2459 ac
3025 2409 3240 2466 ortum,
3276 2403 3379 2456 sed
3411 2401 3705 2457 extrinse-

2052 2507 2176 2558 cus,
2226 2493 2499 2548 violentae
2549 2510 2619 2548 ac
2673 2494 3009 2564 improvisae
3063 2493 3419 2547 calamitatis
3459 2493 3707 2546 effectus

2052 2582 2369 2648 exstiterit;
2395 2582 2466 2636 de
2499 2599 2616 2652 qua
2644 2583 2807 2637 vobis
2838 2581 3197 2648 necessario,
3231 2580 3503 2635 honorati
3531 2597 3566 2635 a
3587 2580 3706 2634 Deo

2051 2668 2285 2737 fratres,
2313 2677 2673 2740 praesentem
2705 2670 3128 2725 satisfactionis
3155 2670 3507 2739 scripturam
3538 2666 3707 2723 misi-

2053 2775 2208 2820 mus,
2242 2775 2349 2829 per
2371 2775 2500 2812 eam
2532 2759 2693 2813 velut
2722 2759 3064 2829 detegentes
3107 2775 3176 2813 ac
3225 2758 3544 2828 prodentes
3578 2755 3708 2810 vul-

2053 2847 2214 2900 neris
2244 2847 2609 2918 gravitatem.
2641 2847 2864 2901 Idcirco
2911 2848 3114 2912 etiam,
3150 2846 3458 2915 tyrannica
3507 2845 3710 2900 hacte-

2053 2952 2165 2990 nus
2188 2936 2540 2990 necessitate
2573 2935 2816 3003 detenti,
2837 2940 3137 2990 consuetaa
3170 2934 3468 3006 synodicae
3487 2933 3708 2989 allocu-

2057 3024 2235 3080 tionis
2266 3025 2484 3090 ofﬁcio,
2539 3025 2821 3096 prohibiti
2882 3041 3086 3078 sumus
3135 3029 3342 3078 vestraa
3406 3020 3708 3078 sanctitati

2057 3132 2368 3169 occurrere
2399 3131 2411 3167 :
2436 3114 2657 3185 quippe
2685 3113 2843 3168 haud
2871 3113 3092 3183 alioqui
3119 3113 3355 3173 licebat.
3413 3119 3477 3166 ut
3506 3112 3582 3167 ad
3610 3125 3712 3167 vos

2058 3203 2561 3274 scribentes,pure
2594 3220 2660 3258 ac
2692 3203 2840 3256 nihil
2876 3202 3131 3265 turbide,
3166 3202 3404 3273 pietatis
3435 3200 3713 3268 dogmata

287 3293 356 3351 οὗ
384 3293 484 3370 γὰρ
517 3292 702 3354 ἄλλως
733 3292 800 3360 ἦν
835 3292 984 3363 ἡμᾶς
1041 3288 1174 3364 πρὸς
1224 3287 1366 3360 ὑμᾶς
1421 3285 1643 3364 γράφειν
1693 3291 1943 3363 καθαρῶς

2061 3292 2393 3347 ederemus.
2428 3292 2686 3347 Veniens
2719 3290 3015 3362 siquidem
3074 3290 3148 3345 ad
3207 3295 3618 3345 conservatam
3676 3301 3714 3345 a

282 3406 348 3442 τε
404 3384 496 3438 καὶ
578 3379 1000 3446 ἀνεπιθοΛώτως
1085 3376 1463 3450 ἐκτιθεμὲνους
1513 3385 1614 3448 τῆς
1671 3373 1942 3442 εὐσεϐείας

288 3471 565 3546 δόγματα.
629 3463 962 3524 Καταλαϐὼν
1019 3469 1121 3543 γὰρ
1180 3467 1278 3533 τήν
1325 3465 1692 3544 θεοφύλακτον
1739 3468 1940 3538 ταύτην

287 3558 456 3615 πόλιν
510 3557 644 3631 μετᾶ
704 3563 808 3624 τῆς
855 3551 1048 3624 ἔξωθεν
1109 3551 1422 3616 δυναστείας
1479 3557 1495 3626 (
1555 3554 1615 3608 οὗ
1700 3555 1804 3630 γὰρ
1881 3553 1941 3610 ἂν

292 3647 458 3728 φαίην
483 3645 706 3718 ἀληθῶς
748 3642 1052 3721 βασιλείας)
1104 3643 1132 3696 ὁ
1183 3643 1246 3696 τὸ
1304 3638 1465 3704 ἕλκος
1527 3644 1661 3714 ἡμῖν
1719 3643 1946 3719 λῃστρι-

293 3741 430 3807 κῶς,
457 3735 549 3790 καὶ
582 3737 700 3791 οἷον
753 3732 805 3804 ἐξ
863 3729 1081 3807 ἐνέδρας
1132 3729 1418 3806 ἐπαγαγὼν
1478 3732 1597 3795 καθ’
1680 3731 1772 3794 οὕς
1832 3731 1947 3790 οἶδε

297 3825 501 3902 λόγους
527 3819 894 3899 κυϐερνητική
955 3819 1195 3896 Πρόνοια
1243 3823 1351 3874 τῶν
1408 3820 1657 3876 ἁπάντων
1687 3821 1798 3891 (καὶ
1844 3822 1945 3900 γὰρ

373 3968 394 4002 ³
425 3968 450 4021 l
479 3967 610 4023 Cor.
641 3982 745 4034 ιιι,
777 3966 868 4020 26.

2052 3384 2170 3437 Deo
2193 3381 2403 3436 urbem
2436 3381 2589 3437 hanc
2612 3398 2746 3436 cum
2779 3386 3026 3434 externa
3056 3380 3323 3450 potentia
3357 3396 3369 3446 ;
3396 3395 3519 3433 non
3550 3377 3713 3433 enim

2054 3489 2186 3527 vere
2243 3488 2380 3526 cum
2439 3471 2688 3542 imperio
2748 3469 3022 3534 dixerim,
3075 3469 3176 3538 qui
3238 3468 3408 3523 nobis
3461 3465 3714 3523 latronis

2055 3577 2325 3628 more,ac
2346 3577 2453 3614 ceu
2476 3577 2545 3614 ex
2577 3559 2812 3613 insidiis
2845 3557 3068 3612 inﬂixit
3089 3557 3323 3620 vulnus,
3350 3558 3522 3627 juxta
3553 3555 3714 3626 quod

2055 3650 2216 3704 novit
2253 3648 2636 3720 gubernatrix
2695 3647 2963 3702 omnium
3024 3645 3459 3712 Providentia;
3518 3660 3715 3717 neque

2058 3737 2219 3792 enim
2251 3742 2520 3791 nostrum
2554 3741 2662 3806 est,
2695 3741 2760 3790 ut
2781 3734 3149 3807 judiciorum
3184 3734 3285 3788 Dei
3347 3733 3716 3806 profundum

2057 3831 2429 3882 scrutemur:
2463 3824 2922 3880 fundamentum
2952 3822 3266 3893 basimque
3298 3822 3558 3894 imperii,
3589 3821 3716 3879 vio-

1905 4055 2130 4112 NOTAE.

365 4181 443 4252 (1)
477 4181 551 4236 Ut
572 4179 798 4250 aliquid
824 4179 1096 4252 caliginis
1138 4178 1422 4252 offudisse
1466 4178 1767 4252 videretur
1821 4182 1937 4237 Ro-

292 4251 487 4308 mana:
520 4257 578 4306 et
606 4252 764 4306 Petri
796 4251 1395 4322 sedis’splendoribus
1422 4251 1639 4322 quibus
1653 4251 1938 4307 illustrari

288 4324 470 4379 habet
500 4324 762 4378 Ecclesia
791 4322 1163 4389 universalis,
1202 4323 1441 4378 llonorii
1484 4323 1938 4380 Monothelismo

285 4395 379 4450 vel
409 4412 542 4450 vero
574 4395 669 4466 vel
701 4400 925 4466 putato,
967 4394 1234 4466 obducta;
1283 4395 1504 4450 nebula
1540 4411 1552 4448 :
1605 4395 1690 4450 sic
1740 4402 1939 4452 tamen

285 4467 475 4538 secuti
499 4464 716 4521 ordine
739 4466 1101 4521 sanctissimi
1161 4464 1396 4537 ﬁdeque
1457 4467 1828 4538 integerrimi
1874 4484 1940 4523 ac

283 4537 409 4592 zelo
440 4538 642 4592 eximii
678 4539 1010 4608 pontiﬁces,
1041 4538 1321 4600 Joannes.
1352 4537 1716 4604 Theodorus,
1753 4541 1944 4594 Marti-

284 4627 422 4664 nus.
449 4609 696 4681 Agatho,
722 4610 856 4676 Leo,
897 4608 1272 4681 Benedictus,
1315 4614 1450 4675 etc.,
1517 4609 1804 4666 doctrinae
1874 4627 1942 4667 ac

285 4673 623 4737 sanctitatis
671 4673 854 4736 radiis
903 4673 1292 4748 disiecerunt,
1342 4686 1409 4735 ut
1439 4673 1770 4752 nunquam
1804 4682 1943 4738 illu—
1975 4673 2019 4737 D

285 4753 535 4809 striores
597 4753 704 4806 visi
762 4753 884 4807 sint
944 4752 1308 4822 dissipandis
1392 4752 1614 4824 ubique
1671 4771 1941 4808 errorum

284 4824 773 4891 obscuritatibus,
807 4840 1115 4894 nunquam
1173 4823 1552 4891 calentiores,
1591 4825 1860 4880 fovendis
1895 4825 1943 4880 si

281 4913 436 4967 quos
467 4897 782 4951 haereticus
812 4896 978 4968 algor
1012 4895 1283 4962 haberet,
1319 4911 1532 4968 aurave
1553 4895 1713 4951 mala
1742 4897 1940 4952 afﬁas-

281 4966 378 5023 siet
407 4985 420 5032 ;
457 4969 651 5038 sitque
675 4966 1049 5040 argumento,
1074 4972 1291 5040 praeter
1320 4966 1438 5040 alia
1468 4974 1720 5040 utraque
1738 4969 1946 5023 adver-

281 5055 386 5092 sus
412 5037 1091 5112 Monothelitasrsynodo
1122 5037 1458 5112 illustribus
1516 5040 1664 5094 actis
1694 5039 1942 5112 digesta,

279 5124 410 5181 aca
442 5109 692 5163 diversis
741 5110 1136 5181 scriptoribus
1200 5110 1436 5176 tradita,
1493 5127 1672 5181 quam
1727 5109 1945 5165 novum

279 5179 497 5254 damus
543 5180 786 5254 Joannis
817 5179 924 5235 ΟΡ.
960 5181 1032 5254 a_d_
1065 5179 1528 5254 Constantinum
1573 5199 1788 5252 papam
1818 5182 1946 5254 epi-

281 5251 437 5322 stola
471 5267 483 5303 :
520 5268 637 5321 qua
670 5251 798 5322 ipso
832 5251 1072 5306 exordio
1097 5253 1181 5306 sic
1206 5255 1486 5308 Romana:
1518 5251 1588 5307 eti
1607 5251 1761 5307 Petri
1787 5251 1946 5308 sedis

284 5321 813 5395 primatumeti'ert
843 5323 1077 5395 egregia
1110 5323 1214 5378 illa
1243 5324 1454 5395 capitis
1474 5325 1940 5395 comparatione,

288 5393 538 5465 ejusque
572 5393 905 5448 ofﬁciorum
955 5393 1026 5448 ad
1073 5393 1345 5449 membra
1393 5393 1646 5465 reliqua,
1696 5404 1762 5451 ut
1794 5396 1946 5450 nihil

289 5465 764 5538 pressius,rnihil
811 5465 884 5520 ad
943 5467 1072 5537 ejus
1126 5467 1709 5538 commendationem
1759 5485 1945 5538 augu-

286 5536 610 5620 sti_us.hvel
665 5554 700 5592 a
751 5536 1254 5620 Latino'homine
1313 5538 1429 5620 dici
1492 5540 1698 5620 possit.
1761 5536 1948 5620 Caput

286 5607 521 5682 astruit,
557 5626 677 5663 non
711 5608 954 5682 politico
1004 5614 1237 5682 tantum
1296 5607 1585 5681 regimine
1647 5607 1942 5682 superius,

286 5679 392 5735 sed
423 5696 710 5735 sensuum
730 5679 1183 5753 principalitate
1223 5679 1539 5752 praestans,
1574 5679 1782 5753 eaque,
1837 5698 1946 5739 ceu

285 5768 358 5807 ex
379 5767 536 5823 arce,
559 5751 849 5807 membris
877 5751 1157 5808 omnibus
1205 5751 1444 5824 mystici
1476 5751 1745 5825 corporis
1774 5753 1943 5810 beni-

689 5874 962 5936 ΡΑι-ιιοι..
1009 5873 1121 5935 Gn.
1169 5871 1380 5937 XCVI.

2051 4197 2164 4255 gne
2195 4178 2586 4255 prospiciens,
2611 4195 2678 4234 ac
2701 4178 3042 4255 necessaria
3061 4194 3336 4255 quisque
3359 4193 3429 4232 ex
3461 4174 3713 4255 suisim-

2093 4249 2304 4308 etiens.
2338 4249 2516 4321 Caput
2576 4267 2712 4322 ergo
2769 4249 3076 4322 sacerdotii,
3129 4249 3356 4314 Christi,
3407 4252 3708 4322 assertore

2080 4340 2272 4402 oanne
2305 4316 2530 4389 nostro,
2559 4316 2867 4402 Romanus
2888 4321 3173 4402 pontifex,
3214 4338 3249 4376 a
3306 4336 3420 4402 quo
3465 4316 3708 4402 praecisi

2051 4397 2371 4451 schismate
2398 4387 2772 4448 successores
2829 4387 3488 4463 Cdnstantinopolitani
3522 4387 3711 4463 patri-

2051 4467 2271 4530 archa),
2292 4465 2464 4520 aliive
2497 4465 2754 4530 sectarii,
2787 4465 3025 4518 videant
3055 4471 3119 4518 ut
3148 4458 3344 4518 vivant
3378 4479 3391 4528 ;
3429 4477 3497 4515 ac
3524 4458 3712 4531 quale

2053 4555 2227 4595 suum
2262 4536 2661 4592 sacerdotium
2691 4536 2876 4590 velint
2906 4537 3018 4590 hoc
3051 4535 3344 4590 nudatum
3384 4530 3599 4602 capite,
3632 4530 3717 4602 si:-

2053 4609 2296 4682 quidem
2353 4608 2728 4682 illudgcaput
2785 4615 2860 4662 est
2917 4607 3216 4662 sacerdotii
3267 4600 3716 4682 Christiquod

2054 4675 2240 4738 unum
2263 4697 2381 4735 uno
2413 4675 2639 4750 capite,
2660 4680 2788 4750 ipso
2812 4696 2931 4733 uno
2968 4695 3203 4734 summo
3263 4675 3572 4733 sacerdote
3605 4689 3712 4729 no~

2057 4761 2204 4818 stro,
2230 4752 2570 4806 institutum
2594 4757 2702 4806 est.

2128 4815 2201 4895 (2)
2254 4824 2526 4898 Canonice
2583 4827 2920 4898 reputantes,
2978 4822 3274 4879 κανονικῶς
3339 4815 3712 4898 λογιζόμενοι.

2052 4889 2224 4952 Juxta
2238 4894 2394 4964 quod
2409 4889 2658 4966 monent
2678 4893 2829 4966 sacri
2848 4909 3255 4966 canones,non
3280 4891 3436 4966 velut
3451 4889 3561 4959 ipsi
3576 4901 3714 4966 cum

2058 4958 2378 5039 primatum
2404 4964 3263 5039 constituant.l.)eclarant,non
3287 4958 3542 5016 faciunt:
3565 4958 3715 5039 alio-

2055 5035 2156 5108 qui
2191 5037 2342 5092 nihil
2376 5054 2652 5108 magnum
2679 5035 3043 5108 haberetilla
3064 5035 3273 5105 capitis
3301 5035 3708 5108 prmrogativa,

2057 5104 2189 5180 quae
2223 5115 2343 5164 tota
2384 5104 2542 5163 esset
2590 5107 3064 5180 humani‘juris,
3101 5104 3209 5160 nec
3241 5104 3719 5180 secumatlerret

2055 5175 2222 5235 illam
2251 5197 2535 5234 sensuum
2583 5177 3110 5250 principalitatem,
3170 5175 3572 5250 necessariam
3615 5188 3708 5227 re-

2055 5253 2282 5326 gendis,
2318 5245 2605 5310 fovendis,
2639 5245 2924 5326 ac_dehite
2958 5247 3388 5326 componendis
3416 5245 3716 5326 inﬁnem

2055 5317 2186 5377 vita)
2221 5317 2480 5386 aeternas,
2543 5321 2827 5376 membris
2859 5317 3159 5375 Ecclesiae.
3222 5319 3330 5383 Qui
3401 5317 3513 5372 sibi
3575 5329 3717 5386 ergo

2055 5395 2385 5467 Ecclesiam
2409 5394 2654 5464 accepit,
2691 5394 2740 5446 is
2773 5393 2825 5467 ei
2859 5399 3043 5467 caput
3069 5392 3180 5467 sui
3216 5389 3525 5467 vicarium,
3577 5401 3718 5467 cum

2057 5466 2219 5522 omni
2243 5467 2452 5536 capitis
2476 5462 2965 5538 pi‘ierogativa,_ad
2999 5462 3462 5538 similitudinem
3505 5462 3722 5538 capitis

2057 5532 2560 5605 natui‘ali's.juxta
2590 5532 2749 5605 quod
2783 5536 3008 5605 patitur
3040 5535 3189 5588 ratio
3223 5532 3722 5605 capitis_mys_tici,

2056 5601 2570 5690 nonprincipalis.
2591 5601 2694 5690 sed
2731 5601 3314 5690 mZinisteriaﬂlisxsub
3346 5603 3555 5659 eodem
3588 5601 3720 5672 ipso

2057 5677 2288 5736 Christo
2321 5677 2638 5751 principali
2670 5679 2889 5750 capite,
2927 5677 3214 5748 praefecit.

3356 5866 3432 5926 45
