  <div class='ocr_page' id='page_1' title='image "/cluster/home/n/w/nwhite01/storage/ocr_20150623/96:no.3/coo.31924054870005/725.png"; bbox 0 0 4074 6396; ppageno 0'>
   <div class='ocr_carea' id='block_1_1' title="bbox 390 448 530 505">
    <p class='ocr_par' dir='ltr' id='par_1_1' title="bbox 390 448 530 505">
     <span class='ocr_line' id='line_1_1' title="bbox 390 448 530 505; baseline -0.014 0"><span class='ocrx_word' id='word_1_1' title='bbox 390 448 530 505; x_wconf 77' lang='grc' dir='ltr'><strong>1ι19</strong></span> 
     </span>
    </p>
   </div>
   <div class='ocr_carea' id='block_1_2' title="bbox 1613 400 2588 489">
    <p class='ocr_par' dir='ltr' id='par_1_2' title="bbox 1613 400 2588 489">
     <span class='ocr_line' id='line_1_2' title="bbox 1613 400 2588 489; baseline -0.003 0"><span class='ocrx_word' id='word_1_2' title='bbox 1613 433 1918 489; x_wconf 79' lang='lat' dir='ltr'>JOANNIS</span> <span class='ocrx_word' id='word_1_3' title='bbox 1954 400 2439 488; x_wconf 58' lang='lat' dir='ltr'>l’ATBIARCHB</span> <span class='ocrx_word' id='word_1_4' title='bbox 2478 431 2588 486; x_wconf 75' lang='lat' dir='ltr'>cr.</span> 
     </span>
    </p>
   </div>
   <div class='ocr_carea' id='block_1_3' title="bbox 3688 428 3848 486">
    <p class='ocr_par' dir='ltr' id='par_1_3' title="bbox 3688 428 3848 486">
     <span class='ocr_line' id='line_1_3' title="bbox 3688 428 3848 486; baseline -0.019 -1"><span class='ocrx_word' id='word_1_5' title='bbox 3688 428 3848 486; x_wconf 78' lang='grc'>1420</span> 
     </span>
    </p>
   </div>
   <div class='ocr_carea' id='block_1_4' title="bbox 385 549 2053 639">
    <p class='ocr_par' dir='ltr' id='par_1_4' title="bbox 385 557 2048 639">
     <span class='ocr_line' id='line_1_4' title="bbox 385 557 2048 639; baseline -0.011 -10"><span class='ocrx_word' id='word_1_6' title='bbox 385 571 664 639; x_wconf 91' lang='lat' dir='ltr'>lentiam,</span> <span class='ocrx_word' id='word_1_7' title='bbox 691 584 811 625; x_wconf 92' lang='lat' dir='ltr'>non</span> <span class='ocrx_word' id='word_1_8' title='bbox 834 564 993 639; x_wconf 89' lang='lat' dir='ltr'>quod</span> <span class='ocrx_word' id='word_1_9' title='bbox 1013 563 1244 635; x_wconf 88' lang='lat' dir='ltr'>justum</span> <span class='ocrx_word' id='word_1_10' title='bbox 1270 563 1360 615; x_wconf 90' lang='lat' dir='ltr'>est</span> <span class='ocrx_word' id='word_1_11' title='bbox 1388 575 1455 614; x_wconf 89' lang='lat' dir='ltr'>ac</span> <span class='ocrx_word' id='word_1_12' title='bbox 1481 557 1840 629; x_wconf 85' lang='lat' dir='ltr'>legitimum,</span> <span class='ocrx_word' id='word_1_13' title='bbox 1894 573 2048 628; x_wconf 70' lang='lat' dir='ltr'>prae-</span> 
     </span>
    </p>
   </div>
   <div class='ocr_carea' id='block_1_5' title="bbox 2166 549 3850 639">
    <p class='ocr_par' dir='ltr' id='par_1_5' title="bbox 2166 549 3850 639">
     <span class='ocr_line' id='line_1_5' title="bbox 2166 549 3850 639; baseline -0.001 -31"><span class='ocrx_word' id='word_1_14' title='bbox 2166 553 2271 627; x_wconf 79' lang='grc' dir='ltr'>οὖχ</span> <span class='ocrx_word' id='word_1_15' title='bbox 2300 553 2461 625; x_wconf 76' lang='grc' dir='ltr'>ἡμῶν</span> <span class='ocrx_word' id='word_1_16' title='bbox 2493 551 2605 607; x_wconf 82' lang='grc' dir='ltr'>ἐστι</span> <span class='ocrx_word' id='word_1_17' title='bbox 2634 556 2741 608; x_wconf 79' lang='grc' dir='ltr'>τῶν</span> <span class='ocrx_word' id='word_1_18' title='bbox 2777 550 2935 606; x_wconf 84' lang='grc' dir='ltr'>Θείων</span> <span class='ocrx_word' id='word_1_19' title='bbox 2978 549 3263 639; x_wconf 78' lang='grc' dir='ltr'>κριμάτων</span> <span class='ocrx_word' id='word_1_20' title='bbox 3309 551 3404 608; x_wconf 82' lang='grc' dir='ltr'>τὸν</span> <span class='ocrx_word' id='word_1_21' title='bbox 3470 552 3641 628; x_wconf 83' lang='grc' dir='ltr'>βυθὸν</span> <span class='ocrx_word' id='word_1_22' title='bbox 3671 551 3850 628; x_wconf 61' lang='lat' dir='ltr'>Epeo-</span> 
     </span>
    </p>
   </div>
   <div class='ocr_carea' id='block_1_6' title="bbox 388 647 2043 728">
    <p class='ocr_par' dir='ltr' id='par_1_6' title="bbox 388 647 2043 728">
     <span class='ocr_line' id='line_1_6' title="bbox 388 647 2043 728; baseline -0.011 -8"><span class='ocrx_word' id='word_1_23' title='bbox 388 668 632 720; x_wconf 90' lang='lat' dir='ltr'>struens</span> <span class='ocrx_word' id='word_1_24' title='bbox 667 676 681 728; x_wconf 90' lang='lat'><strong>;</strong></span> <span class='ocrx_word' id='word_1_25' title='bbox 709 663 846 714; x_wconf 89' lang='lat' dir='ltr'>ante</span> <span class='ocrx_word' id='word_1_26' title='bbox 879 657 1072 727; x_wconf 90' lang='lat' dir='ltr'>ipsum</span> <span class='ocrx_word' id='word_1_27' title='bbox 1105 668 1278 707; x_wconf 88' lang='lat' dir='ltr'>suum</span> <span class='ocrx_word' id='word_1_28' title='bbox 1317 650 1675 721; x_wconf 82' lang='lat' dir='ltr'>ingressum,</span> <span class='ocrx_word' id='word_1_29' title='bbox 1730 663 1836 718; x_wconf 88' lang='lat' dir='ltr'>pro</span> <span class='ocrx_word' id='word_1_30' title='bbox 1869 647 2043 719; x_wconf 65' lang='lat' dir='ltr'>regias</span> 
     </span>
    </p>
   </div>
   <div class='ocr_carea' id='block_1_7' title="bbox 391 735 2046 820">
    <p class='ocr_par' dir='ltr' id='par_1_7' title="bbox 391 735 2046 820">
     <span class='ocr_line' id='line_1_7' title="bbox 391 735 2046 820; baseline -0.011 -14"><span class='ocrx_word' id='word_1_31' title='bbox 391 749 710 808; x_wconf 76' lang='lat' dir='ltr'>vestibulis</span> <span class='ocrx_word' id='word_1_32' title='bbox 738 746 1103 820; x_wconf 85' lang='lat' dir='ltr'>prepositam</span> <span class='ocrx_word' id='word_1_33' title='bbox 1136 758 1317 797; x_wconf 83' lang='lat' dir='ltr'>sacrae</span> <span class='ocrx_word' id='word_1_34' title='bbox 1351 744 1527 793; x_wconf 76' lang='lat' dir='ltr'>sextae</span> <span class='ocrx_word' id='word_1_35' title='bbox 1583 736 1795 808; x_wconf 80' lang='lat' dir='ltr'>synodi</span> <span class='ocrx_word' id='word_1_36' title='bbox 1844 735 2046 807; x_wconf 78' lang='lat' dir='ltr'>imagi-</span> 
     </span>
    </p>
   </div>
   <div class='ocr_carea' id='block_1_8' title="bbox 386 824 2046 909">
    <p class='ocr_par' dir='ltr' id='par_1_8' title="bbox 386 824 2046 909">
     <span class='ocr_line' id='line_1_8' title="bbox 386 824 2046 909; baseline -0.013 -10"><span class='ocrx_word' id='word_1_37' title='bbox 386 859 554 909; x_wconf 89' lang='lat' dir='ltr'><strong>nem,</strong></span> <span class='ocrx_word' id='word_1_38' title='bbox 588 837 847 895; x_wconf 83' lang='lat' dir='ltr'>sustulit.</span> <span class='ocrx_word' id='word_1_39' title='bbox 882 836 1026 890; x_wconf 91' lang='lat' dir='ltr'>Cum</span> <span class='ocrx_word' id='word_1_40' title='bbox 1059 848 1233 903; x_wconf 89' lang='lat' dir='ltr'>porro</span> <span class='ocrx_word' id='word_1_41' title='bbox 1266 829 1582 902; x_wconf 78' lang='lat' dir='ltr'>profanum</span> <span class='ocrx_word' id='word_1_42' title='bbox 1614 828 1691 898; x_wconf 89' lang='lat'>(3)</span> <span class='ocrx_word' id='word_1_43' title='bbox 1723 841 1832 879; x_wconf 92' lang='lat' dir='ltr'>nec</span> <span class='ocrx_word' id='word_1_44' title='bbox 1863 824 2046 880; x_wconf 89' lang='lat' dir='ltr'>eccle-</span> 
     </span>
    </p>
   </div>
   <div class='ocr_carea' id='block_1_9' title="bbox 390 914 2044 989">
    <p class='ocr_par' dir='ltr' id='par_1_9' title="bbox 390 914 2044 989">
     <span class='ocr_line' id='line_1_9' title="bbox 390 914 2044 989; baseline -0.013 -1"><span class='ocrx_word' id='word_1_45' title='bbox 390 930 614 989; x_wconf 89' lang='lat' dir='ltr'>siastici</span> <span class='ocrx_word' id='word_1_46' title='bbox 656 925 845 984; x_wconf 79' lang='lat' dir='ltr'>nostri</span> <span class='ocrx_word' id='word_1_47' title='bbox 906 922 1135 978; x_wconf 86' lang='lat' dir='ltr'>ordinis</span> <span class='ocrx_word' id='word_1_48' title='bbox 1189 919 1518 982; x_wconf 84' lang='lat' dir='ltr'>hominem,</span> <span class='ocrx_word' id='word_1_49' title='bbox 1576 914 1783 971; x_wconf 88' lang='lat' dir='ltr'>eadem</span> <span class='ocrx_word' id='word_1_50' title='bbox 1843 930 2044 969; x_wconf 81' lang='lat' dir='ltr'>secum</span> 
     </span>
    </p>
   </div>
   <div class='ocr_carea' id='block_1_10' title="bbox 390 1001 2047 1094">
    <p class='ocr_par' dir='ltr' id='par_1_10' title="bbox 390 1001 2047 1094">
     <span class='ocr_line' id='line_1_10' title="bbox 390 1001 2047 1094; baseline -0.012 -18"><span class='ocrx_word' id='word_1_51' title='bbox 390 1034 664 1094; x_wconf 79' lang='lat' dir='ltr'>perverse</span> <span class='ocrx_word' id='word_1_52' title='bbox 697 1015 1051 1087; x_wconf 90' lang='lat' dir='ltr'>sapientem,</span> <span class='ocrx_word' id='word_1_53' title='bbox 1084 1011 1146 1065; x_wconf 92' lang='lat' dir='ltr'>in</span> <span class='ocrx_word' id='word_1_54' title='bbox 1178 1005 1507 1081; x_wconf 90' lang='lat' dir='ltr'>pontiﬁcali</span> <span class='ocrx_word' id='word_1_55' title='bbox 1560 1006 1772 1060; x_wconf 84' lang='lat' dir='ltr'>throno</span> <span class='ocrx_word' id='word_1_56' title='bbox 1830 1001 2047 1058; x_wconf 89' lang='lat' dir='ltr'>consti-</span> 
     </span>
    </p>
   </div>
   <div class='ocr_carea' id='block_1_11' title="bbox 391 1095 2042 1173">
    <p class='ocr_par' dir='ltr' id='par_1_11' title="bbox 391 1095 2042 1173">
     <span class='ocr_line' id='line_1_11' title="bbox 391 1095 2042 1173; baseline -0.012 -7"><span class='ocrx_word' id='word_1_57' title='bbox 391 1117 558 1166; x_wconf 86' lang='lat' dir='ltr'>tuere</span> <span class='ocrx_word' id='word_1_58' title='bbox 588 1106 785 1173; x_wconf 81' lang='lat' dir='ltr'>vellet,</span> <span class='ocrx_word' id='word_1_59' title='bbox 809 1099 1167 1159; x_wconf 77' lang='lat' dir='ltr'>venerabilis</span> <span class='ocrx_word' id='word_1_60' title='bbox 1198 1098 1343 1154; x_wconf 90' lang='lat' dir='ltr'>cleri</span> <span class='ocrx_word' id='word_1_61' title='bbox 1374 1095 1562 1152; x_wconf 87' lang='lat' dir='ltr'>nostri</span> <span class='ocrx_word' id='word_1_62' title='bbox 1594 1095 1822 1166; x_wconf 82' lang='lat' dir='ltr'>impetu</span> <span class='ocrx_word' id='word_1_63' title='bbox 1853 1110 1919 1148; x_wconf 88' lang='lat' dir='ltr'>ac</span> <span class='ocrx_word' id='word_1_64' title='bbox 1951 1110 2042 1147; x_wconf 85' lang='lat' dir='ltr'>re-</span> 
     </span>
    </p>
   </div>
   <div class='ocr_carea' id='block_1_12' title="bbox 389 1187 2042 1268">
    <p class='ocr_par' dir='ltr' id='par_1_12' title="bbox 389 1187 2042 1268">
     <span class='ocr_line' id='line_1_12' title="bbox 389 1187 2042 1268; baseline -0.011 -12"><span class='ocrx_word' id='word_1_65' title='bbox 389 1198 645 1257; x_wconf 82' lang='lat' dir='ltr'>nitentia</span> <span class='ocrx_word' id='word_1_66' title='bbox 672 1193 1052 1268; x_wconf 85' lang='lat' dir='ltr'>prohibente,</span> <span class='ocrx_word' id='word_1_67' title='bbox 1080 1189 1233 1245; x_wconf 86' lang='lat' dir='ltr'>nihil</span> <span class='ocrx_word' id='word_1_68' title='bbox 1271 1205 1380 1244; x_wconf 91' lang='lat' dir='ltr'>nos</span> <span class='ocrx_word' id='word_1_69' title='bbox 1434 1187 1550 1243; x_wconf 87' lang='lat' dir='ltr'>tale</span> <span class='ocrx_word' id='word_1_70' title='bbox 1609 1188 2042 1257; x_wconf 82' lang='lat' dir='ltr'>exspectantes,</span> 
     </span>
    </p>
   </div>
   <div class='ocr_carea' id='block_1_13' title="bbox 387 1274 2045 1353">
    <p class='ocr_par' dir='ltr' id='par_1_13' title="bbox 387 1274 2045 1353">
     <span class='ocr_line' id='line_1_13' title="bbox 387 1274 2045 1353; baseline -0.011 -7"><span class='ocrx_word' id='word_1_71' title='bbox 387 1288 543 1347; x_wconf 89' lang='lat' dir='ltr'>nihil</span> <span class='ocrx_word' id='word_1_72' title='bbox 571 1286 856 1353; x_wconf 87' lang='lat' dir='ltr'>volentes,</span> <span class='ocrx_word' id='word_1_73' title='bbox 890 1299 1001 1339; x_wconf 88' lang='lat' dir='ltr'>nec</span> <span class='ocrx_word' id='word_1_74' title='bbox 1024 1282 1153 1337; x_wconf 86' lang='lat' dir='ltr'>sine</span> <span class='ocrx_word' id='word_1_75' title='bbox 1166 1279 1371 1335; x_wconf 88' lang='lat' dir='ltr'>dolore</span> <span class='ocrx_word' id='word_1_76' title='bbox 1385 1275 1732 1333; x_wconf 90' lang='lat' dir='ltr'>etmolestia</span> <span class='ocrx_word' id='word_1_77' title='bbox 1761 1274 2045 1345; x_wconf 89' lang='lat' dir='ltr'>luctuque</span> 
     </span>
    </p>
   </div>
   <div class='ocr_carea' id='block_1_14' title="bbox 388 1362 2049 1447">
    <p class='ocr_par' dir='ltr' id='par_1_14' title="bbox 388 1362 2049 1447">
     <span class='ocr_line' id='line_1_14' title="bbox 388 1362 2049 1447; baseline -0.013 -12"><span class='ocrx_word' id='word_1_78' title='bbox 388 1377 578 1446; x_wconf 89' lang='lat' dir='ltr'>omni,</span> <span class='ocrx_word' id='word_1_79' title='bbox 609 1393 737 1433; x_wconf 91' lang='lat' dir='ltr'>rem</span> <span class='ocrx_word' id='word_1_80' title='bbox 769 1371 1066 1447; x_wconf 87' lang='lat' dir='ltr'>ejusmodi</span> <span class='ocrx_word' id='word_1_81' title='bbox 1096 1370 1413 1443; x_wconf 84' lang='lat' dir='ltr'>patientes,</span> <span class='ocrx_word' id='word_1_82' title='bbox 1433 1366 1506 1422; x_wconf 90' lang='lat' dir='ltr'>ad</span> <span class='ocrx_word' id='word_1_83' title='bbox 1526 1364 1908 1438; x_wconf 88' lang='lat' dir='ltr'>pontiﬁcatus</span> <span class='ocrx_word' id='word_1_84' title='bbox 1928 1362 2049 1435; x_wconf 85' lang='lat' dir='ltr'>dig-</span> 
     </span>
    </p>
   </div>
   <div class='ocr_carea' id='block_1_15' title="bbox 386 1456 2044 1537">
    <p class='ocr_par' dir='ltr' id='par_1_15' title="bbox 386 1456 2044 1537">
     <span class='ocr_line' id='line_1_15' title="bbox 386 1456 2044 1537; baseline -0.011 -11"><span class='ocrx_word' id='word_1_85' title='bbox 386 1469 638 1526; x_wconf 90' lang='lat' dir='ltr'>nitatem</span> <span class='ocrx_word' id='word_1_86' title='bbox 698 1466 1049 1537; x_wconf 88' lang='lat' dir='ltr'>apicemque</span> <span class='ocrx_word' id='word_1_87' title='bbox 1078 1460 1365 1533; x_wconf 82' lang='lat' dir='ltr'>provexit.</span> <span class='ocrx_word' id='word_1_88' title='bbox 1415 1458 1557 1523; x_wconf 88' lang='lat' dir='ltr'>Quis</span> <span class='ocrx_word' id='word_1_89' title='bbox 1606 1456 1769 1512; x_wconf 90' lang='lat' dir='ltr'>enim</span> <span class='ocrx_word' id='word_1_90' title='bbox 1798 1469 2044 1528; x_wconf 88' lang='lat' dir='ltr'>prorsus</span> 
     </span>
    </p>
   </div>
   <div class='ocr_carea' id='block_1_16' title="bbox 387 1541 2043 1629">
    <p class='ocr_par' dir='ltr' id='par_1_16' title="bbox 387 1541 2043 1629">
     <span class='ocr_line' id='line_1_16' title="bbox 387 1541 2043 1629; baseline -0.011 -15"><span class='ocrx_word' id='word_1_91' title='bbox 387 1558 734 1629; x_wconf 81' lang='lat' dir='ltr'>inexpertus</span> <span class='ocrx_word' id='word_1_92' title='bbox 759 1554 846 1610; x_wconf 89' lang='lat' dir='ltr'>rei</span> <span class='ocrx_word' id='word_1_93' title='bbox 875 1552 1130 1608; x_wconf 55' lang='lat' dir='ltr'>nauticas</span> <span class='ocrx_word' id='word_1_94' title='bbox 1188 1566 1397 1605; x_wconf 89' lang='lat' dir='ltr'>navem</span> <span class='ocrx_word' id='word_1_95' title='bbox 1442 1545 1825 1615; x_wconf 87' lang='lat' dir='ltr'>conscendat,</span> <span class='ocrx_word' id='word_1_96' title='bbox 1866 1541 2043 1599; x_wconf 90' lang='lat' dir='ltr'>susti-</span> 
     </span>
    </p>
   </div>
   <div class='ocr_carea' id='block_1_17' title="bbox 390 1634 2049 1718">
    <p class='ocr_par' dir='ltr' id='par_1_17' title="bbox 390 1634 2049 1718">
     <span class='ocr_line' id='line_1_17' title="bbox 390 1634 2049 1718; baseline -0.011 -14"><span class='ocrx_word' id='word_1_97' title='bbox 390 1652 674 1718; x_wconf 85' lang='lat' dir='ltr'>neatque,</span> <span class='ocrx_word' id='word_1_98' title='bbox 706 1643 798 1699; x_wconf 87' lang='lat' dir='ltr'>vel</span> <span class='ocrx_word' id='word_1_99' title='bbox 828 1642 1049 1698; x_wconf 84' lang='lat' dir='ltr'>fretum</span> <span class='ocrx_word' id='word_1_100' title='bbox 1082 1638 1396 1712; x_wconf 85' lang='lat' dir='ltr'>trajicere;</span> <span class='ocrx_word' id='word_1_101' title='bbox 1445 1642 1513 1692; x_wconf 91' lang='lat' dir='ltr'>ut</span> <span class='ocrx_word' id='word_1_102' title='bbox 1563 1652 1639 1691; x_wconf 91' lang='lat' dir='ltr'>ne</span> <span class='ocrx_word' id='word_1_103' title='bbox 1689 1634 1883 1690; x_wconf 90' lang='lat' dir='ltr'>dicam</span> <span class='ocrx_word' id='word_1_104' title='bbox 1942 1648 2049 1704; x_wconf 87' lang='lat' dir='ltr'>per</span> 
     </span>
    </p>
   </div>
   <div class='ocr_carea' id='block_1_18' title="bbox 386 1719 2046 1809">
    <p class='ocr_par' dir='ltr' id='par_1_18' title="bbox 386 1719 2046 1809">
     <span class='ocr_line' id='line_1_18' title="bbox 386 1719 2046 1809; baseline -0.012 -16"><span class='ocrx_word' id='word_1_105' title='bbox 386 1736 550 1809; x_wconf 80' lang='lat' dir='ltr'>longi</span> <span class='ocrx_word' id='word_1_106' title='bbox 582 1733 765 1791; x_wconf 90' lang='lat' dir='ltr'>maris</span> <span class='ocrx_word' id='word_1_107' title='bbox 798 1736 1021 1787; x_wconf 89' lang='lat' dir='ltr'>tractus</span> <span class='ocrx_word' id='word_1_108' title='bbox 1055 1727 1492 1801; x_wconf 84' lang='lat' dir='ltr'>profectionem</span> <span class='ocrx_word' id='word_1_109' title='bbox 1532 1724 1828 1780; x_wconf 89' lang='lat' dir='ltr'>adornare</span> <span class='ocrx_word' id='word_1_110' title='bbox 1849 1738 1863 1790; x_wconf 89' lang='lat'><strong>;</strong></span> <span class='ocrx_word' id='word_1_111' title='bbox 1884 1719 2046 1775; x_wconf 90' lang='lat' dir='ltr'>solus</span> 
     </span>
    </p>
   </div>
   <div class='ocr_carea' id='block_1_19' title="bbox 388 1811 2045 1900">
    <p class='ocr_par' dir='ltr' id='par_1_19' title="bbox 388 1811 2045 1900">
     <span class='ocr_line' id='line_1_19' title="bbox 388 1811 2045 1900; baseline -0.01 -18"><span class='ocrx_word' id='word_1_112' title='bbox 388 1829 517 1900; x_wconf 90' lang='lat' dir='ltr'>ipse</span> <span class='ocrx_word' id='word_1_113' title='bbox 549 1824 840 1882; x_wconf 90' lang='lat' dir='ltr'>creditum</span> <span class='ocrx_word' id='word_1_114' title='bbox 873 1820 1101 1877; x_wconf 85' lang='lat' dir='ltr'>habens</span> <span class='ocrx_word' id='word_1_115' title='bbox 1133 1818 1299 1874; x_wconf 89' lang='lat' dir='ltr'>navis</span> <span class='ocrx_word' id='word_1_116' title='bbox 1328 1814 1824 1891; x_wconf 82' lang='lat' dir='ltr'>gubernaculum,</span> <span class='ocrx_word' id='word_1_117' title='bbox 1857 1811 2045 1866; x_wconf 86' lang='lat' dir='ltr'>idem-</span> 
     </span>
    </p>
   </div>
   <div class='ocr_carea' id='block_1_20' title="bbox 389 1902 2045 1989">
    <p class='ocr_par' dir='ltr' id='par_1_20' title="bbox 389 1902 2045 1989">
     <span class='ocr_line' id='line_1_20' title="bbox 389 1902 2045 1989; baseline -0.012 -16"><span class='ocrx_word' id='word_1_118' title='bbox 389 1933 506 1989; x_wconf 86' lang='lat' dir='ltr'>que</span> <span class='ocrx_word' id='word_1_119' title='bbox 534 1916 682 1988; x_wconf 90' lang='lat' dir='ltr'>ipse,</span> <span class='ocrx_word' id='word_1_120' title='bbox 714 1928 840 1968; x_wconf 88' lang='lat' dir='ltr'>una</span> <span class='ocrx_word' id='word_1_121' title='bbox 869 1927 1005 1967; x_wconf 91' lang='lat' dir='ltr'>cum</span> <span class='ocrx_word' id='word_1_122' title='bbox 1028 1907 1365 1965; x_wconf 84' lang='lat' dir='ltr'>vectoribus</span> <span class='ocrx_word' id='word_1_123' title='bbox 1382 1905 1518 1961; x_wconf 88' lang='lat' dir='ltr'>aliis</span> <span class='ocrx_word' id='word_1_124' title='bbox 1548 1902 2045 1977; x_wconf 78' lang='lat' dir='ltr'>gubernationem</span> 
     </span>
    </p>
   </div>
   <div class='ocr_carea' id='block_1_21' title="bbox 389 1989 2048 2077">
    <p class='ocr_par' dir='ltr' id='par_1_21' title="bbox 389 1989 2048 2077">
     <span class='ocr_line' id='line_1_21' title="bbox 389 1989 2048 2077; baseline -0.012 -15"><span class='ocrx_word' id='word_1_125' title='bbox 389 2006 690 2077; x_wconf 90' lang='lat' dir='ltr'>recipiens</span> <span class='ocrx_word' id='word_1_126' title='bbox 711 2003 738 2057; x_wconf 76' lang='lat' dir='ltr'>‘I</span> <span class='ocrx_word' id='word_1_127' title='bbox 770 2000 935 2069; x_wconf 88' lang='lat' dir='ltr'>Quod</span> <span class='ocrx_word' id='word_1_128' title='bbox 967 2006 1026 2054; x_wconf 90' lang='lat' dir='ltr'>et</span> <span class='ocrx_word' id='word_1_129' title='bbox 1055 2000 1117 2054; x_wconf 93' lang='lat' dir='ltr'>in</span> <span class='ocrx_word' id='word_1_130' title='bbox 1165 1997 1339 2054; x_wconf 91' lang='lat' dir='ltr'>nobis</span> <span class='ocrx_word' id='word_1_131' title='bbox 1371 1994 1645 2067; x_wconf 89' lang='lat' dir='ltr'>quisquis</span> <span class='ocrx_word' id='word_1_132' title='bbox 1675 1989 2001 2063; x_wconf 77' lang='lat' dir='ltr'>dispexerit</span> <span class='ocrx_word' id='word_1_133' title='bbox 2034 2005 2048 2042; x_wconf 88' lang='lat'><strong>:</strong></span> 
     </span>
    </p>
   </div>
   <div class='ocr_carea' id='block_1_22' title="bbox 392 2080 2048 2167">
    <p class='ocr_par' dir='ltr' id='par_1_22' title="bbox 392 2080 2048 2167">
     <span class='ocr_line' id='line_1_22' title="bbox 392 2080 2048 2167; baseline -0.013 -14"><span class='ocrx_word' id='word_1_134' title='bbox 392 2111 588 2167; x_wconf 88' lang='lat' dir='ltr'>neque</span> <span class='ocrx_word' id='word_1_135' title='bbox 615 2093 776 2150; x_wconf 90' lang='lat' dir='ltr'>enim</span> <span class='ocrx_word' id='word_1_136' title='bbox 826 2088 1149 2161; x_wconf 86' lang='lat' dir='ltr'>aliquando</span> <span class='ocrx_word' id='word_1_137' title='bbox 1193 2087 1267 2141; x_wconf 90' lang='lat' dir='ltr'>iis</span> <span class='ocrx_word' id='word_1_138' title='bbox 1327 2084 1713 2141; x_wconf 87' lang='lat' dir='ltr'>adhibuimus</span> <span class='ocrx_word' id='word_1_139' title='bbox 1763 2080 2048 2145; x_wconf 89' lang='lat' dir='ltr'>studium,</span> 
     </span>
    </p>
   </div>
   <div class='ocr_carea' id='block_1_23' title="bbox 392 2172 2054 2257">
    <p class='ocr_par' dir='ltr' id='par_1_23' title="bbox 392 2172 2054 2257">
     <span class='ocr_line' id='line_1_23' title="bbox 392 2172 2054 2257; baseline -0.012 -15"><span class='ocrx_word' id='word_1_140' title='bbox 392 2202 527 2257; x_wconf 75' lang='lat' dir='ltr'>quae</span> <span class='ocrx_word' id='word_1_141' title='bbox 558 2182 816 2239; x_wconf 79' lang='lat' dir='ltr'>maxime</span> <span class='ocrx_word' id='word_1_142' title='bbox 875 2179 1092 2235; x_wconf 90' lang='lat' dir='ltr'>decent</span> <span class='ocrx_word' id='word_1_143' title='bbox 1138 2175 1476 2249; x_wconf 90' lang='lat' dir='ltr'>pontiﬁces,</span> <span class='ocrx_word' id='word_1_144' title='bbox 1536 2189 1603 2228; x_wconf 91' lang='lat' dir='ltr'>ac</span> <span class='ocrx_word' id='word_1_145' title='bbox 1648 2172 1734 2226; x_wconf 91' lang='lat' dir='ltr'>eis</span> <span class='ocrx_word' id='word_1_146' title='bbox 1791 2182 2054 2241; x_wconf 86' lang='lat' dir='ltr'>congrua</span> 
     </span>
    </p>
   </div>
   <div class='ocr_carea' id='block_1_24' title="bbox 390 2258 2053 2343">
    <p class='ocr_par' dir='ltr' id='par_1_24' title="bbox 390 2258 2053 2343">
     <span class='ocr_line' id='line_1_24' title="bbox 390 2258 2053 2343; baseline -0.012 -12"><span class='ocrx_word' id='word_1_147' title='bbox 390 2280 673 2343; x_wconf 89' lang='lat' dir='ltr'>sunt,nec</span> <span class='ocrx_word' id='word_1_148' title='bbox 704 2271 939 2326; x_wconf 90' lang='lat' dir='ltr'>illustre</span> <span class='ocrx_word' id='word_1_149' title='bbox 971 2265 1201 2340; x_wconf 89' lang='lat' dir='ltr'>aliquid</span> <span class='ocrx_word' id='word_1_150' title='bbox 1234 2264 1554 2321; x_wconf 89' lang='lat' dir='ltr'>habuimus</span> <span class='ocrx_word' id='word_1_151' title='bbox 1587 2258 2053 2333; x_wconf 80' lang='lat' dir='ltr'>indignitatibus</span> 
     </span>
    </p>
   </div>
   <div class='ocr_carea' id='block_1_25' title="bbox 388 2348 2052 2430">
    <p class='ocr_par' dir='ltr' id='par_1_25' title="bbox 388 2348 2052 2430">
     <span class='ocr_line' id='line_1_25' title="bbox 388 2348 2052 2430; baseline -0.012 -10"><span class='ocrx_word' id='word_1_152' title='bbox 388 2360 841 2427; x_wconf 87' lang='lat' dir='ltr'>ecclesiasticis,</span> <span class='ocrx_word' id='word_1_153' title='bbox 872 2355 1297 2430; x_wconf 85' lang='lat' dir='ltr'>mysteriorum</span> <span class='ocrx_word' id='word_1_154' title='bbox 1332 2353 1444 2409; x_wconf 92' lang='lat' dir='ltr'>soli</span> <span class='ocrx_word' id='word_1_155' title='bbox 1492 2348 1826 2408; x_wconf 89' lang='lat' dir='ltr'>ministerio</span> <span class='ocrx_word' id='word_1_156' title='bbox 1860 2348 2052 2402; x_wconf 86' lang='lat' dir='ltr'>inces-</span> 
     </span>
    </p>
   </div>
   <div class='ocr_carea' id='block_1_26' title="bbox 390 2435 2050 2511">
    <p class='ocr_par' dir='ltr' id='par_1_26' title="bbox 390 2435 2050 2511">
     <span class='ocr_line' id='line_1_26' title="bbox 390 2435 2050 2511; baseline -0.013 0"><span class='ocrx_word' id='word_1_157' title='bbox 390 2456 595 2511; x_wconf 83' lang='lat' dir='ltr'>santer</span> <span class='ocrx_word' id='word_1_158' title='bbox 624 2453 901 2504; x_wconf 89' lang='lat' dir='ltr'>vacantes</span> <span class='ocrx_word' id='word_1_159' title='bbox 928 2470 942 2504; x_wconf 84' lang='lat'><strong>:</strong></span> <span class='ocrx_word' id='word_1_160' title='bbox 974 2444 1134 2502; x_wconf 89' lang='lat' dir='ltr'>haud</span> <span class='ocrx_word' id='word_1_161' title='bbox 1166 2448 1325 2499; x_wconf 91' lang='lat' dir='ltr'>certe</span> <span class='ocrx_word' id='word_1_162' title='bbox 1371 2442 1559 2497; x_wconf 91' lang='lat' dir='ltr'>nostri</span> <span class='ocrx_word' id='word_1_163' title='bbox 1602 2441 1665 2495; x_wconf 92' lang='lat' dir='ltr'>in</span> <span class='ocrx_word' id='word_1_164' title='bbox 1724 2438 1836 2493; x_wconf 86' lang='lat' dir='ltr'>hoc</span> <span class='ocrx_word' id='word_1_165' title='bbox 1867 2435 2050 2492; x_wconf 88' lang='lat' dir='ltr'>animi</span> 
     </span>
    </p>
   </div>
   <div class='ocr_carea' id='block_1_27' title="bbox 390 2527 2054 2607">
    <p class='ocr_par' dir='ltr' id='par_1_27' title="bbox 390 2527 2054 2607">
     <span class='ocr_line' id='line_1_27' title="bbox 390 2527 2054 2607; baseline -0.011 -10"><span class='ocrx_word' id='word_1_166' title='bbox 390 2538 885 2604; x_wconf 82' lang='lat' dir='ltr'>involuntarium,</span> <span class='ocrx_word' id='word_1_167' title='bbox 920 2534 1212 2607; x_wconf 78' lang='lat' dir='ltr'>putaverit</span> <span class='ocrx_word' id='word_1_168' title='bbox 1242 2549 1364 2588; x_wconf 89' lang='lat' dir='ltr'>non</span> <span class='ocrx_word' id='word_1_169' title='bbox 1422 2530 1641 2586; x_wconf 88' lang='lat' dir='ltr'>habere</span> <span class='ocrx_word' id='word_1_170' title='bbox 1690 2529 1906 2593; x_wconf 87' lang='lat' dir='ltr'>ﬁdem;</span> <span class='ocrx_word' id='word_1_171' title='bbox 1944 2527 2054 2580; x_wconf 83' lang='lat' dir='ltr'>hoc</span> 
     </span>
    </p>
   </div>
   <div class='ocr_carea' id='block_1_28' title="bbox 389 2616 2051 2694">
    <p class='ocr_par' dir='ltr' id='par_1_28' title="bbox 389 2616 2051 2694">
     <span class='ocr_line' id='line_1_28' title="bbox 389 2616 2051 2694; baseline -0.011 -8"><span class='ocrx_word' id='word_1_172' title='bbox 389 2629 568 2686; x_wconf 87' lang='lat' dir='ltr'>nobis</span> <span class='ocrx_word' id='word_1_173' title='bbox 597 2633 816 2683; x_wconf 62' lang='lat' dir='ltr'>nostras</span> <span class='ocrx_word' id='word_1_174' title='bbox 847 2623 1228 2680; x_wconf 73' lang='lat' dir='ltr'>conscientiae</span> <span class='ocrx_word' id='word_1_175' title='bbox 1286 2618 1726 2694; x_wconf 82' lang='lat' dir='ltr'>proferentibus</span> <span class='ocrx_word' id='word_1_176' title='bbox 1786 2616 2051 2672; x_wconf 81' lang='lat' dir='ltr'>testimo-</span> 
     </span>
    </p>
   </div>
   <div class='ocr_carea' id='block_1_29' title="bbox 391 2709 2053 2789">
    <p class='ocr_par' dir='ltr' id='par_1_29' title="bbox 391 2709 2053 2789">
     <span class='ocr_line' id='line_1_29' title="bbox 391 2709 2053 2789; baseline -0.01 -14"><span class='ocrx_word' id='word_1_177' title='bbox 391 2721 583 2787; x_wconf 90' lang='lat' dir='ltr'>nium,</span> <span class='ocrx_word' id='word_1_178' title='bbox 609 2716 768 2789; x_wconf 90' lang='lat' dir='ltr'>quod</span> <span class='ocrx_word' id='word_1_179' title='bbox 815 2715 983 2770; x_wconf 86' lang='lat' dir='ltr'>divus</span> <span class='ocrx_word' id='word_1_180' title='bbox 1034 2711 1355 2784; x_wconf 84' lang='lat' dir='ltr'>Apostolus</span> <span class='ocrx_word' id='word_1_181' title='bbox 1408 2709 1827 2783; x_wconf 86' lang='lat' dir='ltr'>gloriationem</span> <span class='ocrx_word' id='word_1_182' title='bbox 1882 2719 2053 2760; x_wconf 87' lang='lat' dir='ltr'>suam</span> 
     </span>
    </p>
   </div>
   <div class='ocr_carea' id='block_1_30' title="bbox 390 2798 2054 2872">
    <p class='ocr_par' dir='ltr' id='par_1_30' title="bbox 390 2798 2054 2872">
     <span class='ocr_line' id='line_1_30' title="bbox 390 2798 2054 2872; baseline -0.011 -7"><span class='ocrx_word' id='word_1_183' title='bbox 390 2807 728 2869; x_wconf 77' lang='lat' dir='ltr'>deﬁnivit‘.</span> <span class='ocrx_word' id='word_1_184' title='bbox 752 2804 829 2862; x_wconf 90' lang='lat' dir='ltr'>ad</span> <span class='ocrx_word' id='word_1_185' title='bbox 854 2819 1061 2860; x_wconf 91' lang='lat' dir='ltr'>eorum</span> <span class='ocrx_word' id='word_1_186' title='bbox 1094 2819 1225 2872; x_wconf 65' lang='lat' dir='ltr'>qua:</span> <span class='ocrx_word' id='word_1_187' title='bbox 1258 2816 1368 2855; x_wconf 92' lang='lat' dir='ltr'>nos</span> <span class='ocrx_word' id='word_1_188' title='bbox 1421 2798 1536 2871; x_wconf 88' lang='lat' dir='ltr'>ipsi</span> <span class='ocrx_word' id='word_1_189' title='bbox 1588 2802 1899 2863; x_wconf 88' lang='lat' dir='ltr'>testamur,</span> <span class='ocrx_word' id='word_1_190' title='bbox 1960 2810 2054 2847; x_wconf 87' lang='lat' dir='ltr'>re-</span> 
     </span>
    </p>
   </div>
   <div class='ocr_carea' id='block_1_31' title="bbox 392 2884 2053 2970">
    <p class='ocr_par' dir='ltr' id='par_1_31' title="bbox 392 2884 2053 2970">
     <span class='ocr_line' id='line_1_31' title="bbox 392 2884 2053 2970; baseline -0.011 -17"><span class='ocrx_word' id='word_1_191' title='bbox 392 2894 880 2970; x_wconf 64' lang='lat' dir='ltr'>praesentandam</span> <span class='ocrx_word' id='word_1_192' title='bbox 910 2892 1242 2947; x_wconf 83' lang='lat' dir='ltr'>veritatem.</span> <span class='ocrx_word' id='word_1_193' title='bbox 1277 2889 1385 2944; x_wconf 83' lang='lat' dir='ltr'>Hic</span> <span class='ocrx_word' id='word_1_194' title='bbox 1418 2888 1641 2957; x_wconf 88' lang='lat' dir='ltr'>itaque,</span> <span class='ocrx_word' id='word_1_195' title='bbox 1683 2884 1784 2956; x_wconf 88' lang='lat' dir='ltr'>qui</span> <span class='ocrx_word' id='word_1_196' title='bbox 1844 2885 1905 2938; x_wconf 90' lang='lat' dir='ltr'>in</span> <span class='ocrx_word' id='word_1_197' title='bbox 1985 2898 2053 2936; x_wconf 91' lang='lat' dir='ltr'>eo</span> 
     </span>
    </p>
   </div>
   <div class='ocr_carea' id='block_1_32' title="bbox 393 2969 2050 3044">
    <p class='ocr_par' dir='ltr' id='par_1_32' title="bbox 393 2969 2050 3044">
     <span class='ocr_line' id='line_1_32' title="bbox 393 2969 2050 3044; baseline -0.012 0"><span class='ocrx_word' id='word_1_198' title='bbox 393 2969 769 3044; x_wconf 83' lang='lat' dir='ltr'>suumdecus</span> <span class='ocrx_word' id='word_1_199' title='bbox 792 2982 1185 3038; x_wconf 86' lang='lat' dir='ltr'>constitutum</span> <span class='ocrx_word' id='word_1_200' title='bbox 1205 2978 1384 3033; x_wconf 90' lang='lat' dir='ltr'>vellet</span> <span class='ocrx_word' id='word_1_201' title='bbox 1415 2996 1430 3044; x_wconf 86' lang='lat'><strong>;</strong></span> <span class='ocrx_word' id='word_1_202' title='bbox 1463 2981 1531 3032; x_wconf 92' lang='lat' dir='ltr'>ut</span> <span class='ocrx_word' id='word_1_203' title='bbox 1560 2973 1838 3029; x_wconf 67' lang='lat' dir='ltr'>Ecclesia)</span> <span class='ocrx_word' id='word_1_204' title='bbox 1870 2969 2050 3026; x_wconf 85' lang='lat' dir='ltr'>dede-</span> 
     </span>
    </p>
   </div>
   <div class='ocr_carea' id='block_1_33' title="bbox 394 3062 2055 3137">
    <p class='ocr_par' dir='ltr' id='par_1_33' title="bbox 394 3062 2055 3137">
     <span class='ocr_line' id='line_1_33' title="bbox 394 3062 2055 3137; baseline -0.011 -4"><span class='ocrx_word' id='word_1_205' title='bbox 394 3092 501 3133; x_wconf 87' lang='lat' dir='ltr'>cus</span> <span class='ocrx_word' id='word_1_206' title='bbox 523 3092 590 3131; x_wconf 89' lang='lat' dir='ltr'>ac</span> <span class='ocrx_word' id='word_1_207' title='bbox 612 3072 1133 3129; x_wconf 88' lang='lat' dir='ltr'>inhonorationem</span> <span class='ocrx_word' id='word_1_208' title='bbox 1155 3063 1700 3137; x_wconf 81' lang='lat' dir='ltr'>aﬂ&#39;erret,parturiit</span> <span class='ocrx_word' id='word_1_209' title='bbox 1721 3062 1965 3134; x_wconf 85' lang='lat' dir='ltr'>quidem</span> <span class='ocrx_word' id='word_1_210' title='bbox 1988 3077 2055 3115; x_wconf 90' lang='lat' dir='ltr'>ac</span> 
     </span>
    </p>
   </div>
   <div class='ocr_carea' id='block_1_34' title="bbox 393 3150 2058 3237">
    <p class='ocr_par' dir='ltr' id='par_1_34' title="bbox 393 3150 2058 3237">
     <span class='ocr_line' id='line_1_34' title="bbox 393 3150 2058 3237; baseline -0.01 -16"><span class='ocrx_word' id='word_1_211' title='bbox 393 3180 606 3237; x_wconf 88' lang='lat' dir='ltr'>parere</span> <span class='ocrx_word' id='word_1_212' title='bbox 630 3163 842 3218; x_wconf 80' lang='lat' dir='ltr'>enixus</span> <span class='ocrx_word' id='word_1_213' title='bbox 874 3165 965 3216; x_wconf 91' lang='lat' dir='ltr'>est</span> <span class='ocrx_word' id='word_1_214' title='bbox 992 3153 1631 3225; x_wconf 88' lang='lat' dir='ltr'>basiliscum,auctoris</span> <span class='ocrx_word' id='word_1_215' title='bbox 1646 3150 1788 3208; x_wconf 91' lang='lat' dir='ltr'>mali</span> <span class='ocrx_word' id='word_1_216' title='bbox 1808 3167 2058 3222; x_wconf 88' lang='lat' dir='ltr'>serpen-</span> 
     </span>
    </p>
   </div>
   <div class='ocr_carea' id='block_1_35' title="bbox 393 3241 2056 3326">
    <p class='ocr_par' dir='ltr' id='par_1_35' title="bbox 393 3241 2056 3326">
     <span class='ocr_line' id='line_1_35' title="bbox 393 3241 2056 3326; baseline -0.011 -13"><span class='ocrx_word' id='word_1_217' title='bbox 393 3255 474 3313; x_wconf 82' lang='lat' dir='ltr'>tis</span> <span class='ocrx_word' id='word_1_218' title='bbox 504 3252 734 3326; x_wconf 90' lang='lat' dir='ltr'>prolem</span> <span class='ocrx_word' id='word_1_219' title='bbox 761 3268 776 3320; x_wconf 89' lang='lat'><strong>;</strong></span> <span class='ocrx_word' id='word_1_220' title='bbox 808 3255 875 3306; x_wconf 91' lang='lat' dir='ltr'>ut</span> <span class='ocrx_word' id='word_1_221' title='bbox 914 3248 1201 3305; x_wconf 90' lang='lat' dir='ltr'>nimirum</span> <span class='ocrx_word' id='word_1_222' title='bbox 1256 3245 1493 3319; x_wconf 90' lang='lat' dir='ltr'>publice</span> <span class='ocrx_word' id='word_1_223' title='bbox 1552 3245 1615 3299; x_wconf 92' lang='lat' dir='ltr'>in</span> <span class='ocrx_word' id='word_1_224' title='bbox 1664 3241 1955 3309; x_wconf 88' lang='lat' dir='ltr'>ecclesiis,</span> <span class='ocrx_word' id='word_1_225' title='bbox 1988 3257 2056 3296; x_wconf 91' lang='lat' dir='ltr'>ac</span> 
     </span>
    </p>
   </div>
   <div class='ocr_carea' id='block_1_36' title="bbox 2160 636 3846 717">
    <p class='ocr_par' dir='ltr' id='par_1_36' title="bbox 2160 636 3846 717">
     <span class='ocr_line' id='line_1_36' title="bbox 2160 636 3846 717; baseline 0 -23"><span class='ocrx_word' id='word_1_226' title='bbox 2160 645 2297 715; x_wconf 76' lang='grc' dir='ltr'>νᾷν),</span> <span class='ocrx_word' id='word_1_227' title='bbox 2362 640 2621 714; x_wconf 76' lang='grc' dir='ltr'>θεμέλιον</span> <span class='ocrx_word' id='word_1_228' title='bbox 2711 641 2800 696; x_wconf 83' lang='grc' dir='ltr'>καὶ</span> <span class='ocrx_word' id='word_1_229' title='bbox 2863 636 3173 714; x_wconf 73' lang='grc' dir='ltr'>ὑπόϐαθρον</span> <span class='ocrx_word' id='word_1_230' title='bbox 3259 644 3357 696; x_wconf 77' lang='grc' dir='ltr'>τοῦ</span> <span class='ocrx_word' id='word_1_231' title='bbox 3442 643 3707 717; x_wconf 76' lang='grc' dir='ltr'>κράτους,</span> <span class='ocrx_word' id='word_1_232' title='bbox 3769 640 3846 695; x_wconf 83' lang='grc' dir='ltr'>τὸ</span> 
     </span>
    </p>
   </div>
   <div class='ocr_carea' id='block_1_37' title="bbox 2165 725 3851 807">
    <p class='ocr_par' dir='ltr' id='par_1_37' title="bbox 2165 725 3851 807">
     <span class='ocr_line' id='line_1_37' title="bbox 2165 725 3851 807; baseline -0.001 -23"><span class='ocrx_word' id='word_1_233' title='bbox 2165 730 2342 807; x_wconf 85' lang='grc' dir='ltr'>βίαιον</span> <span class='ocrx_word' id='word_1_234' title='bbox 2388 731 2477 786; x_wconf 75' lang='grc' dir='ltr'>καὶ</span> <span class='ocrx_word' id='word_1_235' title='bbox 2511 730 2609 786; x_wconf 69' lang='grc' dir='ltr'>οὐκ</span> <span class='ocrx_word' id='word_1_236' title='bbox 2636 728 2864 806; x_wconf 78' lang='grc' dir='ltr'>ἔννομον</span> <span class='ocrx_word' id='word_1_237' title='bbox 2917 725 3387 805; x_wconf 76' lang='grc' dir='ltr'>προϐαλλόμενος</span> <span class='ocrx_word' id='word_1_238' title='bbox 3440 729 3666 796; x_wconf 80' lang='grc' dir='ltr'>καθεῖλε</span> <span class='ocrx_word' id='word_1_239' title='bbox 3736 730 3851 804; x_wconf 70' lang='grc' dir='ltr'>μὶν</span> 
     </span>
    </p>
   </div>
   <div class='ocr_carea' id='block_1_38' title="bbox 2160 817 3852 895">
    <p class='ocr_par' dir='ltr' id='par_1_38' title="bbox 2160 817 3852 895">
     <span class='ocr_line' id='line_1_38' title="bbox 2160 817 3852 895; baseline -0.001 -21"><span class='ocrx_word' id='word_1_240' title='bbox 2160 820 2250 874; x_wconf 85' lang='grc' dir='ltr'>καὶ</span> <span class='ocrx_word' id='word_1_241' title='bbox 2290 821 2394 895; x_wconf 86' lang='grc' dir='ltr'>πρὸ</span> <span class='ocrx_word' id='word_1_242' title='bbox 2452 823 2551 886; x_wconf 78' lang='grc' dir='ltr'>τῆς</span> <span class='ocrx_word' id='word_1_243' title='bbox 2584 820 2777 875; x_wconf 74' lang='grc' dir='ltr'>ἑαυτοῦ</span> <span class='ocrx_word' id='word_1_244' title='bbox 2810 817 3027 874; x_wconf 76' lang='grc' dir='ltr'>εἰσόδου</span> <span class='ocrx_word' id='word_1_245' title='bbox 3056 820 3155 889; x_wconf 75' lang='grc' dir='ltr'>τὴν</span> <span class='ocrx_word' id='word_1_246' title='bbox 3189 819 3533 884; x_wconf 80' lang='grc' dir='ltr'>ἀνατεθεῖσαν</span> <span class='ocrx_word' id='word_1_247' title='bbox 3592 821 3648 875; x_wconf 84' lang='grc' dir='ltr'>ἐν</span> <span class='ocrx_word' id='word_1_248' title='bbox 3710 824 3852 882; x_wconf 82' lang='grc' dir='ltr'>τοῖς</span> 
     </span>
    </p>
   </div>
   <div class='ocr_carea' id='block_1_39' title="bbox 2161 904 3855 986">
    <p class='ocr_par' dir='ltr' id='par_1_39' title="bbox 2161 904 3855 986">
     <span class='ocr_line' id='line_1_39' title="bbox 2161 904 3855 986; baseline -0.001 -21"><span class='ocrx_word' id='word_1_249' title='bbox 2161 908 2487 985; x_wconf 82' lang='grc' dir='ltr'>προαυλίοις</span> <span class='ocrx_word' id='word_1_250' title='bbox 2525 914 2635 965; x_wconf 82' lang='grc' dir='ltr'>τῶν</span> <span class='ocrx_word' id='word_1_251' title='bbox 2696 908 3000 986; x_wconf 80' lang='grc' dir='ltr'>βασιλικῶν</span> <span class='ocrx_word' id='word_1_252' title='bbox 3063 907 3248 965; x_wconf 82' lang='grc' dir='ltr'>είκόνα</span> <span class='ocrx_word' id='word_1_253' title='bbox 3305 917 3403 979; x_wconf 77' lang='grc' dir='ltr'>τῆς</span> <span class='ocrx_word' id='word_1_254' title='bbox 3465 910 3619 985; x_wconf 82' lang='grc' dir='ltr'>ἁγίας</span> <span class='ocrx_word' id='word_1_255' title='bbox 3669 904 3855 979; x_wconf 74' lang='grc' dir='ltr'>ἕκτης</span> 
     </span>
    </p>
   </div>
   <div class='ocr_carea' id='block_1_40' title="bbox 2163 997 3853 1077">
    <p class='ocr_par' dir='ltr' id='par_1_40' title="bbox 2163 997 3853 1077">
     <span class='ocr_line' id='line_1_40' title="bbox 2163 997 3853 1077; baseline 0 -22"><span class='ocrx_word' id='word_1_256' title='bbox 2163 998 2415 1075; x_wconf 79' lang='grc' dir='ltr'>συνόδου’</span> <span class='ocrx_word' id='word_1_257' title='bbox 2450 999 2845 1076; x_wconf 77' lang='grc' dir='ltr'>ἐγκαταστῆσαι</span> <span class='ocrx_word' id='word_1_258' title='bbox 2877 997 2933 1056; x_wconf 76' lang='grc' dir='ltr'>δὲ</span> <span class='ocrx_word' id='word_1_259' title='bbox 2969 999 3271 1077; x_wconf 72' lang='grc' dir='ltr'>βουληθεὶς</span> <span class='ocrx_word' id='word_1_260' title='bbox 3302 1001 3381 1064; x_wconf 79' lang='grc' dir='ltr'>εἷς</span> <span class='ocrx_word' id='word_1_261' title='bbox 3411 1002 3503 1056; x_wconf 87' lang='grc' dir='ltr'>τὸν</span> <span class='ocrx_word' id='word_1_262' title='bbox 3559 1005 3663 1067; x_wconf 85' lang='grc' dir='ltr'>τῆς</span> <span class='ocrx_word' id='word_1_263' title='bbox 3728 1002 3853 1076; x_wconf 81' lang='grc' dir='ltr'>ἀρ-</span> 
     </span>
    </p>
   </div>
   <div class='ocr_carea' id='block_1_41' title="bbox 2166 1087 3849 1167">
    <p class='ocr_par' dir='ltr' id='par_1_41' title="bbox 2166 1087 3849 1167">
     <span class='ocr_line' id='line_1_41' title="bbox 2166 1087 3849 1167; baseline 0 -23"><span class='ocrx_word' id='word_1_264' title='bbox 2166 1090 2508 1167; x_wconf 82' lang='grc' dir='ltr'>χιερωσύνης</span> <span class='ocrx_word' id='word_1_265' title='bbox 2560 1091 2776 1167; x_wconf 80' lang='grc' dir='ltr'>Θρόνον,</span> <span class='ocrx_word' id='word_1_266' title='bbox 2833 1087 3006 1166; x_wconf 74' lang='grc' dir='ltr'>ἄνδρα</span> <span class='ocrx_word' id='word_1_267' title='bbox 3084 1090 3185 1146; x_wconf 69' lang='grc' dir='ltr'>οὐκ</span> <span class='ocrx_word' id='word_1_268' title='bbox 3238 1090 3299 1147; x_wconf 59' lang='lat' dir='ltr'>Kx</span> <span class='ocrx_word' id='word_1_269' title='bbox 3373 1095 3470 1147; x_wconf 73' lang='grc' dir='ltr'>τοῦ</span> <span class='ocrx_word' id='word_1_270' title='bbox 3528 1089 3849 1161; x_wconf 79' lang='grc' dir='ltr'>ἐκκλησια-</span> 
     </span>
    </p>
   </div>
   <div class='ocr_carea' id='block_1_42' title="bbox 2162 1178 3849 1257">
    <p class='ocr_par' dir='ltr' id='par_1_42' title="bbox 2162 1178 3849 1257">
     <span class='ocr_line' id='line_1_42' title="bbox 2162 1178 3849 1257; baseline 0 -22"><span class='ocrx_word' id='word_1_271' title='bbox 2162 1185 2350 1235; x_wconf 84' lang='grc' dir='ltr'>στικοῦ</span> <span class='ocrx_word' id='word_1_272' title='bbox 2381 1183 2541 1255; x_wconf 77' lang='grc' dir='ltr'>ἡμῶν</span> <span class='ocrx_word' id='word_1_273' title='bbox 2587 1178 2863 1257; x_wconf 80' lang='grc' dir='ltr'>συλλόγου</span> <span class='ocrx_word' id='word_1_274' title='bbox 2914 1181 3283 1257; x_wconf 76' lang='grc' dir='ltr'>τυγχάνοντα,</span> <span class='ocrx_word' id='word_1_275' title='bbox 3338 1186 3439 1251; x_wconf 80' lang='grc' dir='ltr'>τῆς</span> <span class='ocrx_word' id='word_1_276' title='bbox 3499 1178 3556 1236; x_wconf 78' lang='grc' dir='ltr'>δὲ</span> <span class='ocrx_word' id='word_1_277' title='bbox 3612 1179 3849 1241; x_wconf 73' lang='grc' dir='ltr'>οἰκείας</span> 
     </span>
    </p>
   </div>
   <div class='ocr_carea' id='block_1_43' title="bbox 2161 1266 3850 1349">
    <p class='ocr_par' dir='ltr' id='par_1_43' title="bbox 2161 1266 3850 1349">
     <span class='ocr_line' id='line_1_43' title="bbox 2161 1266 3850 1349; baseline -0.001 -24"><span class='ocrx_word' id='word_1_278' title='bbox 2161 1266 2554 1349; x_wconf 66' lang='grc' dir='ltr'>ἱνδιαστρόφου</span> <span class='ocrx_word' id='word_1_279' title='bbox 2584 1270 2816 1346; x_wconf 78' lang='grc' dir='ltr'>γνώμης</span> <span class='ocrx_word' id='word_1_280' title='bbox 2880 1271 3189 1345; x_wconf 79' lang='grc' dir='ltr'>ὁμόφρονα,</span> <span class='ocrx_word' id='word_1_281' title='bbox 3250 1268 3404 1345; x_wconf 78' lang='grc' dir='ltr'>ὅμως</span> <span class='ocrx_word' id='word_1_282' title='bbox 3434 1273 3504 1346; x_wconf 77' lang='grc' dir='ltr'>τῇ</span> <span class='ocrx_word' id='word_1_283' title='bbox 3551 1274 3650 1326; x_wconf 74' lang='grc' dir='ltr'>τοῦ</span> <span class='ocrx_word' id='word_1_284' title='bbox 3711 1270 3850 1325; x_wconf 72' lang='grc' dir='ltr'>καθ’</span> 
     </span>
    </p>
   </div>
   <div class='ocr_carea' id='block_1_44' title="bbox 2162 1357 3847 1437">
    <p class='ocr_par' dir='ltr' id='par_1_44' title="bbox 2162 1357 3847 1437">
     <span class='ocr_line' id='line_1_44' title="bbox 2162 1357 3847 1437; baseline -0.001 -24"><span class='ocrx_word' id='word_1_285' title='bbox 2162 1361 2313 1433; x_wconf 76' lang='grc' dir='ltr'>ἡμᾶς</span> <span class='ocrx_word' id='word_1_286' title='bbox 2350 1357 2577 1435; x_wconf 80' lang='grc' dir='ltr'>εὖαγοῦς</span> <span class='ocrx_word' id='word_1_287' title='bbox 2635 1358 2852 1437; x_wconf 70' lang='grc' dir='ltr'>κλήρου</span> <span class='ocrx_word' id='word_1_288' title='bbox 2904 1360 3054 1436; x_wconf 81' lang='grc' dir='ltr'>ὁρμῇ</span> <span class='ocrx_word' id='word_1_289' title='bbox 3108 1359 3203 1414; x_wconf 86' lang='grc' dir='ltr'>καὶ</span> <span class='ocrx_word' id='word_1_290' title='bbox 3256 1358 3497 1416; x_wconf 83' lang='grc' dir='ltr'>ἐνστάσει</span> <span class='ocrx_word' id='word_1_291' title='bbox 3560 1359 3847 1437; x_wconf 80' lang='grc' dir='ltr'>βιασθεὶς,</span> 
     </span>
    </p>
   </div>
   <div class='ocr_carea' id='block_1_45' title="bbox 2162 1448 3845 1526">
    <p class='ocr_par' dir='ltr' id='par_1_45' title="bbox 2162 1448 3845 1526">
     <span class='ocr_line' id='line_1_45' title="bbox 2162 1448 3845 1526; baseline 0.001 -22"><span class='ocrx_word' id='word_1_292' title='bbox 2162 1451 2475 1526; x_wconf 73' lang='grc' dir='ltr'>προήγαγεν</span> <span class='ocrx_word' id='word_1_293' title='bbox 2507 1451 2655 1523; x_wconf 79' lang='grc' dir='ltr'>ἡμᾶς</span> <span class='ocrx_word' id='word_1_294' title='bbox 2682 1450 2744 1504; x_wconf 84' lang='grc' dir='ltr'>ού</span> <span class='ocrx_word' id='word_1_295' title='bbox 2802 1448 3245 1522; x_wconf 70' lang='grc' dir='ltr'>προσδοκῶντας,</span> <span class='ocrx_word' id='word_1_296' title='bbox 3305 1450 3367 1504; x_wconf 85' lang='grc' dir='ltr'>οὐ</span> <span class='ocrx_word' id='word_1_297' title='bbox 3427 1449 3845 1526; x_wconf 74' lang='grc' dir='ltr'>βουλομένους,</span> 
     </span>
    </p>
   </div>
   <div class='ocr_carea' id='block_1_46' title="bbox 2165 1534 3847 1617">
    <p class='ocr_par' dir='ltr' id='par_1_46' title="bbox 2165 1534 3847 1617">
     <span class='ocr_line' id='line_1_46' title="bbox 2165 1534 3847 1617; baseline 0 -23"><span class='ocrx_word' id='word_1_298' title='bbox 2165 1538 2265 1595; x_wconf 82' lang='grc' dir='ltr'>οὐκ</span> <span class='ocrx_word' id='word_1_299' title='bbox 2288 1539 2511 1604; x_wconf 81' lang='grc' dir='ltr'>ἀπαθῶς</span> <span class='ocrx_word' id='word_1_300' title='bbox 2540 1560 2596 1593; x_wconf 86' lang='grc' dir='ltr'>τε</span> <span class='ocrx_word' id='word_1_301' title='bbox 2626 1538 2714 1594; x_wconf 84' lang='grc' dir='ltr'>καὶ</span> <span class='ocrx_word' id='word_1_302' title='bbox 2747 1534 2965 1614; x_wconf 77' lang='grc' dir='ltr'>ἀϐαρῶς</span> <span class='ocrx_word' id='word_1_303' title='bbox 3003 1539 3093 1594; x_wconf 85' lang='grc' dir='ltr'>καὶ</span> <span class='ocrx_word' id='word_1_304' title='bbox 3145 1537 3278 1617; x_wconf 77' lang='grc' dir='ltr'>δίχα</span> <span class='ocrx_word' id='word_1_305' title='bbox 3329 1540 3529 1602; x_wconf 85' lang='grc' dir='ltr'>παντὸς</span> <span class='ocrx_word' id='word_1_306' title='bbox 3579 1537 3847 1615; x_wconf 76' lang='grc' dir='ltr'>ὀδυρμοῦ</span> 
     </span>
    </p>
   </div>
   <div class='ocr_carea' id='block_1_47' title="bbox 2160 1628 3847 1705">
    <p class='ocr_par' dir='ltr' id='par_1_47' title="bbox 2160 1628 3847 1705">
     <span class='ocr_line' id='line_1_47' title="bbox 2160 1628 3847 1705; baseline 0 -22"><span class='ocrx_word' id='word_1_307' title='bbox 2160 1628 2225 1683; x_wconf 85' lang='grc' dir='ltr'>τὸ</span> <span class='ocrx_word' id='word_1_308' title='bbox 2266 1632 2515 1684; x_wconf 76' lang='grc' dir='ltr'>τοιοῦτον</span> <span class='ocrx_word' id='word_1_309' title='bbox 2579 1628 3000 1702; x_wconf 80' lang='grc' dir='ltr'>ὑπομείναντας,</span> <span class='ocrx_word' id='word_1_310' title='bbox 3059 1628 3196 1704; x_wconf 86' lang='grc' dir='ltr'>πρὸς</span> <span class='ocrx_word' id='word_1_311' title='bbox 3253 1628 3352 1697; x_wconf 73' lang='grc' dir='ltr'>τὴν</span> <span class='ocrx_word' id='word_1_312' title='bbox 3411 1635 3514 1699; x_wconf 79' lang='grc' dir='ltr'>τῆς</span> <span class='ocrx_word' id='word_1_313' title='bbox 3546 1629 3847 1705; x_wconf 76' lang='grc' dir='ltr'>ἀρχιερωο</span> 
     </span>
    </p>
   </div>
   <div class='ocr_carea' id='block_1_48' title="bbox 2162 1714 3843 1796">
    <p class='ocr_par' dir='ltr' id='par_1_48' title="bbox 2162 1714 3843 1796">
     <span class='ocr_line' id='line_1_48' title="bbox 2162 1714 3843 1796; baseline -0.001 -23"><span class='ocrx_word' id='word_1_314' title='bbox 2162 1717 2330 1788; x_wconf 89' lang='grc' dir='ltr'>σύνης</span> <span class='ocrx_word' id='word_1_315' title='bbox 2359 1718 2507 1792; x_wconf 79' lang='grc' dir='ltr'>ἀξίαν</span> <span class='ocrx_word' id='word_1_316' title='bbox 2542 1717 2631 1773; x_wconf 84' lang='grc' dir='ltr'>καὶ</span> <span class='ocrx_word' id='word_1_317' title='bbox 2661 1720 2933 1796; x_wconf 67' lang='grc' dir='ltr'>κορυφήν.</span> <span class='ocrx_word' id='word_1_318' title='bbox 2991 1718 3089 1781; x_wconf 90' lang='grc' dir='ltr'>Τίς</span> <span class='ocrx_word' id='word_1_319' title='bbox 3145 1718 3247 1794; x_wconf 82' lang='grc' dir='ltr'>γὰρ</span> <span class='ocrx_word' id='word_1_320' title='bbox 3306 1714 3367 1772; x_wconf 80' lang='grc' dir='ltr'>ἄν</span> <span class='ocrx_word' id='word_1_321' title='bbox 3402 1717 3643 1792; x_wconf 84' lang='grc' dir='ltr'>ἀπείρως</span> <span class='ocrx_word' id='word_1_322' title='bbox 3682 1715 3843 1793; x_wconf 82' lang='grc' dir='ltr'>ἔχων</span> 
     </span>
    </p>
   </div>
   <div class='ocr_carea' id='block_1_49' title="bbox 2161 1801 3847 1883">
    <p class='ocr_par' dir='ltr' id='par_1_49' title="bbox 2161 1801 3847 1883">
     <span class='ocr_line' id='line_1_49' title="bbox 2161 1801 3847 1883; baseline -0.001 -21"><span class='ocrx_word' id='word_1_323' title='bbox 2161 1808 2341 1878; x_wconf 87' lang='grc' dir='ltr'>πάντη</span> <span class='ocrx_word' id='word_1_324' title='bbox 2368 1813 2465 1863; x_wconf 75' lang='grc' dir='ltr'>τοῦ</span> <span class='ocrx_word' id='word_1_325' title='bbox 2498 1806 2685 1863; x_wconf 82' lang='grc' dir='ltr'>πλέειν</span> <span class='ocrx_word' id='word_1_326' title='bbox 2716 1808 2817 1877; x_wconf 76' lang='grc' dir='ltr'>την</span> <span class='ocrx_word' id='word_1_327' title='bbox 2850 1806 3147 1877; x_wconf 73' lang='grc' dir='ltr'>θάλασσαν,</span> <span class='ocrx_word' id='word_1_328' title='bbox 3207 1807 3336 1878; x_wconf 79' lang='grc' dir='ltr'>νηὸς</span> <span class='ocrx_word' id='word_1_329' title='bbox 3397 1801 3683 1883; x_wconf 73' lang='grc' dir='ltr'>ἐπιϐαίνῃ,</span> <span class='ocrx_word' id='word_1_330' title='bbox 3742 1808 3847 1862; x_wconf 80' lang='grc' dir='ltr'>καὶ</span> 
     </span>
    </p>
   </div>
   <div class='ocr_carea' id='block_1_50' title="bbox 2161 1894 3843 1973">
    <p class='ocr_par' dir='ltr' id='par_1_50' title="bbox 2161 1894 3843 1973">
     <span class='ocr_line' id='line_1_50' title="bbox 2161 1894 3843 1973; baseline -0.001 -22"><span class='ocrx_word' id='word_1_331' title='bbox 2161 1898 2411 1973; x_wconf 83' lang='grc' dir='ltr'>πορθμὸν</span> <span class='ocrx_word' id='word_1_332' title='bbox 2448 1894 2894 1973; x_wconf 78' lang='grc' dir='ltr'>διαπεραιοῦσθαι</span> <span class='ocrx_word' id='word_1_333' title='bbox 2940 1897 3237 1973; x_wconf 76' lang='grc' dir='ltr'>ἀνάσχοιτο</span> <span class='ocrx_word' id='word_1_334' title='bbox 3268 1895 3436 1970; x_wconf 76' lang='grc' dir='ltr'>(πολὺ</span> <span class='ocrx_word' id='word_1_335' title='bbox 3492 1896 3596 1972; x_wconf 76' lang='grc' dir='ltr'>γὰρ</span> <span class='ocrx_word' id='word_1_336' title='bbox 3627 1896 3843 1966; x_wconf 67' lang='grc' dir='ltr'>εἴπεῖν,</span> 
     </span>
    </p>
   </div>
   <div class='ocr_carea' id='block_1_51' title="bbox 2160 1982 3841 2062">
    <p class='ocr_par' dir='ltr' id='par_1_51' title="bbox 2160 1982 3841 2062">
     <span class='ocr_line' id='line_1_51' title="bbox 2160 1982 3841 2062; baseline -0.001 -21"><span class='ocrx_word' id='word_1_337' title='bbox 2160 1987 2261 2055; x_wconf 69' lang='grc' dir='ltr'>την</span> <span class='ocrx_word' id='word_1_338' title='bbox 2321 1984 2410 2041; x_wconf 80' lang='grc' dir='ltr'>διὰ</span> <span class='ocrx_word' id='word_1_339' title='bbox 2472 1992 2684 2061; x_wconf 77' lang='grc' dir='ltr'>μακροῦ</span> <span class='ocrx_word' id='word_1_340' title='bbox 2742 1984 3017 2062; x_wconf 78' lang='grc' dir='ltr'>πελάγους</span> <span class='ocrx_word' id='word_1_341' title='bbox 3080 1982 3399 2049; x_wconf 71' lang='grc' dir='ltr'>στέλλεσθαι</span> <span class='ocrx_word' id='word_1_342' title='bbox 3456 1982 3841 2059; x_wconf 72' lang='grc' dir='ltr'>ἀποδημίαν),</span> 
     </span>
    </p>
   </div>
   <div class='ocr_carea' id='block_1_52' title="bbox 2163 2073 3842 2151">
    <p class='ocr_par' dir='ltr' id='par_1_52' title="bbox 2163 2073 3842 2151">
     <span class='ocr_line' id='line_1_52' title="bbox 2163 2073 3842 2151; baseline -0.002 -19"><span class='ocrx_word' id='word_1_343' title='bbox 2163 2077 2329 2139; x_wconf 81' lang='grc' dir='ltr'>αὐτὸς</span> <span class='ocrx_word' id='word_1_344' title='bbox 2365 2075 2590 2149; x_wconf 89' lang='grc' dir='ltr'>μέλλων</span> <span class='ocrx_word' id='word_1_345' title='bbox 2625 2076 2794 2149; x_wconf 80' lang='grc' dir='ltr'>μόνος</span> <span class='ocrx_word' id='word_1_346' title='bbox 2824 2082 2924 2146; x_wconf 78' lang='grc' dir='ltr'>τῆς</span> <span class='ocrx_word' id='word_1_347' title='bbox 2954 2073 3192 2138; x_wconf 78' lang='grc' dir='ltr'>ὁλκάδος</span> <span class='ocrx_word' id='word_1_348' title='bbox 3226 2073 3633 2151; x_wconf 75' lang='grc' dir='ltr'>ἐγχειρισθῆναι</span> <span class='ocrx_word' id='word_1_349' title='bbox 3696 2075 3842 2137; x_wconf 75' lang='grc' dir='ltr'>τοὺς</span> 
     </span>
    </p>
   </div>
   <div class='ocr_carea' id='block_1_53' title="bbox 2165 2162 3845 2241">
    <p class='ocr_par' dir='ltr' id='par_1_53' title="bbox 2165 2162 3845 2241">
     <span class='ocr_line' id='line_1_53' title="bbox 2165 2162 3845 2241; baseline 0 -21"><span class='ocrx_word' id='word_1_350' title='bbox 2165 2163 2378 2236; x_wconf 78' lang='grc' dir='ltr'>οἶάκας,</span> <span class='ocrx_word' id='word_1_351' title='bbox 2412 2166 2604 2221; x_wconf 71' lang='grc' dir='ltr'>ἑαυτοῦ</span> <span class='ocrx_word' id='word_1_352' title='bbox 2670 2188 2729 2221; x_wconf 91' lang='grc' dir='ltr'>τε</span> <span class='ocrx_word' id='word_1_353' title='bbox 2784 2166 2872 2220; x_wconf 81' lang='grc' dir='ltr'>καὶ</span> <span class='ocrx_word' id='word_1_354' title='bbox 2934 2168 3043 2220; x_wconf 80' lang='grc' dir='ltr'>τῶν</span> <span class='ocrx_word' id='word_1_355' title='bbox 3105 2164 3500 2240; x_wconf 81' lang='grc' dir='ltr'>συμπλεόντων</span> <span class='ocrx_word' id='word_1_356' title='bbox 3560 2162 3845 2241; x_wconf 83' lang='grc' dir='ltr'>ἀναδεχο-</span> 
     </span>
    </p>
   </div>
   <div class='ocr_carea' id='block_1_54' title="bbox 2167 2249 3841 2332">
    <p class='ocr_par' dir='ltr' id='par_1_54' title="bbox 2167 2249 3841 2332">
     <span class='ocr_line' id='line_1_54' title="bbox 2167 2249 3841 2332; baseline -0.001 -22"><span class='ocrx_word' id='word_1_357' title='bbox 2167 2255 2347 2330; x_wconf 84' lang='grc' dir='ltr'>μένων</span> <span class='ocrx_word' id='word_1_358' title='bbox 2377 2257 2475 2326; x_wconf 79' lang='grc' dir='ltr'>τήν</span> <span class='ocrx_word' id='word_1_359' title='bbox 2526 2249 2856 2332; x_wconf 76' lang='grc' dir='ltr'>κυϐέρνησιν</span> <span class='ocrx_word' id='word_1_360' title='bbox 2920 2274 2933 2326; x_wconf 89' lang='grc'>;</span> <span class='ocrx_word' id='word_1_361' title='bbox 2993 2255 3167 2331; x_wconf 90' lang='grc' dir='ltr'>’Όπερ</span> <span class='ocrx_word' id='word_1_362' title='bbox 3224 2256 3314 2310; x_wconf 80' lang='grc' dir='ltr'>καὶ</span> <span class='ocrx_word' id='word_1_363' title='bbox 3382 2253 3462 2332; x_wconf 77' lang='grc' dir='ltr'>ἐφ’</span> <span class='ocrx_word' id='word_1_364' title='bbox 3520 2256 3661 2328; x_wconf 69' lang='grc' dir='ltr'>ἡμῖν</span> <span class='ocrx_word' id='word_1_365' title='bbox 3722 2261 3841 2317; x_wconf 71' lang='grc' dir='ltr'>πᾶς</span> 
     </span>
    </p>
   </div>
   <div class='ocr_carea' id='block_1_55' title="bbox 2161 2345 3841 2424">
    <p class='ocr_par' dir='ltr' id='par_1_55' title="bbox 2161 2345 3841 2424">
     <span class='ocr_line' id='line_1_55' title="bbox 2161 2345 3841 2424; baseline -0.002 -20"><span class='ocrx_word' id='word_1_366' title='bbox 2161 2369 2246 2410; x_wconf 89' lang='grc' dir='ltr'>τις</span> <span class='ocrx_word' id='word_1_367' title='bbox 2305 2352 2552 2422; x_wconf 75' lang='grc' dir='ltr'>καθορῶν</span> <span class='ocrx_word' id='word_1_368' title='bbox 2613 2345 2698 2421; x_wconf 83' lang='grc' dir='ltr'>(οὐ</span> <span class='ocrx_word' id='word_1_369' title='bbox 2757 2347 2861 2424; x_wconf 78' lang='grc' dir='ltr'>γὰρ</span> <span class='ocrx_word' id='word_1_370' title='bbox 2911 2352 3019 2403; x_wconf 86' lang='grc' dir='ltr'>τῶν</span> <span class='ocrx_word' id='word_1_371' title='bbox 3080 2346 3132 2402; x_wconf 78' lang='grc' dir='ltr'>ἐν</span> <span class='ocrx_word' id='word_1_372' title='bbox 3194 2347 3482 2424; x_wconf 69' lang='grc' dir='ltr'>ἱεράρχαις</span> <span class='ocrx_word' id='word_1_373' title='bbox 3541 2345 3841 2421; x_wconf 83' lang='grc' dir='ltr'>πρεπωδε-</span> 
     </span>
    </p>
   </div>
   <div class='ocr_carea' id='block_1_56' title="bbox 2164 2433 3842 2514">
    <p class='ocr_par' dir='ltr' id='par_1_56' title="bbox 2164 2433 3842 2514">
     <span class='ocr_line' id='line_1_56' title="bbox 2164 2433 3842 2514; baseline -0.001 -22"><span class='ocrx_word' id='word_1_374' title='bbox 2164 2439 2370 2493; x_wconf 88' lang='grc' dir='ltr'>στάτων</span> <span class='ocrx_word' id='word_1_375' title='bbox 2395 2438 2483 2493; x_wconf 83' lang='grc' dir='ltr'>καὶ</span> <span class='ocrx_word' id='word_1_376' title='bbox 2540 2433 2824 2514; x_wconf 87' lang='grc' dir='ltr'>ἀρμοδίων</span> <span class='ocrx_word' id='word_1_377' title='bbox 2884 2435 2936 2491; x_wconf 83' lang='grc' dir='ltr'>ἐν</span> <span class='ocrx_word' id='word_1_378' title='bbox 3001 2434 3204 2512; x_wconf 76' lang='grc' dir='ltr'>μελέτῃ</span> <span class='ocrx_word' id='word_1_379' title='bbox 3260 2436 3401 2511; x_wconf 75' lang='grc' dir='ltr'>ἦμέν</span> <span class='ocrx_word' id='word_1_380' title='bbox 3455 2457 3610 2505; x_wconf 84' lang='grc' dir='ltr'>ποτε,</span> <span class='ocrx_word' id='word_1_381' title='bbox 3672 2436 3714 2505; x_wconf 82' lang='grc' dir='ltr'>ἤ</span> <span class='ocrx_word' id='word_1_382' title='bbox 3771 2437 3842 2491; x_wconf 81' lang='grc' dir='ltr'>τὸ</span> 
     </span>
    </p>
   </div>
   <div class='ocr_carea' id='block_1_57' title="bbox 2163 2524 3841 2601">
    <p class='ocr_par' dir='ltr' id='par_1_57' title="bbox 2163 2524 3841 2601">
     <span class='ocr_line' id='line_1_57' title="bbox 2163 2524 3841 2601; baseline -0.001 -20"><span class='ocrx_word' id='word_1_383' title='bbox 2163 2527 2457 2601; x_wconf 70' lang='grc' dir='ltr'>περιφανὲς</span> <span class='ocrx_word' id='word_1_384' title='bbox 2490 2527 2539 2581; x_wconf 71' lang='grc' dir='ltr'>ἐν</span> <span class='ocrx_word' id='word_1_385' title='bbox 2587 2532 2708 2588; x_wconf 81' lang='grc' dir='ltr'>ταῖς</span> <span class='ocrx_word' id='word_1_386' title='bbox 2740 2524 3221 2597; x_wconf 79' lang='grc' dir='ltr'>ἐκκλησιαστικαῖς</span> <span class='ocrx_word' id='word_1_387' title='bbox 3279 2526 3571 2599; x_wconf 79' lang='grc' dir='ltr'>κετημένοι</span> <span class='ocrx_word' id='word_1_388' title='bbox 3630 2526 3841 2596; x_wconf 78' lang='grc' dir='ltr'>ἀξίαις,</span> 
     </span>
    </p>
   </div>
   <div class='ocr_carea' id='block_1_58' title="bbox 2166 2612 3840 2692">
    <p class='ocr_par' dir='ltr' id='par_1_58' title="bbox 2166 2612 3840 2692">
     <span class='ocr_line' id='line_1_58' title="bbox 2166 2612 3840 2692; baseline 0 -21"><span class='ocrx_word' id='word_1_389' title='bbox 2166 2617 2309 2691; x_wconf 82' lang='grc' dir='ltr'>μόνῃ</span> <span class='ocrx_word' id='word_1_390' title='bbox 2394 2619 2464 2688; x_wconf 80' lang='grc' dir='ltr'>τῇ</span> <span class='ocrx_word' id='word_1_391' title='bbox 2527 2616 2798 2692; x_wconf 79' lang='grc' dir='ltr'>ὑπηρεσίᾳ</span> <span class='ocrx_word' id='word_1_392' title='bbox 2881 2622 2989 2670; x_wconf 81' lang='grc' dir='ltr'>τῶν</span> <span class='ocrx_word' id='word_1_393' title='bbox 3073 2616 3388 2691; x_wconf 79' lang='grc' dir='ltr'>μυστηρίων</span> <span class='ocrx_word' id='word_1_394' title='bbox 3458 2612 3840 2679; x_wconf 76' lang='grc' dir='ltr'>ἀδιαλείπτως</span> 
     </span>
    </p>
   </div>
   <div class='ocr_carea' id='block_1_59' title="bbox 2162 2703 3839 2780">
    <p class='ocr_par' dir='ltr' id='par_1_59' title="bbox 2162 2703 3839 2780">
     <span class='ocr_line' id='line_1_59' title="bbox 2162 2703 3839 2780; baseline 0.001 -20"><span class='ocrx_word' id='word_1_395' title='bbox 2162 2706 2573 2779; x_wconf 72' lang='grc' dir='ltr'>σχολάζοντες),</span> <span class='ocrx_word' id='word_1_396' title='bbox 2606 2703 2706 2760; x_wconf 78' lang='grc' dir='ltr'>οὐκ</span> <span class='ocrx_word' id='word_1_397' title='bbox 2754 2703 2980 2760; x_wconf 77' lang='grc' dir='ltr'>ἄπιστον</span> <span class='ocrx_word' id='word_1_398' title='bbox 3034 2708 3299 2780; x_wconf 69' lang='grc' dir='ltr'>ἡγήσεται</span> <span class='ocrx_word' id='word_1_399' title='bbox 3354 2706 3417 2759; x_wconf 82' lang='grc' dir='ltr'>τὸ</span> <span class='ocrx_word' id='word_1_400' title='bbox 3450 2705 3574 2779; x_wconf 81' lang='grc' dir='ltr'>περὶ</span> <span class='ocrx_word' id='word_1_401' title='bbox 3625 2706 3839 2761; x_wconf 73' lang='grc' dir='ltr'>τούτου</span> 
     </span>
    </p>
   </div>
   <div class='ocr_carea' id='block_1_60' title="bbox 2162 2796 3835 2873">
    <p class='ocr_par' dir='ltr' id='par_1_60' title="bbox 2162 2796 3835 2873">
     <span class='ocr_line' id='line_1_60' title="bbox 2162 2796 3835 2873; baseline 0.002 -22"><span class='ocrx_word' id='word_1_402' title='bbox 2162 2798 2261 2865; x_wconf 76' lang='grc' dir='ltr'>τῆς</span> <span class='ocrx_word' id='word_1_403' title='bbox 2294 2796 2568 2871; x_wconf 75' lang='grc' dir='ltr'>ἡμετέρας</span> <span class='ocrx_word' id='word_1_404' title='bbox 2601 2797 2833 2871; x_wconf 83' lang='grc' dir='ltr'>γνώμης</span> <span class='ocrx_word' id='word_1_405' title='bbox 2891 2796 3181 2868; x_wconf 78' lang='grc' dir='ltr'>ἀθέλητον,</span> <span class='ocrx_word' id='word_1_406' title='bbox 3216 2796 3347 2852; x_wconf 80' lang='grc' dir='ltr'>αὐτὸ</span> <span class='ocrx_word' id='word_1_407' title='bbox 3404 2798 3465 2853; x_wconf 85' lang='grc' dir='ltr'>τὸ</span> <span class='ocrx_word' id='word_1_408' title='bbox 3521 2797 3835 2873; x_wconf 85' lang='grc' dir='ltr'>μαρτύριον</span> 
     </span>
    </p>
   </div>
   <div class='ocr_carea' id='block_1_61' title="bbox 2161 2885 3835 2963">
    <p class='ocr_par' dir='ltr' id='par_1_61' title="bbox 2161 2885 3835 2963">
     <span class='ocr_line' id='line_1_61' title="bbox 2161 2885 3835 2963; baseline 0.001 -21"><span class='ocrx_word' id='word_1_409' title='bbox 2161 2894 2264 2956; x_wconf 79' lang='grc' dir='ltr'>τῆς</span> <span class='ocrx_word' id='word_1_410' title='bbox 2296 2885 2655 2957; x_wconf 74' lang='grc' dir='ltr'>συνειδήσεως</span> <span class='ocrx_word' id='word_1_411' title='bbox 2687 2888 2874 2959; x_wconf 79' lang='grc' dir='ltr'>ἡμῶν,</span> <span class='ocrx_word' id='word_1_412' title='bbox 2907 2887 3040 2962; x_wconf 80' lang='grc' dir='ltr'>ὅπερ</span> <span class='ocrx_word' id='word_1_413' title='bbox 3090 2886 3358 2963; x_wconf 82' lang='grc' dir='ltr'>καύχημα</span> <span class='ocrx_word' id='word_1_414' title='bbox 3389 2887 3583 2943; x_wconf 76' lang='grc' dir='ltr'>ἑαυτοῦ</span> <span class='ocrx_word' id='word_1_415' title='bbox 3617 2889 3643 2942; x_wconf 88' lang='grc' dir='ltr'>ὁ</span> <span class='ocrx_word' id='word_1_416' title='bbox 3681 2894 3835 2952; x_wconf 83' lang='grc' dir='ltr'>θεῖος</span> 
     </span>
    </p>
   </div>
   <div class='ocr_carea' id='block_1_62' title="bbox 2165 2973 3829 3051">
    <p class='ocr_par' dir='ltr' id='par_1_62' title="bbox 2165 2973 3829 3051">
     <span class='ocr_line' id='line_1_62' title="bbox 2165 2973 3829 3051; baseline 0.001 -20"><span class='ocrx_word' id='word_1_417' title='bbox 2165 2976 2501 3037; x_wconf 83' lang='grc' dir='ltr'>’Λπόστολος</span> <span class='ocrx_word' id='word_1_418' title='bbox 2533 2973 2852 3048; x_wconf 76' lang='grc' dir='ltr'>διωρίσατο,</span> <span class='ocrx_word' id='word_1_419' title='bbox 2883 2973 3358 3051; x_wconf 59' lang='grc' dir='ltr'>προϐαλλομένων</span> <span class='ocrx_word' id='word_1_420' title='bbox 3393 2979 3554 3050; x_wconf 78' lang='grc' dir='ltr'>ἡμῶν</span> <span class='ocrx_word' id='word_1_421' title='bbox 3586 2977 3664 3040; x_wconf 83' lang='grc' dir='ltr'>εἰς</span> <span class='ocrx_word' id='word_1_422' title='bbox 3725 3001 3829 3033; x_wconf 73' lang='grc' dir='ltr'>πα-</span> 
     </span>
    </p>
   </div>
   <div class='ocr_carea' id='block_1_63' title="bbox 2165 3064 3825 3143">
    <p class='ocr_par' dir='ltr' id='par_1_63' title="bbox 2165 3064 3825 3143">
     <span class='ocr_line' id='line_1_63' title="bbox 2165 3064 3825 3143; baseline 0.002 -24"><span class='ocrx_word' id='word_1_423' title='bbox 2165 3064 2417 3142; x_wconf 88' lang='grc' dir='ltr'>ράστασιν</span> <span class='ocrx_word' id='word_1_424' title='bbox 2462 3064 2725 3135; x_wconf 85' lang='grc' dir='ltr'>ἀληθείας</span> <span class='ocrx_word' id='word_1_425' title='bbox 2775 3070 2881 3120; x_wconf 81' lang='grc' dir='ltr'>τῶν</span> <span class='ocrx_word' id='word_1_426' title='bbox 2940 3065 2992 3136; x_wconf 74' lang='grc' dir='ltr'>ἐξ</span> <span class='ocrx_word' id='word_1_427' title='bbox 3044 3067 3205 3139; x_wconf 71' lang='grc' dir='ltr'>ἡμῶν</span> <span class='ocrx_word' id='word_1_428' title='bbox 3263 3066 3604 3143; x_wconf 77' lang='grc' dir='ltr'>λεγομένων.</span> <span class='ocrx_word' id='word_1_429' title='bbox 3651 3068 3825 3129; x_wconf 77' lang='grc' dir='ltr'>Οὗτος</span> 
     </span>
    </p>
   </div>
   <div class='ocr_carea' id='block_1_64' title="bbox 2162 3154 3818 3229">
    <p class='ocr_par' dir='ltr' id='par_1_64' title="bbox 2162 3154 3818 3229">
     <span class='ocr_line' id='line_1_64' title="bbox 2162 3154 3818 3229; baseline 0.001 -19"><span class='ocrx_word' id='word_1_430' title='bbox 2162 3154 2338 3210; x_wconf 83' lang='grc' dir='ltr'>τοίνυν</span> <span class='ocrx_word' id='word_1_431' title='bbox 2368 3154 2396 3209; x_wconf 96' lang='grc' dir='ltr'>ὁ</span> <span class='ocrx_word' id='word_1_432' title='bbox 2426 3156 2634 3227; x_wconf 82' lang='grc' dir='ltr'>κόσμον</span> <span class='ocrx_word' id='word_1_433' title='bbox 2668 3154 2869 3210; x_wconf 75' lang='grc' dir='ltr'>οἰκεῖον</span> <span class='ocrx_word' id='word_1_434' title='bbox 2896 3156 2995 3224; x_wconf 82' lang='grc' dir='ltr'>τήν</span> <span class='ocrx_word' id='word_1_435' title='bbox 3029 3155 3295 3229; x_wconf 79' lang='grc' dir='ltr'>ἀκοσμίαν</span> <span class='ocrx_word' id='word_1_436' title='bbox 3326 3162 3429 3225; x_wconf 78' lang='grc' dir='ltr'>τῆς</span> <span class='ocrx_word' id='word_1_437' title='bbox 3490 3157 3818 3227; x_wconf 70' lang='grc' dir='ltr'>Ἐκκλησίας</span> 
     </span>
    </p>
   </div>
   <div class='ocr_carea' id='block_1_65' title="bbox 2162 3241 3828 3317">
    <p class='ocr_par' dir='ltr' id='par_1_65' title="bbox 2162 3241 3828 3317">
     <span class='ocr_line' id='line_1_65' title="bbox 2162 3241 3828 3317; baseline 0.001 -19"><span class='ocrx_word' id='word_1_438' title='bbox 2162 3244 2469 3317; x_wconf 76' lang='grc' dir='ltr'>τιθέμενος,</span> <span class='ocrx_word' id='word_1_439' title='bbox 2529 3241 2690 3300; x_wconf 80' lang='grc' dir='ltr'>ὥδινε</span> <span class='ocrx_word' id='word_1_440' title='bbox 2750 3245 2845 3317; x_wconf 73' lang='grc' dir='ltr'>μὲν</span> <span class='ocrx_word' id='word_1_441' title='bbox 2918 3244 3007 3300; x_wconf 82' lang='grc' dir='ltr'>καὶ</span> <span class='ocrx_word' id='word_1_442' title='bbox 3068 3243 3367 3314; x_wconf 72' lang='grc' dir='ltr'>ἐσπούδαζε</span> <span class='ocrx_word' id='word_1_443' title='bbox 3418 3252 3519 3315; x_wconf 81' lang='grc' dir='ltr'>τῆς</span> <span class='ocrx_word' id='word_1_444' title='bbox 3579 3241 3828 3309; x_wconf 71' lang='grc' dir='ltr'>ἀσεὸείας</span> 
     </span>
    </p>
   </div>
   <div class='ocr_carea' id='block_1_66' title="bbox 391 3309 2053 3412">
    <p class='ocr_par' dir='ltr' id='par_1_66' title="bbox 391 3331 2053 3409">
     <span class='ocr_line' id='line_1_66' title="bbox 391 3331 2053 3409; baseline -0.01 -8"><span class='ocrx_word' id='word_1_445' title='bbox 391 3343 505 3401; x_wconf 93' lang='lat' dir='ltr'>sub</span> <span class='ocrx_word' id='word_1_446' title='bbox 567 3340 943 3399; x_wconf 84' lang='lat' dir='ltr'>confessione</span> <span class='ocrx_word' id='word_1_447' title='bbox 1032 3337 1469 3409; x_wconf 88' lang='lat' dir='ltr'>episcoporum,</span> <span class='ocrx_word' id='word_1_448' title='bbox 1543 3331 1792 3405; x_wconf 61' lang='lat' dir='ltr'>praefata</span> <span class='ocrx_word' id='word_1_449' title='bbox 1854 3333 2053 3386; x_wconf 87' lang='lat' dir='ltr'>sancta</span> 
     </span>
    </p>
   </div>
   <div class='ocr_carea' id='block_1_67' title="bbox 2166 3309 3832 3412">
    <p class='ocr_par' dir='ltr' id='par_1_67' title="bbox 2166 3332 3832 3412">
     <span class='ocr_line' id='line_1_67' title="bbox 2166 3332 3832 3412; baseline 0.001 -23"><span class='ocrx_word' id='word_1_450' title='bbox 2166 3332 2473 3399; x_wconf 78' lang='grc' dir='ltr'>ἀποκυῆσαι</span> <span class='ocrx_word' id='word_1_451' title='bbox 2503 3333 2595 3387; x_wconf 86' lang='grc' dir='ltr'>τὸν</span> <span class='ocrx_word' id='word_1_452' title='bbox 2634 3334 2951 3408; x_wconf 85' lang='grc' dir='ltr'>βασιλίσκον</span> <span class='ocrx_word' id='word_1_453' title='bbox 2995 3336 3058 3389; x_wconf 86' lang='grc' dir='ltr'>τὸ</span> <span class='ocrx_word' id='word_1_454' title='bbox 3114 3338 3213 3389; x_wconf 79' lang='grc' dir='ltr'>τοῦ</span> <span class='ocrx_word' id='word_1_455' title='bbox 3275 3336 3589 3410; x_wconf 87' lang='grc' dir='ltr'>ἀρχεκάκου</span> <span class='ocrx_word' id='word_1_456' title='bbox 3642 3333 3832 3412; x_wconf 73' lang='grc' dir='ltr'>ὄφεως</span> 
     </span>
    </p>
   </div>
   <div class='ocr_carea' id='block_1_68' title="bbox 393 3422 2054 3503">
    <p class='ocr_par' dir='ltr' id='par_1_68' title="bbox 393 3422 2054 3503">
     <span class='ocr_line' id='line_1_68' title="bbox 393 3422 2054 3503; baseline -0.011 -13"><span class='ocrx_word' id='word_1_457' title='bbox 393 3436 562 3490; x_wconf 63' lang='grc' dir='ltr'>δολία</span> <span class='ocrx_word' id='word_1_458' title='bbox 592 3429 855 3503; x_wconf 84' lang='lat' dir='ltr'>synodus</span> <span class='ocrx_word' id='word_1_459' title='bbox 878 3425 1245 3484; x_wconf 83' lang='lat' dir='ltr'>anathemati</span> <span class='ocrx_word' id='word_1_460' title='bbox 1306 3422 1726 3493; x_wconf 81' lang='lat' dir='ltr'>subjiceretur,</span> <span class='ocrx_word' id='word_1_461' title='bbox 1758 3436 1826 3475; x_wconf 90' lang='lat' dir='ltr'>ac</span> <span class='ocrx_word' id='word_1_462' title='bbox 1882 3422 2054 3489; x_wconf 88' lang='lat' dir='ltr'>quot-</span> 
     </span>
    </p>
   </div>
   <div class='ocr_carea' id='block_1_69' title="bbox 382 3508 2058 3595">
    <p class='ocr_par' dir='ltr' id='par_1_69' title="bbox 382 3508 2058 3595">
     <span class='ocr_line' id='line_1_69' title="bbox 382 3508 2058 3595; baseline -0.013 -12"><span class='ocrx_word' id='word_1_463' title='bbox 382 3527 541 3595; x_wconf 79' lang='lat' dir='ltr'>quot</span> <span class='ocrx_word' id='word_1_464' title='bbox 565 3519 907 3593; x_wconf 74' lang='lat' dir='ltr'>apostolicae</span> <span class='ocrx_word' id='word_1_465' title='bbox 938 3534 1007 3573; x_wconf 88' lang='lat' dir='ltr'>ac</span> <span class='ocrx_word' id='word_1_466' title='bbox 1040 3513 1393 3572; x_wconf 62' lang='lat' dir='ltr'>venerandus</span> <span class='ocrx_word' id='word_1_467' title='bbox 1435 3511 1593 3567; x_wconf 90' lang='lat' dir='ltr'>sedis</span> <span class='ocrx_word' id='word_1_468' title='bbox 1624 3515 1832 3565; x_wconf 66' lang='lat' dir='ltr'>vestras</span> <span class='ocrx_word' id='word_1_469' title='bbox 1856 3508 2058 3563; x_wconf 88' lang='lat' dir='ltr'>deces-</span> 
     </span>
    </p>
   </div>
   <div class='ocr_carea' id='block_1_70' title="bbox 376 3600 2060 3677">
    <p class='ocr_par' dir='ltr' id='par_1_70' title="bbox 376 3600 2060 3677">
     <span class='ocr_line' id='line_1_70' title="bbox 376 3600 2060 3677; baseline -0.011 -8"><span class='ocrx_word' id='word_1_470' title='bbox 376 3612 893 3677; x_wconf 33' lang='lat' dir='ltr'>vsores,sincerum</span> <span class='ocrx_word' id='word_1_471' title='bbox 936 3605 1201 3662; x_wconf 87' lang='lat' dir='ltr'>veritatis</span> <span class='ocrx_word' id='word_1_472' title='bbox 1223 3603 1437 3675; x_wconf 87' lang='lat' dir='ltr'>dogma</span> <span class='ocrx_word' id='word_1_473' title='bbox 1465 3600 1813 3656; x_wconf 89' lang='lat' dir='ltr'>docuissent</span> <span class='ocrx_word' id='word_1_474' title='bbox 1836 3615 1849 3653; x_wconf 93' lang='lat'><strong>:</strong></span> <span class='ocrx_word' id='word_1_475' title='bbox 1874 3602 2060 3669; x_wconf 90' lang='lat' dir='ltr'>utque</span> 
     </span>
    </p>
   </div>
   <div class='ocr_carea' id='block_1_71' title="bbox 378 3687 2061 3763">
    <p class='ocr_par' dir='ltr' id='par_1_71' title="bbox 378 3687 2061 3763">
     <span class='ocr_line' id='line_1_71' title="bbox 378 3687 2061 3763; baseline -0.011 -4"><span class='ocrx_word' id='word_1_476' title='bbox 378 3702 541 3759; x_wconf 58' lang='lat' dir='ltr'>nﬁdei</span> <span class='ocrx_word' id='word_1_477' title='bbox 574 3699 833 3756; x_wconf 87' lang='lat' dir='ltr'>formula</span> <span class='ocrx_word' id='word_1_478' title='bbox 874 3694 1181 3754; x_wconf 91' lang='lat' dir='ltr'>communi</span> <span class='ocrx_word' id='word_1_479' title='bbox 1244 3691 1523 3763; x_wconf 75' lang='lat' dir='ltr'>suﬂ‘ragio</span> <span class='ocrx_word' id='word_1_480' title='bbox 1584 3687 2061 3759; x_wconf 83' lang='lat' dir='ltr'>discrepantibus</span> 
     </span>
    </p>
   </div>
   <div class='ocr_carea' id='block_1_72' title="bbox 403 3774 2060 3853">
    <p class='ocr_par' dir='ltr' id='par_1_72' title="bbox 403 3774 2060 3853">
     <span class='ocr_line' id='line_1_72' title="bbox 403 3774 2060 3853; baseline -0.009 -9"><span class='ocrx_word' id='word_1_481' title='bbox 403 3790 647 3847; x_wconf 88' lang='lat' dir='ltr'>vocibus</span> <span class='ocrx_word' id='word_1_482' title='bbox 671 3788 969 3853; x_wconf 84' lang='lat' dir='ltr'>ederetur,</span> <span class='ocrx_word' id='word_1_483' title='bbox 1008 3784 1359 3853; x_wconf 85' lang='lat' dir='ltr'>nullamque</span> <span class='ocrx_word' id='word_1_484' title='bbox 1399 3779 1753 3837; x_wconf 80' lang='lat' dir='ltr'>afﬁnitatem</span> <span class='ocrx_word' id='word_1_485' title='bbox 1787 3774 2060 3832; x_wconf 87' lang='lat' dir='ltr'>habenti-</span> 
     </span>
    </p>
   </div>
   <div class='ocr_carea' id='block_1_73' title="bbox 404 3864 2061 3950">
    <p class='ocr_par' dir='ltr' id='par_1_73' title="bbox 404 3864 2061 3950">
     <span class='ocr_line' id='line_1_73' title="bbox 404 3864 2061 3950; baseline -0.011 -14"><span class='ocrx_word' id='word_1_486' title='bbox 404 3882 540 3950; x_wconf 90' lang='lat' dir='ltr'>bus,</span> <span class='ocrx_word' id='word_1_487' title='bbox 574 3896 709 3934; x_wconf 89' lang='lat' dir='ltr'>cum</span> <span class='ocrx_word' id='word_1_488' title='bbox 741 3876 1002 3942; x_wconf 90' lang='lat' dir='ltr'>vocibus,</span> <span class='ocrx_word' id='word_1_489' title='bbox 1037 3874 1254 3945; x_wconf 89' lang='lat' dir='ltr'>quibus</span> <span class='ocrx_word' id='word_1_490' title='bbox 1298 3868 1563 3943; x_wconf 89' lang='lat' dir='ltr'>mysterii</span> <span class='ocrx_word' id='word_1_491' title='bbox 1595 3864 1810 3923; x_wconf 90' lang='lat' dir='ltr'>Christi</span> <span class='ocrx_word' id='word_1_492' title='bbox 1834 3865 2061 3921; x_wconf 84' lang='lat' dir='ltr'>intelli-</span> 
     </span>
    </p>
   </div>
   <div class='ocr_carea' id='block_1_74' title="bbox 407 3958 2059 4043">
    <p class='ocr_par' dir='ltr' id='par_1_74' title="bbox 407 3958 2059 4043">
     <span class='ocr_line' id='line_1_74' title="bbox 407 3958 2059 4043; baseline -0.011 -17"><span class='ocrx_word' id='word_1_493' title='bbox 407 3969 611 4043; x_wconf 88' lang='lat' dir='ltr'>gentia</span> <span class='ocrx_word' id='word_1_494' title='bbox 639 3966 903 4039; x_wconf 85' lang='lat' dir='ltr'>perfecta</span> <span class='ocrx_word' id='word_1_495' title='bbox 928 3963 1316 4035; x_wconf 81' lang='lat' dir='ltr'>exprimitur;</span> <span class='ocrx_word' id='word_1_496' title='bbox 1349 3959 1637 4025; x_wconf 89' lang='lat' dir='ltr'>divinum,</span> <span class='ocrx_word' id='word_1_497' title='bbox 1673 3958 1941 4028; x_wconf 89' lang='lat' dir='ltr'>inquam,</span> <span class='ocrx_word' id='word_1_498' title='bbox 1970 3971 2059 4009; x_wconf 92' lang='lat' dir='ltr'>as-</span> 
     </span>
    </p>
   </div>
   <div class='ocr_carea' id='block_1_75' title="bbox 410 4050 2062 4130">
    <p class='ocr_par' dir='ltr' id='par_1_75' title="bbox 410 4050 2062 4130">
     <span class='ocr_line' id='line_1_75' title="bbox 410 4050 2062 4130; baseline -0.01 -16"><span class='ocrx_word' id='word_1_499' title='bbox 410 4064 662 4130; x_wconf 61' lang='lat' dir='ltr'>sumpta!</span> <span class='ocrx_word' id='word_1_500' title='bbox 695 4073 729 4111; x_wconf 88' lang='lat' dir='ltr'>a</span> <span class='ocrx_word' id='word_1_501' title='bbox 759 4053 948 4110; x_wconf 84' lang='lat' dir='ltr'>Verbo</span> <span class='ocrx_word' id='word_1_502' title='bbox 981 4058 1211 4108; x_wconf 59' lang='lat' dir='ltr'>natura;</span> <span class='ocrx_word' id='word_1_503' title='bbox 1240 4050 1519 4105; x_wconf 72' lang='lat' dir='ltr'>humanm</span> <span class='ocrx_word' id='word_1_504' title='bbox 1578 4051 2021 4102; x_wconf 86' lang='lat' dir='ltr'>sacramentum</span> <span class='ocrx_word' id='word_1_505' title='bbox 2048 4061 2062 4098; x_wconf 91' lang='lat'>:</span> 
     </span>
    </p>
   </div>
   <div class='ocr_carea' id='block_1_76' title="bbox 406 4134 2065 4218">
    <p class='ocr_par' dir='ltr' id='par_1_76' title="bbox 406 4134 2065 4218">
     <span class='ocr_line' id='line_1_76' title="bbox 406 4134 2065 4218; baseline -0.009 -14"><span class='ocrx_word' id='word_1_506' title='bbox 406 4149 491 4204; x_wconf 89' lang='lat' dir='ltr'>ita</span> <span class='ocrx_word' id='word_1_507' title='bbox 520 4162 663 4204; x_wconf 88' lang='lat' dir='ltr'>sane</span> <span class='ocrx_word' id='word_1_508' title='bbox 695 4150 763 4201; x_wconf 90' lang='lat' dir='ltr'>ut</span> <span class='ocrx_word' id='word_1_509' title='bbox 777 4145 906 4218; x_wconf 89' lang='lat' dir='ltr'>jam</span> <span class='ocrx_word' id='word_1_510' title='bbox 937 4142 1273 4214; x_wconf 82' lang='lat' dir='ltr'>proximum</span> <span class='ocrx_word' id='word_1_511' title='bbox 1307 4138 1604 4194; x_wconf 89' lang='lat' dir='ltr'>videretur</span> <span class='ocrx_word' id='word_1_512' title='bbox 1636 4154 1649 4192; x_wconf 87' lang='lat'><strong>:</strong></span> <span class='ocrx_word' id='word_1_513' title='bbox 1684 4135 1829 4207; x_wconf 89' lang='lat' dir='ltr'>quin</span> <span class='ocrx_word' id='word_1_514' title='bbox 1865 4134 2065 4207; x_wconf 88' lang='lat' dir='ltr'>potius</span> 
     </span>
    </p>
   </div>
   <div class='ocr_carea' id='block_1_77' title="bbox 405 4224 2063 4309">
    <p class='ocr_par' dir='ltr' id='par_1_77' title="bbox 405 4224 2063 4309">
     <span class='ocr_line' id='line_1_77' title="bbox 405 4224 2063 4309; baseline -0.007 -17"><span class='ocrx_word' id='word_1_515' title='bbox 405 4237 467 4292; x_wconf 91' lang='lat' dir='ltr'>id</span> <span class='ocrx_word' id='word_1_516' title='bbox 482 4236 610 4309; x_wconf 89' lang='lat' dir='ltr'>jam</span> <span class='ocrx_word' id='word_1_517' title='bbox 641 4235 827 4307; x_wconf 86' lang='lat' dir='ltr'>aliqui</span> <span class='ocrx_word' id='word_1_518' title='bbox 852 4234 1034 4290; x_wconf 86' lang='lat' dir='ltr'>etiam</span> <span class='ocrx_word' id='word_1_519' title='bbox 1076 4230 1359 4286; x_wconf 88' lang='lat' dir='ltr'>dentibus</span> <span class='ocrx_word' id='word_1_520' title='bbox 1409 4244 1605 4299; x_wconf 58' lang='lat' dir='ltr'>operas</span> <span class='ocrx_word' id='word_1_521' title='bbox 1636 4226 1893 4298; x_wconf 86' lang='lat' dir='ltr'>pretium</span> <span class='ocrx_word' id='word_1_522' title='bbox 1925 4224 2063 4280; x_wconf 58' lang='lat' dir='ltr'>subv</span> 
     </span>
    </p>
   </div>
   <div class='ocr_carea' id='block_1_78' title="bbox 404 4316 2063 4395">
    <p class='ocr_par' dir='ltr' id='par_1_78' title="bbox 404 4316 2063 4395">
     <span class='ocr_line' id='line_1_78' title="bbox 404 4316 2063 4395; baseline -0.007 -13"><span class='ocrx_word' id='word_1_523' title='bbox 404 4327 697 4383; x_wconf 86' lang='lat' dir='ltr'>mutirent</span> <span class='ocrx_word' id='word_1_524' title='bbox 720 4343 734 4395; x_wconf 89' lang='lat'><strong>;</strong></span> <span class='ocrx_word' id='word_1_525' title='bbox 758 4330 825 4380; x_wconf 89' lang='lat' dir='ltr'>ut</span> <span class='ocrx_word' id='word_1_526' title='bbox 845 4329 1053 4380; x_wconf 83' lang='lat' dir='ltr'>sancta</span> <span class='ocrx_word' id='word_1_527' title='bbox 1078 4319 1583 4377; x_wconf 86' lang='lat' dir='ltr'>Chalcedonensis</span> <span class='ocrx_word' id='word_1_528' title='bbox 1615 4316 1879 4389; x_wconf 86' lang='lat' dir='ltr'>synodus</span> <span class='ocrx_word' id='word_1_529' title='bbox 1891 4317 2063 4373; x_wconf 86' lang='lat' dir='ltr'>abro-</span> 
     </span>
    </p>
   </div>
   <div class='ocr_carea' id='block_1_79' title="bbox 400 4406 2063 4490">
    <p class='ocr_par' dir='ltr' id='par_1_79' title="bbox 400 4406 2063 4490">
     <span class='ocr_line' id='line_1_79' title="bbox 400 4406 2063 4490; baseline -0.007 -18"><span class='ocrx_word' id='word_1_530' title='bbox 400 4422 664 4490; x_wconf 88' lang='lat' dir='ltr'>garetur,</span> <span class='ocrx_word' id='word_1_531' title='bbox 703 4421 988 4486; x_wconf 87' lang='lat' dir='ltr'>tanquam</span> <span class='ocrx_word' id='word_1_532' title='bbox 1032 4411 1282 4483; x_wconf 70' lang='lat' dir='ltr'>prmfata</span> <span class='ocrx_word' id='word_1_533' title='bbox 1338 4413 1544 4465; x_wconf 89' lang='lat' dir='ltr'>sancta</span> <span class='ocrx_word' id='word_1_534' title='bbox 1596 4413 1761 4463; x_wconf 79' lang='lat' dir='ltr'>sexta</span> <span class='ocrx_word' id='word_1_535' title='bbox 1814 4406 2063 4479; x_wconf 68' lang='lat' dir='ltr'>synodo,</span> 
     </span>
    </p>
   </div>
   <div class='ocr_carea' id='block_1_80' title="bbox 402 4497 2064 4576">
    <p class='ocr_par' dir='ltr' id='par_1_80' title="bbox 402 4497 2064 4576">
     <span class='ocr_line' id='line_1_80' title="bbox 402 4497 2064 4576; baseline -0.007 -13"><span class='ocrx_word' id='word_1_536' title='bbox 402 4508 475 4563; x_wconf 85' lang='lat' dir='ltr'>ab</span> <span class='ocrx_word' id='word_1_537' title='bbox 510 4521 600 4573; x_wconf 89' lang='lat' dir='ltr'>ea,</span> <span class='ocrx_word' id='word_1_538' title='bbox 634 4522 740 4576; x_wconf 91' lang='lat' dir='ltr'>pro</span> <span class='ocrx_word' id='word_1_539' title='bbox 770 4504 1116 4576; x_wconf 87' lang='lat' dir='ltr'>dogmatum</span> <span class='ocrx_word' id='word_1_540' title='bbox 1139 4500 1453 4570; x_wconf 89' lang='lat' dir='ltr'>utriusque</span> <span class='ocrx_word' id='word_1_541' title='bbox 1476 4497 2064 4569; x_wconf 87' lang='lat' dir='ltr'>convenientia,pen-</span> 
     </span>
    </p>
   </div>
   <div class='ocr_carea' id='block_1_81' title="bbox 403 4586 2067 4663">
    <p class='ocr_par' dir='ltr' id='par_1_81' title="bbox 403 4586 2067 4663">
     <span class='ocr_line' id='line_1_81' title="bbox 403 4586 2067 4663; baseline -0.005 -14"><span class='ocrx_word' id='word_1_542' title='bbox 403 4594 900 4663; x_wconf 87' lang='lat' dir='ltr'>dente,illamque</span> <span class='ocrx_word' id='word_1_543' title='bbox 925 4590 1090 4647; x_wconf 90' lang='lat' dir='ltr'>velut</span> <span class='ocrx_word' id='word_1_544' title='bbox 1114 4588 1379 4644; x_wconf 88' lang='lat' dir='ltr'>radicem</span> <span class='ocrx_word' id='word_1_545' title='bbox 1406 4603 1475 4642; x_wconf 89' lang='lat' dir='ltr'>ac</span> <span class='ocrx_word' id='word_1_546' title='bbox 1497 4587 1944 4642; x_wconf 85' lang='lat' dir='ltr'>ﬁrmamentum</span> <span class='ocrx_word' id='word_1_547' title='bbox 1960 4586 2067 4642; x_wconf 86' lang='lat' dir='ltr'>ha-</span> 
     </span>
    </p>
   </div>
   <div class='ocr_carea' id='block_1_82' title="bbox 2166 3419 3837 3500">
    <p class='ocr_par' dir='ltr' id='par_1_82' title="bbox 2166 3419 3837 3500">
     <span class='ocr_line' id='line_1_82' title="bbox 2166 3419 3837 3500; baseline 0.001 -22"><span class='ocrx_word' id='word_1_548' title='bbox 2166 3424 2423 3500; x_wconf 80' lang='grc' dir='ltr'>γέννημα·</span> <span class='ocrx_word' id='word_1_549' title='bbox 2461 3421 2597 3478; x_wconf 81' lang='grc' dir='ltr'>ὥστε</span> <span class='ocrx_word' id='word_1_550' title='bbox 2629 3419 2873 3495; x_wconf 76' lang='grc' dir='ltr'>δημοσίᾳ</span> <span class='ocrx_word' id='word_1_551' title='bbox 2931 3422 3016 3478; x_wconf 80' lang='grc' dir='ltr'>ἐπ’</span> <span class='ocrx_word' id='word_1_552' title='bbox 3070 3421 3390 3494; x_wconf 78' lang='grc' dir='ltr'>ἐκκλησίαις</span> <span class='ocrx_word' id='word_1_553' title='bbox 3448 3426 3538 3479; x_wconf 80' lang='grc' dir='ltr'>καὶ</span> <span class='ocrx_word' id='word_1_554' title='bbox 3599 3424 3651 3479; x_wconf 78' lang='grc' dir='ltr'>ἐν</span> <span class='ocrx_word' id='word_1_555' title='bbox 3711 3426 3837 3487; x_wconf 75' lang='grc' dir='ltr'>ταῖς</span> 
     </span>
    </p>
   </div>
   <div class='ocr_carea' id='block_1_83' title="bbox 2169 3509 3837 3587">
    <p class='ocr_par' dir='ltr' id='par_1_83' title="bbox 2169 3509 3837 3587">
     <span class='ocr_line' id='line_1_83' title="bbox 2169 3509 3837 3587; baseline 0 -20"><span class='ocrx_word' id='word_1_556' title='bbox 2169 3510 2495 3587; x_wconf 85' lang='grc' dir='ltr'>ὁμολογίαις</span> <span class='ocrx_word' id='word_1_557' title='bbox 2526 3516 2634 3566; x_wconf 82' lang='grc' dir='ltr'>τῶν</span> <span class='ocrx_word' id='word_1_558' title='bbox 2684 3511 3017 3583; x_wconf 80' lang='grc' dir='ltr'>ἐπισκόπων,</span> <span class='ocrx_word' id='word_1_559' title='bbox 3074 3512 3365 3586; x_wconf 78' lang='grc' dir='ltr'>ἀναθέματι</span> <span class='ocrx_word' id='word_1_560' title='bbox 3418 3509 3837 3579; x_wconf 76' lang='grc' dir='ltr'>ὑποϐάλλεσθαι</span> 
     </span>
    </p>
   </div>
   <div class='ocr_carea' id='block_1_84' title="bbox 2167 3597 3841 3676">
    <p class='ocr_par' dir='ltr' id='par_1_84' title="bbox 2167 3597 3841 3676">
     <span class='ocr_line' id='line_1_84' title="bbox 2167 3597 3841 3676; baseline 0.001 -22"><span class='ocrx_word' id='word_1_561' title='bbox 2167 3602 2268 3670; x_wconf 71' lang='grc' dir='ltr'>τὴν</span> <span class='ocrx_word' id='word_1_562' title='bbox 2328 3599 2625 3674; x_wconf 67' lang='grc' dir='ltr'>εῗρημένην</span> <span class='ocrx_word' id='word_1_563' title='bbox 2678 3600 2830 3676; x_wconf 79' lang='grc' dir='ltr'>ἁγίαν</span> <span class='ocrx_word' id='word_1_564' title='bbox 2892 3597 3053 3670; x_wconf 74' lang='grc' dir='ltr'>ἕκτην</span> <span class='ocrx_word' id='word_1_565' title='bbox 3115 3599 3361 3671; x_wconf 75' lang='grc' dir='ltr'>σύνοδον,</span> <span class='ocrx_word' id='word_1_566' title='bbox 3411 3603 3499 3655; x_wconf 76' lang='grc' dir='ltr'>καὶ</span> <span class='ocrx_word' id='word_1_567' title='bbox 3549 3600 3680 3664; x_wconf 72' lang='grc' dir='ltr'>τοὺς</span> <span class='ocrx_word' id='word_1_568' title='bbox 3740 3607 3841 3656; x_wconf 78' lang='grc' dir='ltr'>τοῦ</span> 
     </span>
    </p>
   </div>
   <div class='ocr_carea' id='block_1_85' title="bbox 2170 3686 3839 3768">
    <p class='ocr_par' dir='ltr' id='par_1_85' title="bbox 2170 3686 3839 3768">
     <span class='ocr_line' id='line_1_85' title="bbox 2170 3686 3839 3768; baseline 0.001 -23"><span class='ocrx_word' id='word_1_569' title='bbox 2170 3691 2290 3755; x_wconf 85' lang='grc' dir='ltr'>καθ’</span> <span class='ocrx_word' id='word_1_570' title='bbox 2323 3690 2460 3764; x_wconf 79' lang='grc' dir='ltr'>ὑμᾶς</span> <span class='ocrx_word' id='word_1_571' title='bbox 2503 3690 2881 3746; x_wconf 80' lang='grc' dir='ltr'>ἀποστολικοῦ</span> <span class='ocrx_word' id='word_1_572' title='bbox 2937 3690 3027 3753; x_wconf 73' lang='grc' dir='ltr'>καὶ</span> <span class='ocrx_word' id='word_1_573' title='bbox 3077 3686 3375 3765; x_wconf 75' lang='grc' dir='ltr'>σεϐασμίου</span> <span class='ocrx_word' id='word_1_574' title='bbox 3430 3693 3626 3768; x_wconf 66' lang='grc' dir='ltr'>Θρόνου</span> <span class='ocrx_word' id='word_1_575' title='bbox 3690 3713 3839 3767; x_wconf 82' lang='grc' dir='ltr'>προ-</span> 
     </span>
    </p>
   </div>
   <div class='ocr_carea' id='block_1_86' title="bbox 2170 3778 3841 3857">
    <p class='ocr_par' dir='ltr' id='par_1_86' title="bbox 2170 3778 3841 3857">
     <span class='ocr_line' id='line_1_86' title="bbox 2170 3778 3841 3857; baseline 0.001 -22"><span class='ocrx_word' id='word_1_576' title='bbox 2170 3779 2425 3854; x_wconf 75' lang='grc' dir='ltr'>πατὲρας,</span> <span class='ocrx_word' id='word_1_577' title='bbox 2461 3779 2578 3834; x_wconf 81' lang='grc' dir='ltr'>ὅσοι</span> <span class='ocrx_word' id='word_1_578' title='bbox 2612 3781 2673 3835; x_wconf 84' lang='grc' dir='ltr'>τὸ</span> <span class='ocrx_word' id='word_1_579' title='bbox 2702 3780 2889 3854; x_wconf 71' lang='grc' dir='ltr'>εὐαγὲς</span> <span class='ocrx_word' id='word_1_580' title='bbox 2937 3787 3038 3851; x_wconf 77' lang='grc' dir='ltr'>τῆς</span> <span class='ocrx_word' id='word_1_581' title='bbox 3086 3779 3349 3851; x_wconf 76' lang='grc' dir='ltr'>ἀληθείας</span> <span class='ocrx_word' id='word_1_582' title='bbox 3411 3778 3841 3857; x_wconf 73' lang='grc' dir='ltr'>διεπρέσϐευσαν</span> 
     </span>
    </p>
   </div>
   <div class='ocr_carea' id='block_1_87' title="bbox 2173 3865 3841 3948">
    <p class='ocr_par' dir='ltr' id='par_1_87' title="bbox 2173 3865 3841 3948">
     <span class='ocr_line' id='line_1_87' title="bbox 2173 3865 3841 3948; baseline 0.001 -24"><span class='ocrx_word' id='word_1_583' title='bbox 2173 3866 2370 3945; x_wconf 84' lang='grc' dir='ltr'>δόγμα⁶</span> <span class='ocrx_word' id='word_1_584' title='bbox 2404 3872 2563 3942; x_wconf 83' lang='grc' dir='ltr'>κοινῇ</span> <span class='ocrx_word' id='word_1_585' title='bbox 2626 3865 2682 3923; x_wconf 67' lang='grc' dir='ltr'>δὲ</span> <span class='ocrx_word' id='word_1_586' title='bbox 2712 3866 3220 3943; x_wconf 82' lang='grc' dir='ltr'>συνομολογεῖσθαι</span> <span class='ocrx_word' id='word_1_587' title='bbox 3285 3869 3491 3940; x_wconf 79' lang='grc' dir='ltr'>λέξεσιν</span> <span class='ocrx_word' id='word_1_588' title='bbox 3550 3871 3841 3948; x_wconf 72' lang='grc' dir='ltr'>ἀπεμεραι-</span> 
     </span>
    </p>
   </div>
   <div class='ocr_carea' id='block_1_88' title="bbox 2172 3955 3843 4036">
    <p class='ocr_par' dir='ltr' id='par_1_88' title="bbox 2172 3955 3843 4036">
     <span class='ocr_line' id='line_1_88' title="bbox 2172 3955 3843 4036; baseline 0.001 -23"><span class='ocrx_word' id='word_1_589' title='bbox 2172 3958 2414 4026; x_wconf 89' lang='grc' dir='ltr'>νούσαις,</span> <span class='ocrx_word' id='word_1_590' title='bbox 2471 3961 2561 4013; x_wconf 79' lang='grc' dir='ltr'>καὶ</span> <span class='ocrx_word' id='word_1_591' title='bbox 2616 3955 2891 4032; x_wconf 81' lang='grc' dir='ltr'>μηδεμίαν</span> <span class='ocrx_word' id='word_1_592' title='bbox 2981 3958 3243 4034; x_wconf 80' lang='grc' dir='ltr'>ἐχούσαις</span> <span class='ocrx_word' id='word_1_593' title='bbox 3322 3960 3631 4036; x_wconf 79' lang='grc' dir='ltr'>συγγένειαν</span> <span class='ocrx_word' id='word_1_594' title='bbox 3695 3963 3843 4035; x_wconf 77' lang='grc' dir='ltr'>πρὸς</span> 
     </span>
    </p>
   </div>
   <div class='ocr_carea' id='block_1_89' title="bbox 2171 4048 3840 4125">
    <p class='ocr_par' dir='ltr' id='par_1_89' title="bbox 2171 4048 3840 4125">
     <span class='ocr_line' id='line_1_89' title="bbox 2171 4048 3840 4125; baseline 0.001 -22"><span class='ocrx_word' id='word_1_595' title='bbox 2171 4050 2267 4111; x_wconf 89' lang='grc' dir='ltr'>τάς</span> <span class='ocrx_word' id='word_1_596' title='bbox 2295 4048 2659 4125; x_wconf 87' lang='grc' dir='ltr'>γνωριστικάς</span> <span class='ocrx_word' id='word_1_597' title='bbox 2686 4056 2786 4119; x_wconf 79' lang='grc' dir='ltr'>τῆς</span> <span class='ocrx_word' id='word_1_598' title='bbox 2824 4048 3171 4118; x_wconf 85' lang='grc' dir='ltr'>τελειότητος</span> <span class='ocrx_word' id='word_1_599' title='bbox 3219 4054 3316 4104; x_wconf 79' lang='grc' dir='ltr'>τοῦ</span> <span class='ocrx_word' id='word_1_600' title='bbox 3393 4050 3531 4105; x_wconf 78' lang='grc' dir='ltr'>κατὰ</span> <span class='ocrx_word' id='word_1_601' title='bbox 3597 4052 3840 4125; x_wconf 83' lang='grc' dir='ltr'>Χριστὸν</span> 
     </span>
    </p>
   </div>
   <div class='ocr_carea' id='block_1_90' title="bbox 2177 4135 3837 4216">
    <p class='ocr_par' dir='ltr' id='par_1_90' title="bbox 2177 4135 3837 4216">
     <span class='ocr_line' id='line_1_90' title="bbox 2177 4135 3837 4216; baseline 0.001 -23"><span class='ocrx_word' id='word_1_602' title='bbox 2177 4139 2508 4215; x_wconf 77' lang='grc' dir='ltr'>μυστηρίου,</span> <span class='ocrx_word' id='word_1_603' title='bbox 2536 4138 2771 4200; x_wconf 85' lang='grc' dir='ltr'>ἐννοίας·</span> <span class='ocrx_word' id='word_1_604' title='bbox 2804 4138 2934 4192; x_wconf 75' lang='grc' dir='ltr'>αὐτὸ</span> <span class='ocrx_word' id='word_1_605' title='bbox 2976 4135 3043 4208; x_wconf 75' lang='grc' dir='ltr'>δὴ</span> <span class='ocrx_word' id='word_1_606' title='bbox 3100 4138 3165 4193; x_wconf 87' lang='grc' dir='ltr'>τὸ</span> <span class='ocrx_word' id='word_1_607' title='bbox 3222 4140 3368 4193; x_wconf 78' lang='grc' dir='ltr'>Οεῖον</span> <span class='ocrx_word' id='word_1_608' title='bbox 3424 4146 3523 4208; x_wconf 78' lang='grc' dir='ltr'>τῆς</span> <span class='ocrx_word' id='word_1_609' title='bbox 3556 4138 3837 4216; x_wconf 76' lang='grc' dir='ltr'>ἐνανθρω-</span> 
     </span>
    </p>
   </div>
   <div class='ocr_carea' id='block_1_91' title="bbox 2173 4222 3837 4305">
    <p class='ocr_par' dir='ltr' id='par_1_91' title="bbox 2173 4222 3837 4305">
     <span class='ocr_line' id='line_1_91' title="bbox 2173 4222 3837 4305; baseline 0.001 -22"><span class='ocrx_word' id='word_1_610' title='bbox 2173 4229 2390 4298; x_wconf 74' lang='grc' dir='ltr'>πήσεως</span> <span class='ocrx_word' id='word_1_611' title='bbox 2422 4231 2520 4283; x_wconf 78' lang='grc' dir='ltr'>τοῦ</span> <span class='ocrx_word' id='word_1_612' title='bbox 2548 4228 2733 4302; x_wconf 82' lang='grc' dir='ltr'>Λόγου</span> <span class='ocrx_word' id='word_1_613' title='bbox 2768 4229 3091 4303; x_wconf 74' lang='grc' dir='ltr'>μυστήριον·</span> <span class='ocrx_word' id='word_1_614' title='bbox 3129 4228 3203 4290; x_wconf 83' lang='grc' dir='ltr'>ὡς</span> <span class='ocrx_word' id='word_1_615' title='bbox 3262 4222 3321 4284; x_wconf 77' lang='grc' dir='ltr'>οὗ</span> <span class='ocrx_word' id='word_1_616' title='bbox 3377 4227 3570 4305; x_wconf 68' lang='grc' dir='ltr'>πόῤῥω</span> <span class='ocrx_word' id='word_1_617' title='bbox 3616 4230 3837 4305; x_wconf 79' lang='grc' dir='ltr'>τυγχά-</span> 
     </span>
    </p>
   </div>
   <div class='ocr_carea' id='block_1_92' title="bbox 2173 4312 3836 4392">
    <p class='ocr_par' dir='ltr' id='par_1_92' title="bbox 2173 4312 3836 4392">
     <span class='ocr_line' id='line_1_92' title="bbox 2173 4312 3836 4392; baseline -0.001 -21"><span class='ocrx_word' id='word_1_618' title='bbox 2173 4336 2303 4385; x_wconf 81' lang='grc' dir='ltr'>νειν,</span> <span class='ocrx_word' id='word_1_619' title='bbox 2336 4313 2550 4387; x_wconf 83' lang='grc' dir='ltr'>μᾶλλον</span> <span class='ocrx_word' id='word_1_620' title='bbox 2585 4312 2643 4369; x_wconf 72' lang='grc' dir='ltr'>δὲ</span> <span class='ocrx_word' id='word_1_621' title='bbox 2668 4312 2777 4385; x_wconf 71' lang='grc' dir='ltr'>ἢδη</span> <span class='ocrx_word' id='word_1_622' title='bbox 2808 4315 2956 4376; x_wconf 73' lang='grc' dir='ltr'>τινὰς</span> <span class='ocrx_word' id='word_1_623' title='bbox 3004 4313 3096 4370; x_wconf 85' lang='grc' dir='ltr'>καὶ</span> <span class='ocrx_word' id='word_1_624' title='bbox 3157 4316 3245 4370; x_wconf 81' lang='grc' dir='ltr'>ὑπ’</span> <span class='ocrx_word' id='word_1_625' title='bbox 3308 4312 3531 4378; x_wconf 82' lang='grc' dir='ltr'>ὀδόντας</span> <span class='ocrx_word' id='word_1_626' title='bbox 3585 4317 3836 4392; x_wconf 77' lang='grc' dir='ltr'>γρύζειν,</span> 
     </span>
    </p>
   </div>
   <div class='ocr_carea' id='block_1_93' title="bbox 2172 4402 3839 4479">
    <p class='ocr_par' dir='ltr' id='par_1_93' title="bbox 2172 4402 3839 4479">
     <span class='ocr_line' id='line_1_93' title="bbox 2172 4402 3839 4479; baseline 0.001 -19"><span class='ocrx_word' id='word_1_627' title='bbox 2172 4408 2270 4460; x_wconf 76' lang='grc' dir='ltr'>τοῦ</span> <span class='ocrx_word' id='word_1_628' title='bbox 2290 4405 2378 4459; x_wconf 71' lang='grc' dir='ltr'>καὶ</span> <span class='ocrx_word' id='word_1_629' title='bbox 2411 4406 2582 4474; x_wconf 74' lang='grc' dir='ltr'>αὐτήν</span> <span class='ocrx_word' id='word_1_630' title='bbox 2612 4405 2712 4473; x_wconf 76' lang='grc' dir='ltr'>τήν</span> <span class='ocrx_word' id='word_1_631' title='bbox 2746 4403 2900 4479; x_wconf 85' lang='grc' dir='ltr'>ἁγίαν</span> <span class='ocrx_word' id='word_1_632' title='bbox 2931 4402 2985 4458; x_wconf 82' lang='grc' dir='ltr'>έν</span> <span class='ocrx_word' id='word_1_633' title='bbox 3042 4402 3363 4475; x_wconf 81' lang='grc' dir='ltr'>Χαλκηδόνι</span> <span class='ocrx_word' id='word_1_634' title='bbox 3423 4402 3645 4460; x_wconf 79' lang='grc' dir='ltr'>σύνοδον</span> <span class='ocrx_word' id='word_1_635' title='bbox 3706 4406 3839 4470; x_wconf 78' lang='grc' dir='ltr'>ἀθε-</span> 
     </span>
    </p>
   </div>
   <div class='ocr_carea' id='block_1_94' title="bbox 2172 4492 3837 4569">
    <p class='ocr_par' dir='ltr' id='par_1_94' title="bbox 2172 4492 3837 4569">
     <span class='ocr_line' id='line_1_94' title="bbox 2172 4492 3837 4569; baseline 0.001 -19"><span class='ocrx_word' id='word_1_636' title='bbox 2172 4500 2405 4564; x_wconf 83' lang='grc' dir='ltr'>τεῖσθαι,</span> <span class='ocrx_word' id='word_1_637' title='bbox 2490 4494 2566 4556; x_wconf 83' lang='grc' dir='ltr'>ὡς</span> <span class='ocrx_word' id='word_1_638' title='bbox 2625 4492 2801 4567; x_wconf 80' lang='grc' dir='ltr'>ἐκείνῃ</span> <span class='ocrx_word' id='word_1_639' title='bbox 2854 4495 3270 4569; x_wconf 79' lang='grc' dir='ltr'>συνηρτημένης</span> <span class='ocrx_word' id='word_1_640' title='bbox 3341 4494 3479 4549; x_wconf 88' lang='grc' dir='ltr'>κατά</span> <span class='ocrx_word' id='word_1_641' title='bbox 3560 4496 3660 4564; x_wconf 79' lang='grc' dir='ltr'>τὴν</span> <span class='ocrx_word' id='word_1_642' title='bbox 3721 4500 3837 4551; x_wconf 77' lang='grc' dir='ltr'>τῶν</span> 
     </span>
    </p>
   </div>
   <div class='ocr_carea' id='block_1_95' title="bbox 2177 4581 3839 4660">
    <p class='ocr_par' dir='ltr' id='par_1_95' title="bbox 2177 4581 3839 4660">
     <span class='ocr_line' id='line_1_95' title="bbox 2177 4581 3839 4660; baseline -0.001 -20"><span class='ocrx_word' id='word_1_643' title='bbox 2177 4581 2463 4660; x_wconf 80' lang='grc' dir='ltr'>δογμάτων</span> <span class='ocrx_word' id='word_1_644' title='bbox 2499 4581 2831 4654; x_wconf 72' lang='grc' dir='ltr'>οἰκειότητα,</span> <span class='ocrx_word' id='word_1_645' title='bbox 2863 4583 2953 4638; x_wconf 89' lang='grc' dir='ltr'>καὶ</span> <span class='ocrx_word' id='word_1_646' title='bbox 3001 4582 3117 4639; x_wconf 81' lang='grc' dir='ltr'>οἷον</span> <span class='ocrx_word' id='word_1_647' title='bbox 3177 4583 3373 4653; x_wconf 80' lang='grc' dir='ltr'>εἷπεῐν,</span> <span class='ocrx_word' id='word_1_648' title='bbox 3434 4584 3607 4653; x_wconf 71' lang='grc' dir='ltr'>αὐτὴν</span> <span class='ocrx_word' id='word_1_649' title='bbox 3657 4583 3839 4659; x_wconf 78' lang='grc' dir='ltr'>ἐχού-</span> 
     </span>
    </p>
   </div>
   <div class='ocr_carea' id='block_1_96' title="bbox 401 4668 2053 4752">
    <p class='ocr_par' dir='ltr' id='par_1_96' title="bbox 401 4674 2053 4752">
     <span class='ocr_line' id='line_1_96' title="bbox 401 4674 2053 4752; baseline -0.004 -13"><span class='ocrx_word' id='word_1_650' title='bbox 401 4682 603 4740; x_wconf 87' lang='lat' dir='ltr'>hente.</span> <span class='ocrx_word' id='word_1_651' title='bbox 635 4683 797 4738; x_wconf 85' lang='lat' dir='ltr'>Mitto</span> <span class='ocrx_word' id='word_1_652' title='bbox 831 4679 1127 4752; x_wconf 89' lang='lat' dir='ltr'>siquidem</span> <span class='ocrx_word' id='word_1_653' title='bbox 1151 4678 1533 4748; x_wconf 87' lang='lat' dir='ltr'>dicere,quot</span> <span class='ocrx_word' id='word_1_654' title='bbox 1551 4674 1725 4730; x_wconf 88' lang='lat' dir='ltr'>nobis</span> <span class='ocrx_word' id='word_1_655' title='bbox 1753 4675 2053 4732; x_wconf 74' lang='lat' dir='ltr'>molestias</span> 
     </span>
    </p>
   </div>
   <div class='ocr_carea' id='block_1_97' title="bbox 2166 4668 3838 4752">
    <p class='ocr_par' dir='ltr' id='par_1_97' title="bbox 2181 4668 3838 4750">
     <span class='ocr_line' id='line_1_97' title="bbox 2181 4668 3838 4750; baseline 0 -21"><span class='ocrx_word' id='word_1_656' title='bbox 2181 4694 2285 4744; x_wconf 91' lang='grc' dir='ltr'>σης</span> <span class='ocrx_word' id='word_1_657' title='bbox 2341 4673 2488 4748; x_wconf 76' lang='grc' dir='ltr'>ρίξαν</span> <span class='ocrx_word' id='word_1_658' title='bbox 2529 4693 2591 4727; x_wconf 88' lang='grc' dir='ltr'>τε</span> <span class='ocrx_word' id='word_1_659' title='bbox 2645 4672 2737 4727; x_wconf 86' lang='grc' dir='ltr'>καὶ</span> <span class='ocrx_word' id='word_1_660' title='bbox 2799 4668 3095 4747; x_wconf 71' lang='grc' dir='ltr'>βεϐαίωσιν</span> <span class='ocrx_word' id='word_1_661' title='bbox 3152 4680 3254 4743; x_wconf 82' lang='grc' dir='ltr'>τῆς</span> <span class='ocrx_word' id='word_1_662' title='bbox 3310 4672 3608 4749; x_wconf 71' lang='grc' dir='ltr'>εἴρημένης</span> <span class='ocrx_word' id='word_1_663' title='bbox 3675 4673 3838 4750; x_wconf 84' lang='grc' dir='ltr'>ἁγίας</span> 
     </span>
    </p>
   </div>
   <div class='ocr_carea' id='block_1_98' title="bbox 399 4762 2054 4843">
    <p class='ocr_par' dir='ltr' id='par_1_98' title="bbox 399 4762 2054 4843">
     <span class='ocr_line' id='line_1_98' title="bbox 399 4762 2054 4843; baseline -0.005 -14"><span class='ocrx_word' id='word_1_664' title='bbox 399 4772 678 4831; x_wconf 87' lang='lat' dir='ltr'>intulerit</span> <span class='ocrx_word' id='word_1_665' title='bbox 722 4770 884 4827; x_wconf 88' lang='lat' dir='ltr'>velut</span> <span class='ocrx_word' id='word_1_666' title='bbox 921 4786 1029 4843; x_wconf 89' lang='lat' dir='ltr'>pro</span> <span class='ocrx_word' id='word_1_667' title='bbox 1084 4767 1332 4823; x_wconf 87' lang='lat' dir='ltr'>veritate</span> <span class='ocrx_word' id='word_1_668' title='bbox 1378 4762 1734 4833; x_wconf 88' lang='lat' dir='ltr'>sollicitans,</span> <span class='ocrx_word' id='word_1_669' title='bbox 1771 4780 1887 4835; x_wconf 89' lang='lat' dir='ltr'>quo</span> <span class='ocrx_word' id='word_1_670' title='bbox 1947 4782 2054 4822; x_wconf 88' lang='lat' dir='ltr'>no-</span> 
     </span>
    </p>
   </div>
   <div class='ocr_carea' id='block_1_99' title="bbox 2163 4760 3840 4838">
    <p class='ocr_par' dir='ltr' id='par_1_99' title="bbox 2163 4760 3840 4838">
     <span class='ocr_line' id='line_1_99' title="bbox 2163 4760 3840 4838; baseline 0 -20"><span class='ocrx_word' id='word_1_671' title='bbox 2163 4762 2328 4835; x_wconf 73' lang='grc' dir='ltr'>ἓκτης</span> <span class='ocrx_word' id='word_1_672' title='bbox 2362 4760 2615 4821; x_wconf 87' lang='grc' dir='ltr'>συνόδου.</span> <span class='ocrx_word' id='word_1_673' title='bbox 2643 4765 2750 4818; x_wconf 83' lang='grc' dir='ltr'>Ἐῶ</span> <span class='ocrx_word' id='word_1_674' title='bbox 2780 4762 2886 4838; x_wconf 82' lang='grc' dir='ltr'>γὰρ</span> <span class='ocrx_word' id='word_1_675' title='bbox 2946 4763 3122 4837; x_wconf 81' lang='grc' dir='ltr'>Λέγειν</span> <span class='ocrx_word' id='word_1_676' title='bbox 3179 4761 3311 4825; x_wconf 79' lang='grc' dir='ltr'>ὅσας</span> <span class='ocrx_word' id='word_1_677' title='bbox 3367 4764 3505 4837; x_wconf 76' lang='grc' dir='ltr'>ἡμῖν</span> <span class='ocrx_word' id='word_1_678' title='bbox 3562 4761 3840 4838; x_wconf 74' lang='grc' dir='ltr'>ὀχλήσεις</span> 
     </span>
    </p>
   </div>
   <div class='ocr_carea' id='block_1_100' title="bbox 2007 4891 2236 4948">
    <p class='ocr_par' dir='ltr' id='par_1_100' title="bbox 2007 4891 2236 4948">
     <span class='ocr_line' id='line_1_100' title="bbox 2007 4891 2236 4948; baseline -0.009 -2"><span class='ocrx_word' id='word_1_679' title='bbox 2007 4891 2236 4948; x_wconf 71' lang='grc' dir='ltr'>ΝΟΤΙΕ.</span> 
     </span>
    </p>
   </div>
   <div class='ocr_carea' id='block_1_101' title="bbox 460 4987 837 5052">
    <p class='ocr_par' dir='ltr' id='par_1_101' title="bbox 460 4987 837 5052">
     <span class='ocr_line' id='line_1_101' title="bbox 460 4987 837 5052; baseline -0.005 -9"><span class='ocrx_word' id='word_1_680' title='bbox 460 4987 483 5023; x_wconf 77' lang='grc'><strong>⁸</strong></span> <span class='ocrx_word' id='word_1_681' title='bbox 499 4987 551 5043; x_wconf 90' lang='lat' dir='ltr'>II</span> <span class='ocrx_word' id='word_1_682' title='bbox 572 4987 701 5044; x_wconf 92' lang='lat' dir='ltr'>Cor.</span> <span class='ocrx_word' id='word_1_683' title='bbox 725 5003 763 5052; x_wconf 82' lang='grc' dir='ltr'>ι,</span> <span class='ocrx_word' id='word_1_684' title='bbox 786 4987 837 5041; x_wconf 90' lang='grc'>8.</span> 
     </span>
    </p>
   </div>
   <div class='ocr_carea' id='block_1_102' title="bbox 463 5066 2059 5146">
    <p class='ocr_par' dir='ltr' id='par_1_102' title="bbox 463 5066 2059 5146">
     <span class='ocr_line' id='line_1_102' title="bbox 463 5066 2059 5146; baseline -0.004 -16"><span class='ocrx_word' id='word_1_685' title='bbox 463 5077 538 5146; x_wconf 88' lang='lat'>(3)</span> <span class='ocrx_word' id='word_1_686' title='bbox 560 5077 696 5133; x_wconf 86' lang='lat' dir='ltr'>Cum</span> <span class='ocrx_word' id='word_1_687' title='bbox 719 5089 892 5145; x_wconf 84' lang='lat' dir='ltr'>porro</span> <span class='ocrx_word' id='word_1_688' title='bbox 932 5075 1260 5146; x_wconf 80' lang='lat' dir='ltr'>profanum.</span> <span class='ocrx_word' id='word_1_689' title='bbox 1313 5071 1519 5146; x_wconf 71' lang='lat' dir='ltr'>Magna</span> <span class='ocrx_word' id='word_1_690' title='bbox 1570 5067 1817 5146; x_wconf 78' lang='lat' dir='ltr'>licentia</span> <span class='ocrx_word' id='word_1_691' title='bbox 1871 5066 2059 5146; x_wconf 84' lang='lat' dir='ltr'>impe-</span> 
     </span>
    </p>
   </div>
   <div class='ocr_carea' id='block_1_103' title="bbox 393 5139 2056 5217">
    <p class='ocr_par' dir='ltr' id='par_1_103' title="bbox 393 5139 2056 5217">
     <span class='ocr_line' id='line_1_103' title="bbox 393 5139 2056 5217; baseline -0.004 -14"><span class='ocrx_word' id='word_1_692' title='bbox 393 5139 644 5212; x_wconf 75' lang='lat' dir='ltr'>ratores,</span> <span class='ocrx_word' id='word_1_693' title='bbox 681 5139 740 5201; x_wconf 73' lang='grc' dir='ltr'>εἰ</span> <span class='ocrx_word' id='word_1_694' title='bbox 768 5139 1155 5217; x_wconf 69' lang='grc' dir='ltr'>ἀεροῐιοὶιάῃι</span> <span class='ocrx_word' id='word_1_695' title='bbox 1183 5139 1573 5214; x_wconf 76' lang='lat' dir='ltr'>patriarchas,</span> <span class='ocrx_word' id='word_1_696' title='bbox 1620 5146 1694 5217; x_wconf 89' lang='lat' dir='ltr'>_et</span> <span class='ocrx_word' id='word_1_697' title='bbox 1744 5139 2056 5211; x_wconf 85' lang='lat' dir='ltr'>depositis,</span> 
     </span>
    </p>
   </div>
   <div class='ocr_carea' id='block_1_104' title="bbox 394 5212 2059 5299">
    <p class='ocr_par' dir='ltr' id='par_1_104' title="bbox 394 5212 2059 5299">
     <span class='ocr_line' id='line_1_104' title="bbox 394 5212 2059 5299; baseline -0.004 -24"><span class='ocrx_word' id='word_1_698' title='bbox 394 5236 548 5290; x_wconf 85' lang='lat' dir='ltr'>quos</span> <span class='ocrx_word' id='word_1_699' title='bbox 585 5218 809 5299; x_wconf 81' lang='lat' dir='ltr'>vellent</span> <span class='ocrx_word' id='word_1_700' title='bbox 840 5212 1265 5299; x_wconf 68' lang='lat' dir='ltr'>subrogabant,</span> <span class='ocrx_word' id='word_1_701' title='bbox 1319 5218 1527 5296; x_wconf 69' lang='lat' dir='ltr'>contra</span> <span class='ocrx_word' id='word_1_702' title='bbox 1556 5212 1736 5299; x_wconf 70' lang='lat' dir='ltr'>etiam</span> <span class='ocrx_word' id='word_1_703' title='bbox 1777 5229 2059 5297; x_wconf 75' lang='lat' dir='ltr'>expressa</span> 
     </span>
    </p>
   </div>
   <div class='ocr_carea' id='block_1_105' title="bbox 394 5284 2055 5361">
    <p class='ocr_par' dir='ltr' id='par_1_105' title="bbox 394 5284 2055 5361">
     <span class='ocr_line' id='line_1_105' title="bbox 394 5284 2055 5361; baseline -0.003 -15"><span class='ocrx_word' id='word_1_704' title='bbox 394 5284 694 5361; x_wconf 65' lang='lat' dir='ltr'>canonum</span> <span class='ocrx_word' id='word_1_705' title='bbox 701 5292 861 5361; x_wconf 79' lang='lat' dir='ltr'>jura,</span> <span class='ocrx_word' id='word_1_706' title='bbox 886 5306 954 5345; x_wconf 88' lang='lat' dir='ltr'>ac</span> <span class='ocrx_word' id='word_1_707' title='bbox 983 5284 1168 5361; x_wconf 80' lang='lat' dir='ltr'>laicos</span> <span class='ocrx_word' id='word_1_708' title='bbox 1200 5286 1496 5361; x_wconf 67' lang='lat' dir='ltr'>homines,</span> <span class='ocrx_word' id='word_1_709' title='bbox 1522 5284 1691 5341; x_wconf 89' lang='lat' dir='ltr'>nulla</span> <span class='ocrx_word' id='word_1_710' title='bbox 1713 5284 1773 5361; x_wconf 71' lang='lat' dir='ltr'>in</span> <span class='ocrx_word' id='word_1_711' title='bbox 1808 5284 2055 5361; x_wconf 78' lang='lat' dir='ltr'>minori-</span> 
     </span>
    </p>
   </div>
   <div class='ocr_carea' id='block_1_106' title="bbox 392 5356 2053 5432">
    <p class='ocr_par' dir='ltr' id='par_1_106' title="bbox 392 5356 2053 5432">
     <span class='ocr_line' id='line_1_106' title="bbox 392 5356 2053 5432; baseline -0.004 -14"><span class='ocrx_word' id='word_1_712' title='bbox 392 5360 531 5430; x_wconf 86' lang='lat' dir='ltr'>bus,</span> <span class='ocrx_word' id='word_1_713' title='bbox 564 5379 672 5432; x_wconf 91' lang='lat' dir='ltr'>pro</span> <span class='ocrx_word' id='word_1_714' title='bbox 696 5356 882 5429; x_wconf 79' lang='lat' dir='ltr'>more,</span> <span class='ocrx_word' id='word_1_715' title='bbox 915 5359 1303 5432; x_wconf 22' lang='lat' dir='ltr'>probationeq</span> <span class='ocrx_word' id='word_1_716' title='bbox 1324 5356 1523 5414; x_wconf 86' lang='lat' dir='ltr'>Voluit</span> <span class='ocrx_word' id='word_1_717' title='bbox 1561 5373 1699 5432; x_wconf 82' lang='lat' dir='ltr'>ergo</span> <span class='ocrx_word' id='word_1_718' title='bbox 1721 5356 2053 5432; x_wconf 60' lang='lat' dir='ltr'>pardanes,</span> 
     </span>
    </p>
   </div>
   <div class='ocr_carea' id='block_1_107' title="bbox 396 5427 2054 5505">
    <p class='ocr_par' dir='ltr' id='par_1_107' title="bbox 396 5427 2054 5505">
     <span class='ocr_line' id='line_1_107' title="bbox 396 5427 2054 5505; baseline -0.004 -16"><span class='ocrx_word' id='word_1_719' title='bbox 396 5427 645 5505; x_wconf 76' lang='lat' dir='ltr'>expulso</span> <span class='ocrx_word' id='word_1_720' title='bbox 677 5427 1039 5505; x_wconf 26' lang='lat' dir='ltr'>Cyro,&#39;q-uod</span> <span class='ocrx_word' id='word_1_721' title='bbox 1081 5427 1306 5505; x_wconf 83' lang='lat' dir='ltr'>recenti</span> <span class='ocrx_word' id='word_1_722' title='bbox 1368 5427 1658 5505; x_wconf 78' lang='lat' dir='ltr'>memoria</span> <span class='ocrx_word' id='word_1_723' title='bbox 1715 5427 1938 5505; x_wconf 61' lang='lat' dir='ltr'>factum</span> <span class='ocrx_word' id='word_1_724' title='bbox 1972 5430 2054 5483; x_wconf 86' lang='lat' dir='ltr'>vi-</span> 
     </span>
    </p>
   </div>
   <div class='ocr_carea' id='block_1_108' title="bbox 392 5498 2057 5571">
    <p class='ocr_par' dir='ltr' id='par_1_108' title="bbox 392 5498 2057 5571">
     <span class='ocr_line' id='line_1_108' title="bbox 392 5498 2057 5571; baseline -0.002 -12"><span class='ocrx_word' id='word_1_725' title='bbox 392 5498 567 5560; x_wconf 72' lang='lat' dir='ltr'>derat</span> <span class='ocrx_word' id='word_1_726' title='bbox 594 5521 629 5559; x_wconf 92' lang='lat' dir='ltr'>a</span> <span class='ocrx_word' id='word_1_727' title='bbox 657 5498 990 5560; x_wconf 58' lang='lat' dir='ltr'>Ju&#39;stiniano</span> <span class='ocrx_word' id='word_1_728' title='bbox 1022 5504 1084 5557; x_wconf 91' lang='lat' dir='ltr'>in</span> <span class='ocrx_word' id='word_1_729' title='bbox 1112 5500 1320 5563; x_wconf 84' lang='lat' dir='ltr'>Paulo,</span> <span class='ocrx_word' id='word_1_730' title='bbox 1353 5498 1623 5571; x_wconf 78' lang='lat' dir='ltr'>aliquem</span> <span class='ocrx_word' id='word_1_731' title='bbox 1645 5515 1674 5553; x_wconf 92' lang='lat' dir='ltr'>e</span> <span class='ocrx_word' id='word_1_732' title='bbox 1707 5499 2057 5555; x_wconf 89' lang='lat' dir='ltr'>domesticis</span> 
     </span>
    </p>
   </div>
   <div class='ocr_carea' id='block_1_109' title="bbox 382 5566 2057 5647">
    <p class='ocr_par' dir='ltr' id='par_1_109' title="bbox 382 5566 2057 5647">
     <span class='ocr_line' id='line_1_109' title="bbox 382 5566 2057 5647; baseline -0.003 -18"><span class='ocrx_word' id='word_1_733' title='bbox 382 5574 500 5631; x_wconf 67' lang='lat' dir='ltr'>.illa</span> <span class='ocrx_word' id='word_1_734' title='bbox 529 5575 816 5647; x_wconf 85' lang='lat' dir='ltr'>dignitate</span> <span class='ocrx_word' id='word_1_735' title='bbox 844 5591 1058 5647; x_wconf 82' lang='lat' dir='ltr'>augere</span> <span class='ocrx_word' id='word_1_736' title='bbox 1084 5590 1098 5641; x_wconf 86' lang='lat'><strong>;</strong></span> <span class='ocrx_word' id='word_1_737' title='bbox 1126 5566 1474 5647; x_wconf 48' lang='lat' dir='ltr'>nimirum,-</span> <span class='ocrx_word' id='word_1_738' title='bbox 1518 5566 1804 5647; x_wconf 67' lang='grc' dir='ltr'>ὁμόφρονα</span> <span class='ocrx_word' id='word_1_739' title='bbox 1862 5571 2057 5647; x_wconf 73' lang='lat' dir='ltr'>homi-</span> 
     </span>
    </p>
   </div>
   <div class='ocr_carea' id='block_1_110' title="bbox 394 5640 2056 5717">
    <p class='ocr_par' dir='ltr' id='par_1_110' title="bbox 394 5640 2056 5717">
     <span class='ocr_line' id='line_1_110' title="bbox 394 5640 2056 5717; baseline -0.002 -17"><span class='ocrx_word' id='word_1_740' title='bbox 394 5640 896 5717; x_wconf 68' lang='lat' dir='ltr'>nem,e6demque</span> <span class='ocrx_word' id='word_1_741' title='bbox 913 5640 1089 5701; x_wconf 77' lang='lat' dir='ltr'>modo</span> <span class='ocrx_word' id='word_1_742' title='bbox 1126 5640 1341 5717; x_wconf 82' lang='lat' dir='ltr'>haeresi</span> <span class='ocrx_word' id='word_1_743' title='bbox 1364 5640 2021 5717; x_wconf 70' lang='lat' dir='ltr'>monothelitarumaﬁ’e</span> <span class='ocrx_word' id='word_1_744' title='bbox 2034 5673 2056 5685; x_wconf 84' lang='lat'><strong>-</strong></span> 
     </span>
    </p>
   </div>
   <div class='ocr_carea' id='block_1_111' title="bbox 394 5706 2056 5784">
    <p class='ocr_par' dir='ltr' id='par_1_111' title="bbox 394 5706 2056 5784">
     <span class='ocr_line' id='line_1_111' title="bbox 394 5706 2056 5784; baseline -0.001 -15"><span class='ocrx_word' id='word_1_745' title='bbox 394 5706 582 5779; x_wconf 79' lang='lat' dir='ltr'>ctum,</span> <span class='ocrx_word' id='word_1_746' title='bbox 615 5706 1285 5784; x_wconf 46' lang='lat' dir='ltr'>quam‘instaurandam</span> <span class='ocrx_word' id='word_1_747' title='bbox 1318 5706 1739 5784; x_wconf 84' lang='lat' dir='ltr'>meditabatur,</span> <span class='ocrx_word' id='word_1_748' title='bbox 1776 5712 1930 5768; x_wconf 92' lang='lat' dir='ltr'>nihil</span> <span class='ocrx_word' id='word_1_749' title='bbox 1961 5730 2056 5784; x_wconf 66' lang='lat' dir='ltr'>ce~</span> 
     </span>
    </p>
   </div>
   <div class='ocr_carea' id='block_1_112' title="bbox 396 5782 2056 5856">
    <p class='ocr_par' dir='ltr' id='par_1_112' title="bbox 396 5782 2056 5856">
     <span class='ocr_line' id='line_1_112' title="bbox 396 5782 2056 5856; baseline -0.001 -16"><span class='ocrx_word' id='word_1_750' title='bbox 396 5784 534 5840; x_wconf 83' lang='lat' dir='ltr'>dato</span> <span class='ocrx_word' id='word_1_751' title='bbox 566 5782 818 5839; x_wconf 72' lang='lat' dir='ltr'>consilio</span> <span class='ocrx_word' id='word_1_752' title='bbox 854 5802 867 5839; x_wconf 89' lang='lat'><strong>:</strong></span> <span class='ocrx_word' id='word_1_753' title='bbox 902 5803 1019 5856; x_wconf 88' lang='lat' dir='ltr'>qua</span> <span class='ocrx_word' id='word_1_754' title='bbox 1040 5784 1380 5854; x_wconf 84' lang='lat' dir='ltr'>hypothesi,</span> <span class='ocrx_word' id='word_1_755' title='bbox 1412 5799 1534 5837; x_wconf 90' lang='lat' dir='ltr'>non</span> <span class='ocrx_word' id='word_1_756' title='bbox 1585 5782 1752 5837; x_wconf 90' lang='lat' dir='ltr'>video</span> <span class='ocrx_word' id='word_1_757' title='bbox 1785 5790 1849 5839; x_wconf 89' lang='lat' dir='ltr'>ut</span> <span class='ocrx_word' id='word_1_758' title='bbox 1877 5783 2056 5839; x_wconf 72' lang='lat' dir='ltr'>meri~</span> 
     </span>
    </p>
   </div>
   <div class='ocr_carea' id='block_1_113' title="bbox 2171 5067 3839 5152">
    <p class='ocr_par' dir='ltr' id='par_1_113' title="bbox 2171 5067 3839 5152">
     <span class='ocr_line' id='line_1_113' title="bbox 2171 5067 3839 5152; baseline 0.003 -30"><span class='ocrx_word' id='word_1_759' title='bbox 2171 5067 2562 5152; x_wconf 37' lang='lat' dir='ltr'>to-culpanda</span> <span class='ocrx_word' id='word_1_760' title='bbox 2590 5067 2859 5152; x_wconf 64' lang='lat' dir='ltr'>videatur</span> <span class='ocrx_word' id='word_1_761' title='bbox 2886 5069 3133 5152; x_wconf 77' lang='lat' dir='ltr'>Joannis</span> <span class='ocrx_word' id='word_1_762' title='bbox 3173 5069 3361 5152; x_wconf 75' lang='lat' dir='ltr'>nostri</span> <span class='ocrx_word' id='word_1_763' title='bbox 3396 5069 3839 5151; x_wconf 78' lang='lat' dir='ltr'>qualiscunque</span> 
     </span>
    </p>
   </div>
   <div class='ocr_carea' id='block_1_114' title="bbox 2171 5141 3841 5223">
    <p class='ocr_par' dir='ltr' id='par_1_114' title="bbox 2171 5141 3841 5223">
     <span class='ocr_line' id='line_1_114' title="bbox 2171 5141 3841 5223; baseline 0.002 -28"><span class='ocrx_word' id='word_1_764' title='bbox 2171 5141 2445 5223; x_wconf 73' lang='lat' dir='ltr'>intrusio,</span> <span class='ocrx_word' id='word_1_765' title='bbox 2479 5141 2784 5223; x_wconf 43' lang='lat' dir='ltr'>utqueill‘e</span> <span class='ocrx_word' id='word_1_766' title='bbox 2818 5141 3146 5223; x_wconf 75' lang='lat' dir='ltr'>detrectare</span> <span class='ocrx_word' id='word_1_767' title='bbox 3199 5141 3556 5223; x_wconf 85' lang='lat' dir='ltr'>obstinatius</span> <span class='ocrx_word' id='word_1_768' title='bbox 3606 5141 3841 5198; x_wconf 79' lang='lat' dir='ltr'>debue-</span> 
     </span>
    </p>
   </div>
   <div class='ocr_carea' id='block_1_115' title="bbox 2170 5214 3839 5286">
    <p class='ocr_par' dir='ltr' id='par_1_115' title="bbox 2170 5214 3839 5286">
     <span class='ocr_line' id='line_1_115' title="bbox 2170 5214 3839 5286; baseline 0.002 -19"><span class='ocrx_word' id='word_1_769' title='bbox 2170 5214 2250 5267; x_wconf 92' lang='lat' dir='ltr'>rit</span> <span class='ocrx_word' id='word_1_770' title='bbox 2278 5228 2430 5286; x_wconf 89' lang='lat' dir='ltr'>onus</span> <span class='ocrx_word' id='word_1_771' title='bbox 2461 5214 2825 5286; x_wconf 85' lang='lat' dir='ltr'>pontiﬁcale,</span> <span class='ocrx_word' id='word_1_772' title='bbox 2858 5216 3272 5286; x_wconf 81' lang='lat' dir='ltr'>acquiescente</span> <span class='ocrx_word' id='word_1_773' title='bbox 3295 5230 3363 5268; x_wconf 89' lang='lat' dir='ltr'>ac</span> <span class='ocrx_word' id='word_1_774' title='bbox 3402 5219 3649 5286; x_wconf 82' lang='lat' dir='ltr'>urgente</span> <span class='ocrx_word' id='word_1_775' title='bbox 3674 5222 3742 5270; x_wconf 87' lang='lat' dir='ltr'>ut</span> <span class='ocrx_word' id='word_1_776' title='bbox 3774 5216 3839 5270; x_wconf 89' lang='lat' dir='ltr'>in</span> 
     </span>
    </p>
   </div>
   <div class='ocr_carea' id='block_1_116' title="bbox 2171 5285 3839 5367">
    <p class='ocr_par' dir='ltr' id='par_1_116' title="bbox 2171 5285 3839 5367">
     <span class='ocr_line' id='line_1_116' title="bbox 2171 5285 3839 5367; baseline 0.001 -27"><span class='ocrx_word' id='word_1_777' title='bbox 2171 5300 2233 5367; x_wconf 82' lang='lat' dir='ltr'>se</span> <span class='ocrx_word' id='word_1_778' title='bbox 2267 5285 2859 5367; x_wconf 31' lang='lat' dir='ltr'>tandemreciperc‘t,’</span> <span class='ocrx_word' id='word_1_779' title='bbox 2882 5285 3430 5367; x_wconf 33' lang='lat' dir='ltr'>cunLinipe&#39;ratore,</span> <span class='ocrx_word' id='word_1_780' title='bbox 3463 5285 3623 5341; x_wconf 87' lang='lat' dir='ltr'>clero</span> <span class='ocrx_word' id='word_1_781' title='bbox 3680 5289 3839 5342; x_wconf 90' lang='lat' dir='ltr'>Con-</span> 
     </span>
    </p>
   </div>
   <div class='ocr_carea' id='block_1_117' title="bbox 2170 5356 3835 5441">
    <p class='ocr_par' dir='ltr' id='par_1_117' title="bbox 2170 5356 3835 5441">
     <span class='ocr_line' id='line_1_117' title="bbox 2170 5356 3835 5441; baseline 0.002 -30"><span class='ocrx_word' id='word_1_782' title='bbox 2170 5356 2729 5440; x_wconf 74' lang='lat' dir='ltr'>stantinopolitano,</span> <span class='ocrx_word' id='word_1_783' title='bbox 2750 5357 2863 5411; x_wconf 84' lang='lat' dir='ltr'>sibi</span> <span class='ocrx_word' id='word_1_784' title='bbox 2884 5375 2964 5441; x_wconf 48' lang='lat' dir='ltr'>‘ac</span> <span class='ocrx_word' id='word_1_785' title='bbox 2990 5356 3272 5441; x_wconf 53' lang='lat' dir='ltr'>hactesiw</span> <span class='ocrx_word' id='word_1_786' title='bbox 3308 5358 3411 5411; x_wconf 91' lang='lat' dir='ltr'>toti</span> <span class='ocrx_word' id='word_1_787' title='bbox 3436 5364 3681 5440; x_wconf 75' lang='lat' dir='ltr'>cavente</span> <span class='ocrx_word' id='word_1_788' title='bbox 3699 5376 3835 5441; x_wconf 76' lang='lat' dir='ltr'>gra-</span> 
     </span>
    </p>
   </div>
   <div class='ocr_carea' id='block_1_118' title="bbox 2168 5428 3837 5509">
    <p class='ocr_par' dir='ltr' id='par_1_118' title="bbox 2168 5428 3837 5509">
     <span class='ocr_line' id='line_1_118' title="bbox 2168 5428 3837 5509; baseline 0.002 -28"><span class='ocrx_word' id='word_1_789' title='bbox 2168 5428 2353 5509; x_wconf 62' lang='lat' dir='ltr'>viora,</span> <span class='ocrx_word' id='word_1_790' title='bbox 2382 5428 2488 5483; x_wconf 89' lang='lat' dir='ltr'>viri</span> <span class='ocrx_word' id='word_1_791' title='bbox 2514 5429 2573 5483; x_wconf 90' lang='lat' dir='ltr'>in</span> <span class='ocrx_word' id='word_1_792' title='bbox 2607 5430 2736 5500; x_wconf 88' lang='lat' dir='ltr'>ipso</span> <span class='ocrx_word' id='word_1_793' title='bbox 2770 5429 3380 5509; x_wconf 68' lang='lat' dir='ltr'>probati,quanquani</span> <span class='ocrx_word' id='word_1_794' title='bbox 3405 5445 3511 5509; x_wconf 76' lang='lat' dir='ltr'>per</span> <span class='ocrx_word' id='word_1_795' title='bbox 3541 5428 3837 5503; x_wconf 79' lang='lat' dir='ltr'>injuriam</span> 
     </span>
    </p>
   </div>
   <div class='ocr_carea' id='block_1_119' title="bbox 2170 5499 3840 5582">
    <p class='ocr_par' dir='ltr' id='par_1_119' title="bbox 2170 5499 3840 5582">
     <span class='ocr_line' id='line_1_119' title="bbox 2170 5499 3840 5582; baseline 0.002 -28"><span class='ocrx_word' id='word_1_796' title='bbox 2170 5499 2440 5582; x_wconf 74' lang='lat' dir='ltr'>alterius,</span> <span class='ocrx_word' id='word_1_797' title='bbox 2475 5499 2652 5582; x_wconf 76' lang='lat' dir='ltr'>quam</span> <span class='ocrx_word' id='word_1_798' title='bbox 2687 5500 3019 5582; x_wconf 40' lang='lat' dir='ltr'>prohibereh</span> <span class='ocrx_word' id='word_1_799' title='bbox 3042 5499 3165 5556; x_wconf 80' lang='lat' dir='ltr'>non</span> <span class='ocrx_word' id='word_1_800' title='bbox 3195 5499 3426 5582; x_wconf 60' lang='lat' dir='ltr'>posset,</span> <span class='ocrx_word' id='word_1_801' title='bbox 3451 5499 3511 5556; x_wconf 89' lang='lat' dir='ltr'>in</span> <span class='ocrx_word' id='word_1_802' title='bbox 3572 5499 3840 5573; x_wconf 77' lang='lat' dir='ltr'>patriar-</span> 
     </span>
    </p>
   </div>
   <div class='ocr_carea' id='block_1_120' title="bbox 2172 5570 3838 5654">
    <p class='ocr_par' dir='ltr' id='par_1_120' title="bbox 2172 5570 3838 5654">
     <span class='ocr_line' id='line_1_120' title="bbox 2172 5570 3838 5654; baseline 0.002 -30"><span class='ocrx_word' id='word_1_803' title='bbox 2172 5570 2791 5654; x_wconf 26' lang='lat' dir='ltr'>cham‘pro‘vectioneu</span> <span class='ocrx_word' id='word_1_804' title='bbox 2812 5574 2926 5628; x_wconf 83' lang='lat' dir='ltr'>Nec</span> <span class='ocrx_word' id='word_1_805' title='bbox 2980 5573 3164 5644; x_wconf 84' lang='lat' dir='ltr'>Cyrus</span> <span class='ocrx_word' id='word_1_806' title='bbox 3195 5570 3551 5654; x_wconf 42' lang='lat' dir='ltr'>_depo&#39;situs,</span> <span class='ocrx_word' id='word_1_807' title='bbox 3572 5570 3681 5628; x_wconf 45' lang='lat' dir='ltr'>‘iis</span> <span class='ocrx_word' id='word_1_808' title='bbox 3716 5576 3838 5628; x_wconf 82' lang='lat' dir='ltr'>cir-</span> 
     </span>
    </p>
   </div>
   <div class='ocr_carea' id='block_1_121' title="bbox 2172 5643 3842 5726">
    <p class='ocr_par' dir='ltr' id='par_1_121' title="bbox 2172 5643 3842 5726">
     <span class='ocr_line' id='line_1_121' title="bbox 2172 5643 3842 5726; baseline 0.003 -30"><span class='ocrx_word' id='word_1_809' title='bbox 2172 5644 2552 5726; x_wconf 67' lang='lat' dir='ltr'>cumstantiis</span> <span class='ocrx_word' id='word_1_810' title='bbox 2610 5643 2795 5726; x_wconf 68' lang='lat' dir='ltr'>videri</span> <span class='ocrx_word' id='word_1_811' title='bbox 2848 5643 3083 5726; x_wconf 79' lang='lat' dir='ltr'>poterat</span> <span class='ocrx_word' id='word_1_812' title='bbox 3136 5643 3576 5726; x_wconf 80' lang='lat' dir='ltr'>rationabiliter</span> <span class='ocrx_word' id='word_1_813' title='bbox 3606 5662 3716 5716; x_wconf 90' lang='lat' dir='ltr'>pro</span> <span class='ocrx_word' id='word_1_814' title='bbox 3770 5663 3842 5701; x_wconf 88' lang='lat' dir='ltr'>ea</span> 
     </span>
    </p>
   </div>
   <div class='ocr_carea' id='block_1_122' title="bbox 2160 5712 3844 5789">
    <p class='ocr_par' dir='ltr' id='par_1_122' title="bbox 2160 5712 3844 5789">
     <span class='ocr_line' id='line_1_122' title="bbox 2160 5712 3844 5789; baseline 0.004 -22"><span class='ocrx_word' id='word_1_815' title='bbox 2160 5712 2393 5789; x_wconf 75' lang='lat' dir='ltr'>invitus</span> <span class='ocrx_word' id='word_1_816' title='bbox 2427 5732 2441 5783; x_wconf 83' lang='lat'><strong>;</strong></span> <span class='ocrx_word' id='word_1_817' title='bbox 2478 5714 2711 5771; x_wconf 86' lang='lat' dir='ltr'>tametsi</span> <span class='ocrx_word' id='word_1_818' title='bbox 2745 5715 2827 5770; x_wconf 90' lang='lat' dir='ltr'>ita</span> <span class='ocrx_word' id='word_1_819' title='bbox 2849 5712 3075 5773; x_wconf 84' lang='lat' dir='ltr'>invitus</span> <span class='ocrx_word' id='word_1_820' title='bbox 3106 5732 3211 5789; x_wconf 87' lang='lat' dir='ltr'>pro</span> <span class='ocrx_word' id='word_1_821' title='bbox 3243 5732 3349 5789; x_wconf 86' lang='lat' dir='ltr'>sua</span> <span class='ocrx_word' id='word_1_822' title='bbox 3393 5713 3520 5788; x_wconf 88' lang='lat' dir='ltr'>ipse</span> <span class='ocrx_word' id='word_1_823' title='bbox 3551 5712 3844 5773; x_wconf 74' lang='lat' dir='ltr'>eiaucto-</span> 
     </span>
    </p>
   </div>
   <div class='ocr_carea' id='block_1_123' title="bbox 2174 5780 3434 5860">
    <p class='ocr_par' dir='ltr' id='par_1_123' title="bbox 2174 5780 3434 5860">
     <span class='ocr_line' id='line_1_123' title="bbox 2174 5780 3434 5860; baseline 0.006 -23"><span class='ocrx_word' id='word_1_824' title='bbox 2174 5780 2433 5852; x_wconf 78' lang='lat' dir='ltr'>ratione,</span> <span class='ocrx_word' id='word_1_825' title='bbox 2454 5803 2633 5856; x_wconf 85' lang='lat' dir='ltr'>quam</span> <span class='ocrx_word' id='word_1_826' title='bbox 2662 5802 2876 5858; x_wconf 84' lang='lat' dir='ltr'>passus</span> <span class='ocrx_word' id='word_1_827' title='bbox 2908 5794 3065 5845; x_wconf 86' lang='lat' dir='ltr'>esset</span> <span class='ocrx_word' id='word_1_828' title='bbox 3106 5780 3434 5860; x_wconf 62' lang='lat' dir='ltr'>lyrannice:</span> 
     </span>
    </p>
   </div>
  </div>
