  <div class='ocr_page' id='page_1' title='image "/cluster/home/n/w/nwhite01/storage/ocr_20150623/96:no.3/coo.31924054870005/727.png"; bbox 0 0 4074 6390; ppageno 0'>
   <div class='ocr_carea' id='block_1_1' title="bbox 439 410 578 465">
    <p class='ocr_par' dir='ltr' id='par_1_1' title="bbox 439 410 578 465">
     <span class='ocr_line' id='line_1_1' title="bbox 439 410 578 465; baseline -0.007 0"><span class='ocrx_word' id='word_1_1' title='bbox 439 410 578 465; x_wconf 77' lang='grc'><strong>1423</strong></span> 
     </span>
    </p>
   </div>
   <div class='ocr_carea' id='block_1_2' title="bbox 1659 406 2631 467">
    <p class='ocr_par' dir='ltr' id='par_1_2' title="bbox 1659 406 2631 467">
     <span class='ocr_line' id='line_1_2' title="bbox 1659 406 2631 467; baseline 0 -2"><span class='ocrx_word' id='word_1_2' title='bbox 1659 411 1967 467; x_wconf 78' lang='lat' dir='ltr'>JOANNIS</span> <span class='ocrx_word' id='word_1_3' title='bbox 2001 406 2485 466; x_wconf 69' lang='grc' dir='ltr'>ΡΑΤΒῙΔΒΟΗΕ</span> <span class='ocrx_word' id='word_1_4' title='bbox 2520 411 2631 467; x_wconf 82' lang='lat' dir='ltr'>CP.</span> 
     </span>
    </p>
   </div>
   <div class='ocr_carea' id='block_1_3' title="bbox 3732 410 3883 470">
    <p class='ocr_par' dir='ltr' id='par_1_3' title="bbox 3732 410 3883 470">
     <span class='ocr_line' id='line_1_3' title="bbox 3732 410 3883 470; baseline 0 0"><span class='ocrx_word' id='word_1_5' title='bbox 3732 410 3883 470; x_wconf 66' lang='lat' dir='ltr'>H26</span> 
     </span>
    </p>
   </div>
   <div class='ocr_carea' id='block_1_4' title="bbox 434 527 2088 613">
    <p class='ocr_par' dir='ltr' id='par_1_4' title="bbox 434 532 2088 607">
     <span class='ocr_line' id='line_1_4' title="bbox 434 532 2088 607; baseline -0.003 -15"><span class='ocrx_word' id='word_1_6' title='bbox 434 542 560 592; x_wconf 88' lang='lat' dir='ltr'>arte</span> <span class='ocrx_word' id='word_1_7' title='bbox 582 536 786 606; x_wconf 86' lang='lat' dir='ltr'>aliqua</span> <span class='ocrx_word' id='word_1_8' title='bbox 816 552 885 591; x_wconf 89' lang='lat' dir='ltr'>ac</span> <span class='ocrx_word' id='word_1_9' title='bbox 912 536 1116 591; x_wconf 75' lang='lat' dir='ltr'>subtili</span> <span class='ocrx_word' id='word_1_10' title='bbox 1149 535 1485 590; x_wconf 80' lang='lat' dir='ltr'>inventione</span> <span class='ocrx_word' id='word_1_11' title='bbox 1519 541 1785 607; x_wconf 82' lang='lat' dir='ltr'>excepta,</span> <span class='ocrx_word' id='word_1_12' title='bbox 1817 534 1965 590; x_wconf 91' lang='lat' dir='ltr'>dure</span> <span class='ocrx_word' id='word_1_13' title='bbox 1990 532 2088 589; x_wconf 89' lang='lat' dir='ltr'>ad-</span> 
     </span>
    </p>
   </div>
   <div class='ocr_carea' id='block_1_5' title="bbox 2196 527 3883 613">
    <p class='ocr_par' dir='ltr' id='par_1_5' title="bbox 2200 527 3883 613">
     <span class='ocr_line' id='line_1_5' title="bbox 2200 527 3883 613; baseline 0.004 -26"><span class='ocrx_word' id='word_1_14' title='bbox 2200 531 2457 608; x_wconf 80' lang='grc' dir='ltr'>σκληρῶς</span> <span class='ocrx_word' id='word_1_15' title='bbox 2514 527 2662 609; x_wconf 81' lang='grc' dir='ltr'>ἔχειν</span> <span class='ocrx_word' id='word_1_16' title='bbox 2726 534 2860 609; x_wconf 85' lang='grc' dir='ltr'>πρὸς</span> <span class='ocrx_word' id='word_1_17' title='bbox 2913 534 3015 604; x_wconf 72' lang='grc' dir='ltr'>τὴν</span> <span class='ocrx_word' id='word_1_18' title='bbox 3063 541 3166 605; x_wconf 77' lang='grc' dir='ltr'>τῆς</span> <span class='ocrx_word' id='word_1_19' title='bbox 3219 533 3465 607; x_wconf 71' lang='grc' dir='ltr'>ἐξουσίας</span> <span class='ocrx_word' id='word_1_20' title='bbox 3524 537 3778 613; x_wconf 71' lang='grc' dir='ltr'>ἀνάγκην</span> <span class='ocrx_word' id='word_1_21' title='bbox 3826 536 3883 594; x_wconf 75' lang='grc' dir='ltr'>έν</span> 
     </span>
    </p>
   </div>
   <div class='ocr_carea' id='block_1_6' title="bbox 431 624 2093 696">
    <p class='ocr_par' dir='ltr' id='par_1_6' title="bbox 431 624 2093 696">
     <span class='ocr_line' id='line_1_6' title="bbox 431 624 2093 696; baseline -0.001 -16"><span class='ocrx_word' id='word_1_22' title='bbox 431 625 677 680; x_wconf 88' lang='lat' dir='ltr'>modum</span> <span class='ocrx_word' id='word_1_23' title='bbox 710 626 1019 696; x_wconf 89' lang='lat' dir='ltr'>multaque</span> <span class='ocrx_word' id='word_1_24' title='bbox 1052 626 1501 680; x_wconf 85' lang='lat' dir='ltr'>exacerbatione</span> <span class='ocrx_word' id='word_1_25' title='bbox 1524 625 1849 681; x_wconf 79' lang='lat' dir='ltr'>habeamus</span> <span class='ocrx_word' id='word_1_26' title='bbox 1880 624 1952 680; x_wconf 91' lang='lat' dir='ltr'>ad</span> <span class='ocrx_word' id='word_1_27' title='bbox 1986 640 2093 695; x_wconf 94' lang='lat' dir='ltr'>po-</span> 
     </span>
    </p>
   </div>
   <div class='ocr_carea' id='block_1_7' title="bbox 437 712 2093 787">
    <p class='ocr_par' dir='ltr' id='par_1_7' title="bbox 437 712 2093 787">
     <span class='ocr_line' id='line_1_7' title="bbox 437 712 2093 787; baseline -0.002 -17"><span class='ocrx_word' id='word_1_28' title='bbox 437 716 640 770; x_wconf 82' lang='lat' dir='ltr'>tentiae</span> <span class='ocrx_word' id='word_1_29' title='bbox 663 716 1103 770; x_wconf 88' lang='lat' dir='ltr'>necessitatem.</span> <span class='ocrx_word' id='word_1_30' title='bbox 1119 717 1263 770; x_wconf 74' lang='lat' dir='ltr'>Nam</span> <span class='ocrx_word' id='word_1_31' title='bbox 1287 721 1346 769; x_wconf 90' lang='lat' dir='ltr'>et</span> <span class='ocrx_word' id='word_1_32' title='bbox 1366 716 1594 771; x_wconf 82' lang='lat' dir='ltr'>Nathan</span> <span class='ocrx_word' id='word_1_33' title='bbox 1609 716 1919 787; x_wconf 78' lang='lat' dir='ltr'>propheta,</span> <span class='ocrx_word' id='word_1_34' title='bbox 1934 712 2093 768; x_wconf 91' lang='lat' dir='ltr'>haud</span> 
     </span>
    </p>
   </div>
   <div class='ocr_carea' id='block_1_8' title="bbox 437 803 2091 876">
    <p class='ocr_par' dir='ltr' id='par_1_8' title="bbox 437 803 2091 876">
     <span class='ocr_line' id='line_1_8' title="bbox 437 803 2091 876; baseline -0.002 -16"><span class='ocrx_word' id='word_1_35' title='bbox 437 805 614 860; x_wconf 80' lang='lat' dir='ltr'>aliter</span> <span class='ocrx_word' id='word_1_36' title='bbox 631 821 806 875; x_wconf 88' lang='lat' dir='ltr'>quam</span> <span class='ocrx_word' id='word_1_37' title='bbox 838 805 1088 859; x_wconf 83' lang='lat' dir='ltr'>velatam</span> <span class='ocrx_word' id='word_1_38' title='bbox 1117 805 1647 875; x_wconf 78' lang='lat' dir='ltr'>reprehensionem</span> <span class='ocrx_word' id='word_1_39' title='bbox 1668 822 1771 876; x_wconf 87' lang='lat' dir='ltr'>pro</span> <span class='ocrx_word' id='word_1_40' title='bbox 1799 803 2091 859; x_wconf 89' lang='lat' dir='ltr'>adulterio</span> 
     </span>
    </p>
   </div>
   <div class='ocr_carea' id='block_1_9' title="bbox 437 893 2091 966">
    <p class='ocr_par' dir='ltr' id='par_1_9' title="bbox 437 893 2091 966">
     <span class='ocr_line' id='line_1_9' title="bbox 437 893 2091 966; baseline -0.002 -15"><span class='ocrx_word' id='word_1_41' title='bbox 437 912 506 951; x_wconf 87' lang='lat' dir='ltr'>ac</span> <span class='ocrx_word' id='word_1_42' title='bbox 538 895 858 950; x_wconf 89' lang='lat' dir='ltr'>homicidio</span> <span class='ocrx_word' id='word_1_43' title='bbox 909 894 1181 949; x_wconf 83' lang='lat' dir='ltr'>adhibuit</span> <span class='ocrx_word' id='word_1_44' title='bbox 1222 894 1449 961; x_wconf 87' lang='lat' dir='ltr'>Davidi,</span> <span class='ocrx_word' id='word_1_45' title='bbox 1503 911 1846 966; x_wconf 81' lang='lat' dir='ltr'>quanquam</span> <span class='ocrx_word' id='word_1_46' title='bbox 1880 900 1936 947; x_wconf 89' lang='lat' dir='ltr'>et</span> <span class='ocrx_word' id='word_1_47' title='bbox 1965 893 2091 963; x_wconf 90' lang='lat' dir='ltr'>ipse</span> 
     </span>
    </p>
   </div>
   <div class='ocr_carea' id='block_1_10' title="bbox 438 983 2092 1054">
    <p class='ocr_par' dir='ltr' id='par_1_10' title="bbox 438 983 2092 1054">
     <span class='ocr_line' id='line_1_10' title="bbox 438 983 2092 1054; baseline -0.002 -16"><span class='ocrx_word' id='word_1_48' title='bbox 438 984 834 1039; x_wconf 79' lang='lat' dir='ltr'>nihilominus</span> <span class='ocrx_word' id='word_1_49' title='bbox 887 983 1067 1038; x_wconf 86' lang='lat' dir='ltr'>David</span> <span class='ocrx_word' id='word_1_50' title='bbox 1098 983 1414 1038; x_wconf 88' lang='lat' dir='ltr'>decoratus</span> <span class='ocrx_word' id='word_1_51' title='bbox 1467 990 1628 1039; x_wconf 85' lang='lat' dir='ltr'>esset</span> <span class='ocrx_word' id='word_1_52' title='bbox 1658 983 1812 1038; x_wconf 91' lang='lat' dir='ltr'>dono</span> <span class='ocrx_word' id='word_1_53' title='bbox 1833 983 2092 1054; x_wconf 90' lang='lat' dir='ltr'>prophe-</span> 
     </span>
    </p>
   </div>
   <div class='ocr_carea' id='block_1_11' title="bbox 436 1069 2089 1144">
    <p class='ocr_par' dir='ltr' id='par_1_11' title="bbox 436 1069 2089 1144">
     <span class='ocr_line' id='line_1_11' title="bbox 436 1069 2089 1144; baseline -0.001 -17"><span class='ocrx_word' id='word_1_54' title='bbox 436 1073 576 1127; x_wconf 66' lang='lat' dir='ltr'>tiaa&#39;.</span> <span class='ocrx_word' id='word_1_55' title='bbox 606 1075 719 1127; x_wconf 89' lang='lat' dir='ltr'>Per</span> <span class='ocrx_word' id='word_1_56' title='bbox 739 1072 900 1127; x_wconf 89' lang='lat' dir='ltr'>hunc</span> <span class='ocrx_word' id='word_1_57' title='bbox 920 1072 1188 1140; x_wconf 87' lang='lat' dir='ltr'>modum,</span> <span class='ocrx_word' id='word_1_58' title='bbox 1218 1089 1327 1127; x_wconf 90' lang='lat' dir='ltr'>nos</span> <span class='ocrx_word' id='word_1_59' title='bbox 1346 1089 1582 1143; x_wconf 89' lang='lat' dir='ltr'>quoque</span> <span class='ocrx_word' id='word_1_60' title='bbox 1613 1089 1822 1144; x_wconf 89' lang='lat' dir='ltr'>parum</span> <span class='ocrx_word' id='word_1_61' title='bbox 1840 1069 2089 1142; x_wconf 84' lang='lat' dir='ltr'>aliquid,</span> 
     </span>
    </p>
   </div>
   <div class='ocr_carea' id='block_1_12' title="bbox 435 1160 2092 1233">
    <p class='ocr_par' dir='ltr' id='par_1_12' title="bbox 435 1160 2092 1233">
     <span class='ocr_line' id='line_1_12' title="bbox 435 1160 2092 1233; baseline -0.001 -17"><span class='ocrx_word' id='word_1_62' title='bbox 435 1162 597 1232; x_wconf 91' lang='lat' dir='ltr'>quod</span> <span class='ocrx_word' id='word_1_63' title='bbox 627 1162 711 1216; x_wconf 88' lang='lat' dir='ltr'>ait</span> <span class='ocrx_word' id='word_1_64' title='bbox 743 1177 993 1233; x_wconf 86' lang='lat' dir='ltr'>magnus</span> <span class='ocrx_word' id='word_1_65' title='bbox 1024 1162 1298 1230; x_wconf 85' lang='lat' dir='ltr'>Basilius,</span> <span class='ocrx_word' id='word_1_66' title='bbox 1322 1162 1427 1216; x_wconf 90' lang='lat' dir='ltr'>viri</span> <span class='ocrx_word' id='word_1_67' title='bbox 1461 1162 1727 1218; x_wconf 90' lang='lat' dir='ltr'>moribus</span> <span class='ocrx_word' id='word_1_68' title='bbox 1755 1160 2092 1217; x_wconf 87' lang='lat' dir='ltr'>cedendum</span> 
     </span>
    </p>
   </div>
   <div class='ocr_carea' id='block_1_13' title="bbox 433 1254 2091 1326">
    <p class='ocr_par' dir='ltr' id='par_1_13' title="bbox 433 1254 2091 1326">
     <span class='ocr_line' id='line_1_13' title="bbox 433 1254 2091 1326; baseline 0 -17"><span class='ocrx_word' id='word_1_69' title='bbox 433 1254 734 1323; x_wconf 87' lang='lat' dir='ltr'>duximus,</span> <span class='ocrx_word' id='word_1_70' title='bbox 755 1262 821 1309; x_wconf 89' lang='lat' dir='ltr'>ut</span> <span class='ocrx_word' id='word_1_71' title='bbox 841 1254 1137 1310; x_wconf 76' lang='lat' dir='ltr'>confessio</span> <span class='ocrx_word' id='word_1_72' title='bbox 1165 1256 1301 1311; x_wconf 87' lang='lat' dir='ltr'>ﬁdei</span> <span class='ocrx_word' id='word_1_73' title='bbox 1334 1256 1395 1309; x_wconf 92' lang='lat' dir='ltr'>in</span> <span class='ocrx_word' id='word_1_74' title='bbox 1426 1256 1520 1323; x_wconf 87' lang='lat' dir='ltr'>iis,</span> <span class='ocrx_word' id='word_1_75' title='bbox 1554 1272 1686 1326; x_wconf 66' lang='lat' dir='ltr'>quas</span> <span class='ocrx_word' id='word_1_76' title='bbox 1717 1259 2091 1310; x_wconf 86' lang='lat' dir='ltr'>momentum</span> 
     </span>
    </p>
   </div>
   <div class='ocr_carea' id='block_1_14' title="bbox 432 1343 2090 1412">
    <p class='ocr_par' dir='ltr' id='par_1_14' title="bbox 432 1343 2090 1412">
     <span class='ocr_line' id='line_1_14' title="bbox 432 1343 2090 1412; baseline 0 -14"><span class='ocrx_word' id='word_1_77' title='bbox 432 1344 742 1412; x_wconf 84' lang='lat' dir='ltr'>haberent,</span> <span class='ocrx_word' id='word_1_78' title='bbox 771 1345 864 1399; x_wconf 92' lang='lat' dir='ltr'>sin</span> <span class='ocrx_word' id='word_1_79' title='bbox 888 1345 1150 1411; x_wconf 88' lang='lat' dir='ltr'>vocibus,</span> <span class='ocrx_word' id='word_1_80' title='bbox 1185 1352 1245 1400; x_wconf 91' lang='lat' dir='ltr'>at</span> <span class='ocrx_word' id='word_1_81' title='bbox 1273 1344 1547 1399; x_wconf 82' lang='lat' dir='ltr'>sensibus</span> <span class='ocrx_word' id='word_1_82' title='bbox 1569 1344 1779 1399; x_wconf 82' lang='lat' dir='ltr'>saltem</span> <span class='ocrx_word' id='word_1_83' title='bbox 1805 1360 1873 1400; x_wconf 91' lang='lat' dir='ltr'>ac</span> <span class='ocrx_word' id='word_1_84' title='bbox 1903 1343 2090 1399; x_wconf 91' lang='lat' dir='ltr'>intel-</span> 
     </span>
    </p>
   </div>
   <div class='ocr_carea' id='block_1_15' title="bbox 428 1434 2091 1506">
    <p class='ocr_par' dir='ltr' id='par_1_15' title="bbox 428 1434 2091 1506">
     <span class='ocr_line' id='line_1_15' title="bbox 428 1434 2091 1506; baseline 0.001 -18"><span class='ocrx_word' id='word_1_85' title='bbox 428 1434 693 1506; x_wconf 87' lang='lat' dir='ltr'>ligentia,</span> <span class='ocrx_word' id='word_1_86' title='bbox 730 1434 1238 1488; x_wconf 84' lang='lat' dir='ltr'>incommutabilis</span> <span class='ocrx_word' id='word_1_87' title='bbox 1264 1434 1552 1504; x_wconf 83' lang='lat' dir='ltr'>firmaque</span> <span class='ocrx_word' id='word_1_88' title='bbox 1588 1440 1939 1490; x_wconf 84' lang='lat' dir='ltr'>servaretur.</span> <span class='ocrx_word' id='word_1_89' title='bbox 1974 1436 2091 1489; x_wconf 84' lang='lat' dir='ltr'>Nec</span> 
     </span>
    </p>
   </div>
   <div class='ocr_carea' id='block_1_16' title="bbox 432 1522 2089 1595">
    <p class='ocr_par' dir='ltr' id='par_1_16' title="bbox 432 1522 2089 1595">
     <span class='ocr_line' id='line_1_16' title="bbox 432 1522 2089 1595; baseline 0.001 -17"><span class='ocrx_word' id='word_1_90' title='bbox 432 1524 617 1585; x_wconf 85' lang='lat' dir='ltr'>enim,</span> <span class='ocrx_word' id='word_1_91' title='bbox 649 1529 716 1577; x_wconf 91' lang='lat' dir='ltr'>ut</span> <span class='ocrx_word' id='word_1_92' title='bbox 760 1522 981 1578; x_wconf 89' lang='lat' dir='ltr'>clamat</span> <span class='ocrx_word' id='word_1_93' title='bbox 1028 1524 1093 1577; x_wconf 92' lang='lat' dir='ltr'>D.</span> <span class='ocrx_word' id='word_1_94' title='bbox 1147 1524 1526 1595; x_wconf 72' lang='lat' dir='ltr'>Gregorius‘,</span> <span class='ocrx_word' id='word_1_95' title='bbox 1569 1548 1588 1572; x_wconf 75' lang='grc' dir='ltr'>α</span> <span class='ocrx_word' id='word_1_96' title='bbox 1644 1524 1869 1579; x_wconf 90' lang='lat' dir='ltr'>Veritas</span> <span class='ocrx_word' id='word_1_97' title='bbox 1916 1523 2089 1579; x_wconf 85' lang='lat' dir='ltr'>nobis</span> 
     </span>
    </p>
   </div>
   <div class='ocr_carea' id='block_1_17' title="bbox 431 1612 2085 1684">
    <p class='ocr_par' dir='ltr' id='par_1_17' title="bbox 431 1612 2085 1684">
     <span class='ocr_line' id='line_1_17' title="bbox 431 1612 2085 1684; baseline 0.001 -17"><span class='ocrx_word' id='word_1_98' title='bbox 431 1614 494 1667; x_wconf 90' lang='lat' dir='ltr'>in</span> <span class='ocrx_word' id='word_1_99' title='bbox 517 1612 761 1667; x_wconf 85' lang='lat' dir='ltr'>vocibus</span> <span class='ocrx_word' id='word_1_100' title='bbox 784 1616 883 1683; x_wconf 77' lang='lat'>(5),</span> <span class='ocrx_word' id='word_1_101' title='bbox 910 1613 1012 1666; x_wconf 85' lang='lat' dir='ltr'>sed</span> <span class='ocrx_word' id='word_1_102' title='bbox 1043 1612 1104 1666; x_wconf 92' lang='lat' dir='ltr'>in</span> <span class='ocrx_word' id='word_1_103' title='bbox 1140 1612 1317 1667; x_wconf 90' lang='lat' dir='ltr'>rebus</span> <span class='ocrx_word' id='word_1_104' title='bbox 1350 1613 1643 1668; x_wconf 86' lang='lat' dir='ltr'>consistit.</span> <span class='ocrx_word' id='word_1_105' title='bbox 1672 1633 1701 1663; x_wconf 85' lang='grc'><strong>››</strong></span> <span class='ocrx_word' id='word_1_106' title='bbox 1723 1614 2085 1684; x_wconf 87' lang='lat' dir='ltr'>Iterumque,</span> 
     </span>
    </p>
   </div>
   <div class='ocr_carea' id='block_1_18' title="bbox 430 1701 2088 1773">
    <p class='ocr_par' dir='ltr' id='par_1_18' title="bbox 430 1701 2088 1773">
     <span class='ocr_line' id='line_1_18' title="bbox 430 1701 2088 1773; baseline 0.004 -21"><span class='ocrx_word' id='word_1_107' title='bbox 430 1724 458 1752; x_wconf 91' lang='grc'>‹‹</span> <span class='ocrx_word' id='word_1_108' title='bbox 501 1701 676 1756; x_wconf 87' lang='lat' dir='ltr'>Valde</span> <span class='ocrx_word' id='word_1_109' title='bbox 704 1702 995 1756; x_wconf 91' lang='lat' dir='ltr'>obsonum</span> <span class='ocrx_word' id='word_1_110' title='bbox 1019 1718 1085 1757; x_wconf 89' lang='lat' dir='ltr'>ac</span> <span class='ocrx_word' id='word_1_111' title='bbox 1116 1708 1284 1773; x_wconf 89' lang='lat' dir='ltr'>turpe</span> <span class='ocrx_word' id='word_1_112' title='bbox 1309 1725 1336 1751; x_wconf 85' lang='grc'><strong>››</strong></span> <span class='ocrx_word' id='word_1_113' title='bbox 1368 1702 1614 1757; x_wconf 84' lang='lat' dir='ltr'>definit:</span> <span class='ocrx_word' id='word_1_114' title='bbox 1649 1724 1677 1753; x_wconf 88' lang='grc'><em>‹‹</em></span> <span class='ocrx_word' id='word_1_115' title='bbox 1712 1708 1778 1757; x_wconf 91' lang='lat' dir='ltr'>ut</span> <span class='ocrx_word' id='word_1_116' title='bbox 1796 1702 2088 1758; x_wconf 89' lang='lat' dir='ltr'>minutius</span> 
     </span>
    </p>
   </div>
   <div class='ocr_carea' id='block_1_19' title="bbox 426 1791 2089 1863">
    <p class='ocr_par' dir='ltr' id='par_1_19' title="bbox 426 1791 2089 1863">
     <span class='ocr_line' id='line_1_19' title="bbox 426 1791 2089 1863; baseline 0 -17"><span class='ocrx_word' id='word_1_117' title='bbox 426 1792 498 1847; x_wconf 92' lang='lat' dir='ltr'>de</span> <span class='ocrx_word' id='word_1_118' title='bbox 512 1808 720 1846; x_wconf 90' lang='lat' dir='ltr'>vocum</span> <span class='ocrx_word' id='word_1_119' title='bbox 743 1808 889 1846; x_wconf 90' lang='lat' dir='ltr'>sono</span> <span class='ocrx_word' id='word_1_120' title='bbox 918 1791 1337 1863; x_wconf 88' lang='lat' dir='ltr'>disceptemus.</span> <span class='ocrx_word' id='word_1_121' title='bbox 1366 1814 1394 1841; x_wconf 83' lang='lat'>»</span> <span class='ocrx_word' id='word_1_122' title='bbox 1419 1791 1529 1846; x_wconf 91' lang='lat' dir='ltr'>Sed</span> <span class='ocrx_word' id='word_1_123' title='bbox 1551 1796 1609 1846; x_wconf 95' lang='lat' dir='ltr'>et</span> <span class='ocrx_word' id='word_1_124' title='bbox 1624 1791 1985 1863; x_wconf 87' lang='lat' dir='ltr'>apostolicus</span> <span class='ocrx_word' id='word_1_125' title='bbox 2002 1792 2089 1846; x_wconf 88' lang='lat' dir='ltr'>vir</span> 
     </span>
    </p>
   </div>
   <div class='ocr_carea' id='block_1_20' title="bbox 426 1880 2082 1952">
    <p class='ocr_par' dir='ltr' id='par_1_20' title="bbox 426 1880 2082 1952">
     <span class='ocr_line' id='line_1_20' title="bbox 426 1880 2082 1952; baseline 0 -17"><span class='ocrx_word' id='word_1_126' title='bbox 426 1881 740 1951; x_wconf 84' lang='lat' dir='ltr'>Dionysius</span> <span class='ocrx_word' id='word_1_127' title='bbox 778 1880 1143 1952; x_wconf 84' lang='lat' dir='ltr'>Areopagita,</span> <span class='ocrx_word' id='word_1_128' title='bbox 1196 1902 1222 1931; x_wconf 87' lang='lat'>«</span> <span class='ocrx_word' id='word_1_129' title='bbox 1275 1881 1540 1936; x_wconf 90' lang='lat' dir='ltr'>alienum</span> <span class='ocrx_word' id='word_1_130' title='bbox 1598 1897 1632 1935; x_wconf 89' lang='lat' dir='ltr'>a</span> <span class='ocrx_word' id='word_1_131' title='bbox 1681 1880 1913 1936; x_wconf 86' lang='lat' dir='ltr'>ratione</span> <span class='ocrx_word' id='word_1_132' title='bbox 1946 1896 2082 1952; x_wconf 87' lang='lat' dir='ltr'>pro-</span> 
     </span>
    </p>
   </div>
   <div class='ocr_carea' id='block_1_21' title="bbox 426 1968 2087 2043">
    <p class='ocr_par' dir='ltr' id='par_1_21' title="bbox 426 1968 2087 2043">
     <span class='ocr_line' id='line_1_21' title="bbox 426 1968 2087 2043; baseline 0 -19"><span class='ocrx_word' id='word_1_133' title='bbox 426 1970 682 2037; x_wconf 85' lang='lat' dir='ltr'>nuntiat,</span> <span class='ocrx_word' id='word_1_134' title='bbox 707 1968 992 2040; x_wconf 90' lang='lat' dir='ltr'>rudisque</span> <span class='ocrx_word' id='word_1_135' title='bbox 1016 1970 1261 2043; x_wconf 83' lang='lat' dir='ltr'>ingenii,</span> <span class='ocrx_word' id='word_1_136' title='bbox 1287 1975 1353 2024; x_wconf 91' lang='lat' dir='ltr'>ut</span> <span class='ocrx_word' id='word_1_137' title='bbox 1375 1970 1509 2040; x_wconf 90' lang='lat' dir='ltr'>quis</span> <span class='ocrx_word' id='word_1_138' title='bbox 1541 1970 1797 2024; x_wconf 85' lang='lat' dir='ltr'>instituti</span> <span class='ocrx_word' id='word_1_139' title='bbox 1824 1970 1938 2025; x_wconf 88' lang='lat' dir='ltr'>vim</span> <span class='ocrx_word' id='word_1_140' title='bbox 1965 1986 2087 2024; x_wconf 90' lang='lat' dir='ltr'>non</span> 
     </span>
    </p>
   </div>
   <div class='ocr_carea' id='block_1_22' title="bbox 424 2059 2086 2131">
    <p class='ocr_par' dir='ltr' id='par_1_22' title="bbox 424 2059 2086 2131">
     <span class='ocr_line' id='line_1_22' title="bbox 424 2059 2086 2131; baseline -0.001 -16"><span class='ocrx_word' id='word_1_141' title='bbox 424 2059 826 2125; x_wconf 85' lang='lat' dir='ltr'>attendat,sed</span> <span class='ocrx_word' id='word_1_142' title='bbox 848 2060 1061 2125; x_wconf 84' lang='lat' dir='ltr'>verba;</span> <span class='ocrx_word' id='word_1_143' title='bbox 1092 2080 1112 2108; x_wconf 72' lang='grc' dir='ltr'>α</span> <span class='ocrx_word' id='word_1_144' title='bbox 1140 2060 1339 2130; x_wconf 91' lang='lat' dir='ltr'>aitque</span> <span class='ocrx_word' id='word_1_145' title='bbox 1364 2083 1383 2109; x_wconf 74' lang='grc' dir='ltr'><strong>ι</strong></span> <span class='ocrx_word' id='word_1_146' title='bbox 1408 2076 1531 2114; x_wconf 93' lang='lat' dir='ltr'>non</span> <span class='ocrx_word' id='word_1_147' title='bbox 1556 2076 1759 2115; x_wconf 91' lang='lat' dir='ltr'>eorum</span> <span class='ocrx_word' id='word_1_148' title='bbox 1779 2059 2086 2131; x_wconf 90' lang='lat' dir='ltr'>proprium</span> 
     </span>
    </p>
   </div>
   <div class='ocr_carea' id='block_1_23' title="bbox 433 2148 2088 2221">
    <p class='ocr_par' dir='ltr' id='par_1_23' title="bbox 433 2148 2088 2221">
     <span class='ocr_line' id='line_1_23' title="bbox 433 2148 2088 2221; baseline 0 -18"><span class='ocrx_word' id='word_1_149' title='bbox 433 2165 563 2203; x_wconf 91' lang='lat' dir='ltr'>esse</span> <span class='ocrx_word' id='word_1_150' title='bbox 591 2149 693 2219; x_wconf 89' lang='lat' dir='ltr'>qui</span> <span class='ocrx_word' id='word_1_151' title='bbox 724 2148 923 2203; x_wconf 89' lang='lat' dir='ltr'>divina</span> <span class='ocrx_word' id='word_1_152' title='bbox 952 2148 1285 2221; x_wconf 79' lang='lat' dir='ltr'>intelligere</span> <span class='ocrx_word' id='word_1_153' title='bbox 1313 2148 1580 2219; x_wconf 91' lang='lat' dir='ltr'>cupiunt,</span> <span class='ocrx_word' id='word_1_154' title='bbox 1612 2148 1716 2203; x_wconf 91' lang='lat' dir='ltr'>sed</span> <span class='ocrx_word' id='word_1_155' title='bbox 1748 2164 1953 2203; x_wconf 89' lang='lat' dir='ltr'>eorum</span> <span class='ocrx_word' id='word_1_156' title='bbox 1986 2149 2088 2220; x_wconf 89' lang='lat' dir='ltr'>qui</span> 
     </span>
    </p>
   </div>
   <div class='ocr_carea' id='block_1_24' title="bbox 432 2237 2088 2307">
    <p class='ocr_par' dir='ltr' id='par_1_24' title="bbox 432 2237 2088 2307">
     <span class='ocr_line' id='line_1_24' title="bbox 432 2237 2088 2307; baseline 0 -15"><span class='ocrx_word' id='word_1_157' title='bbox 432 2254 612 2292; x_wconf 91' lang='lat' dir='ltr'>sonos</span> <span class='ocrx_word' id='word_1_158' title='bbox 644 2237 838 2291; x_wconf 91' lang='lat' dir='ltr'>nudos</span> <span class='ocrx_word' id='word_1_159' title='bbox 870 2242 1131 2307; x_wconf 88' lang='lat' dir='ltr'>captant,</span> <span class='ocrx_word' id='word_1_160' title='bbox 1179 2253 1401 2307; x_wconf 90' lang='lat' dir='ltr'>eosque</span> <span class='ocrx_word' id='word_1_161' title='bbox 1448 2252 1589 2291; x_wconf 86' lang='lat' dir='ltr'>aure</span> <span class='ocrx_word' id='word_1_162' title='bbox 1646 2243 1839 2303; x_wconf 90' lang='lat' dir='ltr'>tenus,</span> <span class='ocrx_word' id='word_1_163' title='bbox 1873 2244 1938 2292; x_wconf 91' lang='lat' dir='ltr'>ut</span> <span class='ocrx_word' id='word_1_164' title='bbox 1968 2254 2088 2293; x_wconf 88' lang='lat' dir='ltr'>non</span> 
     </span>
    </p>
   </div>
   <div class='ocr_carea' id='block_1_25' title="bbox 430 2324 2087 2397">
    <p class='ocr_par' dir='ltr' id='par_1_25' title="bbox 430 2324 2087 2397">
     <span class='ocr_line' id='line_1_25' title="bbox 430 2324 2087 2397; baseline 0 -16"><span class='ocrx_word' id='word_1_165' title='bbox 430 2330 750 2397; x_wconf 88' lang='lat' dir='ltr'>penetrent</span> <span class='ocrx_word' id='word_1_166' title='bbox 777 2342 846 2380; x_wconf 86' lang='lat' dir='ltr'>ac</span> <span class='ocrx_word' id='word_1_167' title='bbox 872 2324 1070 2380; x_wconf 88' lang='lat' dir='ltr'>animo</span> <span class='ocrx_word' id='word_1_168' title='bbox 1101 2326 1509 2393; x_wconf 87' lang='lat' dir='ltr'>insinuentur,</span> <span class='ocrx_word' id='word_1_169' title='bbox 1541 2326 1914 2381; x_wconf 84' lang='lat' dir='ltr'>extrinsecus</span> <span class='ocrx_word' id='word_1_170' title='bbox 1946 2343 2087 2381; x_wconf 90' lang='lat' dir='ltr'>con-</span> 
     </span>
    </p>
   </div>
   <div class='ocr_carea' id='block_1_26' title="bbox 428 2413 2090 2485">
    <p class='ocr_par' dir='ltr' id='par_1_26' title="bbox 428 2413 2090 2485">
     <span class='ocr_line' id='line_1_26' title="bbox 428 2413 2090 2485; baseline 0.001 -16"><span class='ocrx_word' id='word_1_171' title='bbox 428 2415 644 2483; x_wconf 84' lang='lat' dir='ltr'>tinent,</span> <span class='ocrx_word' id='word_1_172' title='bbox 679 2431 790 2469; x_wconf 92' lang='lat' dir='ltr'>nec</span> <span class='ocrx_word' id='word_1_173' title='bbox 814 2414 967 2469; x_wconf 89' lang='lat' dir='ltr'>scire</span> <span class='ocrx_word' id='word_1_174' title='bbox 998 2413 1223 2482; x_wconf 87' lang='lat' dir='ltr'>volunt,</span> <span class='ocrx_word' id='word_1_175' title='bbox 1255 2414 1543 2485; x_wconf 89' lang='lat' dir='ltr'>quidnam</span> <span class='ocrx_word' id='word_1_176' title='bbox 1570 2415 1683 2470; x_wconf 89' lang='lat' dir='ltr'>hoc</span> <span class='ocrx_word' id='word_1_177' title='bbox 1712 2414 1953 2470; x_wconf 91' lang='lat' dir='ltr'>verbum</span> <span class='ocrx_word' id='word_1_178' title='bbox 1985 2415 2090 2471; x_wconf 91' lang='lat' dir='ltr'>de-</span> 
     </span>
    </p>
   </div>
   <div class='ocr_carea' id='block_1_27' title="bbox 429 2502 2086 2575">
    <p class='ocr_par' dir='ltr' id='par_1_27' title="bbox 429 2502 2086 2575">
     <span class='ocr_line' id='line_1_27' title="bbox 429 2502 2086 2575; baseline 0.001 -17"><span class='ocrx_word' id='word_1_179' title='bbox 429 2503 635 2572; x_wconf 88' lang='lat' dir='ltr'>claret,</span> <span class='ocrx_word' id='word_1_180' title='bbox 669 2520 737 2557; x_wconf 88' lang='lat' dir='ltr'>ac</span> <span class='ocrx_word' id='word_1_181' title='bbox 788 2519 1048 2574; x_wconf 89' lang='lat' dir='ltr'>quonam</span> <span class='ocrx_word' id='word_1_182' title='bbox 1095 2502 1273 2557; x_wconf 92' lang='lat' dir='ltr'>modo</span> <span class='ocrx_word' id='word_1_183' title='bbox 1322 2503 1455 2558; x_wconf 89' lang='lat' dir='ltr'>aliis</span> <span class='ocrx_word' id='word_1_184' title='bbox 1507 2503 1684 2559; x_wconf 88' lang='lat' dir='ltr'>etiam</span> <span class='ocrx_word' id='word_1_185' title='bbox 1730 2503 1923 2559; x_wconf 88' lang='lat' dir='ltr'>verbis</span> <span class='ocrx_word' id='word_1_186' title='bbox 1954 2521 2086 2575; x_wconf 67' lang='lat' dir='ltr'>qua)</span> 
     </span>
    </p>
   </div>
   <div class='ocr_carea' id='block_1_28' title="bbox 424 2590 2086 2664">
    <p class='ocr_par' dir='ltr' id='par_1_28' title="bbox 424 2590 2086 2664">
     <span class='ocr_line' id='line_1_28' title="bbox 424 2590 2086 2664; baseline -0.002 -17"><span class='ocrx_word' id='word_1_187' title='bbox 424 2590 587 2648; x_wconf 89' lang='lat' dir='ltr'>idem</span> <span class='ocrx_word' id='word_1_188' title='bbox 602 2592 943 2647; x_wconf 85' lang='lat' dir='ltr'>efﬁciantac</span> <span class='ocrx_word' id='word_1_189' title='bbox 957 2592 1172 2647; x_wconf 91' lang='lat' dir='ltr'>melius</span> <span class='ocrx_word' id='word_1_190' title='bbox 1185 2591 1492 2647; x_wconf 89' lang='lat' dir='ltr'>declarent</span> <span class='ocrx_word' id='word_1_191' title='bbox 1505 2593 1941 2664; x_wconf 89' lang='lat' dir='ltr'>explanandum</span> <span class='ocrx_word' id='word_1_192' title='bbox 1952 2594 2046 2649; x_wconf 92' lang='lat' dir='ltr'>sit.</span> <span class='ocrx_word' id='word_1_193' title='bbox 2058 2616 2086 2645; x_wconf 86' lang='lat'>»</span> 
     </span>
    </p>
   </div>
   <div class='ocr_carea' id='block_1_29' title="bbox 426 2681 2086 2756">
    <p class='ocr_par' dir='ltr' id='par_1_29' title="bbox 426 2681 2086 2756">
     <span class='ocr_line' id='line_1_29' title="bbox 426 2681 2086 2756; baseline 0.002 -19"><span class='ocrx_word' id='word_1_194' title='bbox 426 2684 609 2737; x_wconf 90' lang='lat' dir='ltr'>Porro</span> <span class='ocrx_word' id='word_1_195' title='bbox 634 2681 759 2737; x_wconf 75' lang='lat' dir='ltr'>ham</span> <span class='ocrx_word' id='word_1_196' title='bbox 791 2681 1065 2748; x_wconf 88' lang='lat' dir='ltr'>dicimus,</span> <span class='ocrx_word' id='word_1_197' title='bbox 1100 2699 1220 2736; x_wconf 90' lang='lat' dir='ltr'>non</span> <span class='ocrx_word' id='word_1_198' title='bbox 1262 2681 1429 2752; x_wconf 91' lang='lat' dir='ltr'>quasi</span> <span class='ocrx_word' id='word_1_199' title='bbox 1461 2699 1631 2737; x_wconf 87' lang='lat' dir='ltr'>voces</span> <span class='ocrx_word' id='word_1_200' title='bbox 1644 2683 1772 2755; x_wconf 84' lang='lat' dir='ltr'>jam</span> <span class='ocrx_word' id='word_1_201' title='bbox 1804 2684 2086 2756; x_wconf 82' lang='lat' dir='ltr'>synodico</span> 
     </span>
    </p>
   </div>
   <div class='ocr_carea' id='block_1_30' title="bbox 423 2771 2088 2844">
    <p class='ocr_par' dir='ltr' id='par_1_30' title="bbox 423 2771 2088 2844">
     <span class='ocr_line' id='line_1_30' title="bbox 423 2771 2088 2844; baseline 0.003 -19"><span class='ocrx_word' id='word_1_202' title='bbox 423 2771 806 2843; x_wconf 68' lang='lat' dir='ltr'>prtescriptas</span> <span class='ocrx_word' id='word_1_203' title='bbox 840 2771 1178 2826; x_wconf 86' lang='lat' dir='ltr'>subvertere</span> <span class='ocrx_word' id='word_1_204' title='bbox 1209 2771 1478 2842; x_wconf 86' lang='lat' dir='ltr'>velimus,</span> <span class='ocrx_word' id='word_1_205' title='bbox 1514 2790 1780 2844; x_wconf 91' lang='lat' dir='ltr'>quasque</span> <span class='ocrx_word' id='word_1_206' title='bbox 1810 2773 2088 2831; x_wconf 87' lang='lat' dir='ltr'>universa</span> 
     </span>
    </p>
   </div>
   <div class='ocr_carea' id='block_1_31' title="bbox 423 2861 2082 2933">
    <p class='ocr_par' dir='ltr' id='par_1_31' title="bbox 423 2861 2082 2933">
     <span class='ocr_line' id='line_1_31' title="bbox 423 2861 2082 2933; baseline 0.002 -18"><span class='ocrx_word' id='word_1_207' title='bbox 423 2861 529 2915; x_wconf 90' lang='lat' dir='ltr'>Dei</span> <span class='ocrx_word' id='word_1_208' title='bbox 554 2861 817 2916; x_wconf 88' lang='lat' dir='ltr'>Ecclesia</span> <span class='ocrx_word' id='word_1_209' title='bbox 848 2877 957 2931; x_wconf 91' lang='lat' dir='ltr'>per</span> <span class='ocrx_word' id='word_1_210' title='bbox 989 2861 1231 2933; x_wconf 88' lang='lat' dir='ltr'>longum</span> <span class='ocrx_word' id='word_1_211' title='bbox 1276 2867 1510 2933; x_wconf 89' lang='lat' dir='ltr'>tempus</span> <span class='ocrx_word' id='word_1_212' title='bbox 1537 2862 1619 2917; x_wconf 88' lang='lat' dir='ltr'>ita</span> <span class='ocrx_word' id='word_1_213' title='bbox 1648 2863 1923 2919; x_wconf 86' lang='lat' dir='ltr'>confessa</span> <span class='ocrx_word' id='word_1_214' title='bbox 1952 2868 2082 2932; x_wconf 91' lang='lat' dir='ltr'>est;</span> 
     </span>
    </p>
   </div>
   <div class='ocr_carea' id='block_1_32' title="bbox 422 2950 2087 3021">
    <p class='ocr_par' dir='ltr' id='par_1_32' title="bbox 422 2950 2087 3021">
     <span class='ocr_line' id='line_1_32' title="bbox 422 2950 2087 3021; baseline 0.002 -17"><span class='ocrx_word' id='word_1_215' title='bbox 422 2956 489 3004; x_wconf 90' lang='lat' dir='ltr'>ut</span> <span class='ocrx_word' id='word_1_216' title='bbox 516 2950 801 3005; x_wconf 87' lang='lat' dir='ltr'>nimirum</span> <span class='ocrx_word' id='word_1_217' title='bbox 835 2950 895 3004; x_wconf 92' lang='lat' dir='ltr'>in</span> <span class='ocrx_word' id='word_1_218' title='bbox 928 2951 1211 3021; x_wconf 86' lang='lat' dir='ltr'>mysterio</span> <span class='ocrx_word' id='word_1_219' title='bbox 1245 2951 1681 3007; x_wconf 88' lang='lat' dir='ltr'>incarnationis</span> <span class='ocrx_word' id='word_1_220' title='bbox 1710 2953 1951 3021; x_wconf 85' lang='lat' dir='ltr'>Christi,</span> <span class='ocrx_word' id='word_1_221' title='bbox 1985 2970 2087 3009; x_wconf 89' lang='lat' dir='ltr'>na-</span> 
     </span>
    </p>
   </div>
   <div class='ocr_carea' id='block_1_33' title="bbox 422 3038 2086 3111">
    <p class='ocr_par' dir='ltr' id='par_1_33' title="bbox 422 3038 2086 3111">
     <span class='ocr_line' id='line_1_33' title="bbox 422 3038 2086 3111; baseline 0.001 -17"><span class='ocrx_word' id='word_1_222' title='bbox 422 3039 647 3094; x_wconf 85' lang='lat' dir='ltr'>turales</span> <span class='ocrx_word' id='word_1_223' title='bbox 678 3040 826 3094; x_wconf 89' lang='lat' dir='ltr'>duas</span> <span class='ocrx_word' id='word_1_224' title='bbox 848 3039 1203 3108; x_wconf 87' lang='lat' dir='ltr'>voluntates,</span> <span class='ocrx_word' id='word_1_225' title='bbox 1229 3038 1496 3109; x_wconf 86' lang='lat' dir='ltr'>duasque</span> <span class='ocrx_word' id='word_1_226' title='bbox 1520 3041 1900 3111; x_wconf 88' lang='lat' dir='ltr'>operationes</span> <span class='ocrx_word' id='word_1_227' title='bbox 1919 3048 2086 3097; x_wconf 90' lang='lat' dir='ltr'>natu-</span> 
     </span>
    </p>
   </div>
   <div class='ocr_carea' id='block_1_34' title="bbox 419 3129 2086 3200">
    <p class='ocr_par' dir='ltr' id='par_1_34' title="bbox 419 3129 2086 3200">
     <span class='ocr_line' id='line_1_34' title="bbox 419 3129 2086 3200; baseline 0.001 -17"><span class='ocrx_word' id='word_1_228' title='bbox 419 3129 599 3197; x_wconf 87' lang='lat' dir='ltr'>rales,</span> <span class='ocrx_word' id='word_1_229' title='bbox 626 3129 800 3200; x_wconf 85' lang='lat' dir='ltr'>juxta</span> <span class='ocrx_word' id='word_1_230' title='bbox 832 3129 996 3199; x_wconf 91' lang='lat' dir='ltr'>pium</span> <span class='ocrx_word' id='word_1_231' title='bbox 1014 3145 1082 3184; x_wconf 90' lang='lat' dir='ltr'>ac</span> <span class='ocrx_word' id='word_1_232' title='bbox 1112 3134 1321 3183; x_wconf 90' lang='lat' dir='ltr'>notum</span> <span class='ocrx_word' id='word_1_233' title='bbox 1352 3130 1575 3185; x_wconf 88' lang='lat' dir='ltr'>sanctis</span> <span class='ocrx_word' id='word_1_234' title='bbox 1607 3129 1885 3185; x_wconf 88' lang='lat' dir='ltr'>Patribus</span> <span class='ocrx_word' id='word_1_235' title='bbox 1914 3129 2086 3186; x_wconf 86' lang='lat' dir='ltr'>intel-</span> 
     </span>
    </p>
   </div>
   <div class='ocr_carea' id='block_1_35' title="bbox 419 3217 2085 3290">
    <p class='ocr_par' dir='ltr' id='par_1_35' title="bbox 419 3217 2085 3290">
     <span class='ocr_line' id='line_1_35' title="bbox 419 3217 2085 3290; baseline 0.001 -17"><span class='ocrx_word' id='word_1_236' title='bbox 419 3217 667 3286; x_wconf 89' lang='lat' dir='ltr'>lectum,</span> <span class='ocrx_word' id='word_1_237' title='bbox 701 3217 1010 3287; x_wconf 87' lang='lat' dir='ltr'>dicamus;</span> <span class='ocrx_word' id='word_1_238' title='bbox 1043 3218 1147 3272; x_wconf 91' lang='lat' dir='ltr'>sed</span> <span class='ocrx_word' id='word_1_239' title='bbox 1180 3222 1411 3273; x_wconf 84' lang='lat' dir='ltr'>tantum</span> <span class='ocrx_word' id='word_1_240' title='bbox 1436 3219 1827 3289; x_wconf 89' lang='lat' dir='ltr'>respicientes</span> <span class='ocrx_word' id='word_1_241' title='bbox 1857 3218 1932 3274; x_wconf 90' lang='lat' dir='ltr'>ad</span> <span class='ocrx_word' id='word_1_242' title='bbox 1956 3237 2085 3290; x_wconf 78' lang='lat' dir='ltr'>per-</span> 
     </span>
    </p>
   </div>
   <div class='ocr_carea' id='block_1_36' title="bbox 2195 621 3887 704">
    <p class='ocr_par' dir='ltr' id='par_1_36' title="bbox 2195 621 3887 704">
     <span class='ocr_line' id='line_1_36' title="bbox 2195 621 3887 704; baseline 0.004 -28"><span class='ocrx_word' id='word_1_243' title='bbox 2195 626 2315 684; x_wconf 89' lang='grc' dir='ltr'>τοῖς</span> <span class='ocrx_word' id='word_1_244' title='bbox 2346 622 2642 692; x_wconf 79' lang='grc' dir='ltr'>τοιούτοις,</span> <span class='ocrx_word' id='word_1_245' title='bbox 2676 621 2801 679; x_wconf 77' lang='grc' dir='ltr'>ἄνευ</span> <span class='ocrx_word' id='word_1_246' title='bbox 2850 624 3001 687; x_wconf 86' lang='grc' dir='ltr'>τινὸς</span> <span class='ocrx_word' id='word_1_247' title='bbox 3053 622 3253 701; x_wconf 78' lang='grc' dir='ltr'>τέχνης</span> <span class='ocrx_word' id='word_1_248' title='bbox 3311 625 3401 681; x_wconf 77' lang='grc' dir='ltr'>καὶ</span> <span class='ocrx_word' id='word_1_249' title='bbox 3436 628 3722 704; x_wconf 79' lang='grc' dir='ltr'>περινοίας</span> <span class='ocrx_word' id='word_1_250' title='bbox 3746 639 3887 693; x_wconf 78' lang='grc' dir='ltr'>καθ-</span> 
     </span>
    </p>
   </div>
   <div class='ocr_carea' id='block_1_37' title="bbox 2199 708 3887 795">
    <p class='ocr_par' dir='ltr' id='par_1_37' title="bbox 2199 708 3887 795">
     <span class='ocr_line' id='line_1_37' title="bbox 2199 708 3887 795; baseline 0.005 -30"><span class='ocrx_word' id='word_1_251' title='bbox 2199 711 2422 781; x_wconf 83' lang='grc' dir='ltr'>έστηκεν</span> <span class='ocrx_word' id='word_1_252' title='bbox 2453 708 2708 787; x_wconf 76' lang='grc' dir='ltr'>εὐμαρές.</span> <span class='ocrx_word' id='word_1_253' title='bbox 2773 713 2925 769; x_wconf 79' lang='grc' dir='ltr'>Ἐπεὶ</span> <span class='ocrx_word' id='word_1_254' title='bbox 2983 712 3075 769; x_wconf 83' lang='grc' dir='ltr'>καὶ</span> <span class='ocrx_word' id='word_1_255' title='bbox 3135 714 3317 770; x_wconf 77' lang='grc' dir='ltr'>Νάθαν</span> <span class='ocrx_word' id='word_1_256' title='bbox 3352 716 3381 770; x_wconf 98' lang='lat'>6</span> <span class='ocrx_word' id='word_1_257' title='bbox 3412 718 3738 795; x_wconf 69' lang='grc' dir='ltr'>προφήτης,</span> <span class='ocrx_word' id='word_1_258' title='bbox 3779 716 3887 774; x_wconf 73' lang='grc' dir='ltr'>οὐκ</span> 
     </span>
    </p>
   </div>
   <div class='ocr_carea' id='block_1_38' title="bbox 2200 798 3882 883">
    <p class='ocr_par' dir='ltr' id='par_1_38' title="bbox 2200 798 3882 883">
     <span class='ocr_line' id='line_1_38' title="bbox 2200 798 3882 883; baseline 0.005 -28"><span class='ocrx_word' id='word_1_259' title='bbox 2200 798 2640 876; x_wconf 74' lang='grc' dir='ltr'>ἄπερικάλυπτον</span> <span class='ocrx_word' id='word_1_260' title='bbox 2696 802 2789 858; x_wconf 87' lang='grc' dir='ltr'>τὸν</span> <span class='ocrx_word' id='word_1_261' title='bbox 2851 799 3090 879; x_wconf 79' lang='grc' dir='ltr'>ἔλεγχον</span> <span class='ocrx_word' id='word_1_262' title='bbox 3147 803 3242 859; x_wconf 82' lang='grc' dir='ltr'>τὸν</span> <span class='ocrx_word' id='word_1_263' title='bbox 3299 805 3572 880; x_wconf 79' lang='grc' dir='ltr'>περὶτῆς</span> <span class='ocrx_word' id='word_1_264' title='bbox 3605 807 3882 883; x_wconf 77' lang='grc' dir='ltr'>μοιχείας</span> 
     </span>
    </p>
   </div>
   <div class='ocr_carea' id='block_1_39' title="bbox 2196 888 3875 968">
    <p class='ocr_par' dir='ltr' id='par_1_39' title="bbox 2196 888 3875 968">
     <span class='ocr_line' id='line_1_39' title="bbox 2196 888 3875 968; baseline 0.003 -24"><span class='ocrx_word' id='word_1_265' title='bbox 2196 910 2255 944; x_wconf 88' lang='grc' dir='ltr'>τε</span> <span class='ocrx_word' id='word_1_266' title='bbox 2282 888 2500 944; x_wconf 76' lang='grc' dir='ltr'>καὶτοῦ</span> <span class='ocrx_word' id='word_1_267' title='bbox 2559 890 2724 968; x_wconf 76' lang='grc' dir='ltr'>φόνου</span> <span class='ocrx_word' id='word_1_268' title='bbox 2781 893 3103 967; x_wconf 67' lang='grc' dir='ltr'>προσήγαγε</span> <span class='ocrx_word' id='word_1_269' title='bbox 3156 896 3235 965; x_wconf 84' lang='grc' dir='ltr'>τῷ</span> <span class='ocrx_word' id='word_1_270' title='bbox 3292 890 3483 949; x_wconf 75' lang='grc' dir='ltr'>Δαϐίδο</span> <span class='ocrx_word' id='word_1_271' title='bbox 3544 894 3729 949; x_wconf 82' lang='grc' dir='ltr'>καίτοι</span> <span class='ocrx_word' id='word_1_272' title='bbox 3776 896 3875 950; x_wconf 76' lang='grc' dir='ltr'>καὶ</span> 
     </span>
    </p>
   </div>
   <div class='ocr_carea' id='block_1_40' title="bbox 2199 975 3878 1061">
    <p class='ocr_par' dir='ltr' id='par_1_40' title="bbox 2199 975 3878 1061">
     <span class='ocr_line' id='line_1_40' title="bbox 2199 975 3878 1061; baseline 0.004 -27"><span class='ocrx_word' id='word_1_273' title='bbox 2199 979 2365 1035; x_wconf 80' lang='grc' dir='ltr'>αὐτοῦ</span> <span class='ocrx_word' id='word_1_274' title='bbox 2393 984 2491 1035; x_wconf 75' lang='grc' dir='ltr'>τοῦ</span> <span class='ocrx_word' id='word_1_275' title='bbox 2523 975 2693 1037; x_wconf 76' lang='grc' dir='ltr'>Δαϐἱδ</span> <span class='ocrx_word' id='word_1_276' title='bbox 2734 985 3067 1061; x_wconf 80' lang='grc' dir='ltr'>προφητικῷ</span> <span class='ocrx_word' id='word_1_277' title='bbox 3112 984 3490 1058; x_wconf 69' lang='grc' dir='ltr'>τετιμημένου</span> <span class='ocrx_word' id='word_1_278' title='bbox 3538 984 3878 1061; x_wconf 84' lang='grc' dir='ltr'>χαρίσματι.</span> 
     </span>
    </p>
   </div>
   <div class='ocr_carea' id='block_1_41' title="bbox 2200 1067 3882 1150">
    <p class='ocr_par' dir='ltr' id='par_1_41' title="bbox 2200 1067 3882 1150">
     <span class='ocr_line' id='line_1_41' title="bbox 2200 1067 3882 1150; baseline 0.003 -26"><span class='ocrx_word' id='word_1_279' title='bbox 2200 1067 2348 1124; x_wconf 76' lang='grc' dir='ltr'>Κατὰ</span> <span class='ocrx_word' id='word_1_280' title='bbox 2376 1073 2560 1139; x_wconf 77' lang='grc' dir='ltr'>τοῦτο,</span> <span class='ocrx_word' id='word_1_281' title='bbox 2616 1069 2707 1125; x_wconf 77' lang='grc' dir='ltr'>καὶ</span> <span class='ocrx_word' id='word_1_282' title='bbox 2764 1073 2953 1145; x_wconf 76' lang='grc' dir='ltr'>ἡμεῖς,</span> <span class='ocrx_word' id='word_1_283' title='bbox 3012 1070 3146 1145; x_wconf 74' lang='grc' dir='ltr'>ὅπερ</span> <span class='ocrx_word' id='word_1_284' title='bbox 3204 1071 3367 1149; x_wconf 78' lang='grc' dir='ltr'>φησὶν</span> <span class='ocrx_word' id='word_1_285' title='bbox 3419 1073 3447 1129; x_wconf 90' lang='lat'>6</span> <span class='ocrx_word' id='word_1_286' title='bbox 3497 1073 3673 1150; x_wconf 78' lang='grc' dir='ltr'>μέγας</span> <span class='ocrx_word' id='word_1_287' title='bbox 3704 1073 3882 1131; x_wconf 86' lang='grc' dir='ltr'>Βασί-</span> 
     </span>
    </p>
   </div>
   <div class='ocr_carea' id='block_1_42' title="bbox 2198 1154 3874 1237">
    <p class='ocr_par' dir='ltr' id='par_1_42' title="bbox 2198 1154 3874 1237">
     <span class='ocr_line' id='line_1_42' title="bbox 2198 1154 3874 1237; baseline 0.005 -26"><span class='ocrx_word' id='word_1_288' title='bbox 2198 1154 2366 1229; x_wconf 81' lang='grc' dir='ltr'>λειος,</span> <span class='ocrx_word' id='word_1_289' title='bbox 2401 1154 2669 1213; x_wconf 76' lang='grc' dir='ltr'>ἐνδιδόναι</span> <span class='ocrx_word' id='word_1_290' title='bbox 2723 1160 2918 1235; x_wconf 82' lang='grc' dir='ltr'>μικρὸν</span> <span class='ocrx_word' id='word_1_291' title='bbox 2965 1164 3045 1232; x_wconf 86' lang='grc' dir='ltr'>τῷ</span> <span class='ocrx_word' id='word_1_292' title='bbox 3101 1157 3223 1231; x_wconf 74' lang='grc' dir='ltr'>ἤθει</span> <span class='ocrx_word' id='word_1_293' title='bbox 3271 1164 3369 1217; x_wconf 77' lang='grc' dir='ltr'>τοῦ</span> <span class='ocrx_word' id='word_1_294' title='bbox 3417 1159 3615 1237; x_wconf 77' lang='grc' dir='ltr'>ἀνδρὸς</span> <span class='ocrx_word' id='word_1_295' title='bbox 3641 1161 3874 1220; x_wconf 79' lang='grc' dir='ltr'>κατεδε-</span> 
     </span>
    </p>
   </div>
   <div class='ocr_carea' id='block_1_43' title="bbox 2197 1247 3874 1326">
    <p class='ocr_par' dir='ltr' id='par_1_43' title="bbox 2197 1247 3874 1326">
     <span class='ocr_line' id='line_1_43' title="bbox 2197 1247 3874 1326; baseline 0.005 -26"><span class='ocrx_word' id='word_1_296' title='bbox 2197 1247 2422 1321; x_wconf 76' lang='grc' dir='ltr'>ξάμεθα,</span> <span class='ocrx_word' id='word_1_297' title='bbox 2481 1247 2619 1304; x_wconf 84' lang='grc' dir='ltr'>ὥστε</span> <span class='ocrx_word' id='word_1_298' title='bbox 2693 1249 2793 1318; x_wconf 83' lang='grc' dir='ltr'>τήν</span> <span class='ocrx_word' id='word_1_299' title='bbox 2874 1247 2927 1304; x_wconf 80' lang='grc' dir='ltr'>ἐν</span> <span class='ocrx_word' id='word_1_300' title='bbox 3002 1255 3120 1313; x_wconf 85' lang='grc' dir='ltr'>τοῖς</span> <span class='ocrx_word' id='word_1_301' title='bbox 3176 1251 3413 1326; x_wconf 80' lang='grc' dir='ltr'>καιρίοις</span> <span class='ocrx_word' id='word_1_302' title='bbox 3470 1258 3573 1323; x_wconf 73' lang='grc' dir='ltr'>τῆς</span> <span class='ocrx_word' id='word_1_303' title='bbox 3625 1251 3874 1316; x_wconf 79' lang='grc' dir='ltr'>πίστεως</span> 
     </span>
    </p>
   </div>
   <div class='ocr_carea' id='block_1_44' title="bbox 2197 1334 3874 1417">
    <p class='ocr_par' dir='ltr' id='par_1_44' title="bbox 2197 1334 3874 1417">
     <span class='ocr_line' id='line_1_44' title="bbox 2197 1334 3874 1417; baseline 0.005 -27"><span class='ocrx_word' id='word_1_304' title='bbox 2197 1334 2522 1413; x_wconf 81' lang='grc' dir='ltr'>ὁμολογίαν,</span> <span class='ocrx_word' id='word_1_305' title='bbox 2568 1336 2615 1392; x_wconf 77' lang='grc' dir='ltr'>εἰ</span> <span class='ocrx_word' id='word_1_306' title='bbox 2656 1337 2746 1393; x_wconf 81' lang='grc' dir='ltr'>καὶ</span> <span class='ocrx_word' id='word_1_307' title='bbox 2802 1340 2879 1412; x_wconf 81' lang='grc' dir='ltr'><strong>μή</strong></span> <span class='ocrx_word' id='word_1_308' title='bbox 2934 1336 3164 1412; x_wconf 78' lang='grc' dir='ltr'>λέξεσιν,</span> <span class='ocrx_word' id='word_1_309' title='bbox 3214 1338 3363 1396; x_wconf 79' lang='grc' dir='ltr'>ἀλλὰ</span> <span class='ocrx_word' id='word_1_310' title='bbox 3388 1361 3449 1417; x_wconf 86' lang='grc' dir='ltr'>γε</span> <span class='ocrx_word' id='word_1_311' title='bbox 3477 1347 3599 1405; x_wconf 87' lang='grc' dir='ltr'>ταῖς</span> <span class='ocrx_word' id='word_1_312' title='bbox 3630 1341 3874 1407; x_wconf 76' lang='grc' dir='ltr'>ἐννοίαις</span> 
     </span>
    </p>
   </div>
   <div class='ocr_carea' id='block_1_45' title="bbox 2197 1421 3870 1506">
    <p class='ocr_par' dir='ltr' id='par_1_45' title="bbox 2197 1421 3870 1506">
     <span class='ocr_line' id='line_1_45' title="bbox 2197 1421 3870 1506; baseline 0.004 -27"><span class='ocrx_word' id='word_1_313' title='bbox 2197 1423 2557 1500; x_wconf 80' lang='grc' dir='ltr'>φυλάττεσθαι</span> <span class='ocrx_word' id='word_1_314' title='bbox 2615 1421 2985 1504; x_wconf 75' lang='grc' dir='ltr'>ἀπαράϐατον.</span> <span class='ocrx_word' id='word_1_315' title='bbox 3049 1453 3077 1481; x_wconf 77' lang='grc' dir='ltr'><strong>ι(</strong></span> <span class='ocrx_word' id='word_1_316' title='bbox 3128 1428 3203 1484; x_wconf 80' lang='grc' dir='ltr'>Οὐ</span> <span class='ocrx_word' id='word_1_317' title='bbox 3232 1428 3336 1506; x_wconf 77' lang='grc' dir='ltr'>γὰρ</span> <span class='ocrx_word' id='word_1_318' title='bbox 3368 1428 3421 1485; x_wconf 78' lang='grc' dir='ltr'>ἐν</span> <span class='ocrx_word' id='word_1_319' title='bbox 3450 1427 3662 1502; x_wconf 78' lang='grc' dir='ltr'>λέξεσιν</span> <span class='ocrx_word' id='word_1_320' title='bbox 3695 1433 3870 1505; x_wconf 78' lang='grc' dir='ltr'>ἡμῖν,</span> 
     </span>
    </p>
   </div>
   <div class='ocr_carea' id='block_1_46' title="bbox 2198 1513 3867 1599">
    <p class='ocr_par' dir='ltr' id='par_1_46' title="bbox 2198 1513 3867 1599">
     <span class='ocr_line' id='line_1_46' title="bbox 2198 1513 3867 1599; baseline 0.005 -30"><span class='ocrx_word' id='word_1_321' title='bbox 2198 1513 2324 1570; x_wconf 81' lang='grc' dir='ltr'>ἀλλ’</span> <span class='ocrx_word' id='word_1_322' title='bbox 2355 1513 2407 1570; x_wconf 82' lang='grc' dir='ltr'>έν</span> <span class='ocrx_word' id='word_1_323' title='bbox 2439 1516 2752 1591; x_wconf 79' lang='grc' dir='ltr'>πράγμασιν</span> <span class='ocrx_word' id='word_1_324' title='bbox 2784 1519 2819 1587; x_wconf 78' lang='grc' dir='ltr'>ἡ</span> <span class='ocrx_word' id='word_1_325' title='bbox 2853 1516 3087 1589; x_wconf 67' lang='grc' dir='ltr'>ἀλήθεια</span> <span class='ocrx_word' id='word_1_326' title='bbox 3115 1522 3212 1592; x_wconf 83' lang='grc' dir='ltr'>(ὸ),</span> <span class='ocrx_word' id='word_1_327' title='bbox 3248 1544 3270 1575; x_wconf 76' lang='grc' dir='ltr'><strong>ι</strong></span> <span class='ocrx_word' id='word_1_328' title='bbox 3309 1519 3337 1573; x_wconf 91' lang='lat'>6</span> <span class='ocrx_word' id='word_1_329' title='bbox 3369 1525 3515 1585; x_wconf 79' lang='grc' dir='ltr'>θεῖος</span> <span class='ocrx_word' id='word_1_330' title='bbox 3546 1517 3867 1599; x_wconf 81' lang='grc' dir='ltr'>Γρηγὸριος</span> 
     </span>
    </p>
   </div>
   <div class='ocr_carea' id='block_1_47' title="bbox 2199 1602 3865 1686">
    <p class='ocr_par' dir='ltr' id='par_1_47' title="bbox 2199 1602 3865 1686">
     <span class='ocr_line' id='line_1_47' title="bbox 2199 1602 3865 1686; baseline 0.004 -28"><span class='ocrx_word' id='word_1_331' title='bbox 2199 1602 2319 1679; x_wconf 82' lang='grc' dir='ltr'>βοᾷ.</span> <span class='ocrx_word' id='word_1_332' title='bbox 2354 1602 2460 1661; x_wconf 79' lang='grc' dir='ltr'>Καὶ</span> <span class='ocrx_word' id='word_1_333' title='bbox 2499 1602 2690 1678; x_wconf 85' lang='grc' dir='ltr'>πάλιν,</span> <span class='ocrx_word' id='word_1_334' title='bbox 2733 1628 2754 1657; x_wconf 75' lang='grc' dir='ltr'><strong>α</strong></span> <span class='ocrx_word' id='word_1_335' title='bbox 2792 1607 3011 1663; x_wconf 77' lang='grc' dir='ltr'>Ἰκανῶς</span> <span class='ocrx_word' id='word_1_336' title='bbox 3044 1604 3247 1663; x_wconf 79' lang='grc' dir='ltr'>ἄτοπον</span> <span class='ocrx_word' id='word_1_337' title='bbox 3280 1607 3371 1663; x_wconf 81' lang='grc' dir='ltr'>καὶ</span> <span class='ocrx_word' id='word_1_338' title='bbox 3401 1608 3528 1664; x_wconf 87' lang='grc' dir='ltr'>λίαν</span> <span class='ocrx_word' id='word_1_339' title='bbox 3559 1607 3802 1686; x_wconf 75' lang='grc' dir='ltr'>αἰσχρὸν</span> <span class='ocrx_word' id='word_1_340' title='bbox 3835 1630 3865 1664; x_wconf 75' lang='grc' dir='ltr'>ι</span> 
     </span>
    </p>
   </div>
   <div class='ocr_carea' id='block_1_48' title="bbox 2196 1688 3869 1774">
    <p class='ocr_par' dir='ltr' id='par_1_48' title="bbox 2196 1688 3869 1774">
     <span class='ocr_line' id='line_1_48' title="bbox 2196 1688 3869 1774; baseline 0.004 -28"><span class='ocrx_word' id='word_1_341' title='bbox 2196 1688 2515 1767; x_wconf 82' lang='grc' dir='ltr'>διορίζεται,</span> <span class='ocrx_word' id='word_1_342' title='bbox 2576 1719 2605 1746; x_wconf 79' lang='grc' dir='ltr'><strong>ι(</strong></span> <span class='ocrx_word' id='word_1_343' title='bbox 2634 1698 2698 1750; x_wconf 88' lang='grc' dir='ltr'>τὸ</span> <span class='ocrx_word' id='word_1_344' title='bbox 2753 1694 2879 1771; x_wconf 85' lang='grc' dir='ltr'>περὶ</span> <span class='ocrx_word' id='word_1_345' title='bbox 2930 1696 3023 1750; x_wconf 86' lang='grc' dir='ltr'>τὸν</span> <span class='ocrx_word' id='word_1_346' title='bbox 3071 1694 3218 1772; x_wconf 75' lang='grc' dir='ltr'>ἦχον</span> <span class='ocrx_word' id='word_1_347' title='bbox 3275 1695 3800 1774; x_wconf 81' lang='grc' dir='ltr'>σμικρολογεῖσθαι,</span> <span class='ocrx_word' id='word_1_348' title='bbox 3837 1723 3869 1752; x_wconf 68' lang='grc' dir='ltr'>ιθ</span> 
     </span>
    </p>
   </div>
   <div class='ocr_carea' id='block_1_49' title="bbox 2195 1784 3869 1864">
    <p class='ocr_par' dir='ltr' id='par_1_49' title="bbox 2195 1784 3869 1864">
     <span class='ocr_line' id='line_1_49' title="bbox 2195 1784 3869 1864; baseline 0.004 -26"><span class='ocrx_word' id='word_1_349' title='bbox 2195 1784 2292 1838; x_wconf 81' lang='grc' dir='ltr'>Καὶ</span> <span class='ocrx_word' id='word_1_350' title='bbox 2326 1785 2355 1839; x_wconf 90' lang='lat'>6</span> <span class='ocrx_word' id='word_1_351' title='bbox 2378 1785 2744 1850; x_wconf 78' lang='grc' dir='ltr'>άποστολικὸς</span> <span class='ocrx_word' id='word_1_352' title='bbox 2776 1784 3062 1850; x_wconf 79' lang='grc' dir='ltr'>Διονύσιος</span> <span class='ocrx_word' id='word_1_353' title='bbox 3088 1788 3118 1842; x_wconf 88' lang='lat'>6</span> <span class='ocrx_word' id='word_1_354' title='bbox 3149 1788 3583 1864; x_wconf 78' lang='grc' dir='ltr'>Ἀρεοπαγίτης,</span> <span class='ocrx_word' id='word_1_355' title='bbox 3619 1812 3647 1841; x_wconf 79' lang='grc' dir='ltr'>α</span> <span class='ocrx_word' id='word_1_356' title='bbox 3676 1788 3869 1846; x_wconf 73' lang='grc' dir='ltr'>Ἀλο-</span> 
     </span>
    </p>
   </div>
   <div class='ocr_carea' id='block_1_50' title="bbox 2118 1875 3872 1986">
    <p class='ocr_par' dir='ltr' id='par_1_50' title="bbox 2118 1875 3872 1986">
     <span class='ocr_line' id='line_1_50' title="bbox 2118 1875 3872 1986; baseline 0.004 -59"><span class='ocrx_word' id='word_1_357' title='bbox 2118 1922 2163 1986; x_wconf 79' lang='lat' dir='ltr'><strong>B</strong></span> <span class='ocrx_word' id='word_1_358' title='bbox 2191 1893 2286 1949; x_wconf 86' lang='grc' dir='ltr'>γον</span> <span class='ocrx_word' id='word_1_359' title='bbox 2318 1875 2461 1947; x_wconf 78' lang='grc' dir='ltr'>ὁμοῦ</span> <span class='ocrx_word' id='word_1_360' title='bbox 2490 1875 2581 1930; x_wconf 78' lang='grc' dir='ltr'>καὶ</span> <span class='ocrx_word' id='word_1_361' title='bbox 2632 1876 2817 1931; x_wconf 80' lang='grc' dir='ltr'>σκαιὸν</span> <span class='ocrx_word' id='word_1_362' title='bbox 2866 1876 3245 1955; x_wconf 75' lang='grc' dir='ltr'>ἀποφαίνεται,</span> <span class='ocrx_word' id='word_1_363' title='bbox 3295 1877 3359 1932; x_wconf 87' lang='grc' dir='ltr'>τὸ</span> <span class='ocrx_word' id='word_1_364' title='bbox 3408 1879 3487 1951; x_wconf 81' lang='grc' dir='ltr'>μή</span> <span class='ocrx_word' id='word_1_365' title='bbox 3530 1880 3601 1952; x_wconf 79' lang='grc' dir='ltr'>τῇ</span> <span class='ocrx_word' id='word_1_366' title='bbox 3635 1875 3872 1953; x_wconf 82' lang='grc' dir='ltr'>δυνάμει</span> 
     </span>
    </p>
   </div>
   <div class='ocr_carea' id='block_1_51' title="bbox 2197 1964 3873 2042">
    <p class='ocr_par' dir='ltr' id='par_1_51' title="bbox 2197 1964 3873 2042">
     <span class='ocr_line' id='line_1_51' title="bbox 2197 1964 3873 2042; baseline 0.005 -26"><span class='ocrx_word' id='word_1_367' title='bbox 2197 1966 2296 2017; x_wconf 79' lang='grc' dir='ltr'>τοῦ</span> <span class='ocrx_word' id='word_1_368' title='bbox 2328 1969 2535 2020; x_wconf 82' lang='grc' dir='ltr'>σκοποῦ</span> <span class='ocrx_word' id='word_1_369' title='bbox 2588 1966 2905 2042; x_wconf 75' lang='grc' dir='ltr'>προσέχειν,</span> <span class='ocrx_word' id='word_1_370' title='bbox 2965 1964 3112 2022; x_wconf 70' lang='grc' dir='ltr'>ἀλλὰ</span> <span class='ocrx_word' id='word_1_371' title='bbox 3166 1972 3286 2030; x_wconf 87' lang='grc' dir='ltr'>ταῖς</span> <span class='ocrx_word' id='word_1_372' title='bbox 3336 1965 3532 2038; x_wconf 77' lang='grc' dir='ltr'>λέξεσι·</span> <span class='ocrx_word' id='word_1_373' title='bbox 3570 1967 3663 2023; x_wconf 80' lang='grc' dir='ltr'>καὶ</span> <span class='ocrx_word' id='word_1_374' title='bbox 3694 1973 3873 2025; x_wconf 78' lang='grc' dir='ltr'>ταῦτα</span> 
     </span>
    </p>
   </div>
   <div class='ocr_carea' id='block_1_52' title="bbox 2198 2050 3876 2137">
    <p class='ocr_par' dir='ltr' id='par_1_52' title="bbox 2198 2050 3876 2137">
     <span class='ocr_line' id='line_1_52' title="bbox 2198 2050 3876 2137; baseline 0.004 -31"><span class='ocrx_word' id='word_1_375' title='bbox 2198 2051 2299 2107; x_wconf 80' lang='grc' dir='ltr'>οὐκ</span> <span class='ocrx_word' id='word_1_376' title='bbox 2328 2050 2439 2108; x_wconf 79' lang='grc' dir='ltr'>ἔστι</span> <span class='ocrx_word' id='word_1_377' title='bbox 2469 2058 2578 2110; x_wconf 83' lang='grc' dir='ltr'>τῶν</span> <span class='ocrx_word' id='word_1_378' title='bbox 2628 2054 2697 2110; x_wconf 77' lang='grc' dir='ltr'>τὰ</span> <span class='ocrx_word' id='word_1_379' title='bbox 2746 2056 2863 2110; x_wconf 84' lang='grc' dir='ltr'>θεῖα</span> <span class='ocrx_word' id='word_1_380' title='bbox 2912 2060 3058 2110; x_wconf 82' lang='grc' dir='ltr'>νοεῖν</span> <span class='ocrx_word' id='word_1_381' title='bbox 3110 2052 3412 2120; x_wconf 70' lang='grc' dir='ltr'>ἐθελόντων</span> <span class='ocrx_word' id='word_1_382' title='bbox 3463 2053 3625 2127; x_wconf 77' lang='grc' dir='ltr'>ἴδιον,</span> <span class='ocrx_word' id='word_1_383' title='bbox 3671 2058 3876 2137; x_wconf 75' lang='grc' dir='ltr'>φησὶν,</span> 
     </span>
    </p>
   </div>
   <div class='ocr_carea' id='block_1_53' title="bbox 2199 2139 3871 2221">
    <p class='ocr_par' dir='ltr' id='par_1_53' title="bbox 2199 2139 3871 2221">
     <span class='ocr_line' id='line_1_53' title="bbox 2199 2139 3871 2221; baseline 0.004 -25"><span class='ocrx_word' id='word_1_384' title='bbox 2199 2139 2346 2197; x_wconf 72' lang='grc' dir='ltr'>ἀλλὰ</span> <span class='ocrx_word' id='word_1_385' title='bbox 2371 2147 2479 2199; x_wconf 80' lang='grc' dir='ltr'>τῶν</span> <span class='ocrx_word' id='word_1_386' title='bbox 2511 2142 2690 2220; x_wconf 75' lang='grc' dir='ltr'>ἤχους</span> <span class='ocrx_word' id='word_1_387' title='bbox 2740 2142 2939 2219; x_wconf 75' lang='grc' dir='ltr'>ψιλοὺς</span> <span class='ocrx_word' id='word_1_388' title='bbox 2988 2141 3474 2221; x_wconf 69' lang='grc' dir='ltr'>καταδεχομένων,</span> <span class='ocrx_word' id='word_1_389' title='bbox 3506 2146 3595 2201; x_wconf 79' lang='grc' dir='ltr'>καὶ</span> <span class='ocrx_word' id='word_1_390' title='bbox 3628 2150 3871 2211; x_wconf 78' lang='grc' dir='ltr'>τούτους</span> 
     </span>
    </p>
   </div>
   <div class='ocr_carea' id='block_1_54' title="bbox 2197 2227 3872 2311">
    <p class='ocr_par' dir='ltr' id='par_1_54' title="bbox 2197 2227 3872 2311">
     <span class='ocr_line' id='line_1_54' title="bbox 2197 2227 3872 2311; baseline 0.007 -27"><span class='ocrx_word' id='word_1_391' title='bbox 2197 2229 2330 2306; x_wconf 80' lang='grc' dir='ltr'>ἄχρι</span> <span class='ocrx_word' id='word_1_392' title='bbox 2361 2236 2468 2287; x_wconf 83' lang='grc' dir='ltr'>τῶν</span> <span class='ocrx_word' id='word_1_393' title='bbox 2502 2228 2659 2288; x_wconf 80' lang='grc' dir='ltr'>ὤτων</span> <span class='ocrx_word' id='word_1_394' title='bbox 2691 2227 3017 2297; x_wconf 72' lang='grc' dir='ltr'>ἀδιαϐάτους</span> <span class='ocrx_word' id='word_1_395' title='bbox 3040 2229 3232 2305; x_wconf 79' lang='grc' dir='ltr'>ἔξωθεν</span> <span class='ocrx_word' id='word_1_396' title='bbox 3261 2235 3607 2311; x_wconf 79' lang='grc' dir='ltr'>συνεχόντων</span> <span class='ocrx_word' id='word_1_397' title='bbox 3633 2236 3734 2291; x_wconf 76' lang='grc' dir='ltr'>καὶ</span> <span class='ocrx_word' id='word_1_398' title='bbox 3764 2238 3872 2295; x_wconf 71' lang='grc' dir='ltr'>οὐκ</span> 
     </span>
    </p>
   </div>
   <div class='ocr_carea' id='block_1_55' title="bbox 2198 2318 3874 2398">
    <p class='ocr_par' dir='ltr' id='par_1_55' title="bbox 2198 2318 3874 2398">
     <span class='ocr_line' id='line_1_55' title="bbox 2198 2318 3874 2398; baseline 0.005 -24"><span class='ocrx_word' id='word_1_399' title='bbox 2198 2318 2495 2376; x_wconf 76' lang='grc' dir='ltr'>ἐθελόντων</span> <span class='ocrx_word' id='word_1_400' title='bbox 2528 2320 2748 2390; x_wconf 76' lang='grc' dir='ltr'>εἲδέναι,</span> <span class='ocrx_word' id='word_1_401' title='bbox 2781 2322 2835 2378; x_wconf 91' lang='grc' dir='ltr'>τί</span> <span class='ocrx_word' id='word_1_402' title='bbox 2867 2324 2962 2397; x_wconf 68' lang='grc' dir='ltr'>μὲν</span> <span class='ocrx_word' id='word_1_403' title='bbox 2986 2324 3021 2394; x_wconf 75' lang='grc' dir='ltr'>ἡ</span> <span class='ocrx_word' id='word_1_404' title='bbox 3042 2320 3228 2379; x_wconf 83' lang='grc' dir='ltr'>τοιάδε</span> <span class='ocrx_word' id='word_1_405' title='bbox 3257 2321 3403 2395; x_wconf 77' lang='grc' dir='ltr'>λέξις</span> <span class='ocrx_word' id='word_1_406' title='bbox 3433 2324 3717 2398; x_wconf 66' lang='grc' dir='ltr'>σημαίνειυ</span> <span class='ocrx_word' id='word_1_407' title='bbox 3746 2332 3874 2391; x_wconf 74' lang='grc' dir='ltr'>πῶς</span> 
     </span>
    </p>
   </div>
   <div class='ocr_carea' id='block_1_56' title="bbox 2197 2405 3875 2493">
    <p class='ocr_par' dir='ltr' id='par_1_56' title="bbox 2197 2405 3875 2493">
     <span class='ocr_line' id='line_1_56' title="bbox 2197 2405 3875 2493; baseline 0.005 -29"><span class='ocrx_word' id='word_1_408' title='bbox 2197 2405 2256 2465; x_wconf 74' lang='grc' dir='ltr'>δὲ</span> <span class='ocrx_word' id='word_1_409' title='bbox 2283 2409 2485 2482; x_wconf 80' lang='grc' dir='ltr'>ταύτην</span> <span class='ocrx_word' id='word_1_410' title='bbox 2516 2413 2652 2488; x_wconf 81' lang='grc' dir='ltr'>χρὴ,</span> <span class='ocrx_word' id='word_1_411' title='bbox 2682 2412 2772 2468; x_wconf 80' lang='grc' dir='ltr'>καὶ</span> <span class='ocrx_word' id='word_1_412' title='bbox 2804 2409 2875 2468; x_wconf 87' lang='grc' dir='ltr'>δι’</span> <span class='ocrx_word' id='word_1_413' title='bbox 2907 2414 3104 2491; x_wconf 65' lang='grc' dir='ltr'>ἑτέρων</span> <span class='ocrx_word' id='word_1_414' title='bbox 3133 2411 3504 2489; x_wconf 80' lang='grc' dir='ltr'>δμοδυνάμων</span> <span class='ocrx_word' id='word_1_415' title='bbox 3533 2415 3626 2471; x_wconf 84' lang='grc' dir='ltr'>καὶ</span> <span class='ocrx_word' id='word_1_416' title='bbox 3661 2416 3875 2493; x_wconf 66' lang='grc' dir='ltr'>ἐκφαν-</span> 
     </span>
    </p>
   </div>
   <div class='ocr_carea' id='block_1_57' title="bbox 2196 2500 3874 2583">
    <p class='ocr_par' dir='ltr' id='par_1_57' title="bbox 2196 2500 3874 2583">
     <span class='ocr_line' id='line_1_57' title="bbox 2196 2500 3874 2583; baseline 0.005 -29"><span class='ocrx_word' id='word_1_417' title='bbox 2196 2500 2506 2577; x_wconf 76' lang='grc' dir='ltr'>τικωτέρων</span> <span class='ocrx_word' id='word_1_418' title='bbox 2562 2501 2758 2574; x_wconf 74' lang='grc' dir='ltr'>λέξεων</span> <span class='ocrx_word' id='word_1_419' title='bbox 2816 2500 3169 2583; x_wconf 80' lang='grc' dir='ltr'>διασαφῆσαι.</span> <span class='ocrx_word' id='word_1_420' title='bbox 3208 2528 3236 2556; x_wconf 83' lang='grc'>››</span> <span class='ocrx_word' id='word_1_421' title='bbox 3296 2506 3483 2562; x_wconf 80' lang='grc' dir='ltr'>Ταῦτα</span> <span class='ocrx_word' id='word_1_422' title='bbox 3513 2502 3572 2561; x_wconf 69' lang='grc' dir='ltr'>δὲ</span> <span class='ocrx_word' id='word_1_423' title='bbox 3608 2504 3874 2583; x_wconf 78' lang='grc' dir='ltr'>λέγομεν,</span> 
     </span>
    </p>
   </div>
   <div class='ocr_carea' id='block_1_58' title="bbox 2197 2590 3873 2671">
    <p class='ocr_par' dir='ltr' id='par_1_58' title="bbox 2197 2590 3873 2671">
     <span class='ocr_line' id='line_1_58' title="bbox 2197 2590 3873 2671; baseline 0.005 -27"><span class='ocrx_word' id='word_1_424' title='bbox 2197 2590 2312 2665; x_wconf 80' lang='grc' dir='ltr'>οὐχ</span> <span class='ocrx_word' id='word_1_425' title='bbox 2339 2590 2413 2652; x_wconf 82' lang='grc' dir='ltr'>ὡς</span> <span class='ocrx_word' id='word_1_426' title='bbox 2434 2590 2753 2668; x_wconf 77' lang='grc' dir='ltr'>ἀνατρέπειν</span> <span class='ocrx_word' id='word_1_427' title='bbox 2785 2591 3119 2669; x_wconf 84' lang='grc' dir='ltr'>βουλόμενοι</span> <span class='ocrx_word' id='word_1_428' title='bbox 3143 2592 3238 2649; x_wconf 77' lang='grc' dir='ltr'>τὰς</span> <span class='ocrx_word' id='word_1_429' title='bbox 3269 2590 3380 2665; x_wconf 66' lang='grc' dir='ltr'>ἤδη</span> <span class='ocrx_word' id='word_1_430' title='bbox 3409 2593 3719 2659; x_wconf 78' lang='grc' dir='ltr'>συνοδικῶς</span> <span class='ocrx_word' id='word_1_431' title='bbox 3751 2598 3873 2671; x_wconf 82' lang='grc' dir='ltr'><strong>ὁρι-</strong></span> 
     </span>
    </p>
   </div>
   <div class='ocr_carea' id='block_1_59' title="bbox 2197 2682 3872 2761">
    <p class='ocr_par' dir='ltr' id='par_1_59' title="bbox 2197 2682 3872 2761">
     <span class='ocr_line' id='line_1_59' title="bbox 2197 2682 3872 2761; baseline 0.005 -24"><span class='ocrx_word' id='word_1_432' title='bbox 2197 2682 2408 2746; x_wconf 84' lang='grc' dir='ltr'>σθείσας</span> <span class='ocrx_word' id='word_1_433' title='bbox 2441 2683 2645 2758; x_wconf 73' lang='grc' dir='ltr'>φωνὰς,</span> <span class='ocrx_word' id='word_1_434' title='bbox 2677 2685 2769 2740; x_wconf 81' lang='grc' dir='ltr'>καὶ</span> <span class='ocrx_word' id='word_1_435' title='bbox 2802 2685 2940 2760; x_wconf 84' lang='grc' dir='ltr'>πρὸς</span> <span class='ocrx_word' id='word_1_436' title='bbox 2984 2684 3163 2756; x_wconf 82' lang='grc' dir='ltr'>πάσης</span> <span class='ocrx_word' id='word_1_437' title='bbox 3192 2692 3296 2757; x_wconf 73' lang='grc' dir='ltr'>τῆς</span> <span class='ocrx_word' id='word_1_438' title='bbox 3323 2690 3421 2741; x_wconf 77' lang='grc' dir='ltr'>τοῦ</span> <span class='ocrx_word' id='word_1_439' title='bbox 3453 2691 3593 2743; x_wconf 74' lang='grc' dir='ltr'>Θεοῦ</span> <span class='ocrx_word' id='word_1_440' title='bbox 3624 2686 3872 2761; x_wconf 75' lang='grc' dir='ltr'>Ἐκκλη-</span> 
     </span>
    </p>
   </div>
   <div class='ocr_carea' id='block_1_60' title="bbox 2195 2770 3870 2855">
    <p class='ocr_par' dir='ltr' id='par_1_60' title="bbox 2195 2770 3870 2855">
     <span class='ocr_line' id='line_1_60' title="bbox 2195 2770 3870 2855; baseline 0.006 -29"><span class='ocrx_word' id='word_1_441' title='bbox 2195 2771 2314 2837; x_wconf 86' lang='grc' dir='ltr'>σίας</span> <span class='ocrx_word' id='word_1_442' title='bbox 2363 2770 2450 2827; x_wconf 72' lang='grc' dir='ltr'>ἐπὶ</span> <span class='ocrx_word' id='word_1_443' title='bbox 2512 2774 2709 2849; x_wconf 87' lang='grc' dir='ltr'>συχνὸν</span> <span class='ocrx_word' id='word_1_444' title='bbox 2769 2773 2943 2838; x_wconf 73' lang='grc' dir='ltr'>οὕτως</span> <span class='ocrx_word' id='word_1_445' title='bbox 2997 2773 3440 2851; x_wconf 77' lang='grc' dir='ltr'>ὁμολογηθείσας</span> <span class='ocrx_word' id='word_1_446' title='bbox 3488 2777 3582 2832; x_wconf 83' lang='grc' dir='ltr'>τὸν</span> <span class='ocrx_word' id='word_1_447' title='bbox 3630 2777 3870 2855; x_wconf 84' lang='grc' dir='ltr'>χρόνον·</span> 
     </span>
    </p>
   </div>
   <div class='ocr_carea' id='block_1_61' title="bbox 2191 2860 3868 2946">
    <p class='ocr_par' dir='ltr' id='par_1_61' title="bbox 2191 2860 3868 2946">
     <span class='ocr_line' id='line_1_61' title="bbox 2191 2860 3868 2946; baseline 0.004 -27"><span class='ocrx_word' id='word_1_448' title='bbox 2191 2860 2461 2932; x_wconf 77' lang='grc' dir='ltr'>τουτέστι,</span> <span class='ocrx_word' id='word_1_449' title='bbox 2508 2863 2571 2919; x_wconf 86' lang='grc' dir='ltr'>τὸ</span> <span class='ocrx_word' id='word_1_450' title='bbox 2621 2862 2801 2939; x_wconf 83' lang='grc' dir='ltr'>λέγειν</span> <span class='ocrx_word' id='word_1_451' title='bbox 2856 2863 2946 2920; x_wconf 80' lang='grc' dir='ltr'>έπὶ</span> <span class='ocrx_word' id='word_1_452' title='bbox 3001 2869 3100 2921; x_wconf 79' lang='grc' dir='ltr'>τοῦ</span> <span class='ocrx_word' id='word_1_453' title='bbox 3152 2866 3292 2922; x_wconf 79' lang='grc' dir='ltr'>κατᾶ</span> <span class='ocrx_word' id='word_1_454' title='bbox 3331 2867 3569 2942; x_wconf 82' lang='grc' dir='ltr'>Χριστὸν</span> <span class='ocrx_word' id='word_1_455' title='bbox 3596 2874 3703 2937; x_wconf 81' lang='grc' dir='ltr'>τῆς</span> <span class='ocrx_word' id='word_1_456' title='bbox 3734 2891 3868 2946; x_wconf 87' lang='grc' dir='ltr'>σαρ-</span> 
     </span>
    </p>
   </div>
   <div class='ocr_carea' id='block_1_62' title="bbox 2192 2950 3863 3028">
    <p class='ocr_par' dir='ltr' id='par_1_62' title="bbox 2192 2950 3863 3028">
     <span class='ocr_line' id='line_1_62' title="bbox 2192 2950 3863 3028; baseline 0.004 -22"><span class='ocrx_word' id='word_1_457' title='bbox 2192 2952 2418 3014; x_wconf 80' lang='grc' dir='ltr'>κώσεως</span> <span class='ocrx_word' id='word_1_458' title='bbox 2478 2954 2807 3028; x_wconf 78' lang='grc' dir='ltr'>μυστηρίου,</span> <span class='ocrx_word' id='word_1_459' title='bbox 2862 2954 2999 3009; x_wconf 80' lang='grc' dir='ltr'>κατὰ</span> <span class='ocrx_word' id='word_1_460' title='bbox 3058 2955 3158 3025; x_wconf 71' lang='grc' dir='ltr'>τήν</span> <span class='ocrx_word' id='word_1_461' title='bbox 3221 2950 3418 3025; x_wconf 75' lang='grc' dir='ltr'>εὐσεϐῆ</span> <span class='ocrx_word' id='word_1_462' title='bbox 3468 2976 3528 3011; x_wconf 85' lang='grc' dir='ltr'>τε</span> <span class='ocrx_word' id='word_1_463' title='bbox 3587 2959 3681 3011; x_wconf 76' lang='grc' dir='ltr'>καὶ</span> <span class='ocrx_word' id='word_1_464' title='bbox 3740 2964 3863 3023; x_wconf 83' lang='grc' dir='ltr'>τοῖς</span> 
     </span>
    </p>
   </div>
   <div class='ocr_carea' id='block_1_63' title="bbox 2193 3037 3858 3123">
    <p class='ocr_par' dir='ltr' id='par_1_63' title="bbox 2193 3037 3858 3123">
     <span class='ocr_line' id='line_1_63' title="bbox 2193 3037 3858 3123; baseline 0.005 -29"><span class='ocrx_word' id='word_1_465' title='bbox 2193 3039 2366 3117; x_wconf 78' lang='grc' dir='ltr'>ἁγίοις</span> <span class='ocrx_word' id='word_1_466' title='bbox 2419 3041 2657 3117; x_wconf 78' lang='grc' dir='ltr'>Πατράσι</span> <span class='ocrx_word' id='word_1_467' title='bbox 2704 3043 2985 3119; x_wconf 84' lang='grc' dir='ltr'>γνώριμον</span> <span class='ocrx_word' id='word_1_468' title='bbox 3034 3037 3266 3116; x_wconf 61' lang='grc' dir='ltr'>ἔννοιαν,</span> <span class='ocrx_word' id='word_1_469' title='bbox 3318 3041 3416 3100; x_wconf 77' lang='grc' dir='ltr'>δύο</span> <span class='ocrx_word' id='word_1_470' title='bbox 3457 3045 3664 3123; x_wconf 75' lang='grc' dir='ltr'>φυσικᾶ</span> <span class='ocrx_word' id='word_1_471' title='bbox 3695 3047 3858 3118; x_wconf 74' lang='grc' dir='ltr'>θελή-</span> 
     </span>
    </p>
   </div>
   <div class='ocr_carea' id='block_1_64' title="bbox 2197 3128 3846 3212">
    <p class='ocr_par' dir='ltr' id='par_1_64' title="bbox 2197 3128 3846 3212">
     <span class='ocr_line' id='line_1_64' title="bbox 2197 3128 3846 3212; baseline 0.004 -28"><span class='ocrx_word' id='word_1_472' title='bbox 2197 3151 2362 3203; x_wconf 87' lang='grc' dir='ltr'>ματα,</span> <span class='ocrx_word' id='word_1_473' title='bbox 2393 3130 2485 3185; x_wconf 84' lang='grc' dir='ltr'>καὶ</span> <span class='ocrx_word' id='word_1_474' title='bbox 2535 3128 2631 3187; x_wconf 69' lang='grc' dir='ltr'>δύο</span> <span class='ocrx_word' id='word_1_475' title='bbox 2674 3131 2903 3209; x_wconf 73' lang='grc' dir='ltr'>φυσικὰς</span> <span class='ocrx_word' id='word_1_476' title='bbox 2960 3131 3257 3210; x_wconf 77' lang='grc' dir='ltr'>ἐνεργείας·</span> <span class='ocrx_word' id='word_1_477' title='bbox 3314 3132 3464 3190; x_wconf 75' lang='grc' dir='ltr'>ἀλλὰ</span> <span class='ocrx_word' id='word_1_478' title='bbox 3510 3135 3653 3212; x_wconf 85' lang='grc' dir='ltr'>πρὸς</span> <span class='ocrx_word' id='word_1_479' title='bbox 3679 3137 3846 3209; x_wconf 71' lang='grc' dir='ltr'>μόνην</span> 
     </span>
    </p>
   </div>
   <div class='ocr_carea' id='block_1_65' title="bbox 2194 3220 3855 3298">
    <p class='ocr_par' dir='ltr' id='par_1_65' title="bbox 2194 3220 3855 3298">
     <span class='ocr_line' id='line_1_65' title="bbox 2194 3220 3855 3298; baseline 0.004 -24"><span class='ocrx_word' id='word_1_480' title='bbox 2194 3220 2430 3292; x_wconf 82' lang='grc' dir='ltr'>ὁρῶντες</span> <span class='ocrx_word' id='word_1_481' title='bbox 2483 3224 2580 3275; x_wconf 79' lang='grc' dir='ltr'>τοῦ</span> <span class='ocrx_word' id='word_1_482' title='bbox 2638 3222 2905 3297; x_wconf 80' lang='grc' dir='ltr'>τυράννου</span> <span class='ocrx_word' id='word_1_483' title='bbox 2955 3223 3055 3292; x_wconf 78' lang='grc' dir='ltr'>τὴν</span> <span class='ocrx_word' id='word_1_484' title='bbox 3106 3224 3437 3298; x_wconf 73' lang='grc' dir='ltr'>πεισμονήν,</span> <span class='ocrx_word' id='word_1_485' title='bbox 3489 3223 3569 3288; x_wconf 83' lang='grc' dir='ltr'>ὡς</span> <span class='ocrx_word' id='word_1_486' title='bbox 3624 3225 3654 3280; x_wconf 86' lang='lat'>6</span> <span class='ocrx_word' id='word_1_487' title='bbox 3693 3226 3855 3283; x_wconf 73' lang='grc' dir='ltr'>Ἀπό-</span> 
     </span>
    </p>
   </div>
   <div class='ocr_carea' id='block_1_66' title="bbox 416 3294 2088 3385">
    <p class='ocr_par' dir='ltr' id='par_1_66' title="bbox 416 3306 2068 3380">
     <span class='ocr_line' id='line_1_66' title="bbox 416 3306 2068 3380; baseline 0.001 -17"><span class='ocrx_word' id='word_1_488' title='bbox 416 3306 726 3363; x_wconf 81' lang='lat' dir='ltr'>suasionem</span> <span class='ocrx_word' id='word_1_489' title='bbox 785 3307 1022 3378; x_wconf 86' lang='lat' dir='ltr'>tyranni</span> <span class='ocrx_word' id='word_1_490' title='bbox 1082 3306 1183 3378; x_wconf 85' lang='lat'>(6),</span> <span class='ocrx_word' id='word_1_491' title='bbox 1234 3307 1395 3378; x_wconf 89' lang='lat' dir='ltr'>quod</span> <span class='ocrx_word' id='word_1_492' title='bbox 1450 3314 1620 3363; x_wconf 87' lang='lat' dir='ltr'>vocat</span> <span class='ocrx_word' id='word_1_493' title='bbox 1675 3308 1996 3380; x_wconf 82' lang='lat' dir='ltr'>Apostolus</span> <span class='ocrx_word' id='word_1_494' title='bbox 2024 3308 2068 3379; x_wconf 85' lang='grc'>⁷,</span> 
     </span>
    </p>
   </div>
   <div class='ocr_carea' id='block_1_67' title="bbox 2196 3294 3860 3385">
    <p class='ocr_par' dir='ltr' id='par_1_67' title="bbox 2196 3294 3860 3385">
     <span class='ocr_line' id='line_1_67' title="bbox 2196 3294 3860 3385; baseline 0.004 -22"><span class='ocrx_word' id='word_1_495' title='bbox 2196 3308 2376 3373; x_wconf 76' lang='grc' dir='ltr'>ι’τολος</span> <span class='ocrx_word' id='word_1_496' title='bbox 2431 3294 2717 3383; x_wconf 74' lang='grc' dir='ltr'>ὀνομάζει,</span> <span class='ocrx_word' id='word_1_497' title='bbox 2766 3311 2858 3367; x_wconf 78' lang='grc' dir='ltr'>καὶ</span> <span class='ocrx_word' id='word_1_498' title='bbox 2912 3312 2977 3368; x_wconf 82' lang='grc' dir='ltr'>τὸ</span> <span class='ocrx_word' id='word_1_499' title='bbox 3032 3294 3250 3385; x_wconf 62' lang='grc' dir='ltr'>ταύτην⁷</span> <span class='ocrx_word' id='word_1_500' title='bbox 3294 3309 3364 3368; x_wconf 88' lang='grc' dir='ltr'>δι’</span> <span class='ocrx_word' id='word_1_501' title='bbox 3406 3294 3651 3377; x_wconf 69' lang='grc' dir='ltr'>έπινοίας</span> <span class='ocrx_word' id='word_1_502' title='bbox 3686 3313 3763 3377; x_wconf 76' lang='grc' dir='ltr'>εἷς</span> <span class='ocrx_word' id='word_1_503' title='bbox 3792 3317 3860 3372; x_wconf 76' lang='grc' dir='ltr'>τὸ</span> 
     </span>
    </p>
   </div>
   <div class='ocr_carea' id='block_1_68' title="bbox 485 3431 2534 3504">
    <p class='ocr_par' dir='ltr' id='par_1_68' title="bbox 485 3431 2534 3504">
     <span class='ocr_line' id='line_1_68' title="bbox 485 3431 2534 3504; baseline 0.002 -17"><span class='ocrx_word' id='word_1_504' title='bbox 485 3433 507 3468; x_wconf 83' lang='grc'><strong><em>⁵</em></strong></span> <span class='ocrx_word' id='word_1_505' title='bbox 537 3433 602 3487; x_wconf 86' lang='grc' dir='ltr'>Η.</span> <span class='ocrx_word' id='word_1_506' title='bbox 637 3433 777 3504; x_wconf 81' lang='lat' dir='ltr'>Reg.</span> <span class='ocrx_word' id='word_1_507' title='bbox 807 3447 907 3497; x_wconf 87' lang='lat' dir='ltr'>xu,</span> <span class='ocrx_word' id='word_1_508' title='bbox 943 3435 993 3488; x_wconf 83' lang='grc'>1.</span> <span class='ocrx_word' id='word_1_509' title='bbox 1026 3431 1048 3466; x_wconf 88' lang='grc'>⁶</span> <span class='ocrx_word' id='word_1_510' title='bbox 1074 3432 1233 3487; x_wconf 89' lang='lat' dir='ltr'>Orat.</span> <span class='ocrx_word' id='word_1_511' title='bbox 1266 3434 1335 3486; x_wconf 87' lang='lat'><strong>20</strong></span> <span class='ocrx_word' id='word_1_512' title='bbox 1362 3448 1495 3503; x_wconf 73' lang='lat' dir='ltr'>quas</span> <span class='ocrx_word' id='word_1_513' title='bbox 1525 3436 1616 3488; x_wconf 90' lang='lat' dir='ltr'>est</span> <span class='ocrx_word' id='word_1_514' title='bbox 1645 3432 1707 3487; x_wconf 91' lang='lat' dir='ltr'>in</span> <span class='ocrx_word' id='word_1_515' title='bbox 1739 3433 2044 3489; x_wconf 85' lang='lat' dir='ltr'>Basilium.</span> <span class='ocrx_word' id='word_1_516' title='bbox 2077 3434 2098 3469; x_wconf 78' lang='grc'><strong>⁷</strong></span> <span class='ocrx_word' id='word_1_517' title='bbox 2130 3434 2319 3491; x_wconf 86' lang='lat' dir='ltr'>Galat.</span> <span class='ocrx_word' id='word_1_518' title='bbox 2353 3451 2449 3501; x_wconf 82' lang='lat' dir='ltr'>vn,</span> <span class='ocrx_word' id='word_1_519' title='bbox 2480 3436 2534 3491; x_wconf 93' lang='lat'>8.</span> 
     </span>
    </p>
   </div>
   <div class='ocr_carea' id='block_1_69' title="bbox 1790 3575 2472 3635">
    <p class='ocr_par' dir='ltr' id='par_1_69' title="bbox 1790 3575 2472 3635">
     <span class='ocr_line' id='line_1_69' title="bbox 1790 3575 2472 3635; baseline 0.007 -5"><span class='ocrx_word' id='word_1_520' title='bbox 1790 3575 2029 3632; x_wconf 78' lang='lat' dir='ltr'><strong>VARUE</strong></span> <span class='ocrx_word' id='word_1_521' title='bbox 2069 3576 2472 3635; x_wconf 88' lang='lat' dir='ltr'>LECTIONES.</span> 
     </span>
    </p>
   </div>
   <div class='ocr_carea' id='block_1_70' title="bbox 486 3642 1273 3718">
    <p class='ocr_par' dir='ltr' id='par_1_70' title="bbox 486 3642 1273 3718">
     <span class='ocr_line' id='line_1_70' title="bbox 486 3642 1273 3718; baseline 0 -17"><span class='ocrx_word' id='word_1_522' title='bbox 486 3646 562 3718; x_wconf 79' lang='grc' dir='ltr'>(ὁ)</span> <span class='ocrx_word' id='word_1_523' title='bbox 593 3644 765 3718; x_wconf 87' lang='lat' dir='ltr'>Apud</span> <span class='ocrx_word' id='word_1_524' title='bbox 796 3647 979 3702; x_wconf 71' lang='lat' dir='ltr'>Graac.</span> <span class='ocrx_word' id='word_1_525' title='bbox 1004 3642 1273 3718; x_wconf 85' lang='grc' dir='ltr'>σωτηρία.</span> 
     </span>
    </p>
   </div>
   <div class='ocr_carea' id='block_1_71' title="bbox 2022 3739 2245 3795">
    <p class='ocr_par' dir='ltr' id='par_1_71' title="bbox 2022 3739 2245 3795">
     <span class='ocr_line' id='line_1_71' title="bbox 2022 3739 2245 3795; baseline 0 -1"><span class='ocrx_word' id='word_1_526' title='bbox 2022 3739 2245 3795; x_wconf 69' lang='lat' dir='ltr'>NOTAE.</span> 
     </span>
    </p>
   </div>
   <div class='ocr_carea' id='block_1_72' title="bbox 410 3829 2068 3906">
    <p class='ocr_par' dir='ltr' id='par_1_72' title="bbox 410 3829 2068 3906">
     <span class='ocr_line' id='line_1_72' title="bbox 410 3829 2068 3906; baseline 0.001 -20"><span class='ocrx_word' id='word_1_527' title='bbox 410 3830 600 3906; x_wconf 58' lang='grc' dir='ltr'>αὐτοῦ,</span> <span class='ocrx_word' id='word_1_528' title='bbox 652 3833 934 3906; x_wconf 62' lang='grc' dir='ltr'>γενέσθαιΔ</span> <span class='ocrx_word' id='word_1_529' title='bbox 973 3829 1227 3906; x_wconf 62' lang='grc' dir='ltr'>Ἰωάννην</span> <span class='ocrx_word' id='word_1_530' title='bbox 1313 3831 1663 3906; x_wconf 73' lang='grc' dir='ltr'>πατριάρχην</span> <span class='ocrx_word' id='word_1_531' title='bbox 1722 3833 2068 3906; x_wconf 62' lang='grc' dir='ltr'>Κῳνσταντιτ</span> 
     </span>
    </p>
   </div>
   <div class='ocr_carea' id='block_1_73' title="bbox 408 3849 2064 3979">
    <p class='ocr_par' dir='ltr' id='par_1_73' title="bbox 408 3849 2064 3979">
     <span class='ocr_line' id='line_1_73' title="bbox 410 3849 2064 3906; baseline 0.001 -20"><span class='ocrx_word' id='word_1_532' title='bbox 410 3851 577 3886; x_wconf 82' lang='grc' dir='ltr'>αυτου</span> <span class='ocrx_word' id='word_1_533' title='bbox 652 3849 896 3906; x_wconf 75' lang='grc' dir='ltr'>γενεσυαι</span> <span class='ocrx_word' id='word_1_534' title='bbox 975 3849 1227 3902; x_wconf 80' lang='grc' dir='ltr'>Ἰωαννην</span> <span class='ocrx_word' id='word_1_535' title='bbox 1313 3851 1514 3905; x_wconf 84' lang='grc' dir='ltr'>πατρια</span> <span class='ocrx_word' id='word_1_536' title='bbox 1598 3853 1663 3902; x_wconf 71' lang='grc' dir='ltr'>ην</span> <span class='ocrx_word' id='word_1_537' title='bbox 1722 3849 2064 3889; x_wconf 65' lang='grc' dir='ltr'>Άωνσταντι-</span> 
     </span>
     <span class='ocr_line' id='line_1_74' title="bbox 408 3849 2064 3979; baseline 0.001 -21"><span class='ocrx_word' id='word_1_538' title='bbox 408 3878 750 3979; x_wconf 71' lang='grc' dir='ltr'>νουπόλιεως⁶</span> <span class='ocrx_word' id='word_1_539' title='bbox 810 3900 1088 3979; x_wconf 37' lang='grc' dir='ltr'>Ἀνδρέαν-</span> <span class='ocrx_word' id='word_1_540' title='bbox 1128 3900 1187 3958; x_wconf 71' lang='grc' dir='ltr'>δὲ</span> <span class='ocrx_word' id='word_1_541' title='bbox 1245 3849 1669 3979; x_wconf 47' lang='grc' dir='ltr'>μητροπολῗᾶην</span> <span class='ocrx_word' id='word_1_542' title='bbox 1699 3905 1941 3978; x_wconf 75' lang='grc' dir='ltr'>Κρήτης,</span> <span class='ocrx_word' id='word_1_543' title='bbox 1973 3904 2064 3960; x_wconf 80' lang='grc' dir='ltr'>καὶ</span> 
     </span>
    </p>
   </div>
   <div class='ocr_carea' id='block_1_74' title="bbox 408 3973 2065 4052">
    <p class='ocr_par' dir='ltr' id='par_1_74' title="bbox 408 3973 2065 4052">
     <span class='ocr_line' id='line_1_75' title="bbox 408 3973 2065 4052; baseline 0.002 -23"><span class='ocrx_word' id='word_1_544' title='bbox 408 3975 681 4052; x_wconf 66' lang='grc' dir='ltr'>Γερμανὸν</span> <span class='ocrx_word' id='word_1_545' title='bbox 768 3973 1191 4052; x_wconf 59' lang='grc' dir='ltr'>μητροξπολίτην</span> <span class='ocrx_word' id='word_1_546' title='bbox 1223 3973 1255 4052; x_wconf 36' lang='grc' dir='ltr'>ι’</span> <span class='ocrx_word' id='word_1_547' title='bbox 1303 3973 1556 4042; x_wconf 72' lang='grc' dir='ltr'>Κύζίκου,</span> <span class='ocrx_word' id='word_1_548' title='bbox 1619 3973 2065 4052; x_wconf 15' lang='grc' dir='ltr'>,ὑπογράψαντας</span> 
     </span>
    </p>
   </div>
   <div class='ocr_carea' id='block_1_75' title="bbox 411 4044 2064 4121">
    <p class='ocr_par' dir='ltr' id='par_1_75' title="bbox 411 4044 2064 4121">
     <span class='ocr_line' id='line_1_76' title="bbox 411 4044 2064 4121; baseline 0.001 -19"><span class='ocrx_word' id='word_1_549' title='bbox 411 4044 732 4121; x_wconf 62' lang='grc' dir='ltr'>προδήλως,</span> <span class='ocrx_word' id='word_1_550' title='bbox 770 4044 893 4121; x_wconf 42' lang='lat' dir='ltr'>mai:</span> <span class='ocrx_word' id='word_1_551' title='bbox 938 4044 1451 4121; x_wconf 60' lang='grc' dir='ltr'>ἀνιαθεματίσαειτας,</span> <span class='ocrx_word' id='word_1_552' title='bbox 1508 4046 1644 4121; x_wconf 68' lang='grc' dir='ltr'>μετά</span> <span class='ocrx_word' id='word_1_553' title='bbox 1699 4044 1914 4103; x_wconf 66' lang='grc' dir='ltr'>πάντοὶν</span> <span class='ocrx_word' id='word_1_554' title='bbox 1954 4054 2064 4104; x_wconf 84' lang='grc' dir='ltr'>τῶν</span> 
     </span>
    </p>
   </div>
   <div class='ocr_carea' id='block_1_76' title="bbox 409 4116 2063 4193">
    <p class='ocr_par' dir='ltr' id='par_1_76' title="bbox 409 4116 2063 4193">
     <span class='ocr_line' id='line_1_77' title="bbox 409 4116 2063 4193; baseline 0.002 -21"><span class='ocrx_word' id='word_1_555' title='bbox 409 4116 498 4173; x_wconf 75' lang='grc' dir='ltr'><strong>ἐπί</strong></span> <span class='ocrx_word' id='word_1_556' title='bbox 552 4117 679 4177; x_wconf 80' lang='grc' dir='ltr'>τοὺς</span> <span class='ocrx_word' id='word_1_557' title='bbox 711 4117 936 4193; x_wconf 16' lang='grc' dir='ltr'>ᾲαρτοξδς</span> <span class='ocrx_word' id='word_1_558' title='bbox 988 4116 1248 4193; x_wconf 64' lang='grc' dir='ltr'>χρονους,</span> <span class='ocrx_word' id='word_1_559' title='bbox 1304 4120 1403 4188; x_wconf 80' lang='grc' dir='ltr'>τήν</span> <span class='ocrx_word' id='word_1_560' title='bbox 1463 4116 1868 4193; x_wconf 61' lang='grc' dir='ltr'>προρρηθεῖσαν</span> <span class='ocrx_word' id='word_1_561' title='bbox 1925 4121 2063 4193; x_wconf 73' lang='grc' dir='ltr'>κατὰ</span> 
     </span>
    </p>
   </div>
   <div class='ocr_carea' id='block_1_77' title="bbox 403 4188 2061 4264">
    <p class='ocr_par' dir='ltr' id='par_1_77' title="bbox 403 4188 2061 4264">
     <span class='ocr_line' id='line_1_78' title="bbox 403 4188 2061 4264; baseline 0.001 -20"><span class='ocrx_word' id='word_1_562' title='bbox 403 4194 514 4264; x_wconf 69' lang='grc' dir='ltr'>τῶν</span> <span class='ocrx_word' id='word_1_563' title='bbox 550 4189 936 4264; x_wconf 70' lang='grc' dir='ltr'>Μονοθελιτῶν</span> <span class='ocrx_word' id='word_1_564' title='bbox 991 4188 1144 4264; x_wconf 71' lang='grc' dir='ltr'>ἇγίαν</span> <span class='ocrx_word' id='word_1_565' title='bbox 1201 4188 1587 4264; x_wconf 14' lang='grc' dir='ltr'>οῗκᾲουμενυιήν</span> <span class='ocrx_word' id='word_1_566' title='bbox 1612 4188 1873 4250; x_wconf 68' lang='grc' dir='ltr'>σύνοδον.</span> <span class='ocrx_word' id='word_1_567' title='bbox 1913 4192 2061 4248; x_wconf 79' lang='grc' dir='ltr'>Μετᾶ</span> 
     </span>
    </p>
   </div>
   <div class='ocr_carea' id='block_1_78' title="bbox 404 4258 2056 4338">
    <p class='ocr_par' dir='ltr' id='par_1_78' title="bbox 404 4258 2056 4338">
     <span class='ocr_line' id='line_1_79' title="bbox 404 4258 2056 4338; baseline -0.004 -22"><span class='ocrx_word' id='word_1_568' title='bbox 404 4258 460 4316; x_wconf 80' lang='grc' dir='ltr'>δὲ</span> <span class='ocrx_word' id='word_1_569' title='bbox 487 4258 579 4338; x_wconf 77' lang='grc' dir='ltr'>ἔτη</span> <span class='ocrx_word' id='word_1_570' title='bbox 614 4263 659 4337; x_wconf 86' lang='grc' dir='ltr'>γ’</span> <span class='ocrx_word' id='word_1_571' title='bbox 687 4258 1135 4338; x_wconf 66' lang='grc' dir='ltr'>τελευτήσαντος</span> <span class='ocrx_word' id='word_1_572' title='bbox 1178 4258 1452 4328; x_wconf 79' lang='grc' dir='ltr'>Ἰωάννου,</span> <span class='ocrx_word' id='word_1_573' title='bbox 1518 4270 1874 4338; x_wconf 72' lang='grc' dir='ltr'>μετατεθῆναι</span> <span class='ocrx_word' id='word_1_574' title='bbox 1924 4269 2056 4338; x_wconf 81' lang='grc' dir='ltr'>Γερ.</span> 
     </span>
    </p>
   </div>
   <div class='ocr_carea' id='block_1_79' title="bbox 405 4333 2057 4408">
    <p class='ocr_par' dir='ltr' id='par_1_79' title="bbox 405 4333 2057 4408">
     <span class='ocr_line' id='line_1_80' title="bbox 405 4333 2057 4408; baseline 0.002 -22"><span class='ocrx_word' id='word_1_575' title='bbox 405 4334 571 4402; x_wconf 85' lang='grc' dir='ltr'>μανὸν</span> <span class='ocrx_word' id='word_1_576' title='bbox 603 4333 709 4408; x_wconf 61' lang='grc' dir='ltr'>άπὸ</span> <span class='ocrx_word' id='word_1_577' title='bbox 742 4333 1000 4408; x_wconf 72' lang='grc' dir='ltr'>Κυζίκου,</span> <span class='ocrx_word' id='word_1_578' title='bbox 1049 4334 1139 4388; x_wconf 75' lang='grc' dir='ltr'>καὶ</span> <span class='ocrx_word' id='word_1_579' title='bbox 1199 4333 1607 4408; x_wconf 74' lang='grc' dir='ltr'>πατριαρχῆσαι</span> <span class='ocrx_word' id='word_1_580' title='bbox 1648 4334 1737 4388; x_wconf 81' lang='grc' dir='ltr'>καὶ</span> <span class='ocrx_word' id='word_1_581' title='bbox 1772 4333 2057 4392; x_wconf 75' lang='grc' dir='ltr'>Κωνσῑαν-</span> 
     </span>
    </p>
   </div>
   <div class='ocr_carea' id='block_1_80' title="bbox 395 4403 2057 4476">
    <p class='ocr_par' dir='ltr' id='par_1_80' title="bbox 395 4403 2057 4476">
     <span class='ocr_line' id='line_1_81' title="bbox 395 4403 2057 4476; baseline 0.003 -18"><span class='ocrx_word' id='word_1_582' title='bbox 395 4405 771 4466; x_wconf 80' lang='grc' dir='ltr'>τινουπόλειυς</span> <span class='ocrx_word' id='word_1_583' title='bbox 803 4403 895 4473; x_wconf 79' lang='grc' dir='ltr'>ἔτη</span> <span class='ocrx_word' id='word_1_584' title='bbox 929 4412 1002 4461; x_wconf 84' lang='grc' dir='ltr'>ιε’.</span> <span class='ocrx_word' id='word_1_585' title='bbox 1036 4412 1081 4463; x_wconf 78' lang='grc' dir='ltr'><strong><em>Α</em></strong></span> <span class='ocrx_word' id='word_1_586' title='bbox 1121 4415 1361 4476; x_wconf 76' lang='lat' dir='ltr'>tempore</span> <span class='ocrx_word' id='word_1_587' title='bbox 1402 4403 1673 4461; x_wconf 60' lang='lat' dir='ltr'>editurum</span> <span class='ocrx_word' id='word_1_588' title='bbox 1705 4411 2057 4463; x_wconf 83' lang='lat' dir='ltr'>constitutio-</span> 
     </span>
    </p>
   </div>
   <div class='ocr_carea' id='block_1_81' title="bbox 398 4479 2055 4551">
    <p class='ocr_par' dir='ltr' id='par_1_81' title="bbox 398 4479 2055 4551">
     <span class='ocr_line' id='line_1_82' title="bbox 398 4479 2055 4551; baseline 0.003 -21"><span class='ocrx_word' id='word_1_589' title='bbox 398 4493 531 4531; x_wconf 84' lang='lat' dir='ltr'>num</span> <span class='ocrx_word' id='word_1_590' title='bbox 560 4479 634 4532; x_wconf 89' lang='lat' dir='ltr'>ad</span> <span class='ocrx_word' id='word_1_591' title='bbox 662 4486 922 4551; x_wconf 81' lang='lat' dir='ltr'>quartum</span> <span class='ocrx_word' id='word_1_592' title='bbox 970 4479 1278 4547; x_wconf 78' lang='lat' dir='ltr'>Philippici</span> <span class='ocrx_word' id='word_1_593' title='bbox 1324 4494 1552 4543; x_wconf 87' lang='lat' dir='ltr'>annum,</span> <span class='ocrx_word' id='word_1_594' title='bbox 1592 4481 1747 4546; x_wconf 82' lang='lat' dir='ltr'>facta</span> <span class='ocrx_word' id='word_1_595' title='bbox 1778 4486 1853 4534; x_wconf 85' lang='lat' dir='ltr'>est</span> <span class='ocrx_word' id='word_1_596' title='bbox 1882 4481 2055 4551; x_wconf 84' lang='lat' dir='ltr'>plena</span> 
     </span>
    </p>
   </div>
   <div class='ocr_carea' id='block_1_82' title="bbox 393 4550 2051 4617">
    <p class='ocr_par' dir='ltr' id='par_1_82' title="bbox 393 4550 2051 4617">
     <span class='ocr_line' id='line_1_83' title="bbox 393 4550 2051 4617; baseline 0.003 -16"><span class='ocrx_word' id='word_1_597' title='bbox 393 4551 588 4617; x_wconf 78' lang='lat' dir='ltr'>furore</span> <span class='ocrx_word' id='word_1_598' title='bbox 638 4550 870 4617; x_wconf 78' lang='lat' dir='ltr'>synodus</span> <span class='ocrx_word' id='word_1_599' title='bbox 923 4551 1178 4604; x_wconf 64' lang='lat' dir='ltr'>adversus</span> <span class='ocrx_word' id='word_1_600' title='bbox 1234 4566 1448 4605; x_wconf 81' lang='lat' dir='ltr'>sacram</span> <span class='ocrx_word' id='word_1_601' title='bbox 1494 4556 1709 4603; x_wconf 67' lang='lat' dir='ltr'>sectam</span> <span class='ocrx_word' id='word_1_602' title='bbox 1749 4550 2051 4605; x_wconf 69' lang='lat' dir='ltr'>mcumeni-</span> 
     </span>
    </p>
   </div>
   <div class='ocr_carea' id='block_1_83' title="bbox 398 4620 2047 4692">
    <p class='ocr_par' dir='ltr' id='par_1_83' title="bbox 398 4620 2047 4692">
     <span class='ocr_line' id='line_1_84' title="bbox 398 4620 2047 4692; baseline 0.002 -19"><span class='ocrx_word' id='word_1_603' title='bbox 398 4636 517 4674; x_wconf 88' lang='lat' dir='ltr'>cam</span> <span class='ocrx_word' id='word_1_604' title='bbox 562 4620 845 4689; x_wconf 77' lang='lat' dir='ltr'>synodum.</span> <span class='ocrx_word' id='word_1_605' title='bbox 897 4637 960 4674; x_wconf 84' lang='lat' dir='ltr'>ac</span> <span class='ocrx_word' id='word_1_606' title='bbox 1015 4623 1151 4689; x_wconf 80' lang='lat' dir='ltr'>(&#39;yro</span> <span class='ocrx_word' id='word_1_607' title='bbox 1201 4622 1375 4690; x_wconf 80' lang='lat' dir='ltr'>ejecta</span> <span class='ocrx_word' id='word_1_608' title='bbox 1423 4636 1567 4692; x_wconf 83' lang='lat' dir='ltr'>anno</span> <span class='ocrx_word' id='word_1_609' title='bbox 1605 4628 1761 4674; x_wconf 64' lang='lat' dir='ltr'>sea‘to</span> <span class='ocrx_word' id='word_1_610' title='bbox 1792 4624 1924 4675; x_wconf 81' lang='lat' dir='ltr'>initi</span> <span class='ocrx_word' id='word_1_611' title='bbox 1941 4640 2047 4692; x_wconf 83' lang='lat' dir='ltr'>pa-</span> 
     </span>
    </p>
   </div>
   <div class='ocr_carea' id='block_1_84' title="bbox 397 4690 2046 4764">
    <p class='ocr_par' dir='ltr' id='par_1_84' title="bbox 397 4690 2046 4764">
     <span class='ocr_line' id='line_1_85' title="bbox 397 4690 2046 4764; baseline 0.002 -20"><span class='ocrx_word' id='word_1_612' title='bbox 397 4693 753 4753; x_wconf 67' lang='lat' dir='ltr'>triarchalus,</span> <span class='ocrx_word' id='word_1_613' title='bbox 809 4694 1044 4745; x_wconf 78' lang='lat' dir='ltr'>Joannes</span> <span class='ocrx_word' id='word_1_614' title='bbox 1069 4762 1073 4764; x_wconf 78' lang='lat'><strong><em>_</em></strong></span> <span class='ocrx_word' id='word_1_615' title='bbox 1102 4692 1426 4760; x_wconf 68' lang='lat' dir='ltr'>patriarcha</span> <span class='ocrx_word' id='word_1_616' title='bbox 1467 4690 2046 4764; x_wconf 34' lang='lat' dir='ltr'>Constantinopoli—ta-</span> 
     </span>
    </p>
   </div>
   <div class='ocr_carea' id='block_1_85' title="bbox 391 4762 2045 4833">
    <p class='ocr_par' dir='ltr' id='par_1_85' title="bbox 391 4762 2045 4833">
     <span class='ocr_line' id='line_1_86' title="bbox 391 4762 2045 4833; baseline 0.001 -16"><span class='ocrx_word' id='word_1_617' title='bbox 391 4780 493 4817; x_wconf 86' lang='lat' dir='ltr'>nus</span> <span class='ocrx_word' id='word_1_618' title='bbox 524 4772 739 4818; x_wconf 59' lang='lat' dir='ltr'>meatus</span> <span class='ocrx_word' id='word_1_619' title='bbox 775 4770 898 4817; x_wconf 80' lang='lat' dir='ltr'>est:</span> <span class='ocrx_word' id='word_1_620' title='bbox 947 4762 1199 4817; x_wconf 76' lang='lat' dir='ltr'>Andreas</span> <span class='ocrx_word' id='word_1_621' title='bbox 1249 4771 1431 4816; x_wconf 82' lang='lat' dir='ltr'>autem</span> <span class='ocrx_word' id='word_1_622' title='bbox 1472 4762 2045 4833; x_wconf 44' lang='lat' dir='ltr'>metropolila&#39;Cretm,</span> 
     </span>
    </p>
   </div>
   <div class='ocr_carea' id='block_1_86' title="bbox 372 4833 2043 4903">
    <p class='ocr_par' dir='ltr' id='par_1_86' title="bbox 372 4833 2043 4903">
     <span class='ocr_line' id='line_1_87' title="bbox 372 4833 2043 4903; baseline -0.001 -14"><span class='ocrx_word' id='word_1_623' title='bbox 372 4851 452 4889; x_wconf 84' lang='lat' dir='ltr'>.ac</span> <span class='ocrx_word' id='word_1_624' title='bbox 483 4835 783 4890; x_wconf 80' lang='lat' dir='ltr'>Germanus</span> <span class='ocrx_word' id='word_1_625' title='bbox 834 4836 1014 4902; x_wconf 56' lang='grc' dir='ltr'><em>(Ἶβιὺί</em></span> <span class='ocrx_word' id='word_1_626' title='bbox 1060 4836 1433 4903; x_wconf 83' lang='lat' dir='ltr'>metropolita,</span> <span class='ocrx_word' id='word_1_627' title='bbox 1470 4833 1764 4903; x_wconf 73' lang='lat' dir='ltr'>propalam</span> <span class='ocrx_word' id='word_1_628' title='bbox 1808 4837 2043 4892; x_wconf 57' lang='lat' dir='ltr'>subseri-</span> 
     </span>
    </p>
   </div>
   <div class='ocr_carea' id='block_1_87' title="bbox 376 4905 2047 4974">
    <p class='ocr_par' dir='ltr' id='par_1_87' title="bbox 376 4905 2047 4974">
     <span class='ocr_line' id='line_1_88' title="bbox 376 4905 2047 4974; baseline 0.004 -17"><span class='ocrx_word' id='word_1_629' title='bbox 376 4914 636 4974; x_wconf 76' lang='lat' dir='ltr'>pserunt.</span> <span class='ocrx_word' id='word_1_630' title='bbox 688 4924 751 4961; x_wconf 87' lang='lat' dir='ltr'>ac</span> <span class='ocrx_word' id='word_1_631' title='bbox 801 4906 1154 4960; x_wconf 81' lang='lat' dir='ltr'>anathemate</span> <span class='ocrx_word' id='word_1_632' title='bbox 1201 4905 1559 4973; x_wconf 80' lang='lat' dir='ltr'>damnarunt,</span> <span class='ocrx_word' id='word_1_633' title='bbox 1616 4921 1737 4961; x_wconf 90' lang='lat' dir='ltr'>cum</span> <span class='ocrx_word' id='word_1_634' title='bbox 1795 4910 2047 4963; x_wconf 77' lang='lat' dir='ltr'>omnibus</span> 
     </span>
    </p>
   </div>
   <div class='ocr_carea' id='block_1_88' title="bbox 384 4976 2043 5048">
    <p class='ocr_par' dir='ltr' id='par_1_88' title="bbox 384 4976 2043 5048">
     <span class='ocr_line' id='line_1_89' title="bbox 384 4976 2043 5048; baseline 0.002 -17"><span class='ocrx_word' id='word_1_635' title='bbox 384 4979 629 5047; x_wconf 68' lang='lat' dir='ltr'>collegis.</span> <span class='ocrx_word' id='word_1_636' title='bbox 656 4981 957 5048; x_wconf 66' lang='lat' dir='ltr'>prmfatam</span> <span class='ocrx_word' id='word_1_637' title='bbox 1004 4977 1062 5031; x_wconf 80' lang='lat' dir='ltr'>in</span> <span class='ocrx_word' id='word_1_638' title='bbox 1110 4977 1506 5032; x_wconf 76' lang='lat' dir='ltr'>Monothelitas</span> <span class='ocrx_word' id='word_1_639' title='bbox 1556 4976 1884 5033; x_wconf 84' lang='lat' dir='ltr'>celebratam</span> <span class='ocrx_word' id='word_1_640' title='bbox 1913 4996 2043 5035; x_wconf 90' lang='lat' dir='ltr'>san-</span> 
     </span>
    </p>
   </div>
   <div class='ocr_carea' id='block_1_89' title="bbox 381 5050 2045 5122">
    <p class='ocr_par' dir='ltr' id='par_1_89' title="bbox 381 5050 2045 5122">
     <span class='ocr_line' id='line_1_90' title="bbox 381 5050 2045 5122; baseline 0.002 -19"><span class='ocrx_word' id='word_1_641' title='bbox 381 5056 532 5103; x_wconf 69' lang='lat' dir='ltr'>ctam</span> <span class='ocrx_word' id='word_1_642' title='bbox 581 5051 965 5105; x_wconf 76' lang='lat' dir='ltr'>wcumenicam</span> <span class='ocrx_word' id='word_1_643' title='bbox 1040 5050 1327 5122; x_wconf 78' lang='lat' dir='ltr'>synodum.</span> <span class='ocrx_word' id='word_1_644' title='bbox 1410 5052 1623 5122; x_wconf 54' lang='lat' dir='ltr'>Mortuo</span> <span class='ocrx_word' id='word_1_645' title='bbox 1680 5055 1861 5104; x_wconf 84' lang='lat' dir='ltr'>autem</span> <span class='ocrx_word' id='word_1_646' title='bbox 1914 5058 2045 5122; x_wconf 85' lang='lat' dir='ltr'>post</span> 
     </span>
    </p>
   </div>
   <div class='ocr_carea' id='block_1_90' title="bbox 381 5121 2039 5193">
    <p class='ocr_par' dir='ltr' id='par_1_90' title="bbox 381 5121 2039 5193">
     <span class='ocr_line' id='line_1_91' title="bbox 381 5121 2039 5193; baseline 0.004 -21"><span class='ocrx_word' id='word_1_647' title='bbox 381 5123 677 5176; x_wconf 78' lang='lat' dir='ltr'>triennium</span> <span class='ocrx_word' id='word_1_648' title='bbox 725 5124 959 5185; x_wconf 86' lang='lat' dir='ltr'>Joanne,</span> <span class='ocrx_word' id='word_1_649' title='bbox 1003 5121 1305 5176; x_wconf 81' lang='lat' dir='ltr'>translatus</span> <span class='ocrx_word' id='word_1_650' title='bbox 1349 5128 1423 5175; x_wconf 86' lang='lat' dir='ltr'>est</span> <span class='ocrx_word' id='word_1_651' title='bbox 1472 5121 1774 5193; x_wconf 73' lang='lat' dir='ltr'>Germanus</span> <span class='ocrx_word' id='word_1_652' title='bbox 1826 5121 2039 5193; x_wconf 72' lang='lat' dir='ltr'>Cysico,</span> 
     </span>
    </p>
   </div>
   <div class='ocr_carea' id='block_1_91' title="bbox 378 5192 2041 5262">
    <p class='ocr_par' dir='ltr' id='par_1_91' title="bbox 378 5192 2041 5262">
     <span class='ocr_line' id='line_1_92' title="bbox 378 5192 2041 5262; baseline 0.003 -17"><span class='ocrx_word' id='word_1_653' title='bbox 378 5194 598 5262; x_wconf 75' lang='lat' dir='ltr'>egitque</span> <span class='ocrx_word' id='word_1_654' title='bbox 660 5193 1049 5262; x_wconf 68' lang='lat' dir='ltr'>patriam/ram</span> <span class='ocrx_word' id='word_1_655' title='bbox 1118 5192 1794 5261; x_wconf 81' lang='lat' dir='ltr'>Constantinopolitanum</span> <span class='ocrx_word' id='word_1_656' title='bbox 1879 5197 2041 5251; x_wconf 79' lang='lat' dir='ltr'>annis</span> 
     </span>
    </p>
   </div>
   <div class='ocr_carea' id='block_1_92' title="bbox 376 5266 718 5332">
    <p class='ocr_par' dir='ltr' id='par_1_92' title="bbox 376 5266 718 5332">
     <span class='ocr_line' id='line_1_93' title="bbox 376 5266 718 5332; baseline 0.012 -17"><span class='ocrx_word' id='word_1_657' title='bbox 376 5266 718 5332; x_wconf 79' lang='lat' dir='ltr'>quindecim.</span> 
     </span>
    </p>
   </div>
   <div class='ocr_carea' id='block_1_93' title="bbox 447 5333 2039 5405">
    <p class='ocr_par' dir='ltr' id='par_1_93' title="bbox 447 5333 2039 5405">
     <span class='ocr_line' id='line_1_94' title="bbox 447 5333 2039 5405; baseline 0.001 -17"><span class='ocrx_word' id='word_1_658' title='bbox 447 5336 526 5401; x_wconf 81' lang='lat'>(5)</span> <span class='ocrx_word' id='word_1_659' title='bbox 566 5337 778 5390; x_wconf 78' lang='lat' dir='ltr'>Veritas</span> <span class='ocrx_word' id='word_1_660' title='bbox 822 5335 976 5388; x_wconf 84' lang='lat' dir='ltr'>nobis</span> <span class='ocrx_word' id='word_1_661' title='bbox 1024 5336 1083 5387; x_wconf 85' lang='lat' dir='ltr'>in</span> <span class='ocrx_word' id='word_1_662' title='bbox 1128 5335 1365 5390; x_wconf 80' lang='lat' dir='ltr'>vocibus.</span> <span class='ocrx_word' id='word_1_663' title='bbox 1421 5333 1617 5405; x_wconf 84' lang='lat' dir='ltr'>Malim</span> <span class='ocrx_word' id='word_1_664' title='bbox 1659 5335 1829 5400; x_wconf 90' lang='lat' dir='ltr'>salus,</span> <span class='ocrx_word' id='word_1_665' title='bbox 1853 5356 2039 5405; x_wconf 60' lang='lat' dir='ltr'>emta;-</span> 
     </span>
    </p>
   </div>
   <div class='ocr_carea' id='block_1_94' title="bbox 371 5403 2033 5482">
    <p class='ocr_par' dir='ltr' id='par_1_94' title="bbox 371 5403 2033 5482">
     <span class='ocr_line' id='line_1_95' title="bbox 371 5403 2033 5482; baseline 0.004 -26"><span class='ocrx_word' id='word_1_666' title='bbox 371 5403 642 5482; x_wconf 62' lang='lat' dir='ltr'>piav:_ut</span> <span class='ocrx_word' id='word_1_667' title='bbox 696 5407 885 5482; x_wconf 81' lang='lat' dir='ltr'>habet</span> <span class='ocrx_word' id='word_1_668' title='bbox 925 5406 1182 5482; x_wconf 73' lang='lat' dir='ltr'>Gregorii</span> <span class='ocrx_word' id='word_1_669' title='bbox 1236 5412 1429 5482; x_wconf 81' lang='lat' dir='ltr'>textus</span> <span class='ocrx_word' id='word_1_670' title='bbox 1476 5404 1706 5482; x_wconf 80' lang='lat' dir='ltr'>editus:</span> <span class='ocrx_word' id='word_1_671' title='bbox 1760 5403 1903 5482; x_wconf 65' lang='grc' dir='ltr'>ῼρδὶ</span> <span class='ocrx_word' id='word_1_672' title='bbox 1927 5403 2033 5482; x_wconf 78' lang='grc' dir='ltr'>γὰρ</span> 
     </span>
    </p>
   </div>
   <div class='ocr_carea' id='block_1_95' title="bbox 368 5473 1935 5547">
    <p class='ocr_par' dir='ltr' id='par_1_95' title="bbox 368 5473 1935 5547">
     <span class='ocr_line' id='line_1_96' title="bbox 368 5473 1935 5547; baseline 0.003 -21"><span class='ocrx_word' id='word_1_673' title='bbox 368 5473 421 5527; x_wconf 78' lang='grc' dir='ltr'>έν</span> <span class='ocrx_word' id='word_1_674' title='bbox 480 5474 719 5547; x_wconf 67' lang='grc' dir='ltr'>ῥήμασιν</span> <span class='ocrx_word' id='word_1_675' title='bbox 776 5478 915 5546; x_wconf 77' lang='grc' dir='ltr'>ἡμῖν</span> <span class='ocrx_word' id='word_1_676' title='bbox 998 5473 1133 5528; x_wconf 65' lang='grc' dir='ltr'>εἶναι</span> <span class='ocrx_word' id='word_1_677' title='bbox 1207 5476 1308 5541; x_wconf 80' lang='grc' dir='ltr'>τήν</span> <span class='ocrx_word' id='word_1_678' title='bbox 1363 5475 1637 5547; x_wconf 81' lang='grc' dir='ltr'>σωτηρίαν</span> <span class='ocrx_word' id='word_1_679' title='bbox 1699 5474 1935 5546; x_wconf 79' lang='grc' dir='ltr'>μᾶλλον,</span> 
     </span>
    </p>
   </div>
   <div class='ocr_carea' id='block_1_96' title="bbox 367 5548 2033 5620">
    <p class='ocr_par' dir='ltr' id='par_1_96' title="bbox 367 5548 2033 5620">
     <span class='ocr_line' id='line_1_97' title="bbox 367 5548 2033 5620; baseline 0.005 -22"><span class='ocrx_word' id='word_1_680' title='bbox 367 5548 674 5620; x_wconf 76' lang='grc' dir='ltr'>πράγμασι·</span> <span class='ocrx_word' id='word_1_681' title='bbox 739 5551 857 5620; x_wconf 87' lang='lat' dir='ltr'>Non</span> <span class='ocrx_word' id='word_1_682' title='bbox 899 5554 1029 5620; x_wconf 88' lang='lat' dir='ltr'>tam_</span> <span class='ocrx_word' id='word_1_683' title='bbox 1067 5564 1176 5620; x_wconf 78' lang='lat' dir='ltr'>esse</span> <span class='ocrx_word' id='word_1_684' title='bbox 1229 5549 1486 5620; x_wconf 4' lang='lat' dir='ltr'>positam,</span> <span class='ocrx_word' id='word_1_685' title='bbox 1522 5552 1580 5602; x_wconf 86' lang='lat' dir='ltr'>in</span> <span class='ocrx_word' id='word_1_686' title='bbox 1636 5549 1833 5620; x_wconf 76' lang='lat' dir='ltr'>verbis,</span> <span class='ocrx_word' id='word_1_687' title='bbox 1866 5548 2033 5620; x_wconf 71' lang='lat' dir='ltr'>quam</span> 
     </span>
    </p>
   </div>
   <div class='ocr_carea' id='block_1_97' title="bbox 366 5617 2030 5685">
    <p class='ocr_par' dir='ltr' id='par_1_97' title="bbox 366 5617 2030 5685">
     <span class='ocr_line' id='line_1_98' title="bbox 366 5617 2030 5685; baseline 0.005 -17"><span class='ocrx_word' id='word_1_688' title='bbox 366 5617 427 5669; x_wconf 77' lang='lat' dir='ltr'>in</span> <span class='ocrx_word' id='word_1_689' title='bbox 456 5619 636 5671; x_wconf 80' lang='lat' dir='ltr'>rebus.</span> <span class='ocrx_word' id='word_1_690' title='bbox 670 5619 892 5682; x_wconf 87' lang='lat' dir='ltr'>Quibus</span> <span class='ocrx_word' id='word_1_691' title='bbox 952 5617 1202 5673; x_wconf 88' lang='lat' dir='ltr'>minime</span> <span class='ocrx_word' id='word_1_692' title='bbox 1258 5618 1521 5673; x_wconf 84' lang='lat' dir='ltr'>excludit</span> <span class='ocrx_word' id='word_1_693' title='bbox 1571 5617 1769 5685; x_wconf 82' lang='lat' dir='ltr'>verba,</span> <span class='ocrx_word' id='word_1_694' title='bbox 1804 5617 1907 5676; x_wconf 77' lang='lat' dir='ltr'>sed</span> <span class='ocrx_word' id='word_1_695' title='bbox 1933 5640 2030 5681; x_wconf 85' lang='lat' dir='ltr'>res</span> 
     </span>
    </p>
   </div>
   <div class='ocr_carea' id='block_1_98' title="bbox 366 5686 2032 5759">
    <p class='ocr_par' dir='ltr' id='par_1_98' title="bbox 366 5686 2032 5759">
     <span class='ocr_line' id='line_1_99' title="bbox 366 5686 2032 5759; baseline 0.008 -21"><span class='ocrx_word' id='word_1_696' title='bbox 366 5686 823 5756; x_wconf 82' lang='lat' dir='ltr'>principaliores</span> <span class='ocrx_word' id='word_1_697' title='bbox 871 5689 1181 5759; x_wconf 72' lang='lat' dir='ltr'>agnoscit:</span> <span class='ocrx_word' id='word_1_698' title='bbox 1233 5697 1300 5742; x_wconf 87' lang='lat' dir='ltr'>ut</span> <span class='ocrx_word' id='word_1_699' title='bbox 1348 5690 1426 5742; x_wconf 86' lang='lat' dir='ltr'>sit</span> <span class='ocrx_word' id='word_1_700' title='bbox 1472 5689 1866 5759; x_wconf 82' lang='lat' dir='ltr'>principalior</span> <span class='ocrx_word' id='word_1_701' title='bbox 1903 5710 2032 5751; x_wconf 87' lang='lat' dir='ltr'>sen-</span> 
     </span>
    </p>
   </div>
   <div class='ocr_carea' id='block_1_99' title="bbox 368 5757 2031 5829">
    <p class='ocr_par' dir='ltr' id='par_1_99' title="bbox 368 5757 2031 5829">
     <span class='ocr_line' id='line_1_100' title="bbox 368 5757 2031 5829; baseline 0.01 -23"><span class='ocrx_word' id='word_1_702' title='bbox 368 5771 491 5822; x_wconf 83' lang='lat' dir='ltr'>sus,</span> <span class='ocrx_word' id='word_1_703' title='bbox 525 5759 788 5811; x_wconf 84' lang='lat' dir='ltr'>ostendit</span> <span class='ocrx_word' id='word_1_704' title='bbox 816 5757 975 5826; x_wconf 84' lang='lat' dir='ltr'>quod</span> <span class='ocrx_word' id='word_1_705' title='bbox 1007 5757 1134 5825; x_wconf 86' lang='lat' dir='ltr'>ipse</span> <span class='ocrx_word' id='word_1_706' title='bbox 1183 5768 1427 5814; x_wconf 81' lang='lat' dir='ltr'>excusat</span> <span class='ocrx_word' id='word_1_707' title='bbox 1455 5757 1712 5829; x_wconf 78' lang='lat' dir='ltr'>epistola</span> <span class='ocrx_word' id='word_1_708' title='bbox 1739 5765 1771 5815; x_wconf 80' lang='grc'>2</span> <span class='ocrx_word' id='word_1_709' title='bbox 1801 5764 1876 5818; x_wconf 88' lang='lat' dir='ltr'>ad</span> <span class='ocrx_word' id='word_1_710' title='bbox 1907 5767 2031 5823; x_wconf 89' lang='lat' dir='ltr'>Cle-</span> 
     </span>
    </p>
   </div>
   <div class='ocr_carea' id='block_1_100' title="bbox 2177 3837 3849 3914">
    <p class='ocr_par' dir='ltr' id='par_1_100' title="bbox 2177 3837 3849 3914">
     <span class='ocr_line' id='line_1_101' title="bbox 2177 3837 3849 3914; baseline 0.005 -21"><span class='ocrx_word' id='word_1_711' title='bbox 2177 3837 2426 3914; x_wconf 82' lang='lat' dir='ltr'>donium</span> <span class='ocrx_word' id='word_1_712' title='bbox 2481 3840 2641 3896; x_wconf 89' lang='lat' dir='ltr'>circa</span> <span class='ocrx_word' id='word_1_713' title='bbox 2689 3839 2896 3914; x_wconf 76' lang='lat' dir='ltr'>Vitatis</span> <span class='ocrx_word' id='word_1_714' title='bbox 2952 3839 3419 3914; x_wconf 79' lang='lat' dir='ltr'>confessionem.</span> <span class='ocrx_word' id='word_1_715' title='bbox 3451 3856 3635 3912; x_wconf 88' lang='lat' dir='ltr'>quam</span> <span class='ocrx_word' id='word_1_716' title='bbox 3671 3843 3849 3914; x_wconf 83' lang='lat' dir='ltr'>prius</span> 
     </span>
    </p>
   </div>
   <div class='ocr_carea' id='block_1_101' title="bbox 2175 3910 3849 4037">
    <p class='ocr_par' dir='ltr' id='par_1_101' title="bbox 2175 3910 3849 4037">
     <span class='ocr_line' id='line_1_102' title="bbox 2175 3910 3849 4037; baseline 0.003 -71"><span class='ocrx_word' id='word_1_717' title='bbox 2175 3911 2583 4037; x_wconf 58' lang='lat' dir='ltr'>apgrobasset,</span> <span class='ocrx_word' id='word_1_718' title='bbox 2613 3911 2995 3994; x_wconf 79' lang='lat' dir='ltr'>postmodum</span> <span class='ocrx_word' id='word_1_719' title='bbox 3017 3928 3153 3967; x_wconf 87' lang='lat' dir='ltr'>vero</span> <span class='ocrx_word' id='word_1_720' title='bbox 3175 3910 3545 3995; x_wconf 76' lang='lat' dir='ltr'>damnasset,</span> <span class='ocrx_word' id='word_1_721' title='bbox 3573 3910 3849 3987; x_wconf 79' lang='lat' dir='ltr'>agtiitam</span> 
     </span>
     <span class='ocr_line' id='line_1_103' title="bbox 2175 3983 3849 4037; baseline 0 0"><span class='ocrx_word' id='word_1_722' title='bbox 2175 3999 2245 4037; x_wconf 92' lang='lat' dir='ltr'>su</span> <span class='ocrx_word' id='word_1_723' title='bbox 2315 3983 2513 4037; x_wconf 80' lang='lat' dir='ltr'>verbis</span> <span class='ocrx_word' id='word_1_724' title='bbox 2562 3984 2893 4037; x_wconf 78' lang='lat' dir='ltr'>catholicis.</span> <span class='ocrx_word' id='word_1_725' title='bbox 2927 3999 3107 4037; x_wconf 90' lang='lat' dir='ltr'>sensu</span> <span class='ocrx_word' id='word_1_726' title='bbox 3155 3984 3521 4037; x_wconf 70' lang='lat' dir='ltr'>hmretxcam.</span> <span class='ocrx_word' id='word_1_727' title='bbox 3557 4001 3849 4037; x_wconf 74' lang='lat' dir='ltr'>asserens</span> 
     </span>
    </p>
   </div>
   <div class='ocr_carea' id='block_1_102' title="bbox 2175 3983 3851 4054">
    <p class='ocr_par' dir='ltr' id='par_1_102' title="bbox 2175 3983 3851 4054">
     <span class='ocr_line' id='line_1_104' title="bbox 2175 3983 3851 4054; baseline 0.004 -17"><span class='ocrx_word' id='word_1_728' title='bbox 2175 3983 2284 4037; x_wconf 92' lang='lat' dir='ltr'>sub</span> <span class='ocrx_word' id='word_1_729' title='bbox 2315 3983 2513 4039; x_wconf 89' lang='lat' dir='ltr'>verbis</span> <span class='ocrx_word' id='word_1_730' title='bbox 2562 3983 2893 4048; x_wconf 88' lang='lat' dir='ltr'>catholicis,</span> <span class='ocrx_word' id='word_1_731' title='bbox 2927 3999 3107 4040; x_wconf 89' lang='lat' dir='ltr'>sensu</span> <span class='ocrx_word' id='word_1_732' title='bbox 3155 3984 3521 4054; x_wconf 72' lang='lat' dir='ltr'>haareticam,</span> <span class='ocrx_word' id='word_1_733' title='bbox 3557 3983 3851 4044; x_wconf 74' lang='lat' dir='ltr'>asserens</span> 
     </span>
    </p>
   </div>
   <div class='ocr_carea' id='block_1_103' title="bbox 2172 4054 2952 4111">
    <p class='ocr_par' dir='ltr' id='par_1_103' title="bbox 2172 4054 2952 4111">
     <span class='ocr_line' id='line_1_105' title="bbox 2172 4054 2952 4111; baseline 0.003 -2"><span class='ocrx_word' id='word_1_734' title='bbox 2172 4054 2493 4110; x_wconf 87' lang='lat' dir='ltr'>Damasum</span> <span class='ocrx_word' id='word_1_735' title='bbox 2526 4055 2684 4111; x_wconf 90' lang='lat' dir='ltr'>idem</span> <span class='ocrx_word' id='word_1_736' title='bbox 2716 4055 2952 4111; x_wconf 83' lang='lat' dir='ltr'>fecisse.</span> 
     </span>
    </p>
   </div>
   <div class='ocr_carea' id='block_1_104' title="bbox 2243 4127 3850 4251">
    <p class='ocr_par' dir='ltr' id='par_1_104' title="bbox 2243 4127 3850 4251">
     <span class='ocr_line' id='line_1_106' title="bbox 2243 4127 3850 4251; baseline 0.004 -72"><span class='ocrx_word' id='word_1_737' title='bbox 2243 4128 2318 4251; x_wconf 65' lang='grc' dir='ltr'>(ὅῖ</span> <span class='ocrx_word' id='word_1_738' title='bbox 2373 4127 2467 4181; x_wconf 87' lang='lat' dir='ltr'>Ad</span> <span class='ocrx_word' id='word_1_739' title='bbox 2528 4128 2941 4198; x_wconf 83' lang='lat' dir='ltr'>persuasionem</span> <span class='ocrx_word' id='word_1_740' title='bbox 3027 4129 3275 4197; x_wconf 74' lang='lat' dir='ltr'>tyranni,</span> <span class='ocrx_word' id='word_1_741' title='bbox 3333 4127 3671 4199; x_wconf 77' lang='grc' dir='ltr'>πεισμουήν.</span> <span class='ocrx_word' id='word_1_742' title='bbox 3749 4129 3850 4186; x_wconf 73' lang='lat' dir='ltr'>Ita</span> 
     </span>
     <span class='ocr_line' id='line_1_107' title="bbox 2243 4198 3843 4251; baseline 0 0"><span class='ocrx_word' id='word_1_743' title='bbox 2243 4213 2291 4251; x_wconf 75' lang='lat' dir='ltr'>iu</span> <span class='ocrx_word' id='word_1_744' title='bbox 2320 4214 2390 4251; x_wconf 90' lang='lat' dir='ltr'>us</span> <span class='ocrx_word' id='word_1_745' title='bbox 2419 4204 2588 4251; x_wconf 88' lang='lat' dir='ltr'>vocat</span> <span class='ocrx_word' id='word_1_746' title='bbox 2612 4198 2951 4251; x_wconf 86' lang='lat' dir='ltr'>Galatarum</span> <span class='ocrx_word' id='word_1_747' title='bbox 2977 4198 3527 4251; x_wconf 73' lang='lat' dir='ltr'>interpellationem</span> <span class='ocrx_word' id='word_1_748' title='bbox 3558 4216 3627 4251; x_wconf 86' lang='lat' dir='ltr'>ac</span> <span class='ocrx_word' id='word_1_749' title='bbox 3659 4202 3843 4251; x_wconf 70' lang='grc' dir='ltr'>σιιιιεὶ</span> 
     </span>
    </p>
   </div>
   <div class='ocr_carea' id='block_1_105' title="bbox 2170 4196 3845 4272">
    <p class='ocr_par' dir='ltr' id='par_1_105' title="bbox 2170 4196 3845 4272">
     <span class='ocr_line' id='line_1_108' title="bbox 2170 4196 3845 4272; baseline 0.004 -21"><span class='ocrx_word' id='word_1_750' title='bbox 2170 4196 2390 4272; x_wconf 80' lang='lat' dir='ltr'>Paulus</span> <span class='ocrx_word' id='word_1_751' title='bbox 2419 4196 2588 4272; x_wconf 71' lang='lat' dir='ltr'>vocat</span> <span class='ocrx_word' id='word_1_752' title='bbox 2609 4198 2951 4272; x_wconf 67' lang='lat' dir='ltr'>Galatarum</span> <span class='ocrx_word' id='word_1_753' title='bbox 2977 4196 3527 4272; x_wconf 80' lang='lat' dir='ltr'>interpellationem</span> <span class='ocrx_word' id='word_1_754' title='bbox 3558 4216 3627 4256; x_wconf 86' lang='lat' dir='ltr'>ac</span> <span class='ocrx_word' id='word_1_755' title='bbox 3659 4202 3845 4272; x_wconf 73' lang='lat' dir='ltr'>quasi</span> 
     </span>
    </p>
   </div>
   <div class='ocr_carea' id='block_1_106' title="bbox 2168 4268 3845 4330">
    <p class='ocr_par' dir='ltr' id='par_1_106' title="bbox 2168 4268 3845 4330">
     <span class='ocr_line' id='line_1_109' title="bbox 2168 4268 3845 4330; baseline 0.005 -9"><span class='ocrx_word' id='word_1_756' title='bbox 2168 4268 2488 4325; x_wconf 85' lang='lat' dir='ltr'>violentam</span> <span class='ocrx_word' id='word_1_757' title='bbox 2513 4269 2933 4326; x_wconf 88' lang='lat' dir='ltr'>abductionem</span> <span class='ocrx_word' id='word_1_758' title='bbox 2963 4287 2999 4326; x_wconf 87' lang='lat' dir='ltr'>a</span> <span class='ocrx_word' id='word_1_759' title='bbox 3029 4268 3191 4326; x_wconf 80' lang='lat' dir='ltr'>recto</span> <span class='ocrx_word' id='word_1_760' title='bbox 3217 4270 3514 4330; x_wconf 62' lang='lat' dir='ltr'>Evangelii</span> <span class='ocrx_word' id='word_1_761' title='bbox 3544 4268 3797 4329; x_wconf 78' lang='lat' dir='ltr'>traniite</span> <span class='ocrx_word' id='word_1_762' title='bbox 3828 4289 3845 4330; x_wconf 91' lang='lat'>:</span> 
     </span>
    </p>
   </div>
   <div class='ocr_carea' id='block_1_107' title="bbox 2169 4338 3844 4413">
    <p class='ocr_par' dir='ltr' id='par_1_107' title="bbox 2169 4338 3844 4413">
     <span class='ocr_line' id='line_1_110' title="bbox 2169 4338 3844 4413; baseline 0.005 -21"><span class='ocrx_word' id='word_1_763' title='bbox 2169 4340 2532 4413; x_wconf 71' lang='grc' dir='ltr'>ἠπεισμονή,</span> <span class='ocrx_word' id='word_1_764' title='bbox 2591 4340 2692 4395; x_wconf 82' lang='grc' dir='ltr'>οὐκ</span> <span class='ocrx_word' id='word_1_765' title='bbox 2747 4338 2807 4395; x_wconf 80' lang='grc' dir='ltr'>ἐκ</span> <span class='ocrx_word' id='word_1_766' title='bbox 2860 4344 2957 4395; x_wconf 77' lang='grc' dir='ltr'>τοῦ</span> <span class='ocrx_word' id='word_1_767' title='bbox 3013 4338 3319 4403; x_wconf 76' lang='grc' dir='ltr'>καλοῦντος</span> <span class='ocrx_word' id='word_1_768' title='bbox 3371 4338 3701 4413; x_wconf 74' lang='grc' dir='ltr'>ἦμᾶς.Νοη</span> <span class='ocrx_word' id='word_1_769' title='bbox 3731 4352 3844 4413; x_wconf 80' lang='lat' dir='ltr'>est,</span> 
     </span>
    </p>
   </div>
   <div class='ocr_carea' id='block_1_108' title="bbox 2166 4412 3847 4485">
    <p class='ocr_par' dir='ltr' id='par_1_108' title="bbox 2166 4412 3847 4485">
     <span class='ocr_line' id='line_1_111' title="bbox 2166 4412 3847 4485; baseline 0.003 -19"><span class='ocrx_word' id='word_1_770' title='bbox 2166 4412 2385 4483; x_wconf 87' lang='lat' dir='ltr'>inquit,</span> <span class='ocrx_word' id='word_1_771' title='bbox 2416 4413 2579 4485; x_wconf 69' lang='lat' dir='ltr'>illata</span> <span class='ocrx_word' id='word_1_772' title='bbox 2609 4414 2710 4468; x_wconf 83' lang='lat' dir='ltr'>illa</span> <span class='ocrx_word' id='word_1_773' title='bbox 2750 4416 2833 4468; x_wconf 76' lang='lat' dir='ltr'>vis</span> <span class='ocrx_word' id='word_1_774' title='bbox 2880 4414 3265 4484; x_wconf 81' lang='lat' dir='ltr'>abductioque,</span> <span class='ocrx_word' id='word_1_775' title='bbox 3318 4414 3388 4469; x_wconf 88' lang='lat' dir='ltr'>ab</span> <span class='ocrx_word' id='word_1_776' title='bbox 3415 4412 3497 4485; x_wconf 22' lang='lat' dir='ltr'>Leo</span> <span class='ocrx_word' id='word_1_777' title='bbox 3550 4416 3652 4485; x_wconf 77' lang='lat' dir='ltr'>qui</span> <span class='ocrx_word' id='word_1_778' title='bbox 3675 4412 3847 4472; x_wconf 72' lang='lat' dir='ltr'>vocat</span> 
     </span>
    </p>
   </div>
   <div class='ocr_carea' id='block_1_109' title="bbox 2165 4482 3843 4558">
    <p class='ocr_par' dir='ltr' id='par_1_109' title="bbox 2165 4482 3843 4558">
     <span class='ocr_line' id='line_1_112' title="bbox 2165 4482 3843 4558; baseline 0.002 -21"><span class='ocrx_word' id='word_1_779' title='bbox 2165 4482 2299 4538; x_wconf 81' lang='lat' dir='ltr'>vos:</span> <span class='ocrx_word' id='word_1_780' title='bbox 2351 4484 2511 4539; x_wconf 85' lang='lat' dir='ltr'>velut</span> <span class='ocrx_word' id='word_1_781' title='bbox 2567 4485 2822 4558; x_wconf 82' lang='lat' dir='ltr'>deducta</span> <span class='ocrx_word' id='word_1_782' title='bbox 2896 4502 3036 4540; x_wconf 83' lang='lat' dir='ltr'>voce</span> <span class='ocrx_word' id='word_1_783' title='bbox 3072 4482 3325 4558; x_wconf 80' lang='lat' dir='ltr'>_magis,</span> <span class='ocrx_word' id='word_1_784' title='bbox 3403 4482 3511 4539; x_wconf 83' lang='grc' dir='ltr'>ἀπὸ</span> <span class='ocrx_word' id='word_1_785' title='bbox 3557 4482 3667 4539; x_wconf 69' lang='grc' dir='ltr'>ῖτοῢ</span> <span class='ocrx_word' id='word_1_786' title='bbox 3724 4486 3843 4540; x_wconf 77' lang='grc' dir='ltr'>πά-</span> 
     </span>
    </p>
   </div>
   <div class='ocr_carea' id='block_1_110' title="bbox 2170 4554 3843 4629">
    <p class='ocr_par' dir='ltr' id='par_1_110' title="bbox 2170 4554 3843 4629">
     <span class='ocr_line' id='line_1_113' title="bbox 2170 4554 3843 4629; baseline 0.004 -22"><span class='ocrx_word' id='word_1_787' title='bbox 2170 4573 2346 4629; x_wconf 82' lang='grc' dir='ltr'>σχειν,</span> <span class='ocrx_word' id='word_1_788' title='bbox 2380 4554 2889 4629; x_wconf 66' lang='grc' dir='ltr'>ᾳιιειηιπείῦεσθαι.</span> <span class='ocrx_word' id='word_1_789' title='bbox 2924 4556 3089 4629; x_wconf 88' lang='lat' dir='ltr'>Quod</span> <span class='ocrx_word' id='word_1_790' title='bbox 3127 4554 3276 4629; x_wconf 76' lang='lat' dir='ltr'>ergo</span> <span class='ocrx_word' id='word_1_791' title='bbox 3313 4558 3575 4613; x_wconf 85' lang='lat' dir='ltr'>Joannes</span> <span class='ocrx_word' id='word_1_792' title='bbox 3605 4557 3843 4629; x_wconf 86' lang='lat' dir='ltr'>aliique</span> 
     </span>
    </p>
   </div>
   <div class='ocr_carea' id='block_1_111' title="bbox 2169 4627 3840 4700">
    <p class='ocr_par' dir='ltr' id='par_1_111' title="bbox 2169 4627 3840 4700">
     <span class='ocr_line' id='line_1_114' title="bbox 2169 4627 3840 4700; baseline 0.003 -20"><span class='ocrx_word' id='word_1_793' title='bbox 2169 4627 2452 4700; x_wconf 78' lang='lat' dir='ltr'>praecipui</span> <span class='ocrx_word' id='word_1_794' title='bbox 2485 4627 2744 4684; x_wconf 88' lang='lat' dir='ltr'>Orientis</span> <span class='ocrx_word' id='word_1_795' title='bbox 2773 4628 3035 4700; x_wconf 89' lang='lat' dir='ltr'>episcopi</span> <span class='ocrx_word' id='word_1_796' title='bbox 3086 4627 3244 4684; x_wconf 82' lang='lat' dir='ltr'>idem</span> <span class='ocrx_word' id='word_1_797' title='bbox 3275 4629 3558 4684; x_wconf 85' lang='lat' dir='ltr'>timerent</span> <span class='ocrx_word' id='word_1_798' title='bbox 3602 4646 3638 4684; x_wconf 86' lang='lat' dir='ltr'>a</span> <span class='ocrx_word' id='word_1_799' title='bbox 3688 4627 3840 4685; x_wconf 74' lang='lat' dir='ltr'>Bar-</span> 
     </span>
    </p>
   </div>
   <div class='ocr_carea' id='block_1_112' title="bbox 2166 4697 3841 4770">
    <p class='ocr_par' dir='ltr' id='par_1_112' title="bbox 2166 4697 3841 4770">
     <span class='ocr_line' id='line_1_115' title="bbox 2166 4697 3841 4770; baseline 0.003 -19"><span class='ocrx_word' id='word_1_800' title='bbox 2166 4697 2319 4770; x_wconf 85' lang='lat' dir='ltr'>dane</span> <span class='ocrx_word' id='word_1_801' title='bbox 2351 4697 2473 4753; x_wconf 75' lang='lat' dir='ltr'>Suis</span> <span class='ocrx_word' id='word_1_802' title='bbox 2506 4699 2792 4766; x_wconf 84' lang='lat' dir='ltr'>ecclesiis,</span> <span class='ocrx_word' id='word_1_803' title='bbox 2811 4697 3499 4770; x_wconf 42' lang='lat' dir='ltr'>quas—Monothelismus</span> <span class='ocrx_word' id='word_1_804' title='bbox 3530 4701 3691 4755; x_wconf 86' lang='lat' dir='ltr'>haud</span> <span class='ocrx_word' id='word_1_805' title='bbox 3743 4702 3841 4757; x_wconf 83' lang='lat' dir='ltr'>ita</span> 
     </span>
    </p>
   </div>
   <div class='ocr_carea' id='block_1_113' title="bbox 2160 4769 3839 4843">
    <p class='ocr_par' dir='ltr' id='par_1_113' title="bbox 2160 4769 3839 4843">
     <span class='ocr_line' id='line_1_116' title="bbox 2160 4769 3839 4843; baseline 0.004 -21"><span class='ocrx_word' id='word_1_806' title='bbox 2160 4769 2393 4843; x_wconf 84' lang='lat' dir='ltr'>pridem</span> <span class='ocrx_word' id='word_1_807' title='bbox 2424 4770 2725 4840; x_wconf 71' lang='lat' dir='ltr'>fmdasset,</span> <span class='ocrx_word' id='word_1_808' title='bbox 2759 4788 2827 4827; x_wconf 90' lang='lat' dir='ltr'>ac</span> <span class='ocrx_word' id='word_1_809' title='bbox 2846 4769 3017 4843; x_wconf 21' lang='lat' dir='ltr'>ipassi</span> <span class='ocrx_word' id='word_1_810' title='bbox 3066 4778 3268 4826; x_wconf 87' lang='lat' dir='ltr'>essent</span> <span class='ocrx_word' id='word_1_811' title='bbox 3314 4772 3556 4836; x_wconf 80' lang='lat' dir='ltr'>Galatas,</span> <span class='ocrx_word' id='word_1_812' title='bbox 3590 4772 3839 4828; x_wconf 82' lang='lat' dir='ltr'>malue-</span> 
     </span>
    </p>
   </div>
   <div class='ocr_carea' id='block_1_114' title="bbox 2157 4840 3835 4915">
    <p class='ocr_par' dir='ltr' id='par_1_114' title="bbox 2157 4840 3835 4915">
     <span class='ocr_line' id='line_1_117' title="bbox 2157 4840 3835 4915; baseline 0.004 -21"><span class='ocrx_word' id='word_1_813' title='bbox 2157 4845 2302 4915; x_wconf 81' lang='lat' dir='ltr'>runt</span> <span class='ocrx_word' id='word_1_814' title='bbox 2332 4840 2660 4915; x_wconf 82' lang='lat' dir='ltr'>obscuriori</span> <span class='ocrx_word' id='word_1_815' title='bbox 2710 4840 3085 4915; x_wconf 77' lang='lat' dir='ltr'>confessione</span> <span class='ocrx_word' id='word_1_816' title='bbox 3139 4843 3333 4914; x_wconf 90' lang='lat' dir='ltr'>ipsum</span> <span class='ocrx_word' id='word_1_817' title='bbox 3370 4844 3610 4915; x_wconf 84' lang='lat' dir='ltr'>placare</span> <span class='ocrx_word' id='word_1_818' title='bbox 3643 4860 3835 4915; x_wconf 84' lang='lat' dir='ltr'>quam</span> 
     </span>
    </p>
   </div>
   <div class='ocr_carea' id='block_1_115' title="bbox 2158 4912 3819 4985">
    <p class='ocr_par' dir='ltr' id='par_1_115' title="bbox 2158 4912 3819 4985">
     <span class='ocr_line' id='line_1_118' title="bbox 2158 4912 3819 4985; baseline 0.003 -19"><span class='ocrx_word' id='word_1_819' title='bbox 2158 4912 2418 4976; x_wconf 87' lang='lat' dir='ltr'>clariori,</span> <span class='ocrx_word' id='word_1_820' title='bbox 2456 4919 2688 4969; x_wconf 90' lang='lat' dir='ltr'>tantum</span> <span class='ocrx_word' id='word_1_821' title='bbox 2720 4914 2831 4969; x_wconf 89' lang='lat' dir='ltr'>sibi</span> <span class='ocrx_word' id='word_1_822' title='bbox 2863 4915 2936 4970; x_wconf 90' lang='lat' dir='ltr'>ab</span> <span class='ocrx_word' id='word_1_823' title='bbox 2983 4929 3051 4970; x_wconf 89' lang='lat' dir='ltr'>eo</span> <span class='ocrx_word' id='word_1_824' title='bbox 3097 4912 3431 4985; x_wconf 78' lang='lat' dir='ltr'>periculum</span> <span class='ocrx_word' id='word_1_825' title='bbox 3465 4912 3692 4971; x_wconf 75' lang='lat' dir='ltr'>creare.</span> <span class='ocrx_word' id='word_1_826' title='bbox 3726 4915 3819 4971; x_wconf 85' lang='lat' dir='ltr'>ln-</span> 
     </span>
    </p>
   </div>
   <div class='ocr_carea' id='block_1_116' title="bbox 2157 4985 3833 5059">
    <p class='ocr_par' dir='ltr' id='par_1_116' title="bbox 2157 4985 3833 5059">
     <span class='ocr_line' id='line_1_119' title="bbox 2157 4985 3833 5059; baseline 0.002 -21"><span class='ocrx_word' id='word_1_827' title='bbox 2157 4989 2248 5039; x_wconf 87' lang='lat' dir='ltr'>ter</span> <span class='ocrx_word' id='word_1_828' title='bbox 2274 4985 2556 5041; x_wconf 85' lang='lat' dir='ltr'>Basilium</span> <span class='ocrx_word' id='word_1_829' title='bbox 2606 4991 2665 5040; x_wconf 90' lang='lat' dir='ltr'>et</span> <span class='ocrx_word' id='word_1_830' title='bbox 2705 4986 2893 5059; x_wconf 82' lang='lat' dir='ltr'>ipsos,</span> <span class='ocrx_word' id='word_1_831' title='bbox 2942 4986 3036 5041; x_wconf 84' lang='lat' dir='ltr'>vix</span> <span class='ocrx_word' id='word_1_832' title='bbox 3066 4985 3252 5059; x_wconf 72' lang='lat' dir='ltr'>aliud</span> <span class='ocrx_word' id='word_1_833' title='bbox 3292 4993 3582 5059; x_wconf 85' lang='lat' dir='ltr'>appareat</span> <span class='ocrx_word' id='word_1_834' title='bbox 3609 4985 3833 5043; x_wconf 82' lang='lat' dir='ltr'>discri-</span> 
     </span>
    </p>
   </div>
   <div class='ocr_carea' id='block_1_117' title="bbox 2154 5057 3834 5128">
    <p class='ocr_par' dir='ltr' id='par_1_117' title="bbox 2154 5057 3834 5128">
     <span class='ocr_line' id='line_1_120' title="bbox 2154 5057 3834 5128; baseline 0.003 -18"><span class='ocrx_word' id='word_1_835' title='bbox 2154 5072 2314 5120; x_wconf 89' lang='lat' dir='ltr'>men,</span> <span class='ocrx_word' id='word_1_836' title='bbox 2349 5074 2528 5128; x_wconf 89' lang='lat' dir='ltr'>quam</span> <span class='ocrx_word' id='word_1_837' title='bbox 2562 5058 2721 5128; x_wconf 90' lang='lat' dir='ltr'>quod</span> <span class='ocrx_word' id='word_1_838' title='bbox 2754 5058 2856 5113; x_wconf 91' lang='lat' dir='ltr'>ille</span> <span class='ocrx_word' id='word_1_839' title='bbox 2887 5075 2957 5114; x_wconf 92' lang='lat' dir='ltr'>ex</span> <span class='ocrx_word' id='word_1_840' title='bbox 2996 5057 3124 5113; x_wconf 89' lang='lat' dir='ltr'>sola</span> <span class='ocrx_word' id='word_1_841' title='bbox 3153 5057 3462 5125; x_wconf 79' lang='lat' dir='ltr'>charitate,</span> <span class='ocrx_word' id='word_1_842' title='bbox 3497 5059 3834 5115; x_wconf 79' lang='lat' dir='ltr'>Eunomia-</span> 
     </span>
    </p>
   </div>
   <div class='ocr_carea' id='block_1_118' title="bbox 2154 5129 3832 5197">
    <p class='ocr_par' dir='ltr' id='par_1_118' title="bbox 2154 5129 3832 5197">
     <span class='ocr_line' id='line_1_121' title="bbox 2154 5129 3832 5197; baseline 0.003 -15"><span class='ocrx_word' id='word_1_843' title='bbox 2154 5143 2369 5183; x_wconf 91' lang='lat' dir='ltr'>norum</span> <span class='ocrx_word' id='word_1_844' title='bbox 2402 5145 2464 5184; x_wconf 89' lang='lat' dir='ltr'>se</span> <span class='ocrx_word' id='word_1_845' title='bbox 2512 5129 2909 5185; x_wconf 86' lang='lat' dir='ltr'>imbecillitati</span> <span class='ocrx_word' id='word_1_846' title='bbox 2956 5129 3377 5197; x_wconf 87' lang='lat' dir='ltr'>accomodans,</span> <span class='ocrx_word' id='word_1_847' title='bbox 3412 5129 3710 5196; x_wconf 87' lang='lat' dir='ltr'>consulto,</span> <span class='ocrx_word' id='word_1_848' title='bbox 3748 5131 3832 5187; x_wconf 85' lang='lat' dir='ltr'>ab</span> 
     </span>
    </p>
   </div>
   <div class='ocr_carea' id='block_1_119' title="bbox 2151 5199 3833 5269">
    <p class='ocr_par' dir='ltr' id='par_1_119' title="bbox 2151 5199 3833 5269">
     <span class='ocr_line' id='line_1_122' title="bbox 2151 5199 3833 5269; baseline 0.003 -16"><span class='ocrx_word' id='word_1_849' title='bbox 2151 5199 2257 5254; x_wconf 88' lang='lat' dir='ltr'>illa</span> <span class='ocrx_word' id='word_1_850' title='bbox 2286 5216 2424 5255; x_wconf 89' lang='lat' dir='ltr'>voce</span> <span class='ocrx_word' id='word_1_851' title='bbox 2455 5201 2595 5256; x_wconf 88' lang='lat' dir='ltr'>Deus</span> <span class='ocrx_word' id='word_1_852' title='bbox 2626 5200 2975 5269; x_wconf 88' lang='lat' dir='ltr'>abstineret,</span> <span class='ocrx_word' id='word_1_853' title='bbox 3007 5206 3074 5256; x_wconf 91' lang='lat' dir='ltr'>ut</span> <span class='ocrx_word' id='word_1_854' title='bbox 3120 5217 3196 5256; x_wconf 88' lang='lat' dir='ltr'>ne</span> <span class='ocrx_word' id='word_1_855' title='bbox 3242 5200 3596 5269; x_wconf 75' lang='lat' dir='ltr'>offenderet,</span> <span class='ocrx_word' id='word_1_856' title='bbox 3627 5209 3833 5258; x_wconf 82' lang='lat' dir='ltr'>esset-</span> 
     </span>
    </p>
   </div>
   <div class='ocr_carea' id='block_1_120' title="bbox 2151 5271 3829 5342">
    <p class='ocr_par' dir='ltr' id='par_1_120' title="bbox 2151 5271 3829 5342">
     <span class='ocr_line' id='line_1_123' title="bbox 2151 5271 3829 5342; baseline 0.002 -16"><span class='ocrx_word' id='word_1_857' title='bbox 2151 5288 2267 5342; x_wconf 90' lang='lat' dir='ltr'>que</span> <span class='ocrx_word' id='word_1_858' title='bbox 2295 5271 2724 5342; x_wconf 88' lang='lat' dir='ltr'>impedimento</span> <span class='ocrx_word' id='word_1_859' title='bbox 2753 5289 2829 5328; x_wconf 88' lang='lat' dir='ltr'>ne</span> <span class='ocrx_word' id='word_1_860' title='bbox 2861 5273 2948 5327; x_wconf 90' lang='lat' dir='ltr'>illi</span> <span class='ocrx_word' id='word_1_861' title='bbox 3004 5272 3360 5328; x_wconf 88' lang='lat' dir='ltr'>accederent</span> <span class='ocrx_word' id='word_1_862' title='bbox 3388 5273 3464 5329; x_wconf 88' lang='lat' dir='ltr'>ad</span> <span class='ocrx_word' id='word_1_863' title='bbox 3496 5272 3719 5329; x_wconf 83' lang='lat' dir='ltr'>ﬁdem:</span> <span class='ocrx_word' id='word_1_864' title='bbox 3757 5274 3829 5330; x_wconf 88' lang='lat' dir='ltr'>hi</span> 
     </span>
    </p>
   </div>
   <div class='ocr_carea' id='block_1_121' title="bbox 2148 5343 3827 5416">
    <p class='ocr_par' dir='ltr' id='par_1_121' title="bbox 2148 5343 3827 5416">
     <span class='ocr_line' id='line_1_124' title="bbox 2148 5343 3827 5416; baseline 0.001 -18"><span class='ocrx_word' id='word_1_865' title='bbox 2148 5348 2370 5416; x_wconf 84' lang='lat' dir='ltr'>autem,</span> <span class='ocrx_word' id='word_1_866' title='bbox 2404 5343 2563 5398; x_wconf 89' lang='lat' dir='ltr'>velut</span> <span class='ocrx_word' id='word_1_867' title='bbox 2621 5343 2903 5399; x_wconf 90' lang='lat' dir='ltr'>cedentes</span> <span class='ocrx_word' id='word_1_868' title='bbox 2964 5350 3216 5416; x_wconf 86' lang='lat' dir='ltr'>tyranno</span> <span class='ocrx_word' id='word_1_869' title='bbox 3278 5345 3599 5401; x_wconf 85' lang='lat' dir='ltr'>insectanti</span> <span class='ocrx_word' id='word_1_870' title='bbox 3632 5362 3689 5399; x_wconf 70' lang='grc' dir='ltr'>γι</span> <span class='ocrx_word' id='word_1_871' title='bbox 3717 5362 3827 5416; x_wconf 84' lang='lat' dir='ltr'>sy-</span> 
     </span>
    </p>
   </div>
   <div class='ocr_carea' id='block_1_122' title="bbox 2147 5414 3829 5487">
    <p class='ocr_par' dir='ltr' id='par_1_122' title="bbox 2147 5414 3829 5487">
     <span class='ocr_line' id='line_1_125' title="bbox 2147 5414 3829 5487; baseline 0.003 -19"><span class='ocrx_word' id='word_1_872' title='bbox 2147 5414 2396 5481; x_wconf 88' lang='lat' dir='ltr'>nodum,</span> <span class='ocrx_word' id='word_1_873' title='bbox 2428 5416 2807 5487; x_wconf 71' lang='lat' dir='ltr'>praascriptas</span> <span class='ocrx_word' id='word_1_874' title='bbox 2859 5416 2932 5471; x_wconf 91' lang='lat' dir='ltr'>ab</span> <span class='ocrx_word' id='word_1_875' title='bbox 2991 5414 3061 5471; x_wconf 85' lang='lat' dir='ltr'>ea</span> <span class='ocrx_word' id='word_1_876' title='bbox 3116 5432 3290 5471; x_wconf 89' lang='lat' dir='ltr'>voces</span> <span class='ocrx_word' id='word_1_877' title='bbox 3340 5417 3712 5484; x_wconf 85' lang='lat' dir='ltr'>omitterent,</span> <span class='ocrx_word' id='word_1_878' title='bbox 3743 5414 3829 5473; x_wconf 75' lang='lat' dir='ltr'>iis</span> 
     </span>
    </p>
   </div>
   <div class='ocr_carea' id='block_1_123' title="bbox 2146 5486 3830 5559">
    <p class='ocr_par' dir='ltr' id='par_1_123' title="bbox 2146 5486 3830 5559">
     <span class='ocr_line' id='line_1_126' title="bbox 2146 5486 3830 5559; baseline 0.002 -19"><span class='ocrx_word' id='word_1_879' title='bbox 2146 5491 2406 5551; x_wconf 88' lang='lat' dir='ltr'>utentes,</span> <span class='ocrx_word' id='word_1_880' title='bbox 2439 5486 2655 5556; x_wconf 90' lang='lat' dir='ltr'>quibus</span> <span class='ocrx_word' id='word_1_881' title='bbox 2679 5486 2863 5543; x_wconf 75' lang='lat' dir='ltr'>antea</span> <span class='ocrx_word' id='word_1_882' title='bbox 2884 5488 2994 5541; x_wconf 86' lang='lat' dir='ltr'>Leo</span> <span class='ocrx_word' id='word_1_883' title='bbox 3028 5503 3156 5542; x_wconf 90' lang='lat' dir='ltr'>rem</span> <span class='ocrx_word' id='word_1_884' title='bbox 3189 5488 3459 5544; x_wconf 88' lang='lat' dir='ltr'>eamdem</span> <span class='ocrx_word' id='word_1_885' title='bbox 3489 5489 3830 5559; x_wconf 76' lang='lat' dir='ltr'>expressis-</span> 
     </span>
    </p>
   </div>
   <div class='ocr_carea' id='block_1_124' title="bbox 2145 5559 3824 5631">
    <p class='ocr_par' dir='ltr' id='par_1_124' title="bbox 2145 5559 3824 5631">
     <span class='ocr_line' id='line_1_127' title="bbox 2145 5559 3824 5631; baseline 0.002 -20"><span class='ocrx_word' id='word_1_886' title='bbox 2145 5562 2256 5621; x_wconf 88' lang='lat' dir='ltr'>set,</span> <span class='ocrx_word' id='word_1_887' title='bbox 2290 5560 2750 5631; x_wconf 7' lang='lat' dir='ltr'>quarumpetiam</span> <span class='ocrx_word' id='word_1_888' title='bbox 2800 5574 3012 5615; x_wconf 86' lang='lat' dir='ltr'>sanum</span> <span class='ocrx_word' id='word_1_889' title='bbox 3066 5574 3312 5614; x_wconf 88' lang='lat' dir='ltr'>sensum</span> <span class='ocrx_word' id='word_1_890' title='bbox 3354 5559 3619 5631; x_wconf 84' lang='lat' dir='ltr'>synodus</span> <span class='ocrx_word' id='word_1_891' title='bbox 3642 5560 3824 5615; x_wconf 82' lang='lat' dir='ltr'>Late-</span> 
     </span>
    </p>
   </div>
   <div class='ocr_carea' id='block_1_125' title="bbox 2142 5629 3819 5703">
    <p class='ocr_par' dir='ltr' id='par_1_125' title="bbox 2142 5629 3819 5703">
     <span class='ocr_line' id='line_1_128' title="bbox 2142 5629 3819 5703; baseline 0.003 -22"><span class='ocrx_word' id='word_1_892' title='bbox 2142 5644 2275 5683; x_wconf 88' lang='lat' dir='ltr'>ran.</span> <span class='ocrx_word' id='word_1_893' title='bbox 2312 5629 2700 5703; x_wconf 85' lang='lat' dir='ltr'>exposuisset.</span> <span class='ocrx_word' id='word_1_894' title='bbox 2742 5631 2865 5686; x_wconf 91' lang='lat' dir='ltr'>Illic</span> <span class='ocrx_word' id='word_1_895' title='bbox 2914 5645 3051 5703; x_wconf 87' lang='lat' dir='ltr'>ergo</span> <span class='ocrx_word' id='word_1_896' title='bbox 3100 5629 3509 5703; x_wconf 28' lang='lat' dir='ltr'>charitas,‘hic</span> <span class='ocrx_word' id='word_1_897' title='bbox 3539 5631 3819 5703; x_wconf 83' lang='lat' dir='ltr'>necessi-</span> 
     </span>
    </p>
   </div>
   <div class='ocr_carea' id='block_1_126' title="bbox 2140 5701 3820 5771">
    <p class='ocr_par' dir='ltr' id='par_1_126' title="bbox 2140 5701 3820 5771">
     <span class='ocr_line' id='line_1_129' title="bbox 2140 5701 3820 5771; baseline 0.004 -19"><span class='ocrx_word' id='word_1_898' title='bbox 2140 5704 2271 5758; x_wconf 84' lang='lat' dir='ltr'>tas:</span> <span class='ocrx_word' id='word_1_899' title='bbox 2305 5704 2367 5753; x_wconf 88' lang='lat' dir='ltr'>at</span> <span class='ocrx_word' id='word_1_900' title='bbox 2392 5714 2590 5771; x_wconf 89' lang='lat' dir='ltr'>neque</span> <span class='ocrx_word' id='word_1_901' title='bbox 2621 5702 2719 5757; x_wconf 88' lang='lat' dir='ltr'>hic</span> <span class='ocrx_word' id='word_1_902' title='bbox 2758 5703 2928 5759; x_wconf 87' lang='lat' dir='ltr'>deest</span> <span class='ocrx_word' id='word_1_903' title='bbox 2974 5701 3255 5768; x_wconf 79' lang='lat' dir='ltr'>charitas,</span> <span class='ocrx_word' id='word_1_904' title='bbox 3289 5703 3350 5758; x_wconf 91' lang='lat' dir='ltr'>in</span> <span class='ocrx_word' id='word_1_905' title='bbox 3384 5719 3485 5758; x_wconf 88' lang='lat' dir='ltr'>eos</span> <span class='ocrx_word' id='word_1_906' title='bbox 3513 5702 3820 5758; x_wconf 88' lang='lat' dir='ltr'>nimirum</span> 
     </span>
    </p>
   </div>
   <div class='ocr_carea' id='block_1_127' title="bbox 2140 5772 3823 5841">
    <p class='ocr_par' dir='ltr' id='par_1_127' title="bbox 2140 5772 3823 5841">
     <span class='ocr_line' id='line_1_130' title="bbox 2140 5772 3823 5841; baseline 0.004 -17"><span class='ocrx_word' id='word_1_907' title='bbox 2140 5784 2294 5841; x_wconf 86' lang='lat' dir='ltr'>quos</span> <span class='ocrx_word' id='word_1_908' title='bbox 2345 5775 2464 5825; x_wconf 85' lang='lat' dir='ltr'>tam</span> <span class='ocrx_word' id='word_1_909' title='bbox 2515 5772 2740 5829; x_wconf 87' lang='lat' dir='ltr'>multos</span> <span class='ocrx_word' id='word_1_910' title='bbox 2792 5790 2861 5830; x_wconf 85' lang='lat' dir='ltr'>ac</span> <span class='ocrx_word' id='word_1_911' title='bbox 2908 5773 3383 5831; x_wconf 86' lang='lat' dir='ltr'>innumerabiles</span> <span class='ocrx_word' id='word_1_912' title='bbox 3417 5772 3823 5831; x_wconf 71' lang='lat' dir='ltr'>abducendo:</span> 
     </span>
    </p>
   </div>
  </div>
