  <div class='ocr_page' id='page_1' title='image "/cluster/home/n/w/nwhite01/storage/ocr_20150623/96:no.3/coo.31924054870005/728.png"; bbox 0 0 4074 6410; ppageno 0'>
   <div class='ocr_carea' id='block_1_1' title="bbox 339 377 480 436">
    <p class='ocr_par' dir='ltr' id='par_1_1' title="bbox 339 377 480 436">
     <span class='ocr_line' id='line_1_1' title="bbox 339 377 480 436; baseline -0.028 0"><span class='ocrx_word' id='word_1_1' title='bbox 339 377 480 436; x_wconf 68' lang='grc'>1425</span> 
     </span>
    </p>
   </div>
   <div class='ocr_carea' id='block_1_2' title="bbox 1355 373 2745 434">
    <p class='ocr_par' dir='ltr' id='par_1_2' title="bbox 1355 373 2745 434">
     <span class='ocr_line' id='line_1_2' title="bbox 1355 373 2745 434; baseline -0.004 0"><span class='ocrx_word' id='word_1_2' title='bbox 1355 379 1706 434; x_wconf 80' lang='lat' dir='ltr'>EPISTOLA</span> <span class='ocrx_word' id='word_1_3' title='bbox 1747 378 1843 429; x_wconf 75' lang='lat' dir='ltr'>AD</span> <span class='ocrx_word' id='word_1_4' title='bbox 1878 373 2442 431; x_wconf 81' lang='lat' dir='ltr'>CONSTANTINUM</span> <span class='ocrx_word' id='word_1_5' title='bbox 2479 379 2745 430; x_wconf 79' lang='lat' dir='ltr'>PAPAM.</span> 
     </span>
    </p>
   </div>
   <div class='ocr_carea' id='block_1_3' title="bbox 3625 385 3764 440">
    <p class='ocr_par' dir='ltr' id='par_1_3' title="bbox 3625 385 3764 440">
     <span class='ocr_line' id='line_1_3' title="bbox 3625 385 3764 440; baseline -0.014 0"><span class='ocrx_word' id='word_1_6' title='bbox 3625 385 3764 440; x_wconf 75' lang='grc'><strong>1426</strong></span> 
     </span>
    </p>
   </div>
   <div class='ocr_carea' id='block_1_4' title="bbox 333 496 1984 577">
    <p class='ocr_par' dir='ltr' id='par_1_4' title="bbox 333 496 1984 577">
     <span class='ocr_line' id='line_1_4' title="bbox 333 496 1984 577; baseline -0.004 -19"><span class='ocrx_word' id='word_1_7' title='bbox 333 501 574 558; x_wconf 73' lang='grc' dir='ltr'>ἐναντίον</span> <span class='ocrx_word' id='word_1_8' title='bbox 631 503 1054 577; x_wconf 84' lang='grc' dir='ltr'>περιτραπῆναι,</span> <span class='ocrx_word' id='word_1_9' title='bbox 1102 496 1242 554; x_wconf 85' lang='grc' dir='ltr'>ὣστε</span> <span class='ocrx_word' id='word_1_10' title='bbox 1293 503 1370 572; x_wconf 77' lang='grc' dir='ltr'>μὴ</span> <span class='ocrx_word' id='word_1_11' title='bbox 1420 501 1688 576; x_wconf 82' lang='grc' dir='ltr'>ἀλλότρια</span> <span class='ocrx_word' id='word_1_12' title='bbox 1743 497 1984 574; x_wconf 75' lang='grc' dir='ltr'>δόγματα</span> 
     </span>
    </p>
   </div>
   <div class='ocr_carea' id='block_1_5' title="bbox 2101 496 3760 577">
    <p class='ocr_par' dir='ltr' id='par_1_5' title="bbox 2106 501 3760 574">
     <span class='ocr_line' id='line_1_5' title="bbox 2106 501 3760 574; baseline 0.007 -22"><span class='ocrx_word' id='word_1_13' title='bbox 2106 503 2288 568; x_wconf 90' lang='lat' dir='ltr'>utque</span> <span class='ocrx_word' id='word_1_14' title='bbox 2320 516 2450 554; x_wconf 89' lang='lat' dir='ltr'>eam</span> <span class='ocrx_word' id='word_1_15' title='bbox 2483 501 2684 555; x_wconf 79' lang='lat' dir='ltr'>subtili</span> <span class='ocrx_word' id='word_1_16' title='bbox 2718 502 2971 574; x_wconf 77' lang='lat' dir='ltr'>cogitatu</span> <span class='ocrx_word' id='word_1_17' title='bbox 3003 505 3064 558; x_wconf 90' lang='lat' dir='ltr'>in</span> <span class='ocrx_word' id='word_1_18' title='bbox 3099 507 3460 561; x_wconf 84' lang='lat' dir='ltr'>contrarium</span> <span class='ocrx_word' id='word_1_19' title='bbox 3503 517 3760 564; x_wconf 74' lang='lat' dir='ltr'>vertere—</span> 
     </span>
    </p>
   </div>
   <div class='ocr_carea' id='block_1_6' title="bbox 335 587 1990 667">
    <p class='ocr_par' dir='ltr' id='par_1_6' title="bbox 335 587 1990 667">
     <span class='ocr_line' id='line_1_6' title="bbox 335 587 1990 667; baseline -0.005 -21"><span class='ocrx_word' id='word_1_20' title='bbox 335 587 604 667; x_wconf 76' lang='grc' dir='ltr'>ἆναφαδὸν</span> <span class='ocrx_word' id='word_1_21' title='bbox 666 588 1060 664; x_wconf 69' lang='grc' dir='ltr'>ἐπεισαχθῆναι</span> <span class='ocrx_word' id='word_1_22' title='bbox 1132 589 1202 662; x_wconf 76' lang='grc' dir='ltr'>τῇ</span> <span class='ocrx_word' id='word_1_23' title='bbox 1262 588 1560 661; x_wconf 70' lang='grc' dir='ltr'>Ἐκκλησία</span> <span class='ocrx_word' id='word_1_24' title='bbox 1590 636 1604 660; x_wconf 82' lang='grc'>,</span> <span class='ocrx_word' id='word_1_25' title='bbox 1662 589 1752 642; x_wconf 82' lang='grc' dir='ltr'>καὶ</span> <span class='ocrx_word' id='word_1_26' title='bbox 1805 587 1990 642; x_wconf 76' lang='grc' dir='ltr'>τὶλεον</span> 
     </span>
    </p>
   </div>
   <div class='ocr_carea' id='block_1_7' title="bbox 334 671 1993 753">
    <p class='ocr_par' dir='ltr' id='par_1_7' title="bbox 334 671 1993 753">
     <span class='ocr_line' id='line_1_7' title="bbox 334 671 1993 753; baseline -0.004 -18"><span class='ocrx_word' id='word_1_27' title='bbox 334 679 756 750; x_wconf 77' lang='grc' dir='ltr'>διασαλευθῆναι</span> <span class='ocrx_word' id='word_1_28' title='bbox 815 679 882 732; x_wconf 71' lang='grc' dir='ltr'>τὰ</span> <span class='ocrx_word' id='word_1_29' title='bbox 939 675 1125 735; x_wconf 82' lang='grc' dir='ltr'>καλῶς</span> <span class='ocrx_word' id='word_1_30' title='bbox 1185 679 1471 753; x_wconf 80' lang='grc' dir='ltr'>πεπηγότα</span> <span class='ocrx_word' id='word_1_31' title='bbox 1542 679 1632 733; x_wconf 76' lang='grc' dir='ltr'>καὶ</span> <span class='ocrx_word' id='word_1_32' title='bbox 1686 671 1993 751; x_wconf 69' lang='grc' dir='ltr'>ἀκρᾶϐαντα</span> 
     </span>
    </p>
   </div>
   <div class='ocr_carea' id='block_1_8' title="bbox 338 763 1989 846">
    <p class='ocr_par' dir='ltr' id='par_1_8' title="bbox 338 763 1989 846">
     <span class='ocr_line' id='line_1_8' title="bbox 338 763 1989 846; baseline -0.004 -21"><span class='ocrx_word' id='word_1_33' title='bbox 338 769 591 846; x_wconf 83' lang='grc' dir='ltr'>μείναντα</span> <span class='ocrx_word' id='word_1_34' title='bbox 646 769 768 842; x_wconf 85' lang='grc' dir='ltr'>περὶ</span> <span class='ocrx_word' id='word_1_35' title='bbox 825 771 924 822; x_wconf 77' lang='grc' dir='ltr'>τοῦ</span> <span class='ocrx_word' id='word_1_36' title='bbox 999 769 1364 842; x_wconf 68' lang='grc' dir='ltr'>προκειμένου</span> <span class='ocrx_word' id='word_1_37' title='bbox 1419 767 1518 835; x_wconf 76' lang='grc' dir='ltr'>τῆς</span> <span class='ocrx_word' id='word_1_38' title='bbox 1575 763 1848 826; x_wconf 74' lang='grc' dir='ltr'>εὐσεϐείας</span> <span class='ocrx_word' id='word_1_39' title='bbox 1908 777 1989 828; x_wconf 85' lang='grc' dir='ltr'>θε-</span> 
     </span>
    </p>
   </div>
   <div class='ocr_carea' id='block_1_9' title="bbox 335 855 1993 933">
    <p class='ocr_par' dir='ltr' id='par_1_9' title="bbox 335 855 1993 933">
     <span class='ocr_line' id='line_1_9' title="bbox 335 855 1993 933; baseline -0.004 -17"><span class='ocrx_word' id='word_1_40' title='bbox 335 860 636 933; x_wconf 76' lang='grc' dir='ltr'>σπίσματαο</span> <span class='ocrx_word' id='word_1_41' title='bbox 691 857 782 912; x_wconf 83' lang='grc' dir='ltr'>καὶ</span> <span class='ocrx_word' id='word_1_42' title='bbox 841 857 954 930; x_wconf 76' lang='grc' dir='ltr'>ἅμα</span> <span class='ocrx_word' id='word_1_43' title='bbox 1017 858 1152 933; x_wconf 83' lang='grc' dir='ltr'>μέγα</span> <span class='ocrx_word' id='word_1_44' title='bbox 1211 859 1522 930; x_wconf 86' lang='grc' dir='ltr'>τιθέμενοι,</span> <span class='ocrx_word' id='word_1_45' title='bbox 1579 859 1642 912; x_wconf 82' lang='grc' dir='ltr'>τὸ</span> <span class='ocrx_word' id='word_1_46' title='bbox 1699 855 1787 910; x_wconf 78' lang='grc' dir='ltr'>καὶ</span> <span class='ocrx_word' id='word_1_47' title='bbox 1849 855 1993 930; x_wconf 82' lang='grc' dir='ltr'>παρᾶ</span> 
     </span>
    </p>
   </div>
   <div class='ocr_carea' id='block_1_10' title="bbox 332 943 1988 1024">
    <p class='ocr_par' dir='ltr' id='par_1_10' title="bbox 332 943 1988 1024">
     <span class='ocr_line' id='line_1_10' title="bbox 332 943 1988 1024; baseline -0.004 -18"><span class='ocrx_word' id='word_1_48' title='bbox 332 955 440 1006; x_wconf 87' lang='grc' dir='ltr'>τῶν</span> <span class='ocrx_word' id='word_1_49' title='bbox 500 948 784 1023; x_wconf 84' lang='grc' dir='ltr'>πολεμίων</span> <span class='ocrx_word' id='word_1_50' title='bbox 833 955 934 1019; x_wconf 82' lang='grc' dir='ltr'>τῆς</span> <span class='ocrx_word' id='word_1_51' title='bbox 992 946 1470 1022; x_wconf 74' lang='grc' dir='ltr'>διονομασθείσης,</span> <span class='ocrx_word' id='word_1_52' title='bbox 1530 947 1684 1024; x_wconf 81' lang='grc' dir='ltr'>ἁγίας</span> <span class='ocrx_word' id='word_1_53' title='bbox 1738 943 1988 1014; x_wconf 79' lang='grc' dir='ltr'>συνόδου,</span> 
     </span>
    </p>
   </div>
   <div class='ocr_carea' id='block_1_11' title="bbox 333 1035 1986 1113">
    <p class='ocr_par' dir='ltr' id='par_1_11' title="bbox 333 1035 1986 1113">
     <span class='ocr_line' id='line_1_11' title="bbox 333 1035 1986 1113; baseline -0.002 -17"><span class='ocrx_word' id='word_1_54' title='bbox 333 1042 432 1110; x_wconf 78' lang='grc' dir='ltr'>τὴν</span> <span class='ocrx_word' id='word_1_55' title='bbox 478 1041 597 1095; x_wconf 83' lang='grc' dir='ltr'>κατ’</span> <span class='ocrx_word' id='word_1_56' title='bbox 656 1035 864 1094; x_wconf 75' lang='grc' dir='ltr'>ἔννοιαν</span> <span class='ocrx_word' id='word_1_57' title='bbox 923 1038 1092 1108; x_wconf 82' lang='grc' dir='ltr'>αὐτῆς</span> <span class='ocrx_word' id='word_1_58' title='bbox 1154 1039 1544 1113; x_wconf 68' lang='grc' dir='ltr'>ὁμολογεῖσθαι</span> <span class='ocrx_word' id='word_1_59' title='bbox 1608 1035 1986 1092; x_wconf 76' lang='grc' dir='ltr'>διδασκαλίαν.</span> 
     </span>
    </p>
   </div>
   <div class='ocr_carea' id='block_1_12' title="bbox 331 1123 1991 1204">
    <p class='ocr_par' dir='ltr' id='par_1_12' title="bbox 331 1123 1991 1204">
     <span class='ocr_line' id='line_1_12' title="bbox 331 1123 1991 1204; baseline -0.004 -19"><span class='ocrx_word' id='word_1_60' title='bbox 331 1129 486 1186; x_wconf 77' lang='grc' dir='ltr'>Ὅθεν</span> <span class='ocrx_word' id='word_1_61' title='bbox 519 1135 594 1202; x_wconf 85' lang='grc' dir='ltr'>μῆ</span> <span class='ocrx_word' id='word_1_62' title='bbox 629 1129 964 1204; x_wconf 72' lang='grc' dir='ltr'>ἀνατροπὴν,</span> <span class='ocrx_word' id='word_1_63' title='bbox 1014 1125 1164 1184; x_wconf 78' lang='grc' dir='ltr'>ἀλλᾶ</span> <span class='ocrx_word' id='word_1_64' title='bbox 1225 1123 1516 1204; x_wconf 77' lang='grc' dir='ltr'>βεϐαίωσιν</span> <span class='ocrx_word' id='word_1_65' title='bbox 1580 1125 1793 1202; x_wconf 77' lang='grc' dir='ltr'>μᾶλλον</span> <span class='ocrx_word' id='word_1_66' title='bbox 1851 1125 1991 1181; x_wconf 81' lang='grc' dir='ltr'>ἐκεί-</span> 
     </span>
    </p>
   </div>
   <div class='ocr_carea' id='block_1_13' title="bbox 333 1215 1986 1294">
    <p class='ocr_par' dir='ltr' id='par_1_13' title="bbox 333 1215 1986 1294">
     <span class='ocr_line' id='line_1_13' title="bbox 333 1215 1986 1294; baseline -0.002 -20"><span class='ocrx_word' id='word_1_67' title='bbox 333 1239 430 1289; x_wconf 84' lang='grc' dir='ltr'>νης</span> <span class='ocrx_word' id='word_1_68' title='bbox 461 1221 648 1292; x_wconf 77' lang='grc' dir='ltr'>σαφῶς</span> <span class='ocrx_word' id='word_1_69' title='bbox 708 1215 1126 1283; x_wconf 82' lang='grc' dir='ltr'>ἀποδείκνυσθαι</span> <span class='ocrx_word' id='word_1_70' title='bbox 1178 1217 1324 1291; x_wconf 70' lang='grc' dir='ltr'>παρά</span> <span class='ocrx_word' id='word_1_71' title='bbox 1371 1240 1434 1294; x_wconf 86' lang='grc' dir='ltr'>γε</span> <span class='ocrx_word' id='word_1_72' title='bbox 1475 1223 1592 1283; x_wconf 89' lang='grc' dir='ltr'>τοῖς</span> <span class='ocrx_word' id='word_1_73' title='bbox 1625 1219 1768 1293; x_wconf 83' lang='grc' dir='ltr'>ὑγιεῖ</span> <span class='ocrx_word' id='word_1_74' title='bbox 1794 1239 1852 1272; x_wconf 87' lang='grc' dir='ltr'>τε</span> <span class='ocrx_word' id='word_1_75' title='bbox 1897 1217 1986 1271; x_wconf 77' lang='grc' dir='ltr'>καὶ</span> 
     </span>
    </p>
   </div>
   <div class='ocr_carea' id='block_1_14' title="bbox 334 1307 1987 1383">
    <p class='ocr_par' dir='ltr' id='par_1_14' title="bbox 334 1307 1987 1383">
     <span class='ocr_line' id='line_1_14' title="bbox 334 1307 1987 1383; baseline -0.001 -21"><span class='ocrx_word' id='word_1_76' title='bbox 334 1308 695 1382; x_wconf 79' lang='grc' dir='ltr'>ἄπροσκλινεῖ</span> <span class='ocrx_word' id='word_1_77' title='bbox 747 1313 849 1376; x_wconf 81' lang='grc' dir='ltr'>τῆς</span> <span class='ocrx_word' id='word_1_78' title='bbox 906 1312 1016 1362; x_wconf 85' lang='grc' dir='ltr'>τῶν</span> <span class='ocrx_word' id='word_1_79' title='bbox 1071 1308 1410 1383; x_wconf 70' lang='grc' dir='ltr'>πραγμάτων</span> <span class='ocrx_word' id='word_1_80' title='bbox 1468 1309 1847 1378; x_wconf 73' lang='grc' dir='ltr'>κατανοήσεως</span> <span class='ocrx_word' id='word_1_81' title='bbox 1889 1307 1987 1383; x_wconf 74' lang='grc' dir='ltr'>όφ-</span> 
     </span>
    </p>
   </div>
   <div class='ocr_carea' id='block_1_15' title="bbox 334 1394 1990 1472">
    <p class='ocr_par' dir='ltr' id='par_1_15' title="bbox 334 1394 1990 1472">
     <span class='ocr_line' id='line_1_15' title="bbox 334 1394 1990 1472; baseline -0.002 -20"><span class='ocrx_word' id='word_1_82' title='bbox 334 1395 534 1471; x_wconf 81' lang='grc' dir='ltr'>θαλμῷ</span> <span class='ocrx_word' id='word_1_83' title='bbox 563 1396 630 1452; x_wconf 79' lang='grc' dir='ltr'>τὰ</span> <span class='ocrx_word' id='word_1_84' title='bbox 676 1401 906 1452; x_wconf 79' lang='grc' dir='ltr'>τοιαῦτα</span> <span class='ocrx_word' id='word_1_85' title='bbox 947 1394 1118 1452; x_wconf 77' lang='grc' dir='ltr'>εἰδόσι</span> <span class='ocrx_word' id='word_1_86' title='bbox 1167 1401 1408 1465; x_wconf 80' lang='grc' dir='ltr'>σκοπεῖν,</span> <span class='ocrx_word' id='word_1_87' title='bbox 1461 1394 1712 1472; x_wconf 55' lang='grc' dir='ltr'>αὐτὲιξξδή</span> <span class='ocrx_word' id='word_1_88' title='bbox 1747 1396 1810 1450; x_wconf 71' lang='grc' dir='ltr'>τὰ</span> <span class='ocrx_word' id='word_1_89' title='bbox 1856 1395 1990 1450; x_wconf 85' lang='grc' dir='ltr'>κατᾶ</span> 
     </span>
    </p>
   </div>
   <div class='ocr_carea' id='block_1_16' title="bbox 329 1481 1529 1560">
    <p class='ocr_par' dir='ltr' id='par_1_16' title="bbox 329 1481 1529 1560">
     <span class='ocr_line' id='line_1_16' title="bbox 329 1481 1529 1560; baseline 0.001 -20"><span class='ocrx_word' id='word_1_90' title='bbox 329 1491 431 1554; x_wconf 76' lang='grc' dir='ltr'>τῆς</span> <span class='ocrx_word' id='word_1_91' title='bbox 461 1481 688 1540; x_wconf 81' lang='grc' dir='ltr'>συνόδου</span> <span class='ocrx_word' id='word_1_92' title='bbox 716 1488 796 1556; x_wconf 80' lang='grc' dir='ltr'>τῷ</span> <span class='ocrx_word' id='word_1_93' title='bbox 824 1483 1076 1560; x_wconf 79' lang='grc' dir='ltr'>τυράννῳ</span> <span class='ocrx_word' id='word_1_94' title='bbox 1103 1484 1529 1558; x_wconf 79' lang='grc' dir='ltr'>σκαιωρηθὲντα.</span> 
     </span>
    </p>
   </div>
   <div class='ocr_carea' id='block_1_17' title="bbox 404 1661 1989 1740">
    <p class='ocr_par' dir='ltr' id='par_1_17' title="bbox 404 1661 1989 1740">
     <span class='ocr_line' id='line_1_17' title="bbox 404 1661 1989 1740; baseline -0.002 -21"><span class='ocrx_word' id='word_1_95' title='bbox 404 1665 484 1720; x_wconf 75' lang='grc' dir='ltr'>Το</span> <span class='ocrx_word' id='word_1_96' title='bbox 532 1663 637 1740; x_wconf 66' lang='grc' dir='ltr'>γὰρ</span> <span class='ocrx_word' id='word_1_97' title='bbox 694 1661 986 1732; x_wconf 76' lang='grc' dir='ltr'>θελητικόν</span> <span class='ocrx_word' id='word_1_98' title='bbox 1043 1683 1102 1717; x_wconf 88' lang='grc' dir='ltr'>τε</span> <span class='ocrx_word' id='word_1_99' title='bbox 1152 1662 1243 1716; x_wconf 81' lang='grc' dir='ltr'>καὶ</span> <span class='ocrx_word' id='word_1_100' title='bbox 1294 1661 1644 1736; x_wconf 67' lang='grc' dir='ltr'>ἐνεργηκικὸν</span> <span class='ocrx_word' id='word_1_101' title='bbox 1703 1663 1824 1716; x_wconf 80' lang='grc' dir='ltr'>καθ’</span> <span class='ocrx_word' id='word_1_102' title='bbox 1882 1661 1989 1718; x_wconf 84' lang='grc' dir='ltr'>έτε-</span> 
     </span>
    </p>
   </div>
   <div class='ocr_carea' id='block_1_18' title="bbox 331 1747 1984 1829">
    <p class='ocr_par' dir='ltr' id='par_1_18' title="bbox 331 1747 1984 1829">
     <span class='ocr_line' id='line_1_18' title="bbox 331 1747 1984 1829; baseline -0.001 -23"><span class='ocrx_word' id='word_1_103' title='bbox 331 1772 430 1827; x_wconf 89' lang='grc' dir='ltr'>ραν</span> <span class='ocrx_word' id='word_1_104' title='bbox 466 1753 536 1826; x_wconf 89' lang='lat' dir='ltr'>(c)</span> <span class='ocrx_word' id='word_1_105' title='bbox 569 1750 722 1829; x_wconf 78' lang='grc' dir='ltr'>φύσιν</span> <span class='ocrx_word' id='word_1_106' title='bbox 753 1749 928 1827; x_wconf 84' lang='grc' dir='ltr'>λέγειν</span> <span class='ocrx_word' id='word_1_107' title='bbox 959 1751 1050 1806; x_wconf 82' lang='grc' dir='ltr'>τὸν</span> <span class='ocrx_word' id='word_1_108' title='bbox 1107 1751 1368 1826; x_wconf 80' lang='grc' dir='ltr'>Χριστὸν,</span> <span class='ocrx_word' id='word_1_109' title='bbox 1402 1747 1554 1806; x_wconf 73' lang='grc' dir='ltr'>οὐδὲν</span> <span class='ocrx_word' id='word_1_110' title='bbox 1604 1747 1784 1826; x_wconf 78' lang='grc' dir='ltr'>ἕτερόν</span> <span class='ocrx_word' id='word_1_111' title='bbox 1817 1751 1984 1822; x_wconf 80' lang='grc' dir='ltr'>ἐστιν,</span> 
     </span>
    </p>
   </div>
   <div class='ocr_carea' id='block_1_19' title="bbox 2105 591 3758 665">
    <p class='ocr_par' dir='ltr' id='par_1_19' title="bbox 2105 591 3758 665">
     <span class='ocr_line' id='line_1_19' title="bbox 2105 591 3758 665; baseline 0.008 -24"><span class='ocrx_word' id='word_1_112' title='bbox 2105 604 2238 642; x_wconf 91' lang='lat' dir='ltr'>mus</span> <span class='ocrx_word' id='word_1_113' title='bbox 2263 605 2274 641; x_wconf 87' lang='lat'>:</span> <span class='ocrx_word' id='word_1_114' title='bbox 2297 606 2370 642; x_wconf 90' lang='lat' dir='ltr'>ne</span> <span class='ocrx_word' id='word_1_115' title='bbox 2405 591 2548 643; x_wconf 74' lang='lat' dir='ltr'>adeo</span> <span class='ocrx_word' id='word_1_116' title='bbox 2583 591 2778 645; x_wconf 86' lang='lat' dir='ltr'>aliena</span> <span class='ocrx_word' id='word_1_117' title='bbox 2809 593 3084 665; x_wconf 77' lang='lat' dir='ltr'>dogmata</span> <span class='ocrx_word' id='word_1_118' title='bbox 3114 595 3308 665; x_wconf 80' lang='lat' dir='ltr'>palam</span> <span class='ocrx_word' id='word_1_119' title='bbox 3345 597 3402 650; x_wconf 90' lang='lat' dir='ltr'>in</span> <span class='ocrx_word' id='word_1_120' title='bbox 3437 599 3758 656; x_wconf 74' lang='lat' dir='ltr'>Ecclesium</span> 
     </span>
    </p>
   </div>
   <div class='ocr_carea' id='block_1_20' title="bbox 2102 676 3760 758">
    <p class='ocr_par' dir='ltr' id='par_1_20' title="bbox 2102 676 3760 758">
     <span class='ocr_line' id='line_1_20' title="bbox 2102 676 3760 758; baseline 0.008 -29"><span class='ocrx_word' id='word_1_121' title='bbox 2102 676 2549 742; x_wconf 68' lang='lat' dir='ltr'>inducerentur,</span> <span class='ocrx_word' id='word_1_122' title='bbox 2613 696 2680 734; x_wconf 90' lang='lat' dir='ltr'>ac</span> <span class='ocrx_word' id='word_1_123' title='bbox 2737 682 2980 735; x_wconf 78' lang='lat' dir='ltr'>tandem</span> <span class='ocrx_word' id='word_1_124' title='bbox 3051 683 3568 754; x_wconf 84' lang='lat' dir='ltr'>labefactarentur,</span> <span class='ocrx_word' id='word_1_125' title='bbox 3629 705 3760 758; x_wconf 70' lang='lat' dir='ltr'>qua:</span> 
     </span>
    </p>
   </div>
   <div class='ocr_carea' id='block_1_21' title="bbox 2101 765 3761 844">
    <p class='ocr_par' dir='ltr' id='par_1_21' title="bbox 2101 765 3761 844">
     <span class='ocr_line' id='line_1_21' title="bbox 2101 765 3761 844; baseline 0.007 -25"><span class='ocrx_word' id='word_1_126' title='bbox 2101 765 2355 820; x_wconf 83' lang='lat' dir='ltr'>fuissent</span> <span class='ocrx_word' id='word_1_127' title='bbox 2387 767 2536 822; x_wconf 85' lang='lat' dir='ltr'>bene</span> <span class='ocrx_word' id='word_1_128' title='bbox 2577 769 2834 830; x_wconf 81' lang='lat' dir='ltr'>ﬁrmata.</span> <span class='ocrx_word' id='word_1_129' title='bbox 2870 787 2936 824; x_wconf 89' lang='lat' dir='ltr'>ac</span> <span class='ocrx_word' id='word_1_130' title='bbox 2974 773 3331 826; x_wconf 69' lang='lat' dir='ltr'>inconcussa</span> <span class='ocrx_word' id='word_1_131' title='bbox 3379 777 3761 844; x_wconf 78' lang='lat' dir='ltr'>mansissent,</span> 
     </span>
    </p>
   </div>
   <div class='ocr_carea' id='block_1_22' title="bbox 2101 855 3760 934">
    <p class='ocr_par' dir='ltr' id='par_1_22' title="bbox 2101 855 3760 934">
     <span class='ocr_line' id='line_1_22' title="bbox 2101 855 3760 934; baseline 0.008 -27"><span class='ocrx_word' id='word_1_132' title='bbox 2101 855 2337 926; x_wconf 89' lang='lat' dir='ltr'>pietatis</span> <span class='ocrx_word' id='word_1_133' title='bbox 2367 857 2489 923; x_wconf 86' lang='lat' dir='ltr'>illa,</span> <span class='ocrx_word' id='word_1_134' title='bbox 2530 858 2685 912; x_wconf 91' lang='lat' dir='ltr'>circa</span> <span class='ocrx_word' id='word_1_135' title='bbox 2720 860 3052 930; x_wconf 86' lang='lat' dir='ltr'>subjectam</span> <span class='ocrx_word' id='word_1_136' title='bbox 3078 864 3389 916; x_wconf 85' lang='lat' dir='ltr'>materiam</span> <span class='ocrx_word' id='word_1_137' title='bbox 3423 863 3661 934; x_wconf 86' lang='lat' dir='ltr'>placita:</span> <span class='ocrx_word' id='word_1_138' title='bbox 3689 867 3760 920; x_wconf 92' lang='lat' dir='ltr'>ad</span> 
     </span>
    </p>
   </div>
   <div class='ocr_carea' id='block_1_23' title="bbox 2101 943 3766 1022">
    <p class='ocr_par' dir='ltr' id='par_1_23' title="bbox 2101 943 3766 1022">
     <span class='ocr_line' id='line_1_23' title="bbox 2101 943 3766 1022; baseline 0.007 -25"><span class='ocrx_word' id='word_1_139' title='bbox 2101 943 2227 998; x_wconf 67' lang='lat' dir='ltr'>haec</span> <span class='ocrx_word' id='word_1_140' title='bbox 2259 961 2393 1000; x_wconf 86' lang='lat' dir='ltr'>vero</span> <span class='ocrx_word' id='word_1_141' title='bbox 2437 945 2625 1016; x_wconf 82' lang='lat' dir='ltr'>pluris</span> <span class='ocrx_word' id='word_1_142' title='bbox 2675 948 2784 1002; x_wconf 88' lang='lat' dir='ltr'>hoc</span> <span class='ocrx_word' id='word_1_143' title='bbox 2837 949 3146 1018; x_wconf 83' lang='lat' dir='ltr'>facientes,</span> <span class='ocrx_word' id='word_1_144' title='bbox 3205 957 3270 1004; x_wconf 89' lang='lat' dir='ltr'>ut</span> <span class='ocrx_word' id='word_1_145' title='bbox 3319 955 3766 1022; x_wconf 74' lang='lat' dir='ltr'>praenominatm</span> 
     </span>
    </p>
   </div>
   <div class='ocr_carea' id='block_1_24' title="bbox 2102 1035 3769 1112">
    <p class='ocr_par' dir='ltr' id='par_1_24' title="bbox 2102 1035 3769 1112">
     <span class='ocr_line' id='line_1_24' title="bbox 2102 1035 3769 1112; baseline 0.005 -25"><span class='ocrx_word' id='word_1_146' title='bbox 2102 1040 2322 1088; x_wconf 63' lang='lat' dir='ltr'>sancta:</span> <span class='ocrx_word' id='word_1_147' title='bbox 2353 1035 2564 1106; x_wconf 80' lang='lat' dir='ltr'>synodi</span> <span class='ocrx_word' id='word_1_148' title='bbox 2600 1036 2952 1106; x_wconf 90' lang='lat' dir='ltr'>doctrinam,</span> <span class='ocrx_word' id='word_1_149' title='bbox 2987 1039 3187 1094; x_wconf 84' lang='lat' dir='ltr'>hostes</span> <span class='ocrx_word' id='word_1_150' title='bbox 3219 1041 3328 1112; x_wconf 85' lang='lat' dir='ltr'>ipsi</span> <span class='ocrx_word' id='word_1_151' title='bbox 3361 1049 3650 1111; x_wconf 90' lang='lat' dir='ltr'>quantum</span> <span class='ocrx_word' id='word_1_152' title='bbox 3695 1043 3769 1098; x_wconf 88' lang='lat' dir='ltr'>ad</span> 
     </span>
    </p>
   </div>
   <div class='ocr_carea' id='block_1_25' title="bbox 2101 1122 3767 1203">
    <p class='ocr_par' dir='ltr' id='par_1_25' title="bbox 2101 1122 3767 1203">
     <span class='ocr_line' id='line_1_25' title="bbox 2101 1122 3767 1203; baseline 0.007 -28"><span class='ocrx_word' id='word_1_153' title='bbox 2101 1122 2558 1195; x_wconf 74' lang='lat' dir='ltr'>intelligentiam</span> <span class='ocrx_word' id='word_1_154' title='bbox 2595 1142 2662 1180; x_wconf 88' lang='lat' dir='ltr'>ac</span> <span class='ocrx_word' id='word_1_155' title='bbox 2693 1143 2932 1180; x_wconf 82' lang='lat' dir='ltr'>sensum</span> <span class='ocrx_word' id='word_1_156' title='bbox 2966 1131 3410 1184; x_wconf 82' lang='lat' dir='ltr'>confiterentur.</span> <span class='ocrx_word' id='word_1_157' title='bbox 3449 1133 3534 1186; x_wconf 88' lang='lat' dir='ltr'>lta</span> <span class='ocrx_word' id='word_1_158' title='bbox 3566 1133 3767 1203; x_wconf 86' lang='lat' dir='ltr'>plane,</span> 
     </span>
    </p>
   </div>
   <div class='ocr_carea' id='block_1_26' title="bbox 2098 1213 3766 1285">
    <p class='ocr_par' dir='ltr' id='par_1_26' title="bbox 2098 1213 3766 1285">
     <span class='ocr_line' id='line_1_26' title="bbox 2098 1213 3766 1285; baseline 0.006 -19"><span class='ocrx_word' id='word_1_159' title='bbox 2098 1217 2165 1266; x_wconf 88' lang='lat' dir='ltr'>ut</span> <span class='ocrx_word' id='word_1_160' title='bbox 2196 1213 2351 1283; x_wconf 90' lang='lat' dir='ltr'>apud</span> <span class='ocrx_word' id='word_1_161' title='bbox 2385 1229 2506 1281; x_wconf 87' lang='lat' dir='ltr'>eos,</span> <span class='ocrx_word' id='word_1_162' title='bbox 2543 1215 2642 1285; x_wconf 87' lang='lat' dir='ltr'>qui</span> <span class='ocrx_word' id='word_1_163' title='bbox 2671 1232 2813 1270; x_wconf 89' lang='lat' dir='ltr'>sano</span> <span class='ocrx_word' id='word_1_164' title='bbox 2846 1233 2912 1271; x_wconf 90' lang='lat' dir='ltr'>ac</span> <span class='ocrx_word' id='word_1_165' title='bbox 2944 1217 3238 1272; x_wconf 69' lang='lat' dir='ltr'>indeflexo</span> <span class='ocrx_word' id='word_1_166' title='bbox 3264 1221 3766 1276; x_wconf 67' lang='lat' dir='ltr'>considerationis</span> 
     </span>
    </p>
   </div>
   <div class='ocr_carea' id='block_1_27' title="bbox 2099 1303 3757 1381">
    <p class='ocr_par' dir='ltr' id='par_1_27' title="bbox 2099 1303 3757 1381">
     <span class='ocr_line' id='line_1_27' title="bbox 2099 1303 3757 1381; baseline 0.006 -25"><span class='ocrx_word' id='word_1_167' title='bbox 2099 1319 2300 1356; x_wconf 90' lang='lat' dir='ltr'>rerum</span> <span class='ocrx_word' id='word_1_168' title='bbox 2334 1303 2526 1370; x_wconf 90' lang='lat' dir='ltr'>oculo,</span> <span class='ocrx_word' id='word_1_169' title='bbox 2578 1321 2673 1358; x_wconf 90' lang='lat' dir='ltr'>res</span> <span class='ocrx_word' id='word_1_170' title='bbox 2729 1305 3022 1376; x_wconf 87' lang='lat' dir='ltr'>ejusmodi</span> <span class='ocrx_word' id='word_1_171' title='bbox 3073 1315 3367 1362; x_wconf 87' lang='lat' dir='ltr'>noverunt</span> <span class='ocrx_word' id='word_1_172' title='bbox 3397 1312 3757 1381; x_wconf 75' lang='lat' dir='ltr'>perspicere,</span> 
     </span>
    </p>
   </div>
   <div class='ocr_carea' id='block_1_28' title="bbox 2099 1391 3758 1470">
    <p class='ocr_par' dir='ltr' id='par_1_28' title="bbox 2099 1391 3758 1470">
     <span class='ocr_line' id='line_1_28' title="bbox 2099 1391 3758 1470; baseline 0.006 -24"><span class='ocrx_word' id='word_1_173' title='bbox 2099 1391 2296 1464; x_wconf 84' lang='lat' dir='ltr'>palam</span> <span class='ocrx_word' id='word_1_174' title='bbox 2329 1393 2699 1454; x_wconf 85' lang='lat' dir='ltr'>conficiatur.</span> <span class='ocrx_word' id='word_1_175' title='bbox 2737 1395 2864 1466; x_wconf 90' lang='lat' dir='ltr'>ipsa</span> <span class='ocrx_word' id='word_1_176' title='bbox 2893 1398 3130 1466; x_wconf 82' lang='lat' dir='ltr'>tyranni</span> <span class='ocrx_word' id='word_1_177' title='bbox 3153 1397 3431 1453; x_wconf 78' lang='lat' dir='ltr'>adversus</span> <span class='ocrx_word' id='word_1_178' title='bbox 3465 1401 3758 1470; x_wconf 79' lang='lat' dir='ltr'>synodum</span> 
     </span>
    </p>
   </div>
   <div class='ocr_carea' id='block_1_29' title="bbox 2099 1481 3758 1557">
    <p class='ocr_par' dir='ltr' id='par_1_29' title="bbox 2099 1481 3758 1557">
     <span class='ocr_line' id='line_1_29' title="bbox 2099 1481 3758 1557; baseline 0.005 -21"><span class='ocrx_word' id='word_1_179' title='bbox 2099 1481 2413 1537; x_wconf 90' lang='lat' dir='ltr'>molimina</span> <span class='ocrx_word' id='word_1_180' title='bbox 2445 1497 2512 1536; x_wconf 87' lang='lat' dir='ltr'>ac</span> <span class='ocrx_word' id='word_1_181' title='bbox 2554 1487 2798 1550; x_wconf 83' lang='lat' dir='ltr'>struem;</span> <span class='ocrx_word' id='word_1_182' title='bbox 2853 1501 2974 1539; x_wconf 93' lang='lat' dir='ltr'>non</span> <span class='ocrx_word' id='word_1_183' title='bbox 3025 1486 3084 1539; x_wconf 91' lang='lat' dir='ltr'>in</span> <span class='ocrx_word' id='word_1_184' title='bbox 3137 1489 3525 1557; x_wconf 82' lang='lat' dir='ltr'>eversionem,</span> <span class='ocrx_word' id='word_1_185' title='bbox 3561 1491 3662 1544; x_wconf 90' lang='lat' dir='ltr'>sed</span> <span class='ocrx_word' id='word_1_186' title='bbox 3697 1491 3758 1544; x_wconf 90' lang='lat' dir='ltr'>in</span> 
     </span>
    </p>
   </div>
   <div class='ocr_carea' id='block_1_30' title="bbox 2101 1573 3303 1645">
    <p class='ocr_par' dir='ltr' id='par_1_30' title="bbox 2101 1573 3303 1645">
     <span class='ocr_line' id='line_1_30' title="bbox 2101 1573 3303 1645; baseline 0.002 -18"><span class='ocrx_word' id='word_1_187' title='bbox 2101 1573 2228 1645; x_wconf 85' lang='lat' dir='ltr'>ejus</span> <span class='ocrx_word' id='word_1_188' title='bbox 2259 1574 2456 1644; x_wconf 87' lang='lat' dir='ltr'>potius</span> <span class='ocrx_word' id='word_1_189' title='bbox 2482 1575 3002 1630; x_wconf 83' lang='lat' dir='ltr'>confirmationem</span> <span class='ocrx_word' id='word_1_190' title='bbox 3035 1579 3303 1632; x_wconf 88' lang='lat' dir='ltr'>cessisse.</span> 
     </span>
    </p>
   </div>
   <div class='ocr_carea' id='block_1_31' title="bbox 2171 1662 3758 1741">
    <p class='ocr_par' dir='ltr' id='par_1_31' title="bbox 2171 1662 3758 1741">
     <span class='ocr_line' id='line_1_31' title="bbox 2171 1662 3758 1741; baseline 0.007 -26"><span class='ocrx_word' id='word_1_191' title='bbox 2171 1662 2397 1734; x_wconf 87' lang='lat' dir='ltr'>Quippe</span> <span class='ocrx_word' id='word_1_192' title='bbox 2452 1664 2750 1718; x_wconf 85' lang='lat' dir='ltr'>Christum</span> <span class='ocrx_word' id='word_1_193' title='bbox 2811 1664 2994 1720; x_wconf 84' lang='lat' dir='ltr'>fatere</span> <span class='ocrx_word' id='word_1_194' title='bbox 3056 1668 3382 1722; x_wconf 84' lang='lat' dir='ltr'>secundum</span> <span class='ocrx_word' id='word_1_195' title='bbox 3443 1673 3758 1741; x_wconf 89' lang='lat' dir='ltr'>utramque</span> 
     </span>
    </p>
   </div>
   <div class='ocr_carea' id='block_1_32' title="bbox 2101 1752 3756 1830">
    <p class='ocr_par' dir='ltr' id='par_1_32' title="bbox 2101 1752 3756 1830">
     <span class='ocr_line' id='line_1_32' title="bbox 2101 1752 3756 1830; baseline 0.004 -22"><span class='ocrx_word' id='word_1_196' title='bbox 2101 1757 2374 1808; x_wconf 90' lang='lat' dir='ltr'>naturam</span> <span class='ocrx_word' id='word_1_197' title='bbox 2403 1752 2634 1808; x_wconf 89' lang='lat' dir='ltr'>volendi</span> <span class='ocrx_word' id='word_1_198' title='bbox 2669 1771 2736 1808; x_wconf 91' lang='lat' dir='ltr'>ac</span> <span class='ocrx_word' id='word_1_199' title='bbox 2777 1755 3060 1826; x_wconf 84' lang='lat' dir='ltr'>cperandi</span> <span class='ocrx_word' id='word_1_200' title='bbox 3095 1755 3375 1812; x_wconf 86' lang='lat' dir='ltr'>facultate</span> <span class='ocrx_word' id='word_1_201' title='bbox 3419 1757 3756 1830; x_wconf 69' lang='lat' dir='ltr'>prmditum,</span> 
     </span>
    </p>
   </div>
   <div class='ocr_carea' id='block_1_33' title="bbox 329 1837 1984 1940">
    <p class='ocr_par' dir='ltr' id='par_1_33' title="bbox 329 1837 1984 1918">
     <span class='ocr_line' id='line_1_33' title="bbox 329 1837 1984 1918; baseline 0 -24"><span class='ocrx_word' id='word_1_202' title='bbox 329 1839 367 1910; x_wconf 71' lang='grc' dir='ltr'>ἣ</span> <span class='ocrx_word' id='word_1_203' title='bbox 405 1837 503 1894; x_wconf 66' lang='grc' dir='ltr'>δύο</span> <span class='ocrx_word' id='word_1_204' title='bbox 538 1841 738 1915; x_wconf 75' lang='grc' dir='ltr'>φυσικᾶ</span> <span class='ocrx_word' id='word_1_205' title='bbox 787 1837 1094 1913; x_wconf 74' lang='grc' dir='ltr'>θελήματα,</span> <span class='ocrx_word' id='word_1_206' title='bbox 1144 1839 1232 1895; x_wconf 79' lang='grc' dir='ltr'>καὶ</span> <span class='ocrx_word' id='word_1_207' title='bbox 1283 1837 1378 1894; x_wconf 63' lang='grc' dir='ltr'>δύο</span> <span class='ocrx_word' id='word_1_208' title='bbox 1423 1839 1652 1918; x_wconf 67' lang='grc' dir='ltr'>φυσικὰς</span> <span class='ocrx_word' id='word_1_209' title='bbox 1696 1839 1984 1915; x_wconf 78' lang='grc' dir='ltr'>ἐνεργείας,</span> 
     </span>
    </p>
   </div>
   <div class='ocr_carea' id='block_1_34' title="bbox 2101 1837 3764 1940">
    <p class='ocr_par' dir='ltr' id='par_1_34' title="bbox 2101 1840 3764 1914">
     <span class='ocr_line' id='line_1_34' title="bbox 2101 1840 3764 1914; baseline 0.005 -19"><span class='ocrx_word' id='word_1_210' title='bbox 2101 1840 2246 1895; x_wconf 87' lang='lat' dir='ltr'>nihil</span> <span class='ocrx_word' id='word_1_211' title='bbox 2279 1847 2366 1896; x_wconf 89' lang='lat' dir='ltr'>est</span> <span class='ocrx_word' id='word_1_212' title='bbox 2397 1842 2558 1896; x_wconf 88' lang='lat' dir='ltr'>aliud</span> <span class='ocrx_word' id='word_1_213' title='bbox 2593 1859 2770 1914; x_wconf 90' lang='lat' dir='ltr'>quam</span> <span class='ocrx_word' id='word_1_214' title='bbox 2805 1845 3108 1899; x_wconf 84' lang='lat' dir='ltr'>naturales</span> <span class='ocrx_word' id='word_1_215' title='bbox 3141 1846 3288 1900; x_wconf 88' lang='lat' dir='ltr'>duas</span> <span class='ocrx_word' id='word_1_216' title='bbox 3313 1847 3646 1902; x_wconf 86' lang='lat' dir='ltr'>voluntates</span> <span class='ocrx_word' id='word_1_217' title='bbox 3676 1849 3764 1903; x_wconf 90' lang='lat' dir='ltr'>in-</span> 
     </span>
    </p>
   </div>
   <div class='ocr_carea' id='block_1_35' title="bbox 332 1927 1989 2006">
    <p class='ocr_par' dir='ltr' id='par_1_35' title="bbox 332 1927 1989 2006">
     <span class='ocr_line' id='line_1_35' title="bbox 332 1927 1989 2006; baseline 0 -22"><span class='ocrx_word' id='word_1_218' title='bbox 332 1935 501 1988; x_wconf 86' lang='grc' dir='ltr'>νοεῖν.</span> <span class='ocrx_word' id='word_1_219' title='bbox 557 1929 703 1984; x_wconf 79' lang='grc' dir='ltr'>Κατὰ</span> <span class='ocrx_word' id='word_1_220' title='bbox 757 1930 958 2000; x_wconf 62' lang='grc' dir='ltr'>πότην</span> <span class='ocrx_word' id='word_1_221' title='bbox 1023 1930 1124 2006; x_wconf 72' lang='grc' dir='ltr'>γὰρ</span> <span class='ocrx_word' id='word_1_222' title='bbox 1187 1928 1370 2006; x_wconf 65' lang='grc' dir='ltr'>ῥητῶς</span> <span class='ocrx_word' id='word_1_223' title='bbox 1428 1931 1528 1997; x_wconf 80' lang='grc' dir='ltr'>τήν</span> <span class='ocrx_word' id='word_1_224' title='bbox 1588 1927 1834 1984; x_wconf 70' lang='grc' dir='ltr'>διάνοιαν</span> <span class='ocrx_word' id='word_1_225' title='bbox 1892 1931 1989 1992; x_wconf 74' lang='grc' dir='ltr'>τὰς</span> 
     </span>
    </p>
   </div>
   <div class='ocr_carea' id='block_1_36' title="bbox 329 2017 1990 2097">
    <p class='ocr_par' dir='ltr' id='par_1_36' title="bbox 329 2017 1990 2097">
     <span class='ocr_line' id='line_1_36' title="bbox 329 2017 1990 2097; baseline 0.001 -24"><span class='ocrx_word' id='word_1_226' title='bbox 329 2019 590 2081; x_wconf 63' lang='grc' dir='ltr'>τοιαοᾶτας</span> <span class='ocrx_word' id='word_1_227' title='bbox 647 2024 883 2083; x_wconf 81' lang='grc' dir='ltr'>νοεῖσθαι</span> <span class='ocrx_word' id='word_1_228' title='bbox 943 2021 1142 2094; x_wconf 73' lang='grc' dir='ltr'>φωνὰς,</span> <span class='ocrx_word' id='word_1_229' title='bbox 1201 2017 1256 2074; x_wconf 82' lang='grc' dir='ltr'>έν</span> <span class='ocrx_word' id='word_1_230' title='bbox 1306 2023 1386 2091; x_wconf 79' lang='grc' dir='ltr'>τῷ</span> <span class='ocrx_word' id='word_1_231' title='bbox 1449 2018 1814 2097; x_wconf 72' lang='grc' dir='ltr'>έκφωνηθέντι</span> <span class='ocrx_word' id='word_1_232' title='bbox 1865 2022 1990 2096; x_wconf 89' lang='grc' dir='ltr'>παρ’</span> 
     </span>
    </p>
   </div>
   <div class='ocr_carea' id='block_1_37' title="bbox 332 2107 1986 2186">
    <p class='ocr_par' dir='ltr' id='par_1_37' title="bbox 332 2107 1986 2186">
     <span class='ocr_line' id='line_1_37' title="bbox 332 2107 1986 2186; baseline 0.001 -24"><span class='ocrx_word' id='word_1_233' title='bbox 332 2109 509 2178; x_wconf 83' lang='grc' dir='ltr'>αὐτῆς</span> <span class='ocrx_word' id='word_1_234' title='bbox 570 2109 682 2184; x_wconf 74' lang='grc' dir='ltr'>ὅρῳ</span> <span class='ocrx_word' id='word_1_235' title='bbox 738 2110 1146 2184; x_wconf 78' lang='grc' dir='ltr'>προεθέσπισεν,</span> <span class='ocrx_word' id='word_1_236' title='bbox 1181 2111 1216 2178; x_wconf 73' lang='grc' dir='ltr'>ἡ</span> <span class='ocrx_word' id='word_1_237' title='bbox 1279 2107 1330 2163; x_wconf 79' lang='grc' dir='ltr'>έν</span> <span class='ocrx_word' id='word_1_238' title='bbox 1358 2111 1426 2182; x_wconf 83' lang='grc' dir='ltr'>τῇ</span> <span class='ocrx_word' id='word_1_239' title='bbox 1488 2109 1609 2172; x_wconf 80' lang='grc' dir='ltr'>καθ’</span> <span class='ocrx_word' id='word_1_240' title='bbox 1643 2109 1782 2181; x_wconf 77' lang='grc' dir='ltr'>ὑμᾶς</span> <span class='ocrx_word' id='word_1_241' title='bbox 1829 2130 1986 2186; x_wconf 86' lang='grc' dir='ltr'>μεγα-</span> 
     </span>
    </p>
   </div>
   <div class='ocr_carea' id='block_1_38' title="bbox 332 2193 1992 2272">
    <p class='ocr_par' dir='ltr' id='par_1_38' title="bbox 332 2193 1992 2272">
     <span class='ocr_line' id='line_1_38' title="bbox 332 2193 1992 2272; baseline 0.001 -22"><span class='ocrx_word' id='word_1_242' title='bbox 332 2194 569 2252; x_wconf 86' lang='grc' dir='ltr'>λοπόλει</span> <span class='ocrx_word' id='word_1_243' title='bbox 601 2195 788 2270; x_wconf 82' lang='grc' dir='ltr'>Ῥώμῃ</span> <span class='ocrx_word' id='word_1_244' title='bbox 832 2201 1158 2272; x_wconf 74' lang='grc' dir='ltr'>συναχθεῖσα</span> <span class='ocrx_word' id='word_1_245' title='bbox 1201 2193 1426 2258; x_wconf 66' lang='grc' dir='ltr'>σᾶνοδος</span> <span class='ocrx_word' id='word_1_246' title='bbox 1459 2196 1578 2271; x_wconf 69' lang='grc' dir='ltr'>ἱερᾶ</span> <span class='ocrx_word' id='word_1_247' title='bbox 1622 2196 1708 2251; x_wconf 76' lang='grc' dir='ltr'>έπῖ</span> <span class='ocrx_word' id='word_1_248' title='bbox 1757 2201 1854 2252; x_wconf 76' lang='grc' dir='ltr'>τοῦ</span> <span class='ocrx_word' id='word_1_249' title='bbox 1891 2203 1992 2266; x_wconf 79' lang='grc' dir='ltr'>τῆς</span> 
     </span>
    </p>
   </div>
   <div class='ocr_carea' id='block_1_39' title="bbox 330 2279 1991 2362">
    <p class='ocr_par' dir='ltr' id='par_1_39' title="bbox 330 2279 1991 2362">
     <span class='ocr_line' id='line_1_39' title="bbox 330 2279 1991 2362; baseline 0.002 -25"><span class='ocrx_word' id='word_1_250' title='bbox 330 2279 631 2357; x_wconf 76' lang='grc' dir='ltr'>σεϐασμῖας</span> <span class='ocrx_word' id='word_1_251' title='bbox 689 2287 910 2359; x_wconf 76' lang='grc' dir='ltr'>μνήμῃς</span> <span class='ocrx_word' id='word_1_252' title='bbox 969 2287 1252 2360; x_wconf 81' lang='grc' dir='ltr'>Μαρτίνου</span> <span class='ocrx_word' id='word_1_253' title='bbox 1288 2331 1300 2354; x_wconf 88' lang='grc'>,</span> <span class='ocrx_word' id='word_1_254' title='bbox 1379 2289 1478 2340; x_wconf 83' lang='grc' dir='ltr'>τοῦ</span> <span class='ocrx_word' id='word_1_255' title='bbox 1562 2293 1663 2355; x_wconf 76' lang='grc' dir='ltr'>τῆς</span> <span class='ocrx_word' id='word_1_256' title='bbox 1729 2285 1991 2362; x_wconf 74' lang='grc' dir='ltr'>ὑμετέρας</span> 
     </span>
    </p>
   </div>
   <div class='ocr_carea' id='block_1_40' title="bbox 325 2370 1980 2452">
    <p class='ocr_par' dir='ltr' id='par_1_40' title="bbox 325 2370 1980 2452">
     <span class='ocr_line' id='line_1_40' title="bbox 325 2370 1980 2452; baseline 0.001 -26"><span class='ocrx_word' id='word_1_257' title='bbox 325 2370 792 2446; x_wconf 64' lang='grc' dir='ltr'>προεδρεΰσκντος</span> <span class='ocrx_word' id='word_1_258' title='bbox 853 2373 1180 2444; x_wconf 79' lang='grc' dir='ltr'>Ἑκκλησίας</span> <span class='ocrx_word' id='word_1_259' title='bbox 1215 2393 1225 2404; x_wconf 93' lang='grc'><strong>·</strong></span> <span class='ocrx_word' id='word_1_260' title='bbox 1288 2375 1363 2438; x_wconf 83' lang='grc' dir='ltr'>ὡς</span> <span class='ocrx_word' id='word_1_261' title='bbox 1423 2375 1602 2430; x_wconf 76' lang='grc' dir='ltr'>ἐκεῖνα</span> <span class='ocrx_word' id='word_1_262' title='bbox 1660 2379 1842 2452; x_wconf 72' lang='grc' dir='ltr'>σαφῶς</span> <span class='ocrx_word' id='word_1_263' title='bbox 1897 2375 1980 2430; x_wconf 73' lang='grc' dir='ltr'>καῖ</span> 
     </span>
    </p>
   </div>
   <div class='ocr_carea' id='block_1_41' title="bbox 323 2461 1987 2539">
    <p class='ocr_par' dir='ltr' id='par_1_41' title="bbox 323 2461 1987 2539">
     <span class='ocr_line' id='line_1_41' title="bbox 323 2461 1987 2539; baseline -0.001 -20"><span class='ocrx_word' id='word_1_264' title='bbox 323 2461 422 2519; x_wconf 70' lang='grc' dir='ltr'>ἐπὶ</span> <span class='ocrx_word' id='word_1_265' title='bbox 453 2463 616 2534; x_wconf 73' lang='grc' dir='ltr'>ἡμῶν</span> <span class='ocrx_word' id='word_1_266' title='bbox 645 2467 752 2517; x_wconf 88' lang='grc' dir='ltr'>τῶν</span> <span class='ocrx_word' id='word_1_267' title='bbox 797 2463 1142 2539; x_wconf 79' lang='grc' dir='ltr'>ἁμαρτωλῶν</span> <span class='ocrx_word' id='word_1_268' title='bbox 1199 2465 1288 2519; x_wconf 73' lang='grc' dir='ltr'>καὶ</span> <span class='ocrx_word' id='word_1_269' title='bbox 1345 2463 1678 2533; x_wconf 72' lang='grc' dir='ltr'>ἐλαχίστων,</span> <span class='ocrx_word' id='word_1_270' title='bbox 1733 2465 1833 2534; x_wconf 72' lang='grc' dir='ltr'>τὴν</span> <span class='ocrx_word' id='word_1_271' title='bbox 1886 2469 1987 2519; x_wconf 73' lang='grc' dir='ltr'>τοῦ</span> 
     </span>
    </p>
   </div>
   <div class='ocr_carea' id='block_1_42' title="bbox 323 2551 1986 2629">
    <p class='ocr_par' dir='ltr' id='par_1_42' title="bbox 323 2551 1986 2629">
     <span class='ocr_line' id='line_1_42' title="bbox 323 2551 1986 2629; baseline 0 -23"><span class='ocrx_word' id='word_1_272' title='bbox 323 2555 468 2606; x_wconf 74' lang='grc' dir='ltr'>θεοῦ</span> <span class='ocrx_word' id='word_1_273' title='bbox 527 2551 719 2629; x_wconf 76' lang='grc' dir='ltr'>σοφίαν</span> <span class='ocrx_word' id='word_1_274' title='bbox 782 2551 1144 2626; x_wconf 74' lang='grc' dir='ltr'>οἷκονομῆσαι</span> <span class='ocrx_word' id='word_1_275' title='bbox 1181 2597 1195 2621; x_wconf 86' lang='grc'>,</span> <span class='ocrx_word' id='word_1_276' title='bbox 1253 2557 1352 2607; x_wconf 78' lang='grc' dir='ltr'>τοῦ</span> <span class='ocrx_word' id='word_1_277' title='bbox 1434 2551 1801 2628; x_wconf 72' lang='grc' dir='ltr'>’ἀρασσομένου</span> <span class='ocrx_word' id='word_1_278' title='bbox 1875 2557 1986 2608; x_wconf 84' lang='grc' dir='ltr'>τῶν</span> 
     </span>
    </p>
   </div>
   <div class='ocr_carea' id='block_1_43' title="bbox 319 2640 1982 2720">
    <p class='ocr_par' dir='ltr' id='par_1_43' title="bbox 319 2640 1982 2720">
     <span class='ocr_line' id='line_1_43' title="bbox 319 2640 1982 2720; baseline 0 -24"><span class='ocrx_word' id='word_1_279' title='bbox 319 2645 512 2720; x_wconf 67' lang='grc' dir='ltr'>σοφῶν</span> <span class='ocrx_word' id='word_1_280' title='bbox 567 2640 617 2695; x_wconf 80' lang='grc' dir='ltr'>ἐν</span> <span class='ocrx_word' id='word_1_281' title='bbox 677 2644 746 2714; x_wconf 78' lang='grc' dir='ltr'>τῇ</span> <span class='ocrx_word' id='word_1_282' title='bbox 807 2642 1106 2717; x_wconf 74' lang='grc' dir='ltr'>πανουργίᾳ</span> <span class='ocrx_word' id='word_1_283' title='bbox 1157 2641 1376 2706; x_wconf 73' lang='grc' dir='ltr'>αὗτῶν,</span> <span class='ocrx_word' id='word_1_284' title='bbox 1439 2641 1572 2714; x_wconf 79' lang='grc' dir='ltr'>ἅπερ</span> <span class='ocrx_word' id='word_1_285' title='bbox 1629 2642 1656 2695; x_wconf 85' lang='grc' dir='ltr'>ὁ</span> <span class='ocrx_word' id='word_1_286' title='bbox 1713 2640 1982 2716; x_wconf 81' lang='grc' dir='ltr'>Θεολόγος</span> 
     </span>
    </p>
   </div>
   <div class='ocr_carea' id='block_1_44' title="bbox 315 2728 1982 2805">
    <p class='ocr_par' dir='ltr' id='par_1_44' title="bbox 315 2728 1982 2805">
     <span class='ocr_line' id='line_1_44' title="bbox 315 2728 1982 2805; baseline -0.002 -20"><span class='ocrx_word' id='word_1_287' title='bbox 315 2731 632 2805; x_wconf 85' lang='grc' dir='ltr'>Γρηγόριος</span> <span class='ocrx_word' id='word_1_288' title='bbox 677 2728 728 2784; x_wconf 83' lang='grc' dir='ltr'>έν</span> <span class='ocrx_word' id='word_1_289' title='bbox 777 2734 856 2801; x_wconf 76' lang='grc' dir='ltr'>τῷ</span> <span class='ocrx_word' id='word_1_290' title='bbox 907 2729 984 2790; x_wconf 85' lang='grc' dir='ltr'>εἷς</span> <span class='ocrx_word' id='word_1_291' title='bbox 1037 2731 1128 2784; x_wconf 86' lang='grc' dir='ltr'>τὸν</span> <span class='ocrx_word' id='word_1_292' title='bbox 1194 2729 1360 2805; x_wconf 84' lang='grc' dir='ltr'>μέγαν</span> <span class='ocrx_word' id='word_1_293' title='bbox 1421 2729 1706 2786; x_wconf 81' lang='grc' dir='ltr'>Βασίλειον</span> <span class='ocrx_word' id='word_1_294' title='bbox 1766 2729 1982 2800; x_wconf 83' lang='grc' dir='ltr'>τίθησιν</span> 
     </span>
    </p>
   </div>
   <div class='ocr_carea' id='block_1_45' title="bbox 319 2814 1985 2897">
    <p class='ocr_par' dir='ltr' id='par_1_45' title="bbox 319 2814 1985 2897">
     <span class='ocr_line' id='line_1_45' title="bbox 319 2814 1985 2897; baseline -0.001 -23"><span class='ocrx_word' id='word_1_295' title='bbox 319 2817 601 2897; x_wconf 68' lang='grc' dir='ltr'>ἐπιταφίῳ</span> <span class='ocrx_word' id='word_1_296' title='bbox 640 2817 811 2894; x_wconf 83' lang='grc' dir='ltr'>λόγῳ,</span> <span class='ocrx_word' id='word_1_297' title='bbox 865 2817 985 2873; x_wconf 78' lang='grc' dir='ltr'>ἔνθα</span> <span class='ocrx_word' id='word_1_298' title='bbox 1043 2818 1248 2873; x_wconf 81' lang='grc' dir='ltr'>ἐκεῖνον</span> <span class='ocrx_word' id='word_1_299' title='bbox 1309 2818 1508 2895; x_wconf 72' lang='grc' dir='ltr'>είσᾶγει</span> <span class='ocrx_word' id='word_1_300' title='bbox 1572 2814 1877 2892; x_wconf 72' lang='grc' dir='ltr'>συμϐούλῳ</span> <span class='ocrx_word' id='word_1_301' title='bbox 1905 2824 1985 2891; x_wconf 78' lang='grc' dir='ltr'>τῷ</span> 
     </span>
    </p>
   </div>
   <div class='ocr_carea' id='block_1_46' title="bbox 321 2905 1984 2982">
    <p class='ocr_par' dir='ltr' id='par_1_46' title="bbox 321 2905 1984 2982">
     <span class='ocr_line' id='line_1_46' title="bbox 321 2905 1984 2982; baseline 0.001 -21"><span class='ocrx_word' id='word_1_302' title='bbox 321 2905 460 2981; x_wconf 83' lang='grc' dir='ltr'>θείῳ</span> <span class='ocrx_word' id='word_1_303' title='bbox 493 2905 660 2962; x_wconf 77' lang='grc' dir='ltr'>Δαόἓδ</span> <span class='ocrx_word' id='word_1_304' title='bbox 699 2909 1064 2982; x_wconf 83' lang='grc' dir='ltr'>κεχρημένον·</span> <span class='ocrx_word' id='word_1_305' title='bbox 1123 2907 1212 2962; x_wconf 79' lang='grc' dir='ltr'>καὶ</span> <span class='ocrx_word' id='word_1_306' title='bbox 1273 2909 1672 2982; x_wconf 76' lang='grc' dir='ltr'>οἷκονομοῦντα</span> <span class='ocrx_word' id='word_1_307' title='bbox 1728 2907 1856 2972; x_wconf 80' lang='grc' dir='ltr'>τοὺς</span> <span class='ocrx_word' id='word_1_308' title='bbox 1887 2907 1984 2963; x_wconf 86' lang='grc' dir='ltr'>λό-</span> 
     </span>
    </p>
   </div>
   <div class='ocr_carea' id='block_1_47' title="bbox 315 2998 1981 3075">
    <p class='ocr_par' dir='ltr' id='par_1_47' title="bbox 315 2998 1981 3075">
     <span class='ocr_line' id='line_1_47' title="bbox 315 2998 1981 3075; baseline 0 -23"><span class='ocrx_word' id='word_1_309' title='bbox 315 3019 455 3074; x_wconf 67' lang='grc' dir='ltr'>γους</span> <span class='ocrx_word' id='word_1_310' title='bbox 484 2998 649 3053; x_wconf 76' lang='grc' dir='ltr'>αὐτοῦ</span> <span class='ocrx_word' id='word_1_311' title='bbox 691 2999 744 3054; x_wconf 77' lang='grc' dir='ltr'>ἐν</span> <span class='ocrx_word' id='word_1_312' title='bbox 775 2999 970 3075; x_wconf 81' lang='grc' dir='ltr'>κρίσει·</span> <span class='ocrx_word' id='word_1_313' title='bbox 1028 3001 1417 3075; x_wconf 79' lang='grc' dir='ltr'>παρησυχάσαι</span> <span class='ocrx_word' id='word_1_314' title='bbox 1483 2999 1576 3072; x_wconf 73' lang='grc' dir='ltr'>μὲν</span> <span class='ocrx_word' id='word_1_315' title='bbox 1633 3001 1732 3067; x_wconf 79' lang='grc' dir='ltr'>τὴν</span> <span class='ocrx_word' id='word_1_316' title='bbox 1793 2999 1981 3073; x_wconf 79' lang='grc' dir='ltr'>κυρίαν</span> 
     </span>
    </p>
   </div>
   <div class='ocr_carea' id='block_1_48' title="bbox 303 3085 1986 3166">
    <p class='ocr_par' dir='ltr' id='par_1_48' title="bbox 303 3085 1986 3166">
     <span class='ocr_line' id='line_1_48' title="bbox 303 3085 1986 3166; baseline -0.002 -23"><span class='ocrx_word' id='word_1_317' title='bbox 303 3087 534 3143; x_wconf 69' lang='grc' dir='ltr'>ἐπὶτοῦ</span> <span class='ocrx_word' id='word_1_318' title='bbox 579 3088 738 3165; x_wconf 81' lang='grc' dir='ltr'>ἁγίου</span> <span class='ocrx_word' id='word_1_319' title='bbox 793 3087 1104 3162; x_wconf 79' lang='grc' dir='ltr'>Ηνεῦματος</span> <span class='ocrx_word' id='word_1_320' title='bbox 1158 3089 1368 3166; x_wconf 75' lang='grc' dir='ltr'>φωνὴν,</span> <span class='ocrx_word' id='word_1_321' title='bbox 1403 3087 1610 3164; x_wconf 70' lang='grc' dir='ltr'>ἑτέραις</span> <span class='ocrx_word' id='word_1_322' title='bbox 1664 3085 1721 3142; x_wconf 75' lang='grc' dir='ltr'>δὲ</span> <span class='ocrx_word' id='word_1_323' title='bbox 1778 3093 1986 3165; x_wconf 77' lang='grc' dir='ltr'>φωναῖς</span> 
     </span>
    </p>
   </div>
   <div class='ocr_carea' id='block_1_49' title="bbox 294 3173 1976 3253">
    <p class='ocr_par' dir='ltr' id='par_1_49' title="bbox 294 3173 1976 3253">
     <span class='ocr_line' id='line_1_49' title="bbox 294 3173 1976 3253; baseline -0.004 -18"><span class='ocrx_word' id='word_1_324' title='bbox 294 3177 507 3235; x_wconf 81' lang='grc' dir='ltr'>ταυτὸν</span> <span class='ocrx_word' id='word_1_325' title='bbox 567 3174 896 3252; x_wconf 73' lang='grc' dir='ltr'>δυναμέναις</span> <span class='ocrx_word' id='word_1_326' title='bbox 971 3179 1035 3232; x_wconf 86' lang='grc' dir='ltr'>τὸ</span> <span class='ocrx_word' id='word_1_327' title='bbox 1101 3173 1312 3238; x_wconf 73' lang='grc' dir='ltr'>εὗσεϐὶς</span> <span class='ocrx_word' id='word_1_328' title='bbox 1386 3176 1665 3253; x_wconf 77' lang='grc' dir='ltr'>κρατύνειν</span> <span class='ocrx_word' id='word_1_329' title='bbox 1724 3183 1826 3246; x_wconf 83' lang='grc' dir='ltr'>τῆς</span> <span class='ocrx_word' id='word_1_330' title='bbox 1881 3175 1976 3230; x_wconf 81' lang='grc' dir='ltr'>πί-</span> 
     </span>
    </p>
   </div>
   <div class='ocr_carea' id='block_1_50' title="bbox 2103 1931 3762 2005">
    <p class='ocr_par' dir='ltr' id='par_1_50' title="bbox 2103 1931 3762 2005">
     <span class='ocr_line' id='line_1_50' title="bbox 2103 1931 3762 2005; baseline 0.004 -20"><span class='ocrx_word' id='word_1_331' title='bbox 2103 1931 2391 2004; x_wconf 74' lang='lat' dir='ltr'>telligere,</span> <span class='ocrx_word' id='word_1_332' title='bbox 2457 1931 2722 2002; x_wconf 86' lang='lat' dir='ltr'>duasque</span> <span class='ocrx_word' id='word_1_333' title='bbox 2777 1933 3081 1988; x_wconf 84' lang='lat' dir='ltr'>naturales</span> <span class='ocrx_word' id='word_1_334' title='bbox 3133 1936 3530 2005; x_wconf 85' lang='lat' dir='ltr'>operationes.</span> <span class='ocrx_word' id='word_1_335' title='bbox 3585 1937 3762 1991; x_wconf 88' lang='lat' dir='ltr'>Sacra</span> 
     </span>
    </p>
   </div>
   <div class='ocr_carea' id='block_1_51' title="bbox 2103 2019 3760 2096">
    <p class='ocr_par' dir='ltr' id='par_1_51' title="bbox 2103 2019 3760 2096">
     <span class='ocr_line' id='line_1_51' title="bbox 2103 2019 3760 2096; baseline 0.002 -22"><span class='ocrx_word' id='word_1_336' title='bbox 2103 2021 2400 2090; x_wconf 81' lang='lat' dir='ltr'>siquidem</span> <span class='ocrx_word' id='word_1_337' title='bbox 2434 2019 2697 2091; x_wconf 82' lang='lat' dir='ltr'>synodus</span> <span class='ocrx_word' id='word_1_338' title='bbox 2721 2021 2778 2074; x_wconf 91' lang='lat' dir='ltr'>in</span> <span class='ocrx_word' id='word_1_339' title='bbox 2803 2037 3016 2094; x_wconf 77' lang='lat' dir='ltr'>magna</span> <span class='ocrx_word' id='word_1_340' title='bbox 3044 2023 3186 2077; x_wconf 89' lang='lat' dir='ltr'>urbe</span> <span class='ocrx_word' id='word_1_341' title='bbox 3211 2025 3414 2092; x_wconf 76' lang='lat' dir='ltr'>Roma,</span> <span class='ocrx_word' id='word_1_342' title='bbox 3450 2041 3579 2095; x_wconf 65' lang='lat' dir='ltr'>qua:</span> <span class='ocrx_word' id='word_1_343' title='bbox 3602 2025 3760 2096; x_wconf 87' lang='lat' dir='ltr'>apud</span> 
     </span>
    </p>
   </div>
   <div class='ocr_carea' id='block_1_52' title="bbox 2099 2109 3756 2180">
    <p class='ocr_par' dir='ltr' id='par_1_52' title="bbox 2099 2109 3756 2180">
     <span class='ocr_line' id='line_1_52' title="bbox 2099 2109 3756 2180; baseline 0.002 -15"><span class='ocrx_word' id='word_1_344' title='bbox 2099 2127 2198 2165; x_wconf 84' lang='lat' dir='ltr'>vos</span> <span class='ocrx_word' id='word_1_345' title='bbox 2230 2114 2339 2180; x_wconf 89' lang='lat' dir='ltr'>est,</span> <span class='ocrx_word' id='word_1_346' title='bbox 2375 2109 2482 2164; x_wconf 84' lang='lat' dir='ltr'>sub</span> <span class='ocrx_word' id='word_1_347' title='bbox 2515 2110 2872 2165; x_wconf 81' lang='lat' dir='ltr'>venerabilis</span> <span class='ocrx_word' id='word_1_348' title='bbox 2911 2113 3218 2166; x_wconf 75' lang='lat' dir='ltr'>memoriae</span> <span class='ocrx_word' id='word_1_349' title='bbox 3255 2115 3522 2174; x_wconf 86' lang='lat' dir='ltr'>Martino,</span> <span class='ocrx_word' id='word_1_350' title='bbox 3552 2114 3756 2168; x_wconf 85' lang='lat' dir='ltr'>deces-</span> 
     </span>
    </p>
   </div>
   <div class='ocr_carea' id='block_1_53' title="bbox 2102 2199 3755 2272">
    <p class='ocr_par' dir='ltr' id='par_1_53' title="bbox 2102 2199 3755 2272">
     <span class='ocr_line' id='line_1_53' title="bbox 2102 2199 3755 2272; baseline 0.002 -19"><span class='ocrx_word' id='word_1_351' title='bbox 2102 2215 2233 2253; x_wconf 90' lang='lat' dir='ltr'>sore</span> <span class='ocrx_word' id='word_1_352' title='bbox 2265 2203 2458 2253; x_wconf 88' lang='lat' dir='ltr'>vestro</span> <span class='ocrx_word' id='word_1_353' title='bbox 2491 2201 2769 2253; x_wconf 73' lang='lat' dir='ltr'>Romamn</span> <span class='ocrx_word' id='word_1_354' title='bbox 2801 2199 3079 2254; x_wconf 79' lang='lat' dir='ltr'>Ecclesiae</span> <span class='ocrx_word' id='word_1_355' title='bbox 3109 2203 3384 2272; x_wconf 69' lang='lat' dir='ltr'>prmsule,</span> <span class='ocrx_word' id='word_1_356' title='bbox 3409 2209 3628 2268; x_wconf 83' lang='lat' dir='ltr'>coacta,</span> <span class='ocrx_word' id='word_1_357' title='bbox 3667 2219 3755 2272; x_wconf 88' lang='lat' dir='ltr'>ea,</span> 
     </span>
    </p>
   </div>
   <div class='ocr_carea' id='block_1_54' title="bbox 2103 2286 3757 2358">
    <p class='ocr_par' dir='ltr' id='par_1_54' title="bbox 2103 2286 3757 2358">
     <span class='ocr_line' id='line_1_54' title="bbox 2103 2286 3757 2358; baseline 0.002 -17"><span class='ocrx_word' id='word_1_358' title='bbox 2103 2303 2278 2357; x_wconf 89' lang='lat' dir='ltr'>quam</span> <span class='ocrx_word' id='word_1_359' title='bbox 2306 2286 2631 2358; x_wconf 82' lang='lat' dir='ltr'>publicavit</span> <span class='ocrx_word' id='word_1_360' title='bbox 2660 2286 3030 2356; x_wconf 82' lang='lat' dir='ltr'>definitione,</span> <span class='ocrx_word' id='word_1_361' title='bbox 3063 2289 3392 2343; x_wconf 88' lang='lat' dir='ltr'>secundum</span> <span class='ocrx_word' id='word_1_362' title='bbox 3431 2291 3588 2344; x_wconf 87' lang='lat' dir='ltr'>hunc</span> <span class='ocrx_word' id='word_1_363' title='bbox 3618 2308 3757 2344; x_wconf 82' lang='lat' dir='ltr'>sen-</span> 
     </span>
    </p>
   </div>
   <div class='ocr_carea' id='block_1_55' title="bbox 2101 2375 3755 2448">
    <p class='ocr_par' dir='ltr' id='par_1_55' title="bbox 2101 2375 3755 2448">
     <span class='ocr_line' id='line_1_55' title="bbox 2101 2375 3755 2448; baseline 0 -16"><span class='ocrx_word' id='word_1_364' title='bbox 2101 2393 2232 2432; x_wconf 88' lang='lat' dir='ltr'>sum</span> <span class='ocrx_word' id='word_1_365' title='bbox 2291 2375 2710 2448; x_wconf 80' lang='lat' dir='ltr'>intelligendas</span> <span class='ocrx_word' id='word_1_366' title='bbox 2761 2393 2931 2430; x_wconf 87' lang='lat' dir='ltr'>voces</span> <span class='ocrx_word' id='word_1_367' title='bbox 2981 2378 3298 2448; x_wconf 83' lang='lat' dir='ltr'>ejusmodi,</span> <span class='ocrx_word' id='word_1_368' title='bbox 3341 2379 3484 2432; x_wconf 88' lang='lat' dir='ltr'>olim</span> <span class='ocrx_word' id='word_1_369' title='bbox 3535 2379 3755 2434; x_wconf 85' lang='lat' dir='ltr'>diserte</span> 
     </span>
    </p>
   </div>
   <div class='ocr_carea' id='block_1_56' title="bbox 2099 2465 3758 2536">
    <p class='ocr_par' dir='ltr' id='par_1_56' title="bbox 2099 2465 3758 2536">
     <span class='ocr_line' id='line_1_56' title="bbox 2099 2465 3758 2536; baseline 0.001 -17"><span class='ocrx_word' id='word_1_370' title='bbox 2099 2465 2292 2519; x_wconf 85' lang='lat' dir='ltr'>sanxit</span> <span class='ocrx_word' id='word_1_371' title='bbox 2322 2483 2334 2531; x_wconf 92' lang='lat'><strong>;</strong></span> <span class='ocrx_word' id='word_1_372' title='bbox 2364 2470 2428 2520; x_wconf 90' lang='lat' dir='ltr'>ut</span> <span class='ocrx_word' id='word_1_373' title='bbox 2458 2467 2519 2519; x_wconf 91' lang='lat' dir='ltr'>in</span> <span class='ocrx_word' id='word_1_374' title='bbox 2542 2465 2714 2519; x_wconf 91' lang='lat' dir='ltr'>nobis</span> <span class='ocrx_word' id='word_1_375' title='bbox 2741 2483 2979 2536; x_wconf 88' lang='lat' dir='ltr'>quoque</span> <span class='ocrx_word' id='word_1_376' title='bbox 3006 2467 3416 2536; x_wconf 77' lang='lat' dir='ltr'>peccatoribus</span> <span class='ocrx_word' id='word_1_377' title='bbox 3441 2485 3506 2521; x_wconf 90' lang='lat' dir='ltr'>ac</span> <span class='ocrx_word' id='word_1_378' title='bbox 3539 2468 3758 2521; x_wconf 89' lang='lat' dir='ltr'>humil-</span> 
     </span>
    </p>
   </div>
   <div class='ocr_carea' id='block_1_57' title="bbox 2096 2553 3753 2626">
    <p class='ocr_par' dir='ltr' id='par_1_57' title="bbox 2096 2553 3753 2626">
     <span class='ocr_line' id='line_1_57' title="bbox 2096 2553 3753 2626; baseline 0.001 -18"><span class='ocrx_word' id='word_1_379' title='bbox 2096 2553 2276 2620; x_wconf 89' lang='lat' dir='ltr'>limis,</span> <span class='ocrx_word' id='word_1_380' title='bbox 2315 2554 2371 2608; x_wconf 91' lang='lat' dir='ltr'>id</span> <span class='ocrx_word' id='word_1_381' title='bbox 2404 2560 2606 2625; x_wconf 87' lang='lat' dir='ltr'>aperte</span> <span class='ocrx_word' id='word_1_382' title='bbox 2641 2555 2740 2608; x_wconf 88' lang='lat' dir='ltr'>Dei</span> <span class='ocrx_word' id='word_1_383' title='bbox 2769 2555 3082 2625; x_wconf 82' lang='lat' dir='ltr'>sapientia,</span> <span class='ocrx_word' id='word_1_384' title='bbox 3117 2557 3216 2626; x_wconf 91' lang='lat' dir='ltr'>qui</span> <span class='ocrx_word' id='word_1_385' title='bbox 3264 2556 3563 2626; x_wconf 86' lang='lat' dir='ltr'>sapientes</span> <span class='ocrx_word' id='word_1_386' title='bbox 3590 2573 3753 2610; x_wconf 89' lang='lat' dir='ltr'>com—</span> 
     </span>
    </p>
   </div>
   <div class='ocr_carea' id='block_1_58' title="bbox 2094 2642 3742 2718">
    <p class='ocr_par' dir='ltr' id='par_1_58' title="bbox 2094 2642 3742 2718">
     <span class='ocr_line' id='line_1_58' title="bbox 2094 2642 3742 2718; baseline 0.002 -22"><span class='ocrx_word' id='word_1_387' title='bbox 2094 2642 2406 2714; x_wconf 88' lang='lat' dir='ltr'>prehendit</span> <span class='ocrx_word' id='word_1_388' title='bbox 2443 2643 2504 2696; x_wconf 91' lang='lat' dir='ltr'>in</span> <span class='ocrx_word' id='word_1_389' title='bbox 2535 2645 2752 2698; x_wconf 90' lang='lat' dir='ltr'>astutia</span> <span class='ocrx_word' id='word_1_390' title='bbox 2771 2659 2974 2697; x_wconf 83' lang='lat' dir='ltr'>eorum</span> <span class='ocrx_word' id='word_1_391' title='bbox 2997 2642 3038 2708; x_wconf 78' lang='grc'>⁸,</span> <span class='ocrx_word' id='word_1_392' title='bbox 3075 2644 3315 2714; x_wconf 81' lang='lat' dir='ltr'>provide</span> <span class='ocrx_word' id='word_1_393' title='bbox 3348 2647 3550 2718; x_wconf 78' lang='lat' dir='ltr'>egerit,</span> <span class='ocrx_word' id='word_1_394' title='bbox 3584 2645 3742 2716; x_wconf 88' lang='lat' dir='ltr'>quod</span> 
     </span>
    </p>
   </div>
   <div class='ocr_carea' id='block_1_59' title="bbox 2094 2731 3740 2806">
    <p class='ocr_par' dir='ltr' id='par_1_59' title="bbox 2094 2731 3740 2806">
     <span class='ocr_line' id='line_1_59' title="bbox 2094 2731 3740 2806; baseline 0.002 -24"><span class='ocrx_word' id='word_1_395' title='bbox 2094 2731 2265 2802; x_wconf 87' lang='lat' dir='ltr'>ponit</span> <span class='ocrx_word' id='word_1_396' title='bbox 2309 2731 2622 2802; x_wconf 82' lang='lat' dir='ltr'>Gregorius</span> <span class='ocrx_word' id='word_1_397' title='bbox 2667 2731 2995 2803; x_wconf 78' lang='lat' dir='ltr'>Theologus</span> <span class='ocrx_word' id='word_1_398' title='bbox 3035 2733 3300 2787; x_wconf 88' lang='lat' dir='ltr'>oratione</span> <span class='ocrx_word' id='word_1_399' title='bbox 3347 2735 3406 2786; x_wconf 90' lang='lat' dir='ltr'>in</span> <span class='ocrx_word' id='word_1_400' title='bbox 3462 2749 3740 2806; x_wconf 76' lang='lat' dir='ltr'>magnum</span> 
     </span>
    </p>
   </div>
   <div class='ocr_carea' id='block_1_60' title="bbox 2095 2819 3740 2890">
    <p class='ocr_par' dir='ltr' id='par_1_60' title="bbox 2095 2819 3740 2890">
     <span class='ocr_line' id='line_1_60' title="bbox 2095 2819 3740 2890; baseline 0.002 -17"><span class='ocrx_word' id='word_1_401' title='bbox 2095 2819 2402 2886; x_wconf 87' lang='lat' dir='ltr'>Basilium,</span> <span class='ocrx_word' id='word_1_402' title='bbox 2435 2819 2534 2873; x_wconf 90' lang='lat' dir='ltr'>ubi</span> <span class='ocrx_word' id='word_1_403' title='bbox 2570 2835 2726 2882; x_wconf 88' lang='lat' dir='ltr'>eum,</span> <span class='ocrx_word' id='word_1_404' title='bbox 2761 2820 2940 2874; x_wconf 87' lang='lat' dir='ltr'>divini</span> <span class='ocrx_word' id='word_1_405' title='bbox 2973 2821 3212 2875; x_wconf 87' lang='lat' dir='ltr'>Davidis</span> <span class='ocrx_word' id='word_1_406' title='bbox 3261 2839 3432 2876; x_wconf 90' lang='lat' dir='ltr'>usum</span> <span class='ocrx_word' id='word_1_407' title='bbox 3468 2823 3740 2890; x_wconf 88' lang='lat' dir='ltr'>consilio,</span> 
     </span>
    </p>
   </div>
   <div class='ocr_carea' id='block_1_61' title="bbox 2096 2907 3740 2980">
    <p class='ocr_par' dir='ltr' id='par_1_61' title="bbox 2096 2907 3740 2980">
     <span class='ocr_line' id='line_1_61' title="bbox 2096 2907 3740 2980; baseline 0 -16"><span class='ocrx_word' id='word_1_408' title='bbox 2096 2925 2233 2964; x_wconf 86' lang='lat' dir='ltr'>suos</span> <span class='ocrx_word' id='word_1_409' title='bbox 2265 2909 2324 2962; x_wconf 92' lang='lat' dir='ltr'>in</span> <span class='ocrx_word' id='word_1_410' title='bbox 2350 2907 2578 2980; x_wconf 89' lang='lat' dir='ltr'>judicio</span> <span class='ocrx_word' id='word_1_411' title='bbox 2610 2907 2841 2963; x_wconf 88' lang='lat' dir='ltr'>inducit</span> <span class='ocrx_word' id='word_1_412' title='bbox 2870 2909 3312 2980; x_wconf 87' lang='lat' dir='ltr'>dispensantem</span> <span class='ocrx_word' id='word_1_413' title='bbox 3347 2925 3654 2966; x_wconf 86' lang='lat' dir='ltr'>sermones</span> <span class='ocrx_word' id='word_1_414' title='bbox 3685 2912 3740 2976; x_wconf 71' lang='lat'>9;</span> 
     </span>
    </p>
   </div>
   <div class='ocr_carea' id='block_1_62' title="bbox 2095 2997 3744 3072">
    <p class='ocr_par' dir='ltr' id='par_1_62' title="bbox 2095 2997 3744 3072">
     <span class='ocr_line' id='line_1_62' title="bbox 2095 2997 3744 3072; baseline 0.001 -19"><span class='ocrx_word' id='word_1_415' title='bbox 2095 3013 2160 3053; x_wconf 83' lang='lat' dir='ltr'>ac</span> <span class='ocrx_word' id='word_1_416' title='bbox 2193 2999 2492 3069; x_wconf 87' lang='lat' dir='ltr'>propriam</span> <span class='ocrx_word' id='word_1_417' title='bbox 2527 2997 2766 3068; x_wconf 87' lang='lat' dir='ltr'>quidem</span> <span class='ocrx_word' id='word_1_418' title='bbox 2799 3015 3019 3066; x_wconf 81' lang='lat' dir='ltr'>vocem,</span> <span class='ocrx_word' id='word_1_419' title='bbox 3057 2999 3214 3069; x_wconf 87' lang='lat' dir='ltr'>quod</span> <span class='ocrx_word' id='word_1_420' title='bbox 3257 3005 3482 3070; x_wconf 89' lang='lat' dir='ltr'>spectat</span> <span class='ocrx_word' id='word_1_421' title='bbox 3512 3001 3584 3056; x_wconf 87' lang='lat' dir='ltr'>ad</span> <span class='ocrx_word' id='word_1_422' title='bbox 3616 3001 3744 3072; x_wconf 84' lang='lat' dir='ltr'>Spi-</span> 
     </span>
    </p>
   </div>
   <div class='ocr_carea' id='block_1_63' title="bbox 2093 3087 3744 3158">
    <p class='ocr_par' dir='ltr' id='par_1_63' title="bbox 2093 3087 3744 3158">
     <span class='ocr_line' id='line_1_63' title="bbox 2093 3087 3744 3158; baseline 0.002 -18"><span class='ocrx_word' id='word_1_423' title='bbox 2093 3087 2272 3141; x_wconf 86' lang='lat' dir='ltr'>ritum</span> <span class='ocrx_word' id='word_1_424' title='bbox 2309 3093 2598 3144; x_wconf 84' lang='lat' dir='ltr'>sanctum.</span> <span class='ocrx_word' id='word_1_425' title='bbox 2638 3087 2874 3141; x_wconf 89' lang='lat' dir='ltr'>silentio</span> <span class='ocrx_word' id='word_1_426' title='bbox 2909 3087 3216 3158; x_wconf 86' lang='lat' dir='ltr'>pressisse,</span> <span class='ocrx_word' id='word_1_427' title='bbox 3253 3089 3386 3142; x_wconf 82' lang='lat' dir='ltr'>aliis</span> <span class='ocrx_word' id='word_1_428' title='bbox 3417 3106 3552 3143; x_wconf 88' lang='lat' dir='ltr'>vero</span> <span class='ocrx_word' id='word_1_429' title='bbox 3587 3089 3744 3144; x_wconf 89' lang='lat' dir='ltr'>idem</span> 
     </span>
    </p>
   </div>
   <div class='ocr_carea' id='block_1_64' title="bbox 2095 3175 3749 3246">
    <p class='ocr_par' dir='ltr' id='par_1_64' title="bbox 2095 3175 3749 3246">
     <span class='ocr_line' id='line_1_64' title="bbox 2095 3175 3749 3246; baseline 0.002 -18"><span class='ocrx_word' id='word_1_430' title='bbox 2095 3175 2427 3230; x_wconf 88' lang='lat' dir='ltr'>valentibus</span> <span class='ocrx_word' id='word_1_431' title='bbox 2451 3176 2608 3246; x_wconf 90' lang='lat' dir='ltr'>piam</span> <span class='ocrx_word' id='word_1_432' title='bbox 2637 3175 2771 3230; x_wconf 82' lang='lat' dir='ltr'>ﬁdei</span> <span class='ocrx_word' id='word_1_433' title='bbox 2801 3177 3282 3246; x_wconf 66' lang='lat' dir='ltr'>prmdicationcm</span> <span class='ocrx_word' id='word_1_434' title='bbox 3311 3179 3570 3232; x_wconf 84' lang='lat' dir='ltr'>ﬁrmare:</span> <span class='ocrx_word' id='word_1_435' title='bbox 3597 3183 3749 3232; x_wconf 90' lang='lat' dir='ltr'>tam—</span> 
     </span>
    </p>
   </div>
   <div class='ocr_carea' id='block_1_65' title="bbox 303 3239 1984 3344">
    <p class='ocr_par' dir='ltr' id='par_1_65' title="bbox 303 3264 1974 3344">
     <span class='ocr_line' id='line_1_65' title="bbox 303 3264 1974 3344; baseline -0.002 -22"><span class='ocrx_word' id='word_1_436' title='bbox 303 3287 488 3328; x_wconf 82' lang='grc' dir='ltr'>στεως</span> <span class='ocrx_word' id='word_1_437' title='bbox 529 3269 806 3343; x_wconf 71' lang='grc' dir='ltr'>κήρυγμαο</span> <span class='ocrx_word' id='word_1_438' title='bbox 867 3266 1043 3322; x_wconf 85' lang='grc' dir='ltr'>καίτοι</span> <span class='ocrx_word' id='word_1_439' title='bbox 1101 3267 1163 3322; x_wconf 82' lang='grc' dir='ltr'>τὸ</span> <span class='ocrx_word' id='word_1_440' title='bbox 1223 3264 1481 3344; x_wconf 76' lang='grc' dir='ltr'>διάφορον</span> <span class='ocrx_word' id='word_1_441' title='bbox 1542 3267 1668 3321; x_wconf 82' lang='grc' dir='ltr'>ὅσον</span> <span class='ocrx_word' id='word_1_442' title='bbox 1721 3265 1974 3339; x_wconf 73' lang='grc' dir='ltr'>ἑκατέρας</span> 
     </span>
    </p>
   </div>
   <div class='ocr_carea' id='block_1_66' title="bbox 2101 3239 3750 3344">
    <p class='ocr_par' dir='ltr' id='par_1_66' title="bbox 2101 3266 3750 3336">
     <span class='ocr_line' id='line_1_66' title="bbox 2101 3266 3750 3336; baseline 0.001 -15"><span class='ocrx_word' id='word_1_443' title='bbox 2101 3267 2193 3321; x_wconf 69' lang='lat' dir='ltr'>etsi</span> <span class='ocrx_word' id='word_1_444' title='bbox 2227 3266 2532 3320; x_wconf 89' lang='lat' dir='ltr'>neminem</span> <span class='ocrx_word' id='word_1_445' title='bbox 2565 3267 2798 3320; x_wconf 85' lang='lat' dir='ltr'>nescire</span> <span class='ocrx_word' id='word_1_446' title='bbox 2829 3271 2992 3336; x_wconf 89' lang='lat' dir='ltr'>puto.</span> <span class='ocrx_word' id='word_1_447' title='bbox 3029 3273 3318 3336; x_wconf 86' lang='lat' dir='ltr'>quantum</span> <span class='ocrx_word' id='word_1_448' title='bbox 3347 3268 3501 3321; x_wconf 90' lang='lat' dir='ltr'>inter</span> <span class='ocrx_word' id='word_1_449' title='bbox 3523 3273 3750 3322; x_wconf 88' lang='lat' dir='ltr'>utrum-</span> 
     </span>
    </p>
   </div>
   <div class='ocr_carea' id='block_1_67' title="bbox 305 3355 1966 3430">
    <p class='ocr_par' dir='ltr' id='par_1_67' title="bbox 305 3355 1966 3430">
     <span class='ocr_line' id='line_1_67' title="bbox 305 3355 1966 3430; baseline 0.001 -22"><span class='ocrx_word' id='word_1_450' title='bbox 305 3355 648 3424; x_wconf 74' lang='grc' dir='ltr'>ὑποθέσεως,</span> <span class='ocrx_word' id='word_1_451' title='bbox 697 3359 797 3421; x_wconf 77' lang='grc' dir='ltr'>τῆς</span> <span class='ocrx_word' id='word_1_452' title='bbox 852 3377 911 3410; x_wconf 91' lang='grc' dir='ltr'>τε</span> <span class='ocrx_word' id='word_1_453' title='bbox 967 3357 1088 3430; x_wconf 76' lang='grc' dir='ltr'>περῖ</span> <span class='ocrx_word' id='word_1_454' title='bbox 1151 3356 1323 3425; x_wconf 69' lang='grc' dir='ltr'>αὐτὴν</span> <span class='ocrx_word' id='word_1_455' title='bbox 1386 3377 1531 3428; x_wconf 77' lang='grc' dir='ltr'>φημι</span> <span class='ocrx_word' id='word_1_456' title='bbox 1588 3357 1688 3424; x_wconf 81' lang='grc' dir='ltr'>τήν</span> <span class='ocrx_word' id='word_1_457' title='bbox 1717 3362 1818 3424; x_wconf 82' lang='grc' dir='ltr'>τῆς</span> <span class='ocrx_word' id='word_1_458' title='bbox 1851 3355 1966 3418; x_wconf 87' lang='grc' dir='ltr'>θεό-</span> 
     </span>
    </p>
   </div>
   <div class='ocr_carea' id='block_1_68' title="bbox 298 3443 1973 3520">
    <p class='ocr_par' dir='ltr' id='par_1_68' title="bbox 298 3443 1973 3520">
     <span class='ocr_line' id='line_1_68' title="bbox 298 3443 1973 3520; baseline 0 -22"><span class='ocrx_word' id='word_1_459' title='bbox 298 3465 481 3515; x_wconf 79' lang='grc' dir='ltr'>τητος</span> <span class='ocrx_word' id='word_1_460' title='bbox 535 3445 716 3498; x_wconf 81' lang='grc' dir='ltr'>πίστιν</span> <span class='ocrx_word' id='word_1_461' title='bbox 761 3466 820 3498; x_wconf 88' lang='grc' dir='ltr'>τε</span> <span class='ocrx_word' id='word_1_462' title='bbox 875 3445 969 3499; x_wconf 79' lang='grc' dir='ltr'>καὶ</span> <span class='ocrx_word' id='word_1_463' title='bbox 1027 3443 1352 3520; x_wconf 73' lang='grc' dir='ltr'>ὁμολογίαν,</span> <span class='ocrx_word' id='word_1_464' title='bbox 1415 3446 1501 3499; x_wconf 76' lang='grc' dir='ltr'>καὶ</span> <span class='ocrx_word' id='word_1_465' title='bbox 1563 3447 1670 3499; x_wconf 85' lang='grc' dir='ltr'>τῶν</span> <span class='ocrx_word' id='word_1_466' title='bbox 1703 3446 1827 3520; x_wconf 79' lang='grc' dir='ltr'>περὶ</span> <span class='ocrx_word' id='word_1_467' title='bbox 1873 3451 1973 3514; x_wconf 77' lang='grc' dir='ltr'>τῆς</span> 
     </span>
    </p>
   </div>
   <div class='ocr_carea' id='block_1_69' title="bbox 302 3532 1984 3608">
    <p class='ocr_par' dir='ltr' id='par_1_69' title="bbox 302 3532 1984 3608">
     <span class='ocr_line' id='line_1_69' title="bbox 302 3532 1984 3608; baseline -0.001 -21"><span class='ocrx_word' id='word_1_468' title='bbox 302 3532 462 3594; x_wconf 75' lang='grc' dir='ltr'>θείας</span> <span class='ocrx_word' id='word_1_469' title='bbox 521 3532 866 3607; x_wconf 71' lang='grc' dir='ltr'>σαρκώσεως,</span> <span class='ocrx_word' id='word_1_470' title='bbox 927 3534 1001 3595; x_wconf 80' lang='grc' dir='ltr'>ὡς</span> <span class='ocrx_word' id='word_1_471' title='bbox 1055 3535 1082 3587; x_wconf 81' lang='grc' dir='ltr'>ό</span> <span class='ocrx_word' id='word_1_472' title='bbox 1130 3533 1292 3596; x_wconf 79' lang='grc' dir='ltr'>αὐτὸς</span> <span class='ocrx_word' id='word_1_473' title='bbox 1353 3533 1406 3589; x_wconf 82' lang='grc' dir='ltr'>ἐν</span> <span class='ocrx_word' id='word_1_474' title='bbox 1459 3533 1636 3608; x_wconf 73' lang='grc' dir='ltr'>ἁγίοις</span> <span class='ocrx_word' id='word_1_475' title='bbox 1699 3533 1984 3607; x_wconf 83' lang='grc' dir='ltr'>Θεολόγος</span> 
     </span>
    </p>
   </div>
   <div class='ocr_carea' id='block_1_70' title="bbox 311 3620 1982 3698">
    <p class='ocr_par' dir='ltr' id='par_1_70' title="bbox 311 3620 1982 3698">
     <span class='ocr_line' id='line_1_70' title="bbox 311 3620 1982 3698; baseline -0.001 -21"><span class='ocrx_word' id='word_1_476' title='bbox 311 3620 656 3696; x_wconf 77' lang='grc' dir='ltr'>Γρηγόριος,</span> <span class='ocrx_word' id='word_1_477' title='bbox 719 3621 1156 3696; x_wconf 73' lang='grc' dir='ltr'>φροντισμάτων,</span> <span class='ocrx_word' id='word_1_478' title='bbox 1215 3621 1316 3677; x_wconf 75' lang='grc' dir='ltr'>ὅσα</span> <span class='ocrx_word' id='word_1_479' title='bbox 1357 3625 1391 3692; x_wconf 79' lang='grc' dir='ltr'>ἠ</span> <span class='ocrx_word' id='word_1_480' title='bbox 1426 3621 1775 3698; x_wconf 79' lang='grc' dir='ltr'>λεπτομερὴς</span> <span class='ocrx_word' id='word_1_481' title='bbox 1823 3623 1982 3698; x_wconf 71' lang='grc' dir='ltr'>ἀναγ-</span> 
     </span>
    </p>
   </div>
   <div class='ocr_carea' id='block_1_71' title="bbox 308 3708 1990 3786">
    <p class='ocr_par' dir='ltr' id='par_1_71' title="bbox 308 3708 1990 3786">
     <span class='ocr_line' id='line_1_71' title="bbox 308 3708 1990 3786; baseline -0.001 -20"><span class='ocrx_word' id='word_1_482' title='bbox 308 3708 491 3771; x_wconf 82' lang='grc' dir='ltr'>καίως</span> <span class='ocrx_word' id='word_1_483' title='bbox 541 3709 790 3782; x_wconf 79' lang='grc' dir='ltr'>ἐπιζητεῖ</span> <span class='ocrx_word' id='word_1_484' title='bbox 840 3711 1046 3785; x_wconf 77' lang='grc' dir='ltr'>θεωρία</span> <span class='ocrx_word' id='word_1_485' title='bbox 1101 3711 1241 3786; x_wconf 80' lang='grc' dir='ltr'>πρὸς</span> <span class='ocrx_word' id='word_1_486' title='bbox 1291 3708 1507 3782; x_wconf 77' lang='grc' dir='ltr'>ἔνδειξιν</span> <span class='ocrx_word' id='word_1_487' title='bbox 1565 3718 1666 3779; x_wconf 78' lang='grc' dir='ltr'>τῆς</span> <span class='ocrx_word' id='word_1_488' title='bbox 1707 3713 1822 3766; x_wconf 78' lang='grc' dir='ltr'>καθ’</span> <span class='ocrx_word' id='word_1_489' title='bbox 1873 3711 1990 3765; x_wconf 81' lang='grc' dir='ltr'>ἐκα-</span> 
     </span>
    </p>
   </div>
   <div class='ocr_carea' id='block_1_72' title="bbox 315 3796 1982 3878">
    <p class='ocr_par' dir='ltr' id='par_1_72' title="bbox 315 3796 1982 3878">
     <span class='ocr_line' id='line_1_72' title="bbox 315 3796 1982 3878; baseline -0.001 -24"><span class='ocrx_word' id='word_1_490' title='bbox 315 3800 482 3876; x_wconf 80' lang='grc' dir='ltr'>τὲραν</span> <span class='ocrx_word' id='word_1_491' title='bbox 531 3801 688 3878; x_wconf 72' lang='grc' dir='ltr'>φύσιν</span> <span class='ocrx_word' id='word_1_492' title='bbox 747 3799 1119 3870; x_wconf 80' lang='grc' dir='ltr'>τελειότητος,</span> <span class='ocrx_word' id='word_1_493' title='bbox 1171 3796 1392 3854; x_wconf 75' lang='grc' dir='ltr'>οὖδέναν</span> <span class='ocrx_word' id='word_1_494' title='bbox 1446 3799 1504 3854; x_wconf 72' lang='grc' dir='ltr'>ἃν</span> <span class='ocrx_word' id='word_1_495' title='bbox 1557 3801 1689 3872; x_wconf 71' lang='grc' dir='ltr'>οἶμα</span> <span class='ocrx_word' id='word_1_496' title='bbox 1747 3801 1982 3876; x_wconf 82' lang='grc' dir='ltr'>ἀγνοεῖν,</span> 
     </span>
    </p>
   </div>
   <div class='ocr_carea' id='block_1_73' title="bbox 321 3887 1985 3968">
    <p class='ocr_par' dir='ltr' id='par_1_73' title="bbox 321 3887 1985 3968">
     <span class='ocr_line' id='line_1_73' title="bbox 321 3887 1985 3968; baseline -0.003 -21"><span class='ocrx_word' id='word_1_497' title='bbox 321 3888 453 3965; x_wconf 70' lang='grc' dir='ltr'>Οὐχ</span> <span class='ocrx_word' id='word_1_498' title='bbox 485 3893 560 3963; x_wconf 87' lang='lat' dir='ltr'>(d)</span> <span class='ocrx_word' id='word_1_499' title='bbox 591 3891 667 3954; x_wconf 83' lang='grc' dir='ltr'>ὡς</span> <span class='ocrx_word' id='word_1_500' title='bbox 697 3895 804 3946; x_wconf 87' lang='grc' dir='ltr'>τῶν</span> <span class='ocrx_word' id='word_1_501' title='bbox 865 3890 989 3962; x_wconf 84' lang='grc' dir='ltr'>περὶ</span> <span class='ocrx_word' id='word_1_502' title='bbox 1047 3897 1148 3960; x_wconf 86' lang='grc' dir='ltr'>τῆς</span> <span class='ocrx_word' id='word_1_503' title='bbox 1209 3889 1354 3954; x_wconf 83' lang='grc' dir='ltr'>θείας</span> <span class='ocrx_word' id='word_1_504' title='bbox 1387 3888 1620 3968; x_wconf 76' lang='grc' dir='ltr'>φύσεως,</span> <span class='ocrx_word' id='word_1_505' title='bbox 1661 3887 1832 3966; x_wconf 76' lang='grc' dir='ltr'>ἤγουν</span> <span class='ocrx_word' id='word_1_506' title='bbox 1883 3897 1985 3960; x_wconf 82' lang='grc' dir='ltr'>τῆς</span> 
     </span>
    </p>
   </div>
   <div class='ocr_carea' id='block_1_74' title="bbox 327 3977 1982 4056">
    <p class='ocr_par' dir='ltr' id='par_1_74' title="bbox 327 3977 1982 4056">
     <span class='ocr_line' id='line_1_74' title="bbox 327 3977 1982 4056; baseline 0 -24"><span class='ocrx_word' id='word_1_507' title='bbox 327 3983 607 4050; x_wconf 85' lang='grc' dir='ltr'>ζωοποιοῦ</span> <span class='ocrx_word' id='word_1_508' title='bbox 656 3977 896 4056; x_wconf 76' lang='grc' dir='ltr'>Τριάδος</span> <span class='ocrx_word' id='word_1_509' title='bbox 927 3977 1106 4053; x_wconf 89' lang='grc' dir='ltr'>λόγων</span> <span class='ocrx_word' id='word_1_510' title='bbox 1163 3999 1222 4032; x_wconf 87' lang='grc' dir='ltr'>τε</span> <span class='ocrx_word' id='word_1_511' title='bbox 1261 3979 1352 4032; x_wconf 80' lang='grc' dir='ltr'>καὶ</span> <span class='ocrx_word' id='word_1_512' title='bbox 1406 3979 1720 4054; x_wconf 66' lang='grc' dir='ltr'>δογμάτων,</span> <span class='ocrx_word' id='word_1_513' title='bbox 1767 3979 1982 4052; x_wconf 74' lang='grc' dir='ltr'>μᾶλλον</span> 
     </span>
    </p>
   </div>
   <div class='ocr_carea' id='block_1_75' title="bbox 321 4066 1985 4144">
    <p class='ocr_par' dir='ltr' id='par_1_75' title="bbox 321 4066 1985 4144">
     <span class='ocr_line' id='line_1_75' title="bbox 321 4066 1985 4144; baseline -0.001 -20"><span class='ocrx_word' id='word_1_514' title='bbox 321 4071 389 4124; x_wconf 86' lang='grc' dir='ltr'>τὸ</span> <span class='ocrx_word' id='word_1_515' title='bbox 453 4068 869 4144; x_wconf 66' lang='grc' dir='ltr'>προηγούμενον</span> <span class='ocrx_word' id='word_1_516' title='bbox 927 4067 1168 4144; x_wconf 78' lang='grc' dir='ltr'>ἑχόντων</span> <span class='ocrx_word' id='word_1_517' title='bbox 1201 4113 1216 4139; x_wconf 87' lang='grc'>,</span> <span class='ocrx_word' id='word_1_518' title='bbox 1278 4066 1709 4143; x_wconf 78' lang='grc' dir='ltr'>ὑπερανεστηκός</span> <span class='ocrx_word' id='word_1_519' title='bbox 1779 4087 1838 4122; x_wconf 83' lang='grc' dir='ltr'>τε</span> <span class='ocrx_word' id='word_1_520' title='bbox 1894 4068 1985 4122; x_wconf 81' lang='grc' dir='ltr'>καὶ</span> 
     </span>
    </p>
   </div>
   <div class='ocr_carea' id='block_1_76' title="bbox 323 4158 748 4234">
    <p class='ocr_par' dir='ltr' id='par_1_76' title="bbox 323 4158 748 4234">
     <span class='ocr_line' id='line_1_76' title="bbox 323 4158 748 4234; baseline 0 -21"><span class='ocrx_word' id='word_1_521' title='bbox 323 4158 748 4234; x_wconf 82' lang='grc' dir='ltr'>προτιμότερον.</span> 
     </span>
    </p>
   </div>
   <div class='ocr_carea' id='block_1_77' title="bbox 399 4245 1986 4324">
    <p class='ocr_par' dir='ltr' id='par_1_77' title="bbox 399 4245 1986 4324">
     <span class='ocr_line' id='line_1_77' title="bbox 399 4245 1986 4324; baseline -0.001 -20"><span class='ocrx_word' id='word_1_522' title='bbox 399 4246 557 4304; x_wconf 65' lang='grc' dir='ltr'>Οὕτω</span> <span class='ocrx_word' id='word_1_523' title='bbox 615 4248 716 4324; x_wconf 64' lang='grc' dir='ltr'>γὰρ</span> <span class='ocrx_word' id='word_1_524' title='bbox 769 4247 860 4302; x_wconf 80' lang='grc' dir='ltr'>καὶ</span> <span class='ocrx_word' id='word_1_525' title='bbox 908 4246 974 4302; x_wconf 76' lang='grc' dir='ltr'>τὰ</span> <span class='ocrx_word' id='word_1_526' title='bbox 1029 4247 1147 4301; x_wconf 81' lang='grc' dir='ltr'>κατ’</span> <span class='ocrx_word' id='word_1_527' title='bbox 1207 4245 1566 4319; x_wconf 81' lang='grc' dir='ltr'>Εὖνομιανῶν</span> <span class='ocrx_word' id='word_1_528' title='bbox 1613 4247 1730 4322; x_wconf 80' lang='grc' dir='ltr'>περὶ</span> <span class='ocrx_word' id='word_1_529' title='bbox 1794 4245 1986 4302; x_wconf 84' lang='grc' dir='ltr'>θεολο-</span> 
     </span>
    </p>
   </div>
   <div class='ocr_carea' id='block_1_78' title="bbox 323 4331 1985 4412">
    <p class='ocr_par' dir='ltr' id='par_1_78' title="bbox 323 4331 1985 4412">
     <span class='ocr_line' id='line_1_78' title="bbox 323 4331 1985 4412; baseline 0.001 -24"><span class='ocrx_word' id='word_1_530' title='bbox 323 4334 449 4409; x_wconf 84' lang='grc' dir='ltr'>γίας</span> <span class='ocrx_word' id='word_1_531' title='bbox 485 4334 636 4412; x_wconf 89' lang='grc' dir='ltr'>λόγῳ</span> <span class='ocrx_word' id='word_1_532' title='bbox 669 4336 931 4410; x_wconf 79' lang='grc' dir='ltr'>εἰρημένα</span> <span class='ocrx_word' id='word_1_533' title='bbox 971 4339 1053 4408; x_wconf 81' lang='grc' dir='ltr'>τῷ</span> <span class='ocrx_word' id='word_1_534' title='bbox 1083 4333 1230 4407; x_wconf 83' lang='grc' dir='ltr'>αὐτῷ</span> <span class='ocrx_word' id='word_1_535' title='bbox 1289 4339 1438 4411; x_wconf 79' lang='grc' dir='ltr'>σοφῴ</span> <span class='ocrx_word' id='word_1_536' title='bbox 1487 4333 1742 4411; x_wconf 87' lang='grc' dir='ltr'>Θεολόγῳ</span> <span class='ocrx_word' id='word_1_537' title='bbox 1773 4331 1985 4406; x_wconf 78' lang='grc' dir='ltr'>ἐκδεξό-</span> 
     </span>
    </p>
   </div>
   <div class='ocr_carea' id='block_1_79' title="bbox 329 4421 1983 4502">
    <p class='ocr_par' dir='ltr' id='par_1_79' title="bbox 329 4421 1983 4502">
     <span class='ocr_line' id='line_1_79' title="bbox 329 4421 1983 4502; baseline -0.001 -24"><span class='ocrx_word' id='word_1_538' title='bbox 329 4425 516 4495; x_wconf 85' lang='grc' dir='ltr'>μεθα,</span> <span class='ocrx_word' id='word_1_539' title='bbox 573 4425 624 4478; x_wconf 83' lang='grc' dir='ltr'>έν</span> <span class='ocrx_word' id='word_1_540' title='bbox 683 4426 762 4487; x_wconf 66' lang='grc' dir='ltr'>οἷς</span> <span class='ocrx_word' id='word_1_541' title='bbox 820 4421 1003 4480; x_wconf 72' lang='grc' dir='ltr'>τοιάδε</span> <span class='ocrx_word' id='word_1_542' title='bbox 1055 4424 1210 4501; x_wconf 80' lang='grc' dir='ltr'>φησί·</span> <span class='ocrx_word' id='word_1_543' title='bbox 1277 4421 1642 4499; x_wconf 80' lang='grc' dir='ltr'>«Φιλοσόφει</span> <span class='ocrx_word' id='word_1_544' title='bbox 1705 4446 1798 4497; x_wconf 85' lang='grc' dir='ltr'>μοι</span> <span class='ocrx_word' id='word_1_545' title='bbox 1857 4427 1983 4502; x_wconf 86' lang='grc' dir='ltr'>περὶ</span> 
     </span>
    </p>
   </div>
   <div class='ocr_carea' id='block_1_80' title="bbox 321 4511 1980 4591">
    <p class='ocr_par' dir='ltr' id='par_1_80' title="bbox 321 4511 1980 4591">
     <span class='ocr_line' id='line_1_80' title="bbox 321 4511 1980 4591; baseline 0.001 -24"><span class='ocrx_word' id='word_1_546' title='bbox 321 4512 560 4586; x_wconf 84' lang='grc' dir='ltr'>κόσμου,</span> <span class='ocrx_word' id='word_1_547' title='bbox 592 4513 716 4589; x_wconf 86' lang='grc' dir='ltr'>περὶ</span> <span class='ocrx_word' id='word_1_548' title='bbox 749 4511 910 4584; x_wconf 74' lang='grc' dir='ltr'>ὕλης,</span> <span class='ocrx_word' id='word_1_549' title='bbox 973 4511 1095 4586; x_wconf 82' lang='grc' dir='ltr'>περὶ</span> <span class='ocrx_word' id='word_1_550' title='bbox 1156 4515 1366 4587; x_wconf 81' lang='grc' dir='ltr'>ψυχῆς,</span> <span class='ocrx_word' id='word_1_551' title='bbox 1427 4513 1549 4588; x_wconf 83' lang='grc' dir='ltr'>περῖ</span> <span class='ocrx_word' id='word_1_552' title='bbox 1610 4512 1848 4589; x_wconf 81' lang='grc' dir='ltr'>λογικῶν</span> <span class='ocrx_word' id='word_1_553' title='bbox 1881 4513 1980 4591; x_wconf 76' lang='grc' dir='ltr'>φό-</span> 
     </span>
    </p>
   </div>
   <div class='ocr_carea' id='block_1_81' title="bbox 324 4601 1978 4680">
    <p class='ocr_par' dir='ltr' id='par_1_81' title="bbox 324 4601 1978 4680">
     <span class='ocr_line' id='line_1_81' title="bbox 324 4601 1978 4680; baseline 0.001 -22"><span class='ocrx_word' id='word_1_554' title='bbox 324 4623 461 4658; x_wconf 85' lang='grc' dir='ltr'>σεων</span> <span class='ocrx_word' id='word_1_555' title='bbox 514 4601 809 4680; x_wconf 82' lang='grc' dir='ltr'>βελτιόνων</span> <span class='ocrx_word' id='word_1_556' title='bbox 857 4625 914 4660; x_wconf 76' lang='grc' dir='ltr'>τε</span> <span class='ocrx_word' id='word_1_557' title='bbox 962 4602 1051 4659; x_wconf 83' lang='grc' dir='ltr'>καὶ</span> <span class='ocrx_word' id='word_1_558' title='bbox 1110 4601 1401 4680; x_wconf 83' lang='grc' dir='ltr'>χειρόνων,</span> <span class='ocrx_word' id='word_1_559' title='bbox 1445 4603 1566 4678; x_wconf 85' lang='grc' dir='ltr'>περὲ</span> <span class='ocrx_word' id='word_1_560' title='bbox 1616 4603 1978 4677; x_wconf 80' lang='grc' dir='ltr'>ἀναστάσεως,</span> 
     </span>
    </p>
   </div>
   <div class='ocr_carea' id='block_1_82' title="bbox 445 4749 1248 4820">
    <p class='ocr_par' dir='ltr' id='par_1_82' title="bbox 445 4749 1248 4820">
     <span class='ocr_line' id='line_1_82' title="bbox 445 4749 1248 4820; baseline 0 -14"><span class='ocrx_word' id='word_1_561' title='bbox 445 4749 574 4808; x_wconf 80' lang='lat' dir='ltr'>Job.</span> <span class='ocrx_word' id='word_1_562' title='bbox 606 4767 661 4816; x_wconf 76' lang='grc' dir='ltr'>ν,</span> <span class='ocrx_word' id='word_1_563' title='bbox 685 4751 750 4806; x_wconf 76' lang='lat' dir='ltr'>l3</span> <span class='ocrx_word' id='word_1_564' title='bbox 786 4767 800 4816; x_wconf 84' lang='lat'><strong>;</strong></span> <span class='ocrx_word' id='word_1_565' title='bbox 833 4751 1013 4806; x_wconf 84' lang='lat' dir='ltr'>ICor.</span> <span class='ocrx_word' id='word_1_566' title='bbox 1047 4749 1248 4820; x_wconf 70' lang='lat'>111,19.</span> 
     </span>
    </p>
   </div>
   <div class='ocr_carea' id='block_1_83' title="bbox 2086 3356 3746 3428">
    <p class='ocr_par' dir='ltr' id='par_1_83' title="bbox 2086 3356 3746 3428">
     <span class='ocr_line' id='line_1_83' title="bbox 2086 3356 3746 3428; baseline 0.001 -18"><span class='ocrx_word' id='word_1_567' title='bbox 2086 3373 2200 3428; x_wconf 89' lang='lat' dir='ltr'>que</span> <span class='ocrx_word' id='word_1_568' title='bbox 2241 3361 2654 3428; x_wconf 74' lang='lat' dir='ltr'>argumentum</span> <span class='ocrx_word' id='word_1_569' title='bbox 2708 3356 2966 3423; x_wconf 80' lang='lat' dir='ltr'>referat;</span> <span class='ocrx_word' id='word_1_570' title='bbox 3027 3356 3201 3423; x_wconf 88' lang='lat' dir='ltr'>inter,</span> <span class='ocrx_word' id='word_1_571' title='bbox 3258 3357 3520 3427; x_wconf 87' lang='lat' dir='ltr'>inquam,</span> <span class='ocrx_word' id='word_1_572' title='bbox 3555 3358 3746 3428; x_wconf 89' lang='lat' dir='ltr'>ipsam</span> 
     </span>
    </p>
   </div>
   <div class='ocr_carea' id='block_1_84' title="bbox 2086 3444 3746 3516">
    <p class='ocr_par' dir='ltr' id='par_1_84' title="bbox 2086 3444 3746 3516">
     <span class='ocr_line' id='line_1_84' title="bbox 2086 3444 3746 3516; baseline 0 -16"><span class='ocrx_word' id='word_1_573' title='bbox 2086 3446 2323 3500; x_wconf 87' lang='lat' dir='ltr'>deitatis</span> <span class='ocrx_word' id='word_1_574' title='bbox 2359 3444 2538 3499; x_wconf 82' lang='lat' dir='ltr'>fidem</span> <span class='ocrx_word' id='word_1_575' title='bbox 2573 3461 2638 3498; x_wconf 85' lang='lat' dir='ltr'>ac</span> <span class='ocrx_word' id='word_1_576' title='bbox 2671 3445 3134 3506; x_wconf 72' lang='lat' dir='ltr'>confeSsionem,</span> <span class='ocrx_word' id='word_1_577' title='bbox 3169 3452 3645 3516; x_wconf 82' lang='lat' dir='ltr'>commentaque,</span> <span class='ocrx_word' id='word_1_578' title='bbox 3679 3463 3746 3500; x_wconf 85' lang='lat' dir='ltr'>ac</span> 
     </span>
    </p>
   </div>
   <div class='ocr_carea' id='block_1_85' title="bbox 2099 3533 3748 3606">
    <p class='ocr_par' dir='ltr' id='par_1_85' title="bbox 2099 3533 3748 3606">
     <span class='ocr_line' id='line_1_85' title="bbox 2099 3533 3748 3606; baseline -0.001 -17"><span class='ocrx_word' id='word_1_579' title='bbox 2099 3535 2348 3589; x_wconf 80' lang='lat' dir='ltr'>subtiles</span> <span class='ocrx_word' id='word_1_580' title='bbox 2378 3535 2763 3606; x_wconf 71' lang='lat' dir='ltr'>cogitationes</span> <span class='ocrx_word' id='word_1_581' title='bbox 2791 3535 2862 3586; x_wconf 73' lang='lat' dir='ltr'>de</span> <span class='ocrx_word' id='word_1_582' title='bbox 2886 3533 3082 3588; x_wconf 83' lang='lat' dir='ltr'>divina</span> <span class='ocrx_word' id='word_1_583' title='bbox 3107 3535 3748 3605; x_wconf 82' lang='lat' dir='ltr'>incarnatione,quem-</span> 
     </span>
    </p>
   </div>
   <div class='ocr_carea' id='block_1_86' title="bbox 2097 3623 3744 3696">
    <p class='ocr_par' dir='ltr' id='par_1_86' title="bbox 2097 3623 3744 3696">
     <span class='ocr_line' id='line_1_86' title="bbox 2097 3623 3744 3696; baseline 0.001 -19"><span class='ocrx_word' id='word_1_584' title='bbox 2097 3624 2417 3678; x_wconf 84' lang='lat' dir='ltr'>admodum</span> <span class='ocrx_word' id='word_1_585' title='bbox 2451 3625 2533 3676; x_wconf 89' lang='lat' dir='ltr'>ait</span> <span class='ocrx_word' id='word_1_586' title='bbox 2577 3623 2730 3677; x_wconf 82' lang='lat' dir='ltr'>idem</span> <span class='ocrx_word' id='word_1_587' title='bbox 2787 3629 3025 3676; x_wconf 83' lang='lat' dir='ltr'>sanctus</span> <span class='ocrx_word' id='word_1_588' title='bbox 3059 3625 3368 3694; x_wconf 69' lang='lat' dir='ltr'>Gregorius</span> <span class='ocrx_word' id='word_1_589' title='bbox 3397 3624 3744 3696; x_wconf 76' lang='lat' dir='ltr'>Theologus,</span> 
     </span>
    </p>
   </div>
   <div class='ocr_carea' id='block_1_87' title="bbox 2099 3711 3742 3784">
    <p class='ocr_par' dir='ltr' id='par_1_87' title="bbox 2099 3711 3742 3784">
     <span class='ocr_line' id='line_1_87' title="bbox 2099 3711 3742 3784; baseline 0 -18"><span class='ocrx_word' id='word_1_590' title='bbox 2099 3719 2388 3784; x_wconf 85' lang='lat' dir='ltr'>quotquot</span> <span class='ocrx_word' id='word_1_591' title='bbox 2449 3712 2684 3766; x_wconf 86' lang='lat' dir='ltr'>subtilis</span> <span class='ocrx_word' id='word_1_592' title='bbox 2743 3711 3187 3781; x_wconf 82' lang='lat' dir='ltr'>contemplatio,</span> <span class='ocrx_word' id='word_1_593' title='bbox 3248 3713 3320 3766; x_wconf 89' lang='lat' dir='ltr'>ad</span> <span class='ocrx_word' id='word_1_594' title='bbox 3377 3713 3742 3783; x_wconf 87' lang='lat' dir='ltr'>probandam</span> 
     </span>
    </p>
   </div>
   <div class='ocr_carea' id='block_1_88' title="bbox 2097 3801 3750 3872">
    <p class='ocr_par' dir='ltr' id='par_1_88' title="bbox 2097 3801 3750 3872">
     <span class='ocr_line' id='line_1_88' title="bbox 2097 3801 3750 3872; baseline 0 -16"><span class='ocrx_word' id='word_1_595' title='bbox 2097 3803 2407 3871; x_wconf 89' lang='lat' dir='ltr'>utriusque</span> <span class='ocrx_word' id='word_1_596' title='bbox 2440 3807 2667 3855; x_wconf 65' lang='lat' dir='ltr'>natura)</span> <span class='ocrx_word' id='word_1_597' title='bbox 2699 3801 3140 3872; x_wconf 85' lang='lat' dir='ltr'>perfectionem.</span> <span class='ocrx_word' id='word_1_598' title='bbox 3169 3802 3522 3856; x_wconf 84' lang='lat' dir='ltr'>necessitate</span> <span class='ocrx_word' id='word_1_599' title='bbox 3555 3803 3750 3872; x_wconf 83' lang='lat' dir='ltr'>requi-</span> 
     </span>
    </p>
   </div>
   <div class='ocr_carea' id='block_1_89' title="bbox 2093 3890 3750 3962">
    <p class='ocr_par' dir='ltr' id='par_1_89' title="bbox 2093 3890 3750 3962">
     <span class='ocr_line' id='line_1_89' title="bbox 2093 3890 3750 3962; baseline -0.001 -17"><span class='ocrx_word' id='word_1_600' title='bbox 2093 3891 2174 3945; x_wconf 92' lang='lat' dir='ltr'>rit</span> <span class='ocrx_word' id='word_1_601' title='bbox 2224 3891 2450 3962; x_wconf 87' lang='lat' dir='ltr'>Quippe</span> <span class='ocrx_word' id='word_1_602' title='bbox 2481 3890 2670 3960; x_wconf 88' lang='lat' dir='ltr'>liquet</span> <span class='ocrx_word' id='word_1_603' title='bbox 2717 3896 2782 3943; x_wconf 89' lang='lat' dir='ltr'>ut</span> <span class='ocrx_word' id='word_1_604' title='bbox 2828 3907 3133 3944; x_wconf 89' lang='lat' dir='ltr'>sermones</span> <span class='ocrx_word' id='word_1_605' title='bbox 3178 3906 3244 3944; x_wconf 89' lang='lat' dir='ltr'>ac</span> <span class='ocrx_word' id='word_1_606' title='bbox 3295 3890 3568 3962; x_wconf 76' lang='lat' dir='ltr'>dogmata</span> <span class='ocrx_word' id='word_1_607' title='bbox 3615 3907 3750 3961; x_wconf 87' lang='lat' dir='ltr'>spe—</span> 
     </span>
    </p>
   </div>
   <div class='ocr_carea' id='block_1_90' title="bbox 2096 3978 3746 4042">
    <p class='ocr_par' dir='ltr' id='par_1_90' title="bbox 2096 3978 3746 4042">
     <span class='ocr_line' id='line_1_90' title="bbox 2096 3978 3746 4042; baseline 0 -8"><span class='ocrx_word' id='word_1_608' title='bbox 2096 3980 2316 4035; x_wconf 88' lang='lat' dir='ltr'>ctantia</span> <span class='ocrx_word' id='word_1_609' title='bbox 2347 3979 2422 4033; x_wconf 89' lang='lat' dir='ltr'>ad</span> <span class='ocrx_word' id='word_1_610' title='bbox 2454 3979 2714 4034; x_wconf 84' lang='lat' dir='ltr'>divinam</span> <span class='ocrx_word' id='word_1_611' title='bbox 2757 3985 3054 4042; x_wconf 83' lang='lat' dir='ltr'>naturam,</span> <span class='ocrx_word' id='word_1_612' title='bbox 3075 3978 3132 4033; x_wconf 94' lang='lat' dir='ltr'>id</span> <span class='ocrx_word' id='word_1_613' title='bbox 3183 3984 3272 4033; x_wconf 88' lang='lat' dir='ltr'>est</span> <span class='ocrx_word' id='word_1_614' title='bbox 3301 3979 3374 4032; x_wconf 88' lang='lat' dir='ltr'>ad</span> <span class='ocrx_word' id='word_1_615' title='bbox 3400 3980 3746 4034; x_wconf 84' lang='lat' dir='ltr'>Trinitatem</span> 
     </span>
    </p>
   </div>
   <div class='ocr_carea' id='block_1_91' title="bbox 2095 4068 3746 4140">
    <p class='ocr_par' dir='ltr' id='par_1_91' title="bbox 2095 4068 3746 4140">
     <span class='ocr_line' id='line_1_91' title="bbox 2095 4068 3746 4140; baseline -0.001 -16"><span class='ocrx_word' id='word_1_616' title='bbox 2095 4069 2411 4136; x_wconf 83' lang='lat' dir='ltr'>viviﬁcam,</span> <span class='ocrx_word' id='word_1_617' title='bbox 2458 4069 2883 4140; x_wconf 90' lang='lat' dir='ltr'>principaliora</span> <span class='ocrx_word' id='word_1_618' title='bbox 2935 4073 3096 4136; x_wconf 91' lang='lat' dir='ltr'>sunt,</span> <span class='ocrx_word' id='word_1_619' title='bbox 3143 4069 3551 4140; x_wconf 87' lang='lat' dir='ltr'>majoremque</span> <span class='ocrx_word' id='word_1_620' title='bbox 3596 4068 3746 4124; x_wconf 88' lang='lat' dir='ltr'>emi—</span> 
     </span>
    </p>
   </div>
   <div class='ocr_carea' id='block_1_92' title="bbox 2096 4157 3174 4228">
    <p class='ocr_par' dir='ltr' id='par_1_92' title="bbox 2096 4157 3174 4228">
     <span class='ocr_line' id='line_1_92' title="bbox 2096 4157 3174 4228; baseline -0.004 -14"><span class='ocrx_word' id='word_1_621' title='bbox 2096 4158 2364 4214; x_wconf 88' lang='lat' dir='ltr'>nentiam</span> <span class='ocrx_word' id='word_1_622' title='bbox 2399 4173 2466 4212; x_wconf 90' lang='lat' dir='ltr'>ac</span> <span class='ocrx_word' id='word_1_623' title='bbox 2496 4159 2898 4228; x_wconf 63' lang='lat' dir='ltr'>praestantiam</span> <span class='ocrx_word' id='word_1_624' title='bbox 2935 4157 3174 4210; x_wconf 84' lang='lat' dir='ltr'>habent.</span> 
     </span>
    </p>
   </div>
   <div class='ocr_carea' id='block_1_93' title="bbox 2168 4241 3747 4324">
    <p class='ocr_par' dir='ltr' id='par_1_93' title="bbox 2168 4241 3747 4324">
     <span class='ocr_line' id='line_1_93' title="bbox 2168 4241 3747 4324; baseline -0.003 -22"><span class='ocrx_word' id='word_1_625' title='bbox 2168 4249 2260 4302; x_wconf 86' lang='lat' dir='ltr'>Sic</span> <span class='ocrx_word' id='word_1_626' title='bbox 2279 4247 2438 4300; x_wconf 86' lang='lat' dir='ltr'>enim</span> <span class='ocrx_word' id='word_1_627' title='bbox 2455 4247 2630 4300; x_wconf 88' lang='lat' dir='ltr'>etiam</span> <span class='ocrx_word' id='word_1_628' title='bbox 2657 4247 2954 4317; x_wconf 79' lang='lat' dir='ltr'>accepturi</span> <span class='ocrx_word' id='word_1_629' title='bbox 2981 4263 3186 4324; x_wconf 82' lang='lat' dir='ltr'>sumus</span> <span class='ocrx_word' id='word_1_630' title='bbox 3200 4247 3270 4300; x_wconf 91' lang='lat' dir='ltr'>ab</span> <span class='ocrx_word' id='word_1_631' title='bbox 3287 4241 3492 4300; x_wconf 84' lang='lat' dir='ltr'>eodem</span> <span class='ocrx_word' id='word_1_632' title='bbox 3519 4247 3747 4316; x_wconf 88' lang='lat' dir='ltr'>sapien-</span> 
     </span>
    </p>
   </div>
   <div class='ocr_carea' id='block_1_94' title="bbox 2096 4335 3742 4408">
    <p class='ocr_par' dir='ltr' id='par_1_94' title="bbox 2096 4335 3742 4408">
     <span class='ocr_line' id='line_1_94' title="bbox 2096 4335 3742 4408; baseline -0.002 -17"><span class='ocrx_word' id='word_1_633' title='bbox 2096 4338 2136 4391; x_wconf 89' lang='lat' dir='ltr'>ti</span> <span class='ocrx_word' id='word_1_634' title='bbox 2184 4336 2477 4408; x_wconf 77' lang='lat' dir='ltr'>Theologo</span> <span class='ocrx_word' id='word_1_635' title='bbox 2529 4336 2758 4406; x_wconf 86' lang='lat' dir='ltr'>prolata</span> <span class='ocrx_word' id='word_1_636' title='bbox 2806 4336 3085 4390; x_wconf 84' lang='lat' dir='ltr'>adversus</span> <span class='ocrx_word' id='word_1_637' title='bbox 3133 4335 3556 4400; x_wconf 84' lang='lat' dir='ltr'>Eunomianos,</span> <span class='ocrx_word' id='word_1_638' title='bbox 3587 4337 3742 4390; x_wconf 86' lang='lat' dir='ltr'>Orat.</span> 
     </span>
    </p>
   </div>
   <div class='ocr_carea' id='block_1_95' title="bbox 2095 4424 3744 4498">
    <p class='ocr_par' dir='ltr' id='par_1_95' title="bbox 2095 4424 3744 4498">
     <span class='ocr_line' id='line_1_95' title="bbox 2095 4424 3744 4498; baseline -0.002 -17"><span class='ocrx_word' id='word_1_639' title='bbox 2095 4427 2166 4481; x_wconf 92' lang='lat' dir='ltr'>de</span> <span class='ocrx_word' id='word_1_640' title='bbox 2205 4424 2572 4498; x_wconf 67' lang='lat' dir='ltr'>theologiam,</span> <span class='ocrx_word' id='word_1_641' title='bbox 2597 4441 2730 4479; x_wconf 90' lang='lat' dir='ltr'>cum</span> <span class='ocrx_word' id='word_1_642' title='bbox 2753 4425 2834 4478; x_wconf 82' lang='lat' dir='ltr'>ita</span> <span class='ocrx_word' id='word_1_643' title='bbox 2853 4425 2936 4478; x_wconf 90' lang='lat' dir='ltr'>ait</span> <span class='ocrx_word' id='word_1_644' title='bbox 2960 4441 2972 4477; x_wconf 90' lang='lat'>:</span> <span class='ocrx_word' id='word_1_645' title='bbox 2995 4446 3020 4472; x_wconf 63' lang='lat' dir='ltr'>r</span> <span class='ocrx_word' id='word_1_646' title='bbox 3053 4425 3188 4478; x_wconf 88' lang='lat' dir='ltr'>Mihi</span> <span class='ocrx_word' id='word_1_647' title='bbox 3216 4424 3286 4478; x_wconf 85' lang='lat' dir='ltr'>de</span> <span class='ocrx_word' id='word_1_648' title='bbox 3309 4424 3530 4477; x_wconf 86' lang='lat' dir='ltr'>mundo</span> <span class='ocrx_word' id='word_1_649' title='bbox 3553 4424 3744 4494; x_wconf 87' lang='lat' dir='ltr'>philo-</span> 
     </span>
    </p>
   </div>
   <div class='ocr_carea' id='block_1_96' title="bbox 2097 4513 3745 4587">
    <p class='ocr_par' dir='ltr' id='par_1_96' title="bbox 2097 4513 3745 4587">
     <span class='ocr_line' id='line_1_96' title="bbox 2097 4513 3745 4587; baseline -0.002 -17"><span class='ocrx_word' id='word_1_650' title='bbox 2097 4515 2370 4587; x_wconf 83' lang='lat' dir='ltr'>sophare,</span> <span class='ocrx_word' id='word_1_651' title='bbox 2391 4515 2462 4569; x_wconf 89' lang='lat' dir='ltr'>de</span> <span class='ocrx_word' id='word_1_652' title='bbox 2486 4514 2756 4580; x_wconf 88' lang='lat' dir='ltr'>materia,</span> <span class='ocrx_word' id='word_1_653' title='bbox 2782 4513 2852 4568; x_wconf 92' lang='lat' dir='ltr'>de</span> <span class='ocrx_word' id='word_1_654' title='bbox 2877 4513 3102 4578; x_wconf 88' lang='lat' dir='ltr'>anima,</span> <span class='ocrx_word' id='word_1_655' title='bbox 3125 4513 3196 4566; x_wconf 90' lang='lat' dir='ltr'>de</span> <span class='ocrx_word' id='word_1_656' title='bbox 3219 4513 3450 4568; x_wconf 87' lang='lat' dir='ltr'>naturis</span> <span class='ocrx_word' id='word_1_657' title='bbox 3483 4513 3745 4568; x_wconf 86' lang='lat' dir='ltr'>rationa-</span> 
     </span>
    </p>
   </div>
   <div class='ocr_carea' id='block_1_97' title="bbox 2023 4592 3740 4673">
    <p class='ocr_par' dir='ltr' id='par_1_97' title="bbox 2023 4592 3740 4673">
     <span class='ocr_line' id='line_1_97' title="bbox 2023 4592 3740 4673; baseline 0 -17"><span class='ocrx_word' id='word_1_658' title='bbox 2023 4592 2070 4656; x_wconf 86' lang='lat' dir='ltr'><strong>D</strong></span> <span class='ocrx_word' id='word_1_659' title='bbox 2099 4605 2258 4659; x_wconf 89' lang='lat' dir='ltr'>libus</span> <span class='ocrx_word' id='word_1_660' title='bbox 2289 4608 2410 4658; x_wconf 88' lang='lat' dir='ltr'>tam</span> <span class='ocrx_word' id='word_1_661' title='bbox 2441 4601 2613 4657; x_wconf 87' lang='lat' dir='ltr'>bonis</span> <span class='ocrx_word' id='word_1_662' title='bbox 2645 4619 2822 4673; x_wconf 88' lang='lat' dir='ltr'>quam</span> <span class='ocrx_word' id='word_1_663' title='bbox 2855 4601 3030 4656; x_wconf 86' lang='lat' dir='ltr'>malis</span> <span class='ocrx_word' id='word_1_664' title='bbox 3059 4601 3157 4670; x_wconf 82' lang='lat'>(7),</span> <span class='ocrx_word' id='word_1_665' title='bbox 3193 4600 3262 4656; x_wconf 90' lang='lat' dir='ltr'>de</span> <span class='ocrx_word' id='word_1_666' title='bbox 3289 4602 3740 4657; x_wconf 86' lang='lat' dir='ltr'>resurrectione.</span> 
     </span>
    </p>
   </div>
   <div class='ocr_carea' id='block_1_98' title="bbox 1325 4747 2160 4818">
    <p class='ocr_par' dir='ltr' id='par_1_98' title="bbox 1325 4747 2160 4818">
     <span class='ocr_line' id='line_1_98' title="bbox 1325 4747 2160 4818; baseline 0.005 -16"><span class='ocrx_word' id='word_1_667' title='bbox 1325 4749 1348 4784; x_wconf 69' lang='grc'>³</span> <span class='ocrx_word' id='word_1_668' title='bbox 1377 4749 1526 4805; x_wconf 86' lang='lat' dir='ltr'>Psal.</span> <span class='ocrx_word' id='word_1_669' title='bbox 1560 4765 1670 4818; x_wconf 72' lang='lat' dir='ltr'>cxr,</span> <span class='ocrx_word' id='word_1_670' title='bbox 1704 4753 1757 4804; x_wconf 84' lang='lat'>5.</span> <span class='ocrx_word' id='word_1_671' title='bbox 1791 4747 1838 4784; x_wconf 81' lang='grc'>¹⁰</span> <span class='ocrx_word' id='word_1_672' title='bbox 1868 4751 2025 4806; x_wconf 85' lang='lat' dir='ltr'>Orat.</span> <span class='ocrx_word' id='word_1_673' title='bbox 2069 4749 2160 4806; x_wconf 89' lang='lat'>33.</span> 
     </span>
    </p>
   </div>
   <div class='ocr_carea' id='block_1_99' title="bbox 1689 4881 2392 4940">
    <p class='ocr_par' dir='ltr' id='par_1_99' title="bbox 1689 4881 2392 4940">
     <span class='ocr_line' id='line_1_99' title="bbox 1689 4881 2392 4940; baseline -0.003 -2"><span class='ocrx_word' id='word_1_674' title='bbox 1689 4885 1922 4940; x_wconf 67' lang='grc' dir='ltr'>νΑΒΙίΕ</span> <span class='ocrx_word' id='word_1_675' title='bbox 1992 4881 2392 4940; x_wconf 86' lang='lat' dir='ltr'>LECTIONES.</span> 
     </span>
    </p>
   </div>
   <div class='ocr_carea' id='block_1_100' title="bbox 398 4969 1538 5048">
    <p class='ocr_par' dir='ltr' id='par_1_100' title="bbox 398 4969 1538 5048">
     <span class='ocr_line' id='line_1_100' title="bbox 398 4969 1538 5048; baseline -0.002 -20"><span class='ocrx_word' id='word_1_676' title='bbox 398 4971 473 5044; x_wconf 81' lang='grc' dir='ltr'>(ο)</span> <span class='ocrx_word' id='word_1_677' title='bbox 501 4970 592 5026; x_wconf 79' lang='grc' dir='ltr'>καὶ</span> <span class='ocrx_word' id='word_1_678' title='bbox 623 4971 901 5046; x_wconf 71' lang='grc' dir='ltr'>ἑκατέραν.</span> <span class='ocrx_word' id='word_1_679' title='bbox 962 4973 1042 5046; x_wconf 80' lang='grc' dir='ltr'>(ἀ)</span> <span class='ocrx_word' id='word_1_680' title='bbox 1074 4991 1284 5048; x_wconf 80' lang='grc' dir='ltr'>περιττ.</span> <span class='ocrx_word' id='word_1_681' title='bbox 1319 4971 1380 5025; x_wconf 78' lang='grc' dir='ltr'>τὸ</span> <span class='ocrx_word' id='word_1_682' title='bbox 1413 4969 1538 5048; x_wconf 75' lang='grc' dir='ltr'>οὐχ.</span> 
     </span>
    </p>
   </div>
   <div class='ocr_carea' id='block_1_101' title="bbox 317 5087 1978 5161">
    <p class='ocr_par' dir='ltr' id='par_1_101' title="bbox 317 5087 1978 5161">
     <span class='ocr_line' id='line_1_101' title="bbox 317 5087 1978 5161; baseline 0.001 -19"><span class='ocrx_word' id='word_1_683' title='bbox 317 5087 613 5161; x_wconf 79' lang='lat' dir='ltr'>viderent</span> <span class='ocrx_word' id='word_1_684' title='bbox 642 5091 880 5160; x_wconf 83' lang='lat' dir='ltr'>tyranni</span> <span class='ocrx_word' id='word_1_685' title='bbox 929 5090 1034 5145; x_wconf 88' lang='lat' dir='ltr'>illa</span> <span class='ocrx_word' id='word_1_686' title='bbox 1093 5089 1501 5161; x_wconf 86' lang='lat' dir='ltr'>persuasione.</span> <span class='ocrx_word' id='word_1_687' title='bbox 1564 5090 1635 5144; x_wconf 89' lang='lat' dir='ltr'>Ut</span> <span class='ocrx_word' id='word_1_688' title='bbox 1691 5089 1978 5144; x_wconf 88' lang='lat' dir='ltr'>charitate</span> 
     </span>
    </p>
   </div>
   <div class='ocr_carea' id='block_1_102' title="bbox 318 5157 1986 5228">
    <p class='ocr_par' dir='ltr' id='par_1_102' title="bbox 318 5157 1986 5228">
     <span class='ocr_line' id='line_1_102' title="bbox 318 5157 1986 5228; baseline -0.001 -13"><span class='ocrx_word' id='word_1_689' title='bbox 318 5157 647 5215; x_wconf 90' lang='lat' dir='ltr'>indulserit</span> <span class='ocrx_word' id='word_1_690' title='bbox 671 5157 929 5216; x_wconf 82' lang='lat' dir='ltr'>Basilius</span> <span class='ocrx_word' id='word_1_691' title='bbox 952 5157 1364 5228; x_wconf 75' lang='lat' dir='ltr'>Eunomianis,</span> <span class='ocrx_word' id='word_1_692' title='bbox 1399 5161 1578 5215; x_wconf 88' lang='lat' dir='ltr'>etiam</span> <span class='ocrx_word' id='word_1_693' title='bbox 1621 5161 1986 5216; x_wconf 85' lang='lat' dir='ltr'>indulserint</span> 
     </span>
    </p>
   </div>
   <div class='ocr_carea' id='block_1_103' title="bbox 321 5230 1982 5304">
    <p class='ocr_par' dir='ltr' id='par_1_103' title="bbox 321 5230 1982 5304">
     <span class='ocr_line' id='line_1_103' title="bbox 321 5230 1982 5304; baseline 0.002 -20"><span class='ocrx_word' id='word_1_694' title='bbox 321 5230 558 5304; x_wconf 56' lang='lat' dir='ltr'>prgefati</span> <span class='ocrx_word' id='word_1_695' title='bbox 593 5232 854 5303; x_wconf 89' lang='lat' dir='ltr'>episcopi</span> <span class='ocrx_word' id='word_1_696' title='bbox 884 5233 1338 5304; x_wconf 81' lang='lat' dir='ltr'>inﬁrmioribus</span> <span class='ocrx_word' id='word_1_697' title='bbox 1368 5232 1713 5304; x_wconf 84' lang='lat' dir='ltr'>orthodoxis</span> <span class='ocrx_word' id='word_1_698' title='bbox 1739 5249 1750 5285; x_wconf 91' lang='lat'><strong>:</strong></span> <span class='ocrx_word' id='word_1_699' title='bbox 1794 5233 1982 5287; x_wconf 90' lang='lat' dir='ltr'>nihilo</span> 
     </span>
    </p>
   </div>
   <div class='ocr_carea' id='block_1_104' title="bbox 321 5301 1985 5374">
    <p class='ocr_par' dir='ltr' id='par_1_104' title="bbox 321 5301 1985 5374">
     <span class='ocr_line' id='line_1_104' title="bbox 321 5301 1985 5374; baseline 0 -17"><span class='ocrx_word' id='word_1_700' title='bbox 321 5301 581 5358; x_wconf 76' lang='lat' dir='ltr'>ininoris</span> <span class='ocrx_word' id='word_1_701' title='bbox 610 5301 920 5370; x_wconf 75' lang='lat' dir='ltr'>momenti,</span> <span class='ocrx_word' id='word_1_702' title='bbox 953 5309 1019 5358; x_wconf 91' lang='lat' dir='ltr'>ut</span> <span class='ocrx_word' id='word_1_703' title='bbox 1048 5321 1122 5358; x_wconf 91' lang='lat' dir='ltr'>ne</span> <span class='ocrx_word' id='word_1_704' title='bbox 1151 5303 1404 5374; x_wconf 88' lang='lat' dir='ltr'>Spiritus</span> <span class='ocrx_word' id='word_1_705' title='bbox 1425 5309 1663 5358; x_wconf 83' lang='lat' dir='ltr'>sanctus</span> <span class='ocrx_word' id='word_1_706' title='bbox 1687 5303 1985 5359; x_wconf 88' lang='lat' dir='ltr'>diceretur</span> 
     </span>
    </p>
   </div>
   <div class='ocr_carea' id='block_1_105' title="bbox 323 5375 1983 5444">
    <p class='ocr_par' dir='ltr' id='par_1_105' title="bbox 323 5375 1983 5444">
     <span class='ocr_line' id='line_1_105' title="bbox 323 5375 1983 5444; baseline -0.001 -13"><span class='ocrx_word' id='word_1_707' title='bbox 323 5376 484 5431; x_wconf 89' lang='lat' dir='ltr'>Deus</span> <span class='ocrx_word' id='word_1_708' title='bbox 517 5375 692 5430; x_wconf 90' lang='lat' dir='ltr'>etiam</span> <span class='ocrx_word' id='word_1_709' title='bbox 747 5375 947 5430; x_wconf 89' lang='lat' dir='ltr'>Basilii</span> <span class='ocrx_word' id='word_1_710' title='bbox 993 5381 1185 5442; x_wconf 66' lang='lat' dir='ltr'>aetate,</span> <span class='ocrx_word' id='word_1_711' title='bbox 1237 5391 1416 5444; x_wconf 89' lang='lat' dir='ltr'>quam</span> <span class='ocrx_word' id='word_1_712' title='bbox 1475 5381 1539 5429; x_wconf 91' lang='lat' dir='ltr'>ut</span> <span class='ocrx_word' id='word_1_713' title='bbox 1584 5393 1658 5431; x_wconf 92' lang='lat' dir='ltr'>ne</span> <span class='ocrx_word' id='word_1_714' title='bbox 1715 5375 1983 5430; x_wconf 86' lang='lat' dir='ltr'>Christus</span> 
     </span>
    </p>
   </div>
   <div class='ocr_carea' id='block_1_106' title="bbox 323 5445 1980 5517">
    <p class='ocr_par' dir='ltr' id='par_1_106' title="bbox 323 5445 1980 5517">
     <span class='ocr_line' id='line_1_106' title="bbox 323 5445 1980 5517; baseline -0.001 -15"><span class='ocrx_word' id='word_1_715' title='bbox 323 5445 584 5502; x_wconf 86' lang='lat' dir='ltr'>duarum</span> <span class='ocrx_word' id='word_1_716' title='bbox 641 5447 1016 5502; x_wconf 83' lang='lat' dir='ltr'>voluntatum</span> <span class='ocrx_word' id='word_1_717' title='bbox 1046 5463 1114 5502; x_wconf 89' lang='lat' dir='ltr'>ac</span> <span class='ocrx_word' id='word_1_718' title='bbox 1162 5447 1594 5516; x_wconf 87' lang='lat' dir='ltr'>operationum,</span> <span class='ocrx_word' id='word_1_719' title='bbox 1641 5453 1771 5517; x_wconf 79' lang='lat' dir='ltr'>post</span> <span class='ocrx_word' id='word_1_720' title='bbox 1804 5449 1980 5502; x_wconf 86' lang='lat' dir='ltr'>etiam</span> 
     </span>
    </p>
   </div>
   <div class='ocr_carea' id='block_1_107' title="bbox 323 5517 1983 5590">
    <p class='ocr_par' dir='ltr' id='par_1_107' title="bbox 323 5517 1983 5590">
     <span class='ocr_line' id='line_1_107' title="bbox 323 5517 1983 5590; baseline 0 -18"><span class='ocrx_word' id='word_1_721' title='bbox 323 5534 384 5572; x_wconf 77' lang='grc' dir='ltr'>γι</span> <span class='ocrx_word' id='word_1_722' title='bbox 449 5519 791 5590; x_wconf 84' lang='lat' dir='ltr'>synodum:</span> <span class='ocrx_word' id='word_1_723' title='bbox 831 5525 1153 5589; x_wconf 88' lang='lat' dir='ltr'>utrumque</span> <span class='ocrx_word' id='word_1_724' title='bbox 1205 5517 1488 5590; x_wconf 86' lang='lat' dir='ltr'>nimirum</span> <span class='ocrx_word' id='word_1_725' title='bbox 1547 5518 1854 5590; x_wconf 79' lang='lat' dir='ltr'>negative,</span> <span class='ocrx_word' id='word_1_726' title='bbox 1915 5536 1983 5573; x_wconf 89' lang='lat' dir='ltr'>ac</span> 
     </span>
    </p>
   </div>
   <div class='ocr_carea' id='block_1_108' title="bbox 325 5589 1986 5661">
    <p class='ocr_par' dir='ltr' id='par_1_108' title="bbox 325 5589 1986 5661">
     <span class='ocr_line' id='line_1_108' title="bbox 325 5589 1986 5661; baseline 0 -17"><span class='ocrx_word' id='word_1_727' title='bbox 325 5589 590 5661; x_wconf 85' lang='lat' dir='ltr'>quadam</span> <span class='ocrx_word' id='word_1_728' title='bbox 648 5592 1092 5658; x_wconf 88' lang='lat' dir='ltr'>abstractione,</span> <span class='ocrx_word' id='word_1_729' title='bbox 1139 5605 1262 5644; x_wconf 90' lang='lat' dir='ltr'>non</span> <span class='ocrx_word' id='word_1_730' title='bbox 1319 5589 1477 5643; x_wconf 89' lang='lat' dir='ltr'>velut</span> <span class='ocrx_word' id='word_1_731' title='bbox 1534 5591 1852 5651; x_wconf 60' lang='lat' dir='ltr'>contrarie,</span> <span class='ocrx_word' id='word_1_732' title='bbox 1913 5591 1986 5644; x_wconf 89' lang='lat' dir='ltr'>Ut</span> 
     </span>
    </p>
   </div>
   <div class='ocr_carea' id='block_1_109' title="bbox 323 5661 1981 5734">
    <p class='ocr_par' dir='ltr' id='par_1_109' title="bbox 323 5661 1981 5734">
     <span class='ocr_line' id='line_1_109' title="bbox 323 5661 1981 5734; baseline 0.001 -20"><span class='ocrx_word' id='word_1_733' title='bbox 323 5661 902 5734; x_wconf 70' lang='lat' dir='ltr'>aliudpeccaverint</span> <span class='ocrx_word' id='word_1_734' title='bbox 958 5661 1218 5734; x_wconf 86' lang='lat' dir='ltr'>episcopi</span> <span class='ocrx_word' id='word_1_735' title='bbox 1249 5661 1607 5734; x_wconf 73' lang='lat' dir='ltr'>Orientales</span> <span class='ocrx_word' id='word_1_736' title='bbox 1637 5663 1698 5716; x_wconf 91' lang='lat' dir='ltr'>in</span> <span class='ocrx_word' id='word_1_737' title='bbox 1719 5679 1768 5715; x_wconf 74' lang='lat' dir='ltr'>v1</span> <span class='ocrx_word' id='word_1_738' title='bbox 1807 5679 1981 5733; x_wconf 84' lang='lat' dir='ltr'>syno-</span> 
     </span>
    </p>
   </div>
   <div class='ocr_carea' id='block_1_110' title="bbox 326 5730 1984 5807">
    <p class='ocr_par' dir='ltr' id='par_1_110' title="bbox 326 5730 1984 5807">
     <span class='ocr_line' id='line_1_110' title="bbox 326 5730 1984 5807; baseline -0.001 -17"><span class='ocrx_word' id='word_1_739' title='bbox 326 5730 474 5790; x_wconf 86' lang='lat' dir='ltr'>dum</span> <span class='ocrx_word' id='word_1_740' title='bbox 506 5730 567 5789; x_wconf 79' lang='lat' dir='ltr'>in</span> <span class='ocrx_word' id='word_1_741' title='bbox 597 5736 847 5807; x_wconf 79' lang='lat' dir='ltr'>gratiam</span> <span class='ocrx_word' id='word_1_742' title='bbox 877 5730 1140 5790; x_wconf 80' lang='lat' dir='ltr'>haeretici</span> <span class='ocrx_word' id='word_1_743' title='bbox 1163 5730 1480 5806; x_wconf 78' lang='lat' dir='ltr'>principis,</span> <span class='ocrx_word' id='word_1_744' title='bbox 1516 5749 1765 5806; x_wconf 87' lang='lat' dir='ltr'>eamque</span> <span class='ocrx_word' id='word_1_745' title='bbox 1798 5730 1860 5790; x_wconf 80' lang='lat' dir='ltr'>se</span> <span class='ocrx_word' id='word_1_746' title='bbox 1889 5749 1984 5788; x_wconf 89' lang='lat' dir='ltr'>re-</span> 
     </span>
    </p>
   </div>
   <div class='ocr_carea' id='block_1_111' title="bbox 2089 5083 3748 5160">
    <p class='ocr_par' dir='ltr' id='par_1_111' title="bbox 2089 5083 3748 5160">
     <span class='ocr_line' id='line_1_111' title="bbox 2089 5083 3748 5160; baseline -0.002 -17"><span class='ocrx_word' id='word_1_747' title='bbox 2089 5088 2343 5160; x_wconf 83' lang='lat' dir='ltr'>probare</span> <span class='ocrx_word' id='word_1_748' title='bbox 2373 5086 2496 5160; x_wconf 87' lang='lat' dir='ltr'>ullo</span> <span class='ocrx_word' id='word_1_749' title='bbox 2527 5085 2703 5140; x_wconf 93' lang='lat' dir='ltr'>modo</span> <span class='ocrx_word' id='word_1_750' title='bbox 2738 5083 2990 5160; x_wconf 76' lang='lat' dir='ltr'>professi</span> <span class='ocrx_word' id='word_1_751' title='bbox 3022 5083 3162 5160; x_wconf 76' lang='lat' dir='ltr'>sint,</span> <span class='ocrx_word' id='word_1_752' title='bbox 3187 5083 3344 5160; x_wconf 83' lang='lat' dir='ltr'>haud</span> <span class='ocrx_word' id='word_1_753' title='bbox 3377 5084 3622 5160; x_wconf 69' lang='lat' dir='ltr'>omnino</span> <span class='ocrx_word' id='word_1_754' title='bbox 3654 5101 3748 5139; x_wconf 85' lang='lat' dir='ltr'>ex-</span> 
     </span>
    </p>
   </div>
   <div class='ocr_carea' id='block_1_112' title="bbox 2092 5155 3745 5226">
    <p class='ocr_par' dir='ltr' id='par_1_112' title="bbox 2092 5155 3745 5226">
     <span class='ocr_line' id='line_1_112' title="bbox 2092 5155 3745 5226; baseline -0.002 -12"><span class='ocrx_word' id='word_1_755' title='bbox 2092 5155 2340 5214; x_wconf 76' lang='lat' dir='ltr'>cusandi</span> <span class='ocrx_word' id='word_1_756' title='bbox 2392 5159 2530 5224; x_wconf 86' lang='lat' dir='ltr'>sint,</span> <span class='ocrx_word' id='word_1_757' title='bbox 2595 5155 2830 5211; x_wconf 66' lang='lat' dir='ltr'>tamet—si</span> <span class='ocrx_word' id='word_1_758' title='bbox 2892 5155 3058 5209; x_wconf 88' lang='lat' dir='ltr'>illata</span> <span class='ocrx_word' id='word_1_759' title='bbox 3113 5155 3198 5208; x_wconf 87' lang='lat' dir='ltr'>vis</span> <span class='ocrx_word' id='word_1_760' title='bbox 3241 5155 3469 5209; x_wconf 88' lang='lat' dir='ltr'>crimen</span> <span class='ocrx_word' id='word_1_761' title='bbox 3501 5156 3745 5226; x_wconf 74' lang='lat' dir='ltr'>dignum</span> 
     </span>
    </p>
   </div>
   <div class='ocr_carea' id='block_1_113' title="bbox 2091 5226 3749 5299">
    <p class='ocr_par' dir='ltr' id='par_1_113' title="bbox 2091 5226 3749 5299">
     <span class='ocr_line' id='line_1_113' title="bbox 2091 5226 3749 5299; baseline -0.001 -15"><span class='ocrx_word' id='word_1_762' title='bbox 2091 5231 2262 5286; x_wconf 88' lang='lat' dir='ltr'>venia</span> <span class='ocrx_word' id='word_1_763' title='bbox 2291 5231 2450 5296; x_wconf 87' lang='lat' dir='ltr'>facit,</span> <span class='ocrx_word' id='word_1_764' title='bbox 2485 5229 2640 5299; x_wconf 85' lang='lat' dir='ltr'>quod</span> <span class='ocrx_word' id='word_1_765' title='bbox 2673 5230 2928 5282; x_wconf 87' lang='lat' dir='ltr'>Joannes</span> <span class='ocrx_word' id='word_1_766' title='bbox 2955 5230 3159 5281; x_wconf 88' lang='lat' dir='ltr'>noster</span> <span class='ocrx_word' id='word_1_767' title='bbox 3183 5226 3386 5280; x_wconf 89' lang='lat' dir='ltr'>multis</span> <span class='ocrx_word' id='word_1_768' title='bbox 3408 5226 3467 5281; x_wconf 89' lang='lat' dir='ltr'>in</span> <span class='ocrx_word' id='word_1_769' title='bbox 3499 5243 3749 5298; x_wconf 88' lang='lat' dir='ltr'>sequen-</span> 
     </span>
    </p>
   </div>
   <div class='ocr_carea' id='block_1_114' title="bbox 2091 5301 2823 5358">
    <p class='ocr_par' dir='ltr' id='par_1_114' title="bbox 2091 5301 2823 5358">
     <span class='ocr_line' id='line_1_114' title="bbox 2091 5301 2823 5358; baseline -0.005 0"><span class='ocrx_word' id='word_1_770' title='bbox 2091 5303 2250 5358; x_wconf 89' lang='lat' dir='ltr'>tibus</span> <span class='ocrx_word' id='word_1_771' title='bbox 2281 5302 2511 5356; x_wconf 88' lang='lat' dir='ltr'>erudite</span> <span class='ocrx_word' id='word_1_772' title='bbox 2543 5301 2823 5355; x_wconf 89' lang='lat' dir='ltr'>ostendit.</span> 
     </span>
    </p>
   </div>
   <div class='ocr_carea' id='block_1_115' title="bbox 2163 5367 3744 5444">
    <p class='ocr_par' dir='ltr' id='par_1_115' title="bbox 2163 5367 3744 5444">
     <span class='ocr_line' id='line_1_115' title="bbox 2163 5367 3744 5444; baseline -0.001 -17"><span class='ocrx_word' id='word_1_773' title='bbox 2163 5374 2236 5444; x_wconf 84' lang='lat'>(7)</span> <span class='ocrx_word' id='word_1_774' title='bbox 2276 5377 2404 5427; x_wconf 81' lang='lat' dir='ltr'>Tum</span> <span class='ocrx_word' id='word_1_775' title='bbox 2440 5374 2588 5427; x_wconf 84' lang='lat' dir='ltr'>bonis</span> <span class='ocrx_word' id='word_1_776' title='bbox 2615 5389 2776 5440; x_wconf 82' lang='lat' dir='ltr'>quam</span> <span class='ocrx_word' id='word_1_777' title='bbox 2813 5370 2988 5424; x_wconf 80' lang='lat' dir='ltr'>malis.</span> <span class='ocrx_word' id='word_1_778' title='bbox 3027 5367 3490 5444; x_wconf 70' lang='lat' dir='ltr'>Manichaeorum</span> <span class='ocrx_word' id='word_1_779' title='bbox 3524 5385 3744 5444; x_wconf 73' lang='lat' dir='ltr'>errore,</span> 
     </span>
    </p>
   </div>
   <div class='ocr_carea' id='block_1_116' title="bbox 2091 5439 3743 5514">
    <p class='ocr_par' dir='ltr' id='par_1_116' title="bbox 2091 5439 3743 5514">
     <span class='ocr_line' id='line_1_116' title="bbox 2091 5439 3743 5514; baseline -0.001 -14"><span class='ocrx_word' id='word_1_780' title='bbox 2091 5439 2400 5500; x_wconf 41' lang='lat' dir='ltr'>ac&#39;eorum</span> <span class='ocrx_word' id='word_1_781' title='bbox 2447 5445 2546 5514; x_wconf 90' lang='lat' dir='ltr'>qui</span> <span class='ocrx_word' id='word_1_782' title='bbox 2579 5439 2768 5498; x_wconf 80' lang='lat' dir='ltr'>malos</span> <span class='ocrx_word' id='word_1_783' title='bbox 2817 5459 2848 5496; x_wconf 89' lang='lat' dir='ltr'>a</span> <span class='ocrx_word' id='word_1_784' title='bbox 2895 5447 3108 5494; x_wconf 81' lang='lat' dir='ltr'>natura</span> <span class='ocrx_word' id='word_1_785' title='bbox 3158 5439 3743 5514; x_wconf 79' lang='lat' dir='ltr'>daemonesdocent.</span> 
     </span>
    </p>
   </div>
   <div class='ocr_carea' id='block_1_117' title="bbox 2092 5513 3748 5586">
    <p class='ocr_par' dir='ltr' id='par_1_117' title="bbox 2092 5513 3748 5586">
     <span class='ocr_line' id='line_1_117' title="bbox 2092 5513 3748 5586; baseline -0.002 -15"><span class='ocrx_word' id='word_1_786' title='bbox 2092 5517 2186 5572; x_wconf 85' lang='lat' dir='ltr'>Sic</span> <span class='ocrx_word' id='word_1_787' title='bbox 2220 5517 2280 5570; x_wconf 91' lang='lat' dir='ltr'>in</span> <span class='ocrx_word' id='word_1_788' title='bbox 2313 5513 2562 5586; x_wconf 82' lang='lat' dir='ltr'>reliquis</span> <span class='ocrx_word' id='word_1_789' title='bbox 2590 5515 2730 5568; x_wconf 81' lang='lat' dir='ltr'>varii</span> <span class='ocrx_word' id='word_1_790' title='bbox 2767 5519 2904 5586; x_wconf 88' lang='lat' dir='ltr'>sunt</span> <span class='ocrx_word' id='word_1_791' title='bbox 2935 5527 3184 5568; x_wconf 86' lang='lat' dir='ltr'>errores.</span> <span class='ocrx_word' id='word_1_792' title='bbox 3211 5527 3370 5586; x_wconf 73' lang='lat' dir='ltr'>quos</span> <span class='ocrx_word' id='word_1_793' title='bbox 3401 5513 3560 5586; x_wconf 83' lang='lat' dir='ltr'>velut</span> <span class='ocrx_word' id='word_1_794' title='bbox 3589 5515 3748 5568; x_wconf 88' lang='lat' dir='ltr'>nihi-</span> 
     </span>
    </p>
   </div>
   <div class='ocr_carea' id='block_1_118' title="bbox 2091 5582 3750 5656">
    <p class='ocr_par' dir='ltr' id='par_1_118' title="bbox 2091 5582 3750 5656">
     <span class='ocr_line' id='line_1_118' title="bbox 2091 5582 3750 5656; baseline -0.001 -14"><span class='ocrx_word' id='word_1_795' title='bbox 2091 5589 2130 5642; x_wconf 93' lang='lat' dir='ltr'>li</span> <span class='ocrx_word' id='word_1_796' title='bbox 2167 5587 2346 5641; x_wconf 74' lang='lat' dir='ltr'>habet</span> <span class='ocrx_word' id='word_1_797' title='bbox 2379 5582 2705 5656; x_wconf 71' lang='lat' dir='ltr'>theologus,</span> <span class='ocrx_word' id='word_1_798' title='bbox 2740 5585 2868 5652; x_wconf 88' lang='lat' dir='ltr'>ejus</span> <span class='ocrx_word' id='word_1_799' title='bbox 2900 5582 3361 5652; x_wconf 85' lang='lat' dir='ltr'>comparatione,</span> <span class='ocrx_word' id='word_1_800' title='bbox 3398 5584 3498 5656; x_wconf 86' lang='lat' dir='ltr'>qui</span> <span class='ocrx_word' id='word_1_801' title='bbox 3531 5584 3586 5637; x_wconf 89' lang='lat' dir='ltr'>in</span> <span class='ocrx_word' id='word_1_802' title='bbox 3623 5586 3750 5656; x_wconf 89' lang='lat' dir='ltr'>ipsa</span> 
     </span>
    </p>
   </div>
   <div class='ocr_carea' id='block_1_119' title="bbox 2092 5653 3746 5748">
    <p class='ocr_par' dir='ltr' id='par_1_119' title="bbox 2092 5653 3746 5748">
     <span class='ocr_line' id='line_1_119' title="bbox 2092 5653 3746 5748; baseline -0.001 -34"><span class='ocrx_word' id='word_1_803' title='bbox 2092 5661 2194 5740; x_wconf 70' lang='lat' dir='ltr'>Dei</span> <span class='ocrx_word' id='word_1_804' title='bbox 2223 5665 2436 5714; x_wconf 87' lang='lat' dir='ltr'>natura</span> <span class='ocrx_word' id='word_1_805' title='bbox 2465 5675 2531 5712; x_wconf 89' lang='lat' dir='ltr'>ac</span> <span class='ocrx_word' id='word_1_806' title='bbox 2561 5655 2867 5722; x_wconf 87' lang='lat' dir='ltr'>Trinitate,</span> <span class='ocrx_word' id='word_1_807' title='bbox 2903 5662 3126 5748; x_wconf 50' lang='lat' dir='ltr'>temer’e</span> <span class='ocrx_word' id='word_1_808' title='bbox 3158 5653 3442 5707; x_wconf 86' lang='lat' dir='ltr'>scrutanti</span> <span class='ocrx_word' id='word_1_809' title='bbox 3473 5653 3746 5711; x_wconf 87' lang='lat' dir='ltr'>commit-</span> 
     </span>
    </p>
   </div>
   <div class='ocr_carea' id='block_1_120' title="bbox 2095 5731 2261 5788">
    <p class='ocr_par' dir='ltr' id='par_1_120' title="bbox 2095 5731 2261 5788">
     <span class='ocr_line' id='line_1_120' title="bbox 2095 5731 2261 5788; baseline 0.012 -2"><span class='ocrx_word' id='word_1_810' title='bbox 2095 5731 2261 5788; x_wconf 86' lang='lat' dir='ltr'>titur.</span> 
     </span>
    </p>
   </div>
  </div>
