4074 6432
314 340 459 396 1429

1346 344 1698 402 EPISTOLA
1736 347 1836 407 AD
1872 345 2436 411 CONSTANTINUM
2474 344 2725 402 PAPAM

3607 348 3747 404 1430

313 487 456 537 μησε
484 466 573 520 καὶ
605 469 695 519 νῦν
729 469 808 538 τῷ
836 460 1102 535 κλυδῶνι,
1147 466 1211 521 οὐ
1259 470 1356 522 τοῦ
1408 465 1623 539 ὕδατος,
1680 466 1826 522 ἀλλά
1870 472 1940 521 τοῖ

2081 486 2203 524 non
2235 486 2402 540 aquas
2427 469 2581 539 illos,
2616 471 2719 526 sed
2751 472 2941 544 iniqui
2977 477 3244 528 conatus.
3279 475 3360 529 Ac
3397 474 3727 545 procellam

310 554 551 629 ἀθέσμου
610 554 1044 630 ἐγχειρήματος
1106 556 1195 610 καὶ
1254 557 1344 611 τὸν
1413 558 1508 629 μὲν
1568 563 1822 631 χειμῶνα
1866 563 1969 626 τῆς

1540 646 1855 722 ἐδωρήσατο
1914 643 1971 700 δὲ

306 651 415 699 τῶν
481 646 821 716 Ἐκκλησιῶν
887 644 1062 716 ζάλης
1140 648 1459 701 κατέπαυσε·

306 737 443 807 ἡμῖν
476 737 575 804 την
614 733 861 810 μεγάλην
892 740 1000 789 τῶν
1044 736 1386 811 πραγμάτων
1449 736 1718 812 γαλήνην,
1770 730 1967 805 εὐσεϐῆ

315 825 543 898 βασιλέα
600 826 689 879 καὶ
747 827 885 879 κατὰ
940 827 1116 880 πάντα
1199 824 1471 903 ἐνάρετον,
1548 826 1858 905 ἐφάμιλλον
1910 847 1970 881 τε

308 915 400 968 καὶ
432 913 699 986 ἄξιοντοῦ
731 914 900 989 ὕψους
951 918 1052 980 τῆς
1115 913 1415 990 βασιλείσς,
1476 917 1810 989 κεκτημένον
1869 923 1968 985 τῆς

307 1003 631 1079 ὀρθοδοξίας
662 1005 754 1060 τὸν
793 1004 987 1076 ζῆλον,
1033 1005 1126 1060 καὶ
1177 1010 1283 1060 τῶν
1330 1007 1548 1081 τρόπων
1599 1007 1661 1061 τὸ
1709 1006 1963 1079 κόσμιον,

307 1093 644 1169 φερωνύμως
699 1091 1071 1163 ἀναστήσαντα
1146 1096 1282 1167 ἡμῖν
1355 1097 1453 1165 τὴν
1507 1093 1962 1166 ἐκκλησιαπικὴν

301 1181 527 1254 εἰρήνην
560 1203 618 1236 τε
648 1182 737 1235 καὶ
791 1182 1076 1255 ὁμόνοιαν.
1138 1182 1480 1257 Πεποίθαμεν
1530 1181 1587 1238 δὲ
1635 1188 1715 1257 τῷ
1760 1183 1961 1255 ταύτην

302 1272 441 1343 ἡμῖν
473 1272 855 1347 χαρισαμένῳ,
909 1271 990 1328 ὅτι
1042 1274 1129 1329 καὶ
1190 1277 1296 1329 τῶν
1342 1283 1441 1344 τῆς
1484 1272 1767 1337 πολιτείας
1822 1295 1965 1350 πρα-

305 1362 537 1435 γμάτων
568 1362 666 1431 την
703 1361 976 1439 ἀνέγερσιν
1010 1364 1148 1436 ἡμῖν
1196 1363 1555 1438 ἐπωνυμικῶς
1603 1364 1962 1439 προοιμιάζε-

299 1473 413 1512 ται,

370 1628 557 1701 Ὑμεῖς
589 1631 703 1701 οὗν,
738 1633 781 1684 ὧ
829 1631 951 1706 ἱερὰ
1011 1630 1244 1710 κεφαλὴ,
1417 1631 1469 1687 ἐν
1526 1633 1652 1705 ὑμῖν
1715 1630 1959 1708 διορατι-

296 1721 533 1793 κωτάτῳ
566 1717 788 1792 δυνάμει
834 1724 928 1775 τοῦ
987 1724 1324 1794 Πνεύματος,
1374 1723 1473 1790 τὴν
1517 1725 1680 1797 χεῖρα
1722 1730 1821 1792 τῆς
1868 1723 1950 1778 εὖ·

302 1813 503 1881 μενοῦς
552 1812 687 1882 ἡμῖν
742 1809 1063 1873 ἐκτείνοντες
1124 1810 1467 1882 ἐπικλήσεως
1524 1811 1720 1886 πραείᾳ
1773 1812 1951 1888 ἐπαφῇ
1989 1854 2033 1918 Β

305 1899 320 1909 .
438 1894 467 1918 ρ
516 1899 527 1917 ,
893 1900 903 1915 α
1217 1901 1229 1917 ε
1362 1901 1375 1917 ε
1502 1901 1516 1918 τ
1596 1901 1614 1918 κ
1897 1906 1909 1918 .

292 1894 604 1971 ἀμοιϐαίων
679 1900 1017 1975 γραμμάτων
1104 1901 1240 1955 κατά
1322 1901 1413 1955 τὸν
1500 1901 1947 1973 ἐκκλησιαστικὸν

290 1990 523 2061 θεσμὸν,
555 1986 721 2064 ἤγουν
774 1993 841 2064 τῇ
902 1993 1009 2044 τῶν
1070 1988 1489 2045 ἀντισυνοδικῶν
1550 1990 1853 2066 ἀποστολῇ,
1885 1994 1947 2047 τὸ

282 2085 393 2146 τῆς
456 2078 669 2153 ἀγάπης
726 2080 1091 2153 προσάγοντες
1149 2078 1432 2156 φάρμακον
1490 2081 1551 2134 τὸ
1637 2079 1843 2135 λυποῦν
1896 2082 1946 2136 ἐν

277 2169 422 2239 ἡμῖν
481 2168 571 2221 καὶ
636 2168 965 2245 ὑποσφῦζον,
1028 2172 1347 2243 οεραπεῦσαι
1432 2166 1787 2225 σπουδάσατε.
1874 2170 1946 2224 Οὐ

273 2256 384 2328 γάρ
418 2253 527 2309 ἐστι
587 2277 718 2310 ποτε
774 2256 949 2318 ἂνεσις
1004 2261 1071 2331 τῇ
1127 2261 1304 2332 ψυχῇ,
1363 2257 1396 2327 ἤ
1452 2263 1570 2320 τοῖς
1634 2257 1945 2333 ὀφθαλμοῖς

275 2340 608 2415 ἐπιϐήσεται
643 2346 827 2417 ὕπνος,
888 2348 976 2402 καὶ
1039 2349 1334 2410 ἀνάπαυσις
1383 2354 1501 2412 τοῖς
1550 2348 1875 2426 κροτάφοις,
1908 2348 1943 2419 ἢ

276 2440 404 2496 τοῖς
442 2434 736 2510 βλεφάροις
770 2440 931 2510 ἡμῶν
962 2439 1291 2513 νυσταγμὸς,
1326 2435 1427 2503 ἕως
1460 2437 1516 2493 ἄν
1554 2441 1655 2507 τὴν
1706 2439 1945 2493 καθόλου

268 2525 600 2597 θεασώμεθα
647 2525 743 2580 τοῦ
802 2531 934 2581 Θεοῦ
999 2527 1352 2599 Ἐκκλησίαν,
1408 2529 1505 2596 τήν
1567 2529 1795 2598 ἑνότητα
1848 2532 1945 2583 τοῦ

206 2634 219 2645 ’
266 2612 591 2687 ’πνεύματος
649 2614 739 2668 καῖ
796 2613 948 2679 αὖθις
1007 2615 1059 2669 ἐν
1121 2621 1197 2689 τῷ
1257 2615 1545 2690 συνδέσμῳ
1603 2624 1706 2686 τῆς
1796 2617 1947 2693 ε’ρη-

271 2723 381 2772 γης
443 2700 835 2771 διασώζουσαν.
892 2705 987 2758 Καὶ
1046 2706 1145 2780 γὰρ
1208 2705 1412 2760 ἐκείνου
1480 2707 1629 2767 ’ὀντες
1704 2707 1939 2779 μαθηταὶ

274 2788 675 2868 καὶδιάδοχοι,
708 2798 803 2847 τοῦ
862 2793 1006 2865 παρὰ
1060 2796 1155 2849 τοῦ
1204 2795 1399 2866 Κυρίου
1443 2795 1794 2857 ἀκούσαντος·
1843 2793 1942 2849 Σί-

286 2898 431 2953 μων’
494 2880 708 2955 Σίμων,
788 2879 906 2937 ἰδοὺ
998 2883 1025 2936 ὁ
1108 2889 1348 2946 Σατανᾶς
1427 2884 1720 2959 ἐξῃτήσατο
1804 2885 1942 2958 ὑμᾶς

281 2969 522 3024 σινιάσαι
590 2970 663 3033 ὡς
748 2972 839 3026 τὸν
923 2977 1092 3027 σῖτον·
1181 2972 1290 3049 ἐγὼ
1369 2970 1425 3028 δὲ
1501 2971 1729 3045 ἐδεήθην
1816 2974 1941 3049 περὶ

271 3063 403 3131 σοῦ,
449 3061 541 3115 ’ἱνα
603 3061 678 3133 μὴ
738 3059 964 3137 ἐκλείπῃ
1028 3063 1060 3132 ἡ
1120 3062 1301 3125 πίστις
1365 3083 1484 3117 σου·
1538 3063 1628 3117 καὶ
1689 3064 1752 3118 σύ
1808 3083 1941 3120 ποτε

270 3147 630 3225 ἐπιστρέψας,
686 3151 940 3224 στγςριξον
1020 3153 1148 3214 τοὺς
1226 3150 1497 3230 ἀδελφοῦς
1584 3174 1699 3208 σου.
1757 3153 1940 3229 Ὀφει-

2084 557 2324 628 quidem
2359 564 2537 612 aestus
2564 559 2963 615 Ecclesiarum
2996 560 3258 628 sedavit;
3290 562 3542 618 indulsit
3593 579 3730 618 vero

2079 662 2357 718 magnam
2390 663 2591 701 rerum
2624 650 3140 720 tranquillitatem,
3164 651 3327 721 pium
3349 650 3605 723 largiens
3624 653 3732 707 im-

2079 742 2438 807 peratorem,
2472 752 2537 790 ac
2566 737 2725 791 omni
2756 739 2969 793 virtute
2997 745 3273 794 ornatum
3304 740 3519 808 virum,
3550 741 3727 812 plane

2078 825 2327 897 dignum
2358 825 2595 897 imperii
2628 826 2867 890 vertice,
2902 827 3077 898 eique
3108 829 3574 901 respondentem
3624 831 3728 885 ha-

2074 913 2316 969 bentem
2350 915 2539 969 zelum
2568 914 2912 971 orthodoxa:
2944 916 3105 986 fidei,
3138 934 3206 973 ac
3245 935 3480 974 morum
3532 920 3727 973 hone-

2077 1008 2312 1067 statem,
2347 1004 2447 1075 qui
2498 1020 2605 1074 pro
2659 1006 2920 1060 nominis
2964 1007 3215 1075 ratione,
3263 1007 3731 1065 ecclesiasticam

2074 1093 2249 1149 nobis
2280 1109 2489 1165 pacem
2524 1098 2583 1148 et
2612 1095 2989 1150 concordiam
3020 1096 3182 1151 velut
3218 1103 3517 1153 mortuam
3566 1105 3728 1171 post-

2072 1182 2307 1238 liminio
2342 1182 2735 1259 suscitaverit.
2767 1185 2950 1239 Porro
2999 1186 3359 1241 confidimus
3406 1193 3729 1259 praestante

2073 1288 2163 1342 eo,
2197 1273 2298 1343 qui
2332 1288 2464 1327 eam
2496 1272 2997 1344 tranquillitatem
3038 1275 3285 1348 largitus
3338 1282 3446 1345 est,
3494 1281 3564 1332 ut
3606 1278 3731 1333 rei-‘

2070 1360 2325 1433 publicae
2359 1361 2716 1417 afﬂictarum
2775 1378 2978 1417 rerum
3032 1365 3555 1433 resurrectionem,
3616 1382 3723 1439 pro

2071 1451 2162 1506 sui
2194 1450 2593 1523 appellatione
2624 1451 2907 1521 nominis,
2959 1452 3323 1508 instaurator
3367 1454 3609 1510 inchoet
3654 1473 3723 1511 ac

2068 1539 2429 1597 exordiatur.

2139 1632 2250 1685 Vos
2283 1630 2504 1701 itaque,
2539 1648 2571 1686 ο
2604 1647 2839 1686 sacrum
2881 1637 3080 1703 caput,
3125 1631 3454 1703 perspicaci
3504 1631 3609 1687 illa
3655 1634 3717 1688 in

2064 1721 2228 1776 vobis
2259 1722 2471 1777 virtute
2506 1721 2771 1793 spiritus,
2808 1721 3045 1778 blanda)
3077 1723 3139 1777 in
3171 1739 3282 1777 nos
3304 1722 3718 1780 inclinationis

2064 1810 2453 1867 extendentes
2485 1828 2753 1879 manum,
2784 1811 2905 1866 leni
2935 1817 3212 1867 contactu
3243 1813 3567 1884 reciproca:
3613 1831 3723 1886 per

2064 1899 2293 1955 litteras
2322 1901 2527 1972 gratia)
2551 1901 2726 1973 juxta
2747 1901 3026 1956 Ecclesia:
3053 1901 3270 1975 legem,
3303 1901 3362 1955 id
3393 1907 3503 1971 est,
3527 1903 3721 1959 missis

2063 1988 2322 2044 vicissim
2355 1988 2680 2060 synodicis,
2709 1990 3046 2046 dilectionis
3078 1991 3412 2048 remedium
3429 1992 3720 2049 adhiben-

2064 2084 2174 2146 tes,
2206 2077 2361 2149 quod
2393 2078 2454 2132 in
2487 2078 2660 2134 nobis
2688 2079 2955 2134 dolorem
2979 2080 3143 2145 facit,
3168 2097 3234 2136 ac
3263 2081 3470 2138 subtus
3492 2083 3713 2153 pulsat,

2063 2168 2339 2223 festinate
2369 2184 2597 2223 curare.
2630 2168 2803 2223 Nulla
2832 2169 3127 2240 siquidem
3177 2171 3392 2225 anima)
3440 2173 3717 2227 remissio

2065 2264 2175 2323 est,
2207 2274 2318 2312 nec
2348 2272 2594 2312 somnus
2621 2258 2809 2313 oculis
2842 2259 2907 2325 η,
2932 2264 3032 2313 aut
3054 2259 3294 2330 requies
3322 2261 3713 2331 temporibus,

2060 2346 2153 2401 vel
2184 2345 2485 2417 palpebris
2530 2346 2872 2401 dormitatio
2926 2347 3126 2418 aliqua
3173 2348 3477 2417 insidebit,
3528 2350 3716 2405 donec

2062 2436 2280 2491 iterum
2340 2435 2679 2490 universam
2739 2436 2840 2490 Dei
2899 2436 3224 2491 Ecclesium
3284 2436 3481 2492 videre
3540 2437 3719 2493 liceat

2063 2530 2395 2580 servantem
2453 2527 2725 2579 unitatem
2782 2527 3014 2596 spiritus
3064 2528 3123 2580 in
3192 2527 3411 2581 vinculo
3460 2529 3621 2596 pacis
3651 2528 3714 2584 ¹⁴.

1991 2622 2007 2643 ‘
2060 2614 2293 2668 Etenim
2326 2630 2461 2668 cum
2494 2615 2623 2685 ejus
2658 2614 2786 2669 sitis
2818 2614 3094 2686 discipuli
3130 2620 3189 2670 et
3216 2632 3590 2671 successores
3613 2616 3715 2688 qui

2060 2718 2093 2757 a
2128 2703 2376 2757 Domino
2427 2702 2691 2757 audivit:
2751 2704 2959 2771 Simon,
3019 2705 3245 2759 Simon:
3305 2722 3421 2760 ecce
3478 2707 3719 2762 Satanas

2058 2795 2324 2865 expetivit
2354 2809 2445 2849 vos
2474 2800 2534 2849 ut
2564 2795 2835 2849 cribraret
2864 2797 3006 2849 sicut
3038 2797 3286 2850 triticum
3314 2814 3335 2859 ;
3383 2813 3481 2866 ego
3531 2803 3713 2852 autem

2048 2901 2157 2955 pro
2190 2890 2239 2938 te
2268 2884 2461 2953 rogavi
2490 2890 2553 2938 ut
2587 2899 2697 2937 non
2749 2884 2969 2952 deﬁciat
3006 2884 3138 2953 ﬁdes
3188 2891 3285 2940 tua
3322 2903 3344 2950 ;
3387 2891 3441 2940 et
3487 2892 3547 2940 tu
3599 2886 3711 2941 ali-

2057 2973 2279 3044 quando
2328 2989 2635 3040 conversus,
2697 2977 2962 3043 conﬁrma
3008 2976 3215 3041 fratres
3263 2980 3383 3029 tuos
3415 2974 3477 3041 ¹⁸,
3529 2974 3708 3047 plane

2057 3062 2287 3118 debetis
2343 3078 2377 3117 a
2435 3063 2551 3117 Deo
2610 3062 2906 3129 honorati,
2964 3079 3097 3117 cum
3154 3079 3224 3117 ea
3283 3063 3478 3118 studio
3536 3064 3707 3120 adhi-

2055 3153 2219 3220 bere,
2250 3170 2381 3225 qua)
2413 3158 2553 3207 sunt
2582 3153 3055 3207 conﬁrmationis
3085 3152 3160 3207 ad
3201 3152 3709 3222 emendationem,

270 3237 433 3294 λέται
467 3236 604 3311 ἐστε,
664 3239 1005 3314 θεοτίμητοι,
1063 3241 1131 3296 τὰ
1188 3242 1308 3314 μὲν,
1366 3246 1461 3297 τοῦ
1518 3242 1653 3316 πρὸς
1710 3241 1937 3317 ἐπανόρο

2056 3248 2177 3299 tum
2194 3260 2324 3314 quaz
2348 3242 2766 3313 compatientis
2784 3242 2968 3297 animi
2991 3243 3346 3314 propensive
3369 3243 3707 3299 ostendere.

267 3332 445 3383 Οωσιν
510 3333 821 3404 στηριγμοῦ
881 3329 1099 3406 ἐπάγειν
1184 3330 1483 3403 ἐπιμελῶς,
1562 3333 1629 3387 τά
1705 3328 1781 3403 δὲ,
1840 3339 1940 3402 τῆς

266 3419 596 3489 συμπαθῶς
654 3420 884 3492 γνώμης
944 3422 1374 3497 προχειρότερον
1442 3419 1659 3495 μᾶλλον
1715 3422 1932 3498 χαρίζε-

266 3510 422 3564 σθαι.
458 3508 610 3564 Ἐπεὶ
660 3510 751 3562 καὶ
800 3509 892 3563 τὸν
956 3517 1252 3589 κορυφαῖον
1314 3511 1494 3582 αὐτὸν,
1556 3513 1614 3568 ἐκ
1670 3517 1765 3569 τοῦ
1824 3515 1942 3577 καθ’

263 3596 463 3653 ἑαυτὸν
542 3599 833 3672 προτρέπει
896 3598 922 3651 ὁ
982 3600 1207 3671 Κύριος,
1287 3599 1577 3655 συνειδέναι
1672 3602 1763 3676 μὲν
1839 3604 1939 3672 τῆς

264 3685 473 3758 σαρκὸς
522 3686 621 3754 τὴν
682 3685 980 3741 ἀσθένειανο
1042 3688 1169 3749 τοὺς
1228 3684 1285 3742 δὲ
1351 3690 1469 3743 κατ’
1518 3688 1777 3765 ἐπήρειαν
1833 3695 1940 3747 τῶν

270 3775 456 3844 ἐκτὸς,
544 3772 769 3830 ὀλίσθου
843 3773 1056 3852 τροπὴδ
1144 3777 1567 3850 ὑπομείναντας,
1652 3779 1785 3834 καθὸ
1866 3777 1931 3849 δὴ

268 3863 543 3921 πέπονθεν
603 3865 692 3919 καὶ
751 3865 914 3927 αὐτὸς
974 3865 1027 3919 ἐν
1084 3870 1163 3938 τῷ
1219 3871 1317 3921 τοῦ
1377 3866 1651 3942 σωτηρίου
1726 3867 1932 3932 πάθους

265 3957 471 4029 καιρῷ,
510 3955 586 4026 μὴ
646 3953 1051 4024 ἀποστελῆσθαι
1109 3958 1179 4028 (e)
1229 3963 1331 4026 τῆς
1386 3957 1504 4011 κατ’
1565 3956 1935 4035 ἐπανόρθωσιν

267 4044 416 4114 πρὸς
445 4043 545 4112 τήν
579 4045 844 4120 προτέραν
879 4044 1137 4099 ἀπάθειαν
1171 4045 1679 4110 ἀπακαταστάσεως.

344 4132 637 4188 Καῖτοῦτο
671 4130 748 4203 δὲ,
804 4132 902 4201 τήν
968 4134 1113 4210 ἱεράν
1177 4136 1329 4207 ὑμῶν
1386 4137 1611 4208 μνήμην
1675 4137 1751 4209 μή
1811 4134 1929 4191 δια-

257 4220 533 4300 φευγέτω,
567 4220 640 4284 ὣς
670 4243 812 4283 τινες
840 4227 948 4277 τῶν
1002 4222 1342 4278 καθέλόντων
1393 4225 1484 4279 τὸν
1537 4218 1707 4295 ἀσεϐῆ
1759 4224 1928 4282 Εὐτυ-

255 4311 368 4389 χέα
410 4310 496 4365 ἐπὶ
552 4315 648 4365 τοῦ
706 4318 808 4381 τῆς
867 4311 1019 4386 ἆγίας
1080 4314 1308 4387 μνήμης
1356 4309 1699 4381 Φλαῧιανοῢ,
1758 4313 1809 4369 ἐν
1857 4320 1926 4391 τῇ

260 4401 403 4475 μετά
430 4403 598 4454 ταῦτα
659 4398 747 4454 ἐπὶ
805 4402 1114 4474 Διοσκόμου
1173 4400 1226 4457 ἐν
1284 4404 1493 4481 Ἐφέσῳ
1545 4402 1779 4477 συνόδῳ,
1830 4405 1923 4461 τὸν

251 4486 487 4551 ἐνδίκως
542 4489 936 4563 κατακριθέντα
991 4488 1397 4563 δικαιώσαντες,
1478 4493 1578 4562 τήν
1663 4490 1923 4548 ἀδικωτάο

2048 3339 2192 3388 Nam
2226 3338 2283 3387 et
2312 3332 2644 3404 principem
2676 3332 2870 3404 ipsum
2932 3349 3000 3387 ac
3046 3332 3457 3404 apostolorum
3506 3340 3703 3405 caput,

2047 3419 2330 3475 admonet
2359 3420 2644 3475 Dominus
2677 3438 2743 3474 ex
2774 3420 2848 3474 iis
2883 3437 3013 3491 qua;
3046 3419 3106 3475 in
3139 3437 3207 3476 eo
3239 3421 3605 3478 acciderunt.
3640 3429 3708 3478 ut

2049 3509 2173 3580 ipse
2204 3509 2445 3581 quidem
2495 3510 2692 3564 carnis
2750 3510 3157 3565 inﬁrmitatem
3214 3510 3544 3583 intelligat;
3600 3529 3701 3566 eos

2045 3604 2243 3653 autem
2277 3599 2378 3670 qui
2411 3604 2656 3654 externa
2681 3599 2937 3669 quadarn
2968 3599 3254 3653 violentia
3275 3615 3341 3654 ac
3373 3599 3600 3655 insultu
3627 3599 3702 3655 ad

2043 3704 2247 3744 casum
2277 3688 2519 3759 impulsi
2547 3689 2809 3755 fuerunt,
2842 3687 3353 3760 quemadmodum
3376 3689 3502 3760 ipse
3521 3688 3701 3745 etiam

2044 3794 2255 3849 passus
2287 3782 2377 3832 est
2402 3776 2510 3832 sub
2562 3782 2795 3849 tempus
2845 3777 3123 3834 salutaris
3168 3776 3488 3849 passionis,
3538 3777 3700 3834 haud

2045 3867 2127 3922 ita
2151 3866 2395 3933 habere,
2428 3872 2494 3922 ut
2522 3883 2595 3922 ne
2656 3867 2874 3939 prioris
2925 3873 3112 3923 status
3160 3867 3232 3923 ab
3282 3868 3702 3924 affectionibus

2038 3957 2204 4012 vacui
2232 3955 2691 4026 absolutionem,
2712 3956 3129 4013 emendatione
3149 3957 3385 4014 valeant
3405 3958 3692 4031 recipere.

2108 4138 2223 4191 Nec
2255 4135 2404 4191 illud
2437 4134 2774 4199 veroTsacra
2802 4140 2997 4191 vestra
3026 4136 3319 4193 memoria
3350 4137 3604 4203 excidat,
3635 4132 3704 4193 ut

2033 4226 2318 4282 nimirum
2351 4225 2627 4280 nonnulli
2669 4241 2899 4290 eorum,
2934 4225 3037 4296 qui
3068 4224 3177 4280 sub
3204 4231 3426 4282 sanctae
3456 4242 3690 4282 memo-

2030 4316 2135 4370 riae
2168 4314 2448 4370 Flaviano
2479 4315 2731 4386 impium
2784 4314 3110 4384 Eutychem
3161 4315 3572 4385 damnassent,
3622 4315 3686 4371 in

2031 4405 2329 4477 Ephesina
2357 4403 2741 4476 postmodum
2772 4403 2997 4475 synodo
3043 4403 3115 4460 ab
3175 4403 3476 4473 Dioscoro,
3526 4422 3685 4473 eum,

2031 4496 2131 4568 qui
2154 4495 2315 4567 juste
2337 4493 2770 4549 condemnatus
2790 4492 3021 4562 fuisset,
3041 4493 3274 4565 justum
3297 4494 3687 4566 pronuntian-

248 4601 360 4651 την
417 4577 726 4650 ἐπήρτησαν
792 4575 1090 4653 Φλαῦιανῷ
1140 4585 1218 4653 τῷ
1280 4586 1679 4657 μακαριωτάτῳ
1749 4586 1908 4638 κατά-

2056 4603 2135 4651 es,
2168 4584 2329 4640 omni
2362 4584 2607 4656 plenam
2638 4582 2933 4655 injustitia
2984 4583 3505 4639 condemnationis
3546 4601 3681 4639 sen-

249 4691 451 4745 κρισιν·
486 4670 573 4724 καὶ
609 4669 764 4745 ’ὀμως
795 4668 846 4725 ἐν
899 4675 967 4745 τῇ
1026 4674 1163 4727 κατὰ
1220 4670 1546 4744 Χαλκηδόνα
1603 4673 1733 4748 ἁγίᾳ
1791 4697 1914 4728 συν-

252 4757 376 4831 όδῳ
434 4757 632 4830 ἤρκεσε
686 4760 903 4823 τούτοις
950 4761 1087 4832 πρὸς
1144 4760 1355 4815 τελείαν
1444 4763 1763 4836 ἀποτροπὴν
1824 4767 1920 4818 τοῦ

247 4846 608 4923 ἐγκλήματος
642 4849 676 4917 ἡ
736 4854 837 4918 τῆς
898 4849 1082 4925 ὑγιοῦς
1140 4847 1447 4923 ὁμολογίας
1505 4851 1767 4922 σύνθεσις,
1826 4836 1918 4906 καὶ

245 4936 322 4990 οὐ
352 4932 585 4990 πολλῶν
616 4935 740 5009 περὶ
793 4935 992 4992 τούτου
1051 4935 1277 5008 ἐδέησαν
1323 4938 1504 4993 πόνων
1567 4940 1659 4993 καὶ
1712 4937 1912 5014 λόγων.

243 5022 385 5081 Οἷδε
410 5026 508 5099 γάρ
542 5024 811 5104 ἀδελφική
847 5028 1077 5104 στοργὴ,
1113 5029 1189 5101 μὴ
1222 5026 1459 5083 ἐπιπολὺ
1512 5026 1911 5084 ἀναϐάλλεσθαι

238 5114 311 5167 τὸ
344 5113 479 5188 πρὸς
532 5118 628 5168 τοῦ
687 5113 859 5178 πέλας
900 5118 1170 5188 προσηνὲς
1224 5118 1314 5172 καὶ
1376 5117 1680 5193 μειλίχιον.
1739 5123 1913 5174 Ταῦτα

235 5201 347 5279 γὰρ
379 5206 496 5264 τοῖς
549 5201 600 5257 ἐν
661 5201 797 5276 αὖτῇ
845 5208 913 5278 τῇ
963 5202 1016 5259 ἐν
1080 5203 1392 5278 Χαλκηδόνι
1453 5205 1899 5283 συνειλεγμένοις

315 5410 363 5448 ¹³
392 5413 548 5470 Psal.
583 5422 774 5483 cxxxi,
806 5414 861 5470 4.
938 5415 983 5450 ¹⁴
1012 5416 1225 5488 Ephes.
1260 5433 1333 5485 IV,
1366 5420 1419 5473 2.

1499 5416 1544 5451 ‘5
1576 5419 1714 5474 Luc.
1746 5435 1887 5488 χιιι,
1922 5421 2013 5475 31.

2028 4675 2277 4730 tentiam
2308 4674 2369 4729 in
2393 4672 2805 4729 beatissimum
2836 4672 3179 4729 Flavianum
3207 4673 3473 4729 tulerint.
3509 4675 3552 4728 li
3587 4675 3683 4729 ni-

2032 4764 2358 4819 hilominus
2390 4765 2532 4819 satis
2591 4761 2932 4819 habuerunt
2994 4762 3057 4817 in
3113 4768 3318 4819 sancta
3365 4763 3680 4819 Chalcedo-

2029 4854 2203 4909 nensi
2236 4852 2484 4926 synodo,
2518 4852 2592 4908 ad
2650 4851 2909 4924 perfecte
2958 4852 3381 4924 depellendum
3427 4853 3675 4921 crimen,

2026 4947 2091 4996 ut
2148 4959 2307 4997 sana)
2364 4940 2727 4996 confessioni
2782 4957 3093 4996 assensum
3155 4940 3508 5012 praeberent,
3567 4956 3678 4997 nec

2027 5031 2229 5086 multis
2260 5031 2333 5085 ad
2356 5032 2467 5086 hoc
2494 5030 2801 5086 laboribus
2851 5029 3164 5100 verbisque
3209 5030 3295 5085 eis
3344 5047 3494 5102 opus
3545 5030 3675 5086 fuit.

2022 5123 2249 5194 Quippe
2284 5122 2444 5176 novit
2468 5121 2769 5177 fraternus
2798 5137 2968 5177 amor
2994 5137 3114 5176 non
3146 5120 3251 5177 diu
3299 5120 3538 5177 differre
3587 5122 3675 5177 le-

2020 5211 2268 5267 nitatem
2300 5211 2362 5265 in
2413 5212 2775 5284 proximum,
2828 5227 2896 5267 ac
2952 5210 3205 5267 blandos
3263 5227 3479 5267 mores.
3541 5211 3675 5267 Haec

1617 5589 1851 5644 VARIE
1890 5588 2295 5647 LECTIONES'

317 5681 393 5752 (c)
425 5680 557 5753 Leg.
592 5681 1026 5759 ἀποστερεῖσθαι.
