4074 6386
475 366 611 423 1431

1694 358 2005 417 ιοΑΝΝιΒ
2040 361 2526 419 ΡΔΤΒΙΔΕΟΗΒ
2562 363 2673 419 CP.

3740 362 3843 423 1432

475 491 640 548 enim
669 488 1088 545 sanctissimus
1122 488 1235 543 Leo
1267 485 1542 542 Patribus
1571 485 1944 542 Chalcedone
1981 502 2133 542 con-

2254 484 2488 561 [ἰατράσι
2543 487 2694 542 Λέων
2729 487 2757 541 ὁ
2788 488 3093 563 ἁγιώτατος
3141 485 3507 554 διεστείλατο,
3556 484 3584 539 δ
3627 493 3718 557 τῆς
3755 494 3845 554 καθ’

475 579 737 654 gregatis
766 579 1034 646 mittens,
1070 581 1277 633 vestras
1310 576 1412 631 ille
1439 575 1783 647 apostolicus
1831 575 2133 645 Ecclesiae,

480 668 628 742 quin
659 674 718 724 et
749 667 1010 723 universi
1043 665 1203 722 orbis
1224 664 1624 720 clarissimum
1646 664 1871 732 lumen,
1895 664 1957 719 in
1979 664 2139 720 hunc

481 758 730 816 modum
762 757 1001 829 scripsit
1034 754 1115 810 ¹⁶;
1154 780 1174 804 ε
1214 753 1325 809 Sed
1357 753 1497 825 quia
1541 753 1733 808 multa
1775 768 1953 824 saape,
2005 769 2136 824 quas

482 847 917 922 pcenitudinem
971 845 1202 917 possint
1253 859 1559 917 generare,
1646 842 2024 915 proveniunt,
2081 847 2141 897 et

483 936 942 1010 superatculpas
956 933 1437 1004 delinquentium
1453 932 1860 988 misericordia
1873 931 2137 1000 Dei,ideo

485 1025 875 1099 suspenditur
909 1024 1078 1091 ultio,
1110 1029 1177 1078 ut
1205 1024 1395 1094 possit
1424 1021 1623 1077 locum
1652 1021 1871 1078 habere
1929 1038 2136 1077 corre-

480 1117 618 1174 ctio.
653 1137 682 1166 ››
714 1115 804 1171 Ad
839 1114 965 1169 hinc
997 1129 1132 1168 vero
1167 1112 1346 1167 etiam
1374 1112 1470 1183 pie
1515 1111 1946 1167 recordationis
1990 1111 2139 1165 scri-

478 1206 627 1264 bens
648 1205 979 1261 Pulcheriaa
997 1206 1300 1276 Augustae,
1326 1203 1387 1258 in
1402 1202 1653 1276 epistola
1670 1202 1843 1275 cujus
1862 1202 2099 1256 initium
2122 1218 2134 1256 :

477 1317 509 1347 ει
523 1294 881 1364 Religiosam
896 1293 1229 1349 clementia:
1243 1299 1450 1347 vestras
1465 1291 1928 1347 sollicitudinem
1939 1307 2138 1361 ,quam

478 1384 789 1442 catholica)
821 1383 959 1437 ﬁdei
992 1382 1405 1438 indesinenter
1443 1381 1811 1452 impenditis,
1846 1402 1870 1433 ε
1906 1381 2140 1453 ejusce-

481 1472 648 1530 modi
708 1471 914 1527 scribit
972 1470 1515 1542 principalissimus
1576 1470 1786 1526 Leonis
1858 1470 2135 1525 animus:

485 1581 519 1614 οι
549 1562 713 1618 Sicut
744 1562 904 1616 enim
936 1578 971 1616 a
1000 1560 1294 1632 principio
1327 1560 1507 1630 hujus
1541 1576 1733 1615 causas
1774 1559 2137 1630 frequentis-

487 1656 639 1707 sime
671 1651 902 1722 scripsi,
934 1651 1089 1705 hanc
1118 1650 1278 1704 inter
1307 1648 1608 1705 discordes
1641 1666 1852 1704 sensus
1902 1654 1961 1704 et
2006 1665 2138 1704 car-

486 1740 657 1797 nales
689 1740 1103 1795 mmulationes
1134 1738 1605 1794 moderationem
1628 1738 1784 1793 volui
1815 1737 2135 1805 custodire,

485 1836 555 1887 ut
570 1830 889 1920 integritati
912 1829 1153 1920 quidem
1180 1828 1317 1883 ﬁdei
1340 1827 1491 1883 nihil
1522 1828 1716 1896 evelli,
1750 1827 1899 1883 nihil
1918 1826 2142 1920 liceret
2167 1855 2214 1920 Β

484 1920 724 1993 apponi,
775 1918 851 1974 ad
903 1918 1197 1974 unitatem
1251 1934 1385 1973 vero
1444 1934 1772 1989 pacemque
1829 1916 2138 1972 redeunti-

481 2008 617 2077 bus,
650 2008 982 2064 remedium
1016 2009 1202 2063 venize
1234 2012 1639 2079 praestaretur.
1674 2008 1821 2073 Quia
1844 2013 1983 2062 tunc
2006 2023 2141 2078 ope-

478 2115 617 2156 rum
675 2097 898 2153 diaboli
940 2098 1221 2169 potentias
1271 2097 1681 2167 destruuntur,
1731 2113 1864 2152 cum
1916 2095 1989 2152 ad
2034 2094 2138 2150 Dei

480 2188 859 2262 proximique
887 2187 1273 2242 dilectionem
1305 2186 1617 2241 hominum
1648 2186 1829 2242 corda
1858 2202 2139 2240 revocan-

479 2282 599 2335 tor.
634 2299 661 2328 »
725 2277 843 2331 Hoc
901 2277 1095 2348 ipsum
1156 2276 1330 2348 longe
1387 2277 1567 2331 etiam
1616 2277 1783 2347 prius
1840 2276 2143 2330 invenitur

482 2372 801 2441 praastasse
857 2366 920 2419 in
979 2365 1198 2420 divinis
1249 2372 1560 2421 accuratus
1621 2364 1899 2435 Cyrillus,
1958 2364 2019 2418 in
2073 2380 2144 2419 ea

486 2470 669 2527 quam
700 2453 907 2508 habuit
958 2470 1092 2507 cum
1152 2453 1446 2524 episcopis
1501 2451 1900 2509 Orientalibus
1949 2451 2145 2507 disce-

490 2544 759 2618 ptatione
793 2542 1246 2615 studiorumque
1297 2543 1598 2599 conflictu.
1648 2544 1872 2614 Quippe
1904 2543 1966 2611 ii,
2001 2559 2147 2615 prae-

492 2632 840 2690 damnatum
868 2633 1204 2687 Nestorium
1228 2632 1535 2687 absolvere
1552 2631 2145 2703 volentes,latamque

487 2722 552 2778 in
573 2739 706 2777 eum
739 2723 1097 2777 sententiam
1131 2728 1465 2794 satagentes
1496 2722 1728 2777 irritam
1768 2721 1984 2790 facere,
2018 2738 2146 2777 rem

486 2818 1002 2887 praesumpserunt
1031 2811 1278 2867 minime
1310 2811 1618 2868 ferendam
1649 2830 1663 2881 ;
1697 2812 1842 2883 quin
1885 2811 2145 2867 maximo

486 2919 552 2959 se
586 2902 808 2958 scelere
842 2902 1615 2975 constrinxerunt;quippe
1674 2903 1776 2974 qui
1824 2902 1998 2958 beato
2046 2903 2149 2975 Cy-

482 2992 646 3059 rillo,
680 3008 746 3047 ac
777 2992 908 3063 ejus
934 2991 1162 3062 synodo
1195 2992 1512 3047 anathema
1543 2992 1821 3046 dixerint.
1854 2992 2145 3047 Cauterum

488 3082 541 3139 is
570 3098 809 3152 quoque
842 3086 1186 3151 promptum
1237 3079 1528 3148 adhibuit,
1581 3081 1854 3151 nihilque
1902 3080 2146 3136 difﬁcile

484 3170 820 3229 remedium
850 3186 862 3223 :
896 3169 1009 3224 hoc
1041 3186 1227 3224 unum
1252 3169 1676 3225 satisfactionis
1718 3170 1846 3225 loco
1901 3170 2142 3242 exigens

485 3265 557 3316 ut
583 3258 867 3313 nimirum
913 3258 985 3312 iis
1039 3275 1170 3329 quin
1230 3258 1486 3313 fuissent
1540 3259 1824 3331 synodice
1882 3223 2218 3328 decreta,c

488 3349 705 3424 pieque
728 3350 1311 3415 deﬁnita,assensum
1337 3354 1711 3420 praestarent,
1736 3349 2145 3420 sancitamque

489 3440 558 3496 in
589 3439 839 3511 impium
875 3438 1309 3493 conﬁrmarent
1337 3438 1784 3493 damnationem
1812 3456 1825 3507 ;
1855 3438 1918 3494 in
1941 3455 2041 3493 eas
2065 3438 2151 3493 in-

493 3529 668 3585 terim
705 3530 881 3583 totius
914 3527 1111 3600 gaudii
1146 3527 1356 3598 plenas
1388 3544 1557 3584 voces
1596 3534 2024 3600 prorumpente
2049 3545 2150 3582 eo-

496 3616 633 3675 dem
665 3618 793 3688 ipso
827 3618 1051 3673 deifero
1085 3620 1277 3686 Patre,
1312 3634 1460 3688 quas
1490 3623 1659 3689 putet
1687 3617 1907 3688 aliquis
1937 3618 2147 3684 dictas,

494 3708 658 3763 velut
688 3708 813 3778 ipse
866 3706 1062 3779 potius
1120 3707 1354 3761 veniam
1416 3710 1575 3761 esset
1629 3712 1984 3762 consecutus
2041 3724 2149 3779 pro

497 3797 717 3870 quibus
747 3796 1111 3863 offendisset,
1148 3812 1326 3866 quam
1376 3795 1449 3849 iis
1496 3795 1867 3865 indulsisset,
1917 3797 2019 3868 qui
2070 3797 2153 3851 ita

494 3887 926 3944 offendissent:
962 3909 989 3936 ‹‹
1028 3886 1327 3941 Lwtentur
1372 3886 1555 3953 enim,
1616 3885 1833 3957 inquit,
1890 3886 2044 3954 coeli,
2093 3891 2153 3941 et

497 3976 754 4033 exsultet
780 3982 966 4031 terra:
991 3975 1224 4031 medius
1246 3975 1442 4047 paries
1469 3976 1744 4031 maceria;
1776 3975 2008 4030 solutus
2039 3980 2148 4043 est,

497 4084 567 4124 ac
589 4068 848 4140 cujusvis
866 4067 1102 4140 generis
1125 4066 1359 4122 sublata
1389 4066 1706 4135 dissensio,
1738 4067 2151 4122 universorum

497 4158 797 4213 Salvatore
828 4159 1059 4213 Christo
1093 4156 1373 4212 Ecclesiis
1405 4157 1527 4212 suis
1552 4173 1758 4227 pacem
1785 4156 2093 4228 largiente.
2121 4183 2143 4209 ι

499 4249 681 4304 Porro
709 4247 886 4302 etiam
919 4246 1151 4302 habetis
1185 4264 1283 4301 vos
1315 4264 1348 4301 a
1382 4247 1498 4303 Deo
1532 4246 1738 4303 afflati,
1789 4246 2024 4302 ﬁrmam
2072 4245 2153 4301 le-

498 4337 906 4411 gitimamque,
941 4353 1009 4391 ac
1039 4336 1385 4391 nullatenus
1416 4335 1823 4408 repellendam
1856 4335 2150 4392 defensio-

499 4441 663 4491 nem,
714 4440 852 4495 qua,
910 4425 1155 4480 omnino
1215 4442 1321 4496 per
1376 4424 1605 4480 illatam
1664 4426 1779 4481 vim
1833 4426 2156 4482 commissa

503 4516 755 4571 offensio
787 4514 1081 4571 abolenda
1121 4517 1236 4582 sit;
1271 4532 1481 4587 puram
1512 4515 1794 4572 nimirum
1827 4533 1895 4572 ac
1929 4516 2153 4573 claram

2248 575 2390 649 ὑμᾶς
2414 575 2789 647 ἆποστολικῆς
2839 574 3127 652 καθέδρας,
3183 575 3400 651 μᾶλλον
3461 571 3522 631 δέ
3564 581 3660 645 τῆς
3702 577 3845 633 οἴκου-

2249 665 2418 738 μένης
2484 666 2699 738 ἁπάσης
2754 667 3072 743 φανώτατος
3129 663 3398 740 λαμπτὴρ
3454 663 3642 721 τοιάδε
3688 686 3845 741 γεγραο

2244 756 2383 832 φώς·
2442 780 2470 809 ιι
2525 756 2682 814 Ἀλλ’
2736 755 2853 813 ἐπεὶ
2910 754 3102 813 πολλὰ
3156 751 3445 830 συμϐαίνει
3502 751 3757 818 πολλάκις
3800 759 3849 813 τὰ

2247 841 2515 918 δυνάμενα
2548 849 2838 920 μετάνοιαν
2872 845 3149 920 έμποιεῖν,
3189 844 3281 901 καὶ
3324 846 3352 901 ὁ
3404 839 3563 906 ἔλεος
3607 848 3697 898 τοῦ
3749 850 3850 901 θεοῦ

2244 932 2365 1006 νικᾷ
2428 939 2537 991 τῶν
2596 935 3021 1009 ἁμαρτανόντων
3102 934 3173 991 τὰ
3244 932 3723 1008 πλημμελήματα,
3786 932 3850 991 lui

2243 1027 2428 1095 τοῦτο,
2487 1024 2555 1079 τὰ
2606 1032 2708 1094 τῆς
2759 1025 3035 1100 τιμωρίας
3093 1023 3148 1080 έν
3206 1023 3499 1096 ἀναρτήσει
3564 1021 3851 1091 καθίσταται,

2246 1111 2397 1176 ὅπως
2427 1112 2487 1168 ἄν
2522 1115 2712 1191 χώραν
2742 1111 2890 1190 ἔχειν
2945 1117 2981 1185 ἠ
3034 1111 3325 1190 διόρθωσις
3380 1109 3662 1182 δυνηθείη.
3694 1134 3716 1164 ι
3759 1113 3850 1170 Ἔτι

2249 1205 2358 1277 μὴν
2390 1204 2480 1259 καὶ
2514 1203 2828 1280 Πουλχερίᾳ
2851 1203 2920 1279 τῇ
2949 1210 3051 1274 τῆς
3106 1197 3361 1265 εὐσεϐοῦς
3408 1200 3623 1272 λήξεως
3670 1201 3849 1276 γράφων

2246 1294 2298 1350 έν
2332 1294 2620 1371 ἐπιστολῇ,
2649 1297 2716 1366 ἧς
2748 1298 2783 1367 ἡ
2815 1296 2991 1372 άρχή,
3034 1318 3062 1347 ιι
3101 1296 3211 1364 Τὴν
3263 1290 3500 1373 θεοφιλῆ
3550 1300 3647 1363 τῆς
3697 1293 3850 1368 ὑμετὲ-

2248 1405 2343 1462 ρας
2376 1385 2791 1455 φιλανθρωπίας
2846 1381 3133 1463 φροντίδα,
3180 1383 3247 1454 ἢν
3290 1387 3359 1459 τῇ
3403 1380 3676 1456 καθολικῇ
3715 1382 3849 1437 πίστει

2246 1474 2596 1532 ἀδιάλειπτον
2629 1475 2949 1550 ἀπονέμετε,
2984 1499 3013 1527 ››
3041 1472 3227 1530 τοιάδε
3260 1474 3425 1549 φησὶν
3459 1474 3490 1528 ὁ
3523 1472 3850 1547 άρχικώτατος

2245 1570 2343 1621 τοῦ
2376 1564 2601 1629 Λέοντος
2627 1569 2778 1628 νοῦς’
2836 1589 2865 1617 ‹‹
2898 1565 3149 1640 Καθάπερ
3204 1562 3309 1640 γὰρ
3366 1561 3419 1636 έξ
3472 1560 3650 1638 άρχῆς
3691 1559 3848 1632 ταύτης

2245 1658 2344 1723 τῆς
2385 1653 2694 1717 ὑποθέσεως
2751 1653 3056 1730 συχνότατα
3112 1654 3381 1731 γέγραφα,
3437 1649 3640 1721 ταύτην
3696 1650 3848 1723 μεταξῦ

2245 1748 2354 1799 τῶν
2381 1765 2441 1799 τε
2471 1741 2848 1819 διχονοουσῶν
2882 1740 3161 1811 διανοιῶν,
3191 1741 3281 1797 κάῖ
3304 1745 3415 1797 τῶν
3440 1743 3707 1815 σαρκικῶν
3728 1739 3849 1811 ζηλο-

2245 1838 2452 1888 τυπιῶν
2482 1836 2583 1902 τὴν
2615 1831 2903 1889 ἐπιείκειαν
2940 1830 3220 1909 βούλομαι
3251 1828 3627 1909 φυλαχθῆναι·
3662 1827 3845 1903 ὣστετῇ

2250 1922 2345 1996 μὶν
2376 1920 2682 1995 τελειότητι
2713 1928 2813 1991 τῆς
2854 1921 3089 1983 πίστεως
3122 1917 3291 1994 μηδὶν
3351 1918 3550 1993 έεεῖναι
3595 1919 3845 1993 προστεθῆ-

2243 2033 2353 2081 ναι,
2391 2013 2529 2084 μήτε
2591 2011 2699 2085 μὴν
2744 2010 3120 2088 ἀφαιρεθῆναιο
3172 2013 3291 2071 τοῖς
3341 2005 3402 2063 δὶ
3451 2008 3592 2083 πρὸς
3637 2008 3725 2075 τήν
3765 2005 3845 2061 ένί-

2243 2122 2383 2172 τητα
2411 2100 2501 2155 καὶ
2532 2100 2631 2169 τήν
2665 2100 2883 2171 εἰρήνην
2934 2098 3236 2168 έπανιοῦσι,
3293 2098 3358 2154 τὸ
3412 2104 3515 2167 τῆς
3574 2097 3843 2171 συγγνώμης

2247 2188 2384 2263 ἴαμα
2442 2193 2878 2267 παρασχεθῂαι.
2962 2186 3172 2257 Επειδή
3251 2188 3377 2242 τότε
3453 2188 3523 2241 τὰ
3596 2182 3715 2262 ἔργα
3776 2188 3844 2239 τοῦ

2249 2279 2515 2339 διαϐόλου
2583 2279 2953 2358 δυνάτώτερον
3003 2282 3408 2357 καθαιροῦνται,
3449 2279 3576 2336 ὅταν
3624 2279 3745 2355 πρὸς
3773 2278 3841 2344 τήν

2244 2378 2343 2429 τοῦ
2372 2376 2506 2428 Θεοῦ
2536 2372 2627 2427 καὶ
2653 2375 2751 2426 τοῦ
2781 2369 3021 2443 πλησίον
3034 2363 3291 2446 ’ἀγάπην,
3340 2370 3399 2424 αἱ
3446 2371 3558 2425 τῶν
3606 2366 3840 2441 ἀνθρώπων

2249 2461 2631 2519 ἀνακαλῶνται
2659 2459 2898 2537 καρδίαι.
2936 2485 2964 2513 »δ
2996 2459 3143 2519 Αὐτὸ
3175 2456 3233 2516 δὲ
3250 2463 3421 2515 τοῦτο
3455 2456 3601 2514 πολὺ
3638 2455 3841 2530 πρότερον

2248 2553 2337 2608 καὶ
2402 2548 2684 2621 Κύριλλος
2717 2553 2745 2605 ὁ
2793 2544 3026 2624 ἀκριϐής
3077 2549 3203 2626 περὶ
3252 2548 3322 2605 τὰ
3375 2554 3498 2613 θεῖα
3552 2547 3841 2616 πεποιηκέναι

2248 2639 2551 2713 εὑρίσκεται
2632 2639 2719 2696 ἐπὶ
2792 2643 2862 2712 τῇ
2944 2644 3054 2696 τῶν
3134 2636 3513 2697 Ἀνατολικῶν
3595 2636 3839 2693 έπισκοπων

2249 2732 2390 2805 πρὸς
2452 2730 2613 2785 αὐτὸν
2674 2726 2893 2804 διενέξει
2949 2751 3008 2786 τε
3062 2730 3154 2785 καὶ
3205 2729 3540 2787 ἀντιστάσει.
3614 2723 3838 2785 Ἀπολύειν

2250 2820 2356 2896 γὰρ
2387 2819 2756 2895 κατακρίσεως
2811 2819 3006 2876 έκεῖνοι
3070 2817 3405 2895 βουλομένοι
3455 2819 3549 2875 τὸν
3594 2815 3835 2891 Νεστόριον,

2248 2910 2340 2966 καὶ
2397 2910 2499 2978 τήν
2560 2909 2645 2965 έπ’
2699 2908 2848 2981 αὐτῷ
2905 2913 3089 2989 ψῆφον
3143 2909 3376 2983 ἀκυροῦν
3435 2904 3756 2975 σπεύδοντες,
3794 2901 3833 2957 οὗ

2251 2998 2468 3079 φορητὰ
2530 2999 2960 3073 τετολμήκασιν,
3030 2995 3181 3055 ἀλλὰ
3256 2998 3521 3074 μέγιστον
3597 2994 3830 3071 εἰργάσαντο

2251 3086 2681 3162 πλημμέλημα.
2732 3087 2909 3147 Αὐτὸν
2966 3088 3069 3165 γὰρ
3118 3088 3211 3144 τὸν
3274 3089 3548 3163 μακάριον
3607 3081 3818 3160 Κύριλλσνο

2253 3179 2344 3236 καὶ
2400 3180 2501 3248 τὴν
2559 3179 2676 3234 κατ’
2733 3176 2892 3234 αὐτὸν
2948 3178 3336 3253 ἀνεθεμάτισαν
3393 3174 3651 3234 σύνοδον,
3718 3169 3824 3230 ’λλλᾶ

2255 3267 2506 3332 κάκεῖνος
2531 3273 2757 3344 ταχεῖαν
2810 3267 2905 3324 καὶ
2952 3265 3052 3323 οὐκ
3103 3264 3316 3344 ἰργώδη
3375 3266 3734 3342 προσηγάγετο
3770 3260 3832 3325 τὴν

2254 3356 2569 3428 ἀνάκτησιν*
2632 3356 2767 3412 αὐτὸ
2826 3357 2993 3429 μόνον
3043 3356 3106 3412 τὸ
3163 3352 3447 3421 συνθέσθαι
3526 3352 3708 3415 αὐτοὺς
3761 3352 3837 3408 τοῖς

2258 3443 2555 3509 συνοδικῶς
2583 3443 2954 3521 δεδογμένοις,
2993 3445 3083 3501 καὶ
3142 3440 3379 3507 εὐσεϐῶς
3436 3442 3753 3523 διορισθεῖσι,
3782 3434 3840 3523 καί

2256 3540 2355 3592 τοῦ
2413 3531 2641 3600 ἀσεϐοῦς
2696 3538 2936 3609 κυρῶσαι
3000 3535 3101 3606 τήν
3178 3530 3501 3605 καταδίκην,
3538 3522 3745 3592 νέκεῖνας
3785 3522 3841 3581 ἰπὶ

2256 3625 2477 3688 τούτοις
2521 3624 2618 3689 τάς
2673 3624 2851 3695 πάσης
2914 3622 3270 3699 περιχαρείας
3327 3622 3659 3697 έπιμάστους
3715 3616 3842 3696 amvi:

2259 3710 2625 3786 έκϐοήσαντος
2663 3718 2761 3769 τοῦ
2812 3712 2978 3769 αὐτοῦ
3035 3714 3309 3792 θεοφόρου
3366 3714 3603 3790 Πατρὸς,
3650 3709 3704 3772 ἃς
3751 3709 3844 3761 6x0-

2257 3805 2477 3876 νοήσειέ
2522 3824 2609 3867 τις
2638 3802 2897 3881 έρῥῆσθαι
2956 3804 3030 3867 ὥς
3085 3803 3252 3859 αὐτοῦ
3309 3799 3530 3877 μᾶλλον
3579 3798 3847 3870 πταίσματος

2261 3892 2622 3968 συγχώρησιν
2655 3888 2972 3966 δοξαμένου,
3031 3891 3119 3946 καὶ
3173 3891 3238 3947 οὐ
3292 3896 3411 3953 τοῖς
3469 3891 3710 3947 πταίσασι
3756 3902 3846 3955 συγ·

2263 3985 2645 4059 χωρήσαντος·
2712 4006 2739 4034 (ι
2766 3978 3241 4059 Εὐφραινέσθωσαν
3285 3981 3412 4056 γὰρ,
3460 3981 3645 4058 φησὶν,
3697 3976 3741 4031 οί
3784 3970 3847 4028 οὗ·

2260 4058 2435 4149 ρανοὶ,
2477 4072 2567 4127 καὶ
2615 4058 2976 4147 ἀγαλλιάσθω
3008 4072 3042 4139 ἡ
3074 4077 3168 4146 γῆ’
3220 4067 3449 4127 λέλυταε
3493 4071 3597 4146 γὰρ
3639 4067 3695 4123 τὸ
3735 4058 3848 4137 μεσά⁴

2258 4181 2453 4236 τοιχον
2478 4164 2576 4215 τοῦ
2608 4162 2889 4237 φραγμοῦ,
2920 4157 3009 4214 καὶ
3042 4157 3326 4235 διχονοίας
3382 4159 3600 4229 ἀπάσης
3642 4155 3848 4230 ἀνῄρηται

2258 4251 2489 4327 τρόπος,
2544 4253 2642 4305 τοῦ
2697 4247 2912 4306 πάντων
2939 4250 3101 4323 ἡμῶν
3163 4249 3426 4325 Σωτῆρος
3475 4249 3701 4322 Χριστοῦ
3764 4245 3849 4298 ταῖς

2263 4341 2457 4397 ἑαυτοῦ
2513 4340 2870 4409 Ἐκκλησίαις
2941 4339 3040 4409 τήν
3117 4338 3341 4415 εἰρήνην
3431 4333 3848 4416 βραϐεύσαντος-ι’

2263 4431 2463 4505 Ἔχετε
2489 4429 2673 4484 τοίνυν
2708 4427 2796 4483 καὶ
2830 4428 3011 4502 ὑμεῖς,
3044 4425 3089 4483 ὦ
3122 4426 3443 4499 θεόληπτοι,
3500 4428 3599 4497 τὴν
3645 4426 3850 4497 ἀναιρετι-

2267 4521 2373 4588 κήν
2402 4518 2499 4574 τοῦ
2528 4518 2645 4573 κατ’
2702 4516 2963 4592 ἐπήρειαν
3017 4514 3362 4596 σφάλματος,
3413 4517 3702 4594 ἀπολογίαν
3733 4511 3849 4584 ίσχυ·

500 4610 679 4661 rectaa
711 4603 847 4659 ﬁdei
880 4604 1339 4660 confessionem.
1399 4607 1477 4660 Ne
1524 4622 1683 4678 ergo,
1715 4624 1748 4661 o
1774 4606 1953 4675 beati,
1987 4606 2147 4662 tarde

2270 4608 2365 4687 ράν
2397 4628 2457 4662 τε
2483 4607 2576 4662 καὶ
2607 4604 2859 4680 ἔννομον,
2918 4604 3008 4662 καὶ
3055 4603 3315 4681 οὐδαμῶς
3377 4604 3677 4681 δυναμένην
3724 4616 3851 4673 παρι-

500 4695 789 4767 pigreque
820 4693 895 4748 ad
926 4710 1025 4748 eos
1054 4693 1379 4748 habueritis
1408 4712 1557 4766 quos
1586 4694 1752 4750 vobis
1779 4696 2154 4751 consociatos

503 4800 571 4841 ac
604 4782 907 4839 individue
939 4781 1193 4855 spiritali
1239 4783 1684 4855 conspiratione
1729 4800 1796 4840 ac
1841 4785 2161 4841 concordia

502 4872 735 4929 habetis
767 4875 1121 4944 conjunctos
1149 4888 1163 4937 ;
1199 4889 1307 4928 nec
1337 4872 1412 4927 iis
1444 4872 1820 4929 attendentes
1873 4891 2005 4945 qua;
2054 4890 2162 4946 per

503 4964 622 5019 vim
653 4968 885 5035 patrata
915 4967 1076 5028 sunt,
1100 4978 1229 5018 eam
1265 4979 1474 5034 passos
1515 4979 1549 5019 a
1595 4968 1788 5018 vestra
1839 4962 2161 5019 dilectione

501 5053 697 5109 velitis
728 5053 1046 5126 repellere,
1078 5057 1183 5109 aut
1212 5058 1492 5125 reputare
1534 5058 1597 5107 ut
1627 5052 1926 5120 inimicos,
1951 5069 2164 5124 quem-

503 5141 825 5200 admodum
850 5143 934 5199 ait
991 5143 1226 5198 divinus
1283 5141 1603 5214 Apostolus
1639 5142 1698 5208 ’⁸,
1747 5142 1852 5198 sed
1897 5143 2165 5199 consola-

504 5232 653 5289 mini
710 5239 776 5288 ut
826 5233 1060 5302 fratres,
1123 5231 1511 5288 ostendentes
1570 5231 1927 5301 imitatione,
2004 5231 2164 5304 quod

504 5322 770 5378 divinum
803 5327 910 5377 est.
969 5322 1222 5378 Omnino
1278 5321 1597 5393 siquidem,
1655 5323 2039 5391 sanctissimi,
2095 5340 2165 5379 ex

502 5412 755 5469 Aaronis
785 5412 975 5467 sancti
1007 5411 1242 5467 Domini
1276 5412 1530 5467 historia
1561 5412 1606 5447 ¹⁹
1630 5411 1939 5484 pensaturi
1998 5413 2164 5482 estis,

503 5505 570 5553 ut
589 5500 823 5556 divinus
855 5500 982 5572 ipse
1026 5501 1300 5572 Spiritus,
1335 5502 1687 5573 consignata
1718 5501 1904 5556 sacris
1938 5501 2166 5572 paginis

2265 4698 2622 4772 κρουσθῆναι,
2692 4695 2794 4764 τήν
2877 4696 3115 4772 καθαρὰν
3200 4697 3291 4751 καὶ
3360 4690 3848 4774 πεπαῤῥησιασμένην

2265 4790 2365 4852 τῆς
2409 4780 2724 4861 ὀρθοδοξίας
2783 4771 3106 4862 ὁμολογίαν.
3159 4785 3253 4854 Mi)
3310 4782 3401 4841 οῦν
3456 4771 3664 4862 βραδεῖς
3705 4799 3755 4835 τε
3791 4771 3851 4828 καὶ

2269 4875 2498 4950 ὀκνηροὶ
2528 4874 2666 4951 πρὸς
2696 4872 2759 4929 τὸ
2792 4873 3244 4951 συνηρμοσμένον
3279 4876 3409 4949 ὑμῖν
3439 4876 3529 4932 καὶ
3579 4870 3849 4942 ἀδιάτμητον

2268 4964 2324 5022 ἐν
2375 4966 2717 5038 πνευματικῇ
2779 4964 3055 5037 συμπνοίᾳ
3108 4964 3199 5020 καὶ
3272 4965 3504 5039 ὁμονοὶᾳ
3576 4961 3787 5041 γένησθε,
3823 4951 3852 5003 ὦ

2277 5052 2567 5129 μαλάριοι,
2604 5053 2743 5126 μήτε
2771 5057 2891 5116 τοῖς
2945 5052 3080 5107 κατὰ
3141 5053 3263 5128 βίαν
3314 5051 3691 5130 γεγενημένοις
3728 5059 3852 5117 προσο

2273 5145 2518 5219 έχοντες,
2544 5142 2671 5207 τοὺς
2713 5142 3025 5220 βιασθέντας
3072 5145 3244 5216 ἡμᾶς,
3303 5150 3406 5212 τῆς
3455 5144 3650 5200 έαυτῶν
3692 5135 3854 5220 ἀγάπης

2272 5216 2583 5288 ἀπώσασθε⁸
2646 5216 2789 5307 μηδὲ
2822 5231 2897 5295 ὡς
2956 5231 3188 5309 ἐχθροὺς
3246 5234 3485 5309 ἡγεῖσθε,
3544 5230 3615 5294 ὥς
3669 5216 3856 5302 φησινδ

2273 5323 2417 5384 θεῖος
2467 5319 2835 5387 Ἀπόστοὶος,
2891 5320 3038 5378 ἀλλὰ
3087 5322 3455 5397 παρακαλεῖτε
3505 5323 3578 5386 ὡς
3624 5310 3856 5390 ἀδελφοὺς,

2272 5412 2337 5467 τὸ
2367 5412 2711 5484 θεομίμητον
2738 5407 3160 5484 ἐνδεικνύμενοι.
3211 5412 3437 5477 Ηάντως
3480 5411 3582 5487 γὰρ
3628 5399 3856 5480 λογιεῖσθει

2277 5499 2589 5578 ἁγιώτατοι,
2621 5497 2682 5555 έκ
2718 5505 2818 5570 τῆς
2864 5500 3002 5556 κατὰ
3054 5501 3148 5556 τὸν
3214 5503 3426 5578 Ἀαρὼν
3481 5501 3570 5557 τὸν
3618 5499 3748 5574 ἅγιον
3787 5492 3855 5543 Κυ·

584 5713 627 5748 ¹⁸
654 5715 837 5785 Epist.
869 5715 962 5769 4⁵7.
1041 5712 1086 5750 ¹⁷
1114 5716 1301 5787 Epist.
1334 5719 1425 5789 51,
1457 5733 1508 5773 c.
1546 5719 1599 5772 2.
1681 5716 1724 5755 η
1755 5718 1805 5771 ΙΙ
1836 5716 2040 5773 Thess.
2072 5733 2147 5786 ιιι1

2260 5762 2274 5777 .
2354 5718 2401 5754 ιθ
2428 5720 2609 5776 Exod.
2643 5737 2822 5792 mn,
2856 5726 2880 5777 1
2917 5737 3085 5795 seqq.
