4074 6406
311 376 472 432 1433

1452 375 1777 432 JOANNES
1816 379 2162 437 NICENUS.
2194 410 2265 424 —-
2302 381 2615 439 ΝΟΤΙΤΙΔ.

3613 380 3751 435 1434

315 505 479 579 ρίου,
513 502 588 564 ὡς
619 501 683 556 τὸ
720 504 864 565 θεῖον
918 497 1077 553 αὐτὸν
1123 498 1415 574 ἀνεκήρυξε
1463 505 1682 573 Πνεῦμα
1714 507 1990 581 Γραφικῆς

2106 508 2353 565 historia
2367 510 2466 581 (8),
2485 510 2894 565 subeximente
2909 510 3187 564 aratione
3207 508 3482 579 perfectas
3497 508 3756 579 negatio-

318 592 581 669 ἶστορίας
640 588 1108 666 ὑπεξαιρουμένης
1152 594 1250 643 τοῦ
1309 593 1410 654 τῆς
1466 590 1766 653 παντελοῦς
1825 594 1989 668 ἀρνή-

319 703 473 744 σεως
528 680 719 757 λόγου,
795 680 887 734 καὶ
936 685 1037 747 τῆς
1115 678 1250 753 πρὸς
1309 679 1408 748 τὴν
1462 678 1672 734 τελείαν
1728 680 1992 752 ἀθεότητα

317 771 659 847 ὖπαγωγῆς*
696 770 771 832 ὡς
823 772 939 831 τοῖς
1004 763 1399 844 βεϐιασμένως,
1448 768 1538 823 καὶ
1590 771 1653 824 οὐ
1684 771 1820 825 κατὰ
1848 774 1991 845 γνώ-

322 884 451 935 μης
534 858 836 925 ἐνδιάθετον
907 857 1170 932 πονηρίαν
1241 858 1577 934 γινομένοις,
1651 858 1833 915 ἕπεταί
1905 882 1990 924 τις

316 951 689 1027 συγχώρησις
720 946 958 1010 ἔνδικος.
1001 949 1061 1005 Ὀ
1089 948 1188 1022 γὰρ
1223 949 1435 1022 Ἀαρὼν
1481 948 1705 1019 ἐκεῖνος,
1735 954 1804 1024 τῇ
1837 950 1986 1026 ὁρμῇ

311 1047 432 1097 τοῦ
487 1038 659 1095 πάλαι
719 1037 854 1093 λαοῦ
912 1038 1192 1111 καθυφεὶς,
1250 1039 1340 1092 καὶ
1405 1039 1749 1115 ὑπουργήσας
1806 1040 1989 1105 αὐτοῖς

315 1132 474 1202 πρὸς
504 1130 601 1197 τήν
635 1134 735 1197 τῆς
765 1126 1153 1189 εἰδωλοποιίας
1202 1126 1505 1195 τελείωσιν,
1541 1127 1843 1185 ἐνεκαλεῖτο
1892 1132 1985 1204 μὲν

316 1219 442 1272 ὑπὸ
471 1222 570 1271 τοῦ
596 1214 855 1293 ἀδελφοῦ·
907 1230 1006 1281 τήν
1060 1214 1117 1271 δὶ
1158 1216 1560 1290 ἀναγκαστικῆν
1614 1219 1734 1293 βίαν
1768 1218 1819 1273 ἐν
1853 1220 1987 1275 ἀπο-

314 1309 499 1381 Λογίᾳ
530 1301 1042 1381 προσϐαλλόμενος,
1077 1304 1204 1361 οὐδὲ
1237 1307 1361 1379 μίαν
1394 1308 1539 1380 παρᾶ
1572 1312 1704 1362 Θεοῦ
1735 1307 1989 1382 ἐπιτίμη-

310 1417 415 1451 σιν
452 1394 689 1471 δέχεται,
749 1394 873 1450 οὐδὲ
923 1400 1019 1451 τοῦ
1068 1402 1166 1464 τῆς
1219 1398 1633 1473 ἀρχιερωσύνης
1673 1397 1989 1473 ἀπόκληρος

307 1486 547 1562 γέγονεν
608 1485 939 1556 ἀξιώματος·
1029 1486 1240 1547 πάντως
1293 1486 1427 1559 πρὸς
1510 1488 1572 1541 τὸ
1646 1486 1699 1541 ἐν
1757 1484 1987 1551 διαθέσει

306 1578 456 1651 περὶ
507 1577 569 1631 τὸ
606 1583 748 1639 θεῖον
784 1571 941 1636 σέϐας
972 1578 1194 1649 γνήσιον
1226 1571 1643 1649 ἀποϐλέψαντος
1688 1582 1786 1631 τοῦ
1844 1578 1986 1633 πλά-

306 1685 524 1723 σαντος
618 1664 925 1737 καταμόνας
989 1665 1085 1726 τὰς
1151 1662 1378 1738 καρδίας
1436 1667 1619 1738 ἡμῶν,
1682 1664 1755 1728 ὥς
1825 1689 1987 1736 φησιν

308 1755 355 1809 ὁ
395 1755 569 1829 μέγας
602 1748 790 1824 Δαόἰό,
818 1754 906 1808 καὶ
940 1754 1004 1808 οὐ
1060 1756 1196 1830 πρὸς
1247 1756 1345 1823 τὴν
1396 1748 1587 1826 ἔξωθεν
1622 1757 1985 1829 περιπέτειαν,

2102 600 2214 663 nis,
2250 605 2307 653 et
2338 607 2401 653 ut
2432 617 2505 654 ne
2537 600 2808 655 absoluta
2838 601 2967 670 ejus
3000 598 3273 653 abductio
3298 598 3358 650 in
3383 597 3750 667 impietatem

2102 694 2433 755 censeatur,
2469 690 2662 759 palam
2696 688 2967 754 edixerit,
3001 687 3073 741 iis
3110 703 3241 757 qua)
3294 685 3594 753 violentia,
3628 702 3749 739 non

2102 792 2170 830 ex
2202 778 2381 831 insita
2408 779 2591 832 animi
2647 777 3028 849 perversitate
3080 781 3424 847 peccantur,
3472 775 3750 828 comitem

2091 866 2228 937 jure
2262 868 2471 921 merito
2501 868 2666 937 sequi
2710 865 3094 938 indulgentiae
3141 864 3403 935 aliquam
3432 864 3747 918 rationem.

2096 956 2202 1009 Ille
2225 956 2521 1027 siquidem
2549 961 2743 1010 tantus
2768 957 2851 1009 vir
2882 959 3100 1019 Aaron,
3124 954 3336 1008 veteris
3361 954 3523 1007 illius
3547 951 3747 1023 p0pu1i

2094 1044 2390 1099 violentiae
2442 1046 2683 1112 cedens,
2740 1051 2918 1115 atque
2970 1050 3034 1098 ut
3090 1043 3314 1098 idolum
3362 1042 3753 1098 fabricaretur

2096 1152 2162 1189 ac
2215 1134 2497 1201 initiaret,
2546 1133 2740 1189 eidem
2788 1150 3016 1187 morem
3066 1149 3298 1204 gerens,
3348 1132 3751 1203 reprehensus

2096 1224 2338 1293 quidem
2396 1224 2507 1277 fuit
2562 1241 2595 1277 a
2653 1223 2872 1278 fratre:
2924 1228 3201 1276 cazterum
3251 1220 3352 1275 ubi
3404 1220 3748 1275 violentiam

2097 1330 2212 1384 qua
2260 1312 2551 1367 adductus
2605 1313 2797 1367 fuerat
2849 1328 2953 1383 pro
3007 1311 3352 1365 defensione
3408 1311 3745 1379 objecisset,

2096 1403 2248 1457 nihil
2279 1420 2311 1457 a
2344 1405 2457 1457 Deo
2492 1403 2829 1472 increpatus
2862 1406 2969 1469 est,
3011 1416 3121 1455 nec
3154 1400 3352 1453 amisit
3381 1400 3749 1470 pontiﬁciam

2095 1491 2480 1563 dignitatem;
2516 1492 2671 1562 quod
2727 1492 2993 1548 omnino.
3027 1490 3127 1560 qui
3162 1494 3431 1543 nostrum
3477 1489 3746 1543 omnium

2096 1582 2263 1636 corda
2288 1582 2574 1649 sigillati":
2632 1582 2817 1650 ﬁnwit,
2872 1581 3045 1645 Deus,
3105 1577 3609 1648 quemadmodum
3668 1578 3751 1631 ait

2096 1685 2345 1741 magnus
2378 1670 2556 1724 David
2589 1670 2655 1735 “3°,
2709 1669 2781 1723 ad
2812 1683 3007 1722 veram
3066 1667 3169 1720 Dei
3202 1667 3389 1736 ipsius
3421 1665 3748 1720 veneratio-

2097 1776 2232 1814 nem
2278 1776 2344 1814 ao
2374 1759 2723 1831 religionem
2776 1759 2835 1812 in
2868 1758 3081 1812 affectu
3133 1756 3315 1812 animi
3368 1754 3620 1826 positam
3652 1771 3744 1808 re-

310 1846 696 1915 Δεικνυμὲνης
728 1845 907 1899 τοίνυν
966 1850 1065 1912 τῆς
1126 1844 1249 1917 περὶ
1306 1845 1395 1898 τὸν
1457 1844 1618 1917 ὀρθὸν
1681 1844 1846 1919 λόγον
1888 1851 1987 1900 τοῦ

2102 1848 2407 1919 spexisset,
2455 1865 2575 1902 non
2644 1864 2778 1901 vero
2834 1846 2906 1901 ad
2964 1852 3266 1901 externam
3326 1844 3742 1899 temeritatem.

306 1934 612 2005 ἡμετέρου
671 1935 1027 2010 φρονήματος
1089 1932 1269 2005 ὑγείας
1323 1954 1383 1987 τε
1436 1932 1525 1987 καὶ
1586 1934 1877 2010 συμφυίας,
1926 1937 1989 1989 τὸ

308 2021 682 2097 ἀνυπερθὲτῳ
741 2022 1059 2094 ἒτοιμότητι
1106 2026 1205 2076 τοῦ
1253 2028 1568 2095 κατακρῖναι
1620 2024 1713 2094 μὲν
1756 2024 1823 2077 τὰ
1863 2023 1989 2077 ἀτό-

306 2134 455 2174 -πως
513 2110 865 2186 γεγενημέναο
930 2118 1188 2181 συστῆσαι
1272 2109 1329 2166 δὲ
1404 2115 1472 2185 τῇ
1545 2107 1831 2187 βεϐαιώσεί
1891 2120 1988 2181 τῆς

310 2203 632 2275 εἴρημὲνης
688 2202 847 2277 ἁγίας
924 2200 1085 2270 ἵκτης
1164 2202 1388 2257 συνόδου
1445 2211 1543 2271 τῆς
1600 2199 1870 2268 εὐσεϐείας
1924 2205 1991 2259 τὰ

310 2290 603 2367 δόγματα,
661 2292 1053 2365 περιπτύξασθε
1123 2296 1294 2364 ἡμᾶς,
1356 2291 1583 2370 ἀδελφοὶ
1636 2296 1984 2366 τιμιώτατοι.

303 2380 625 2451 ’Λλλγςλων
700 2382 803 2457 γὰρ
876 2382 945 2435 τὰ
1023 2382 1163 2456 βάρη
1260 2383 1570 2457 βαστάζετε,
1646 2383 1735 2437 καὶ

308 2468 760 2545 ἀναπληρώσετε
817 2472 909 2525 τὸν
986 2471 1157 2543 νόμον
1229 2475 1325 2525 νοῦ
1404 2475 1665 2547 Χριστοῦ,
1737 2470 1982 2546 μεγαλο-

312 2558 624 2637 φωνότατα
679 2561 813 2629 ἡμῖν
875 2553 1040 2628 ἐκϐοᾷ
1098 2561 1124 2614 ὁ
1185 2565 1327 2622 θεῖος
1374 2558 1736 2624 ’Λπόστολος
1793 2561 1868 2621 ὡς
1928 2560 1986 2613 ἂν

316 2645 690 2720 ὁμοθυμαδὸν
755 2647 831 2701 ἐνὶ
893 2647 1155 2719 πνεύματι
1212 2646 1521 2719 δοξάζωμεν
1581 2650 1673 2703 τὸν
1735 2650 1862 2703 Θεὸν
1895 2650 1981 2702 καὶ

316 2735 546 2811 Πατέρα
576 2740 673 2789 τοῦ
702 2737 906 2810 Κυρίου
934 2738 1091 2809 ἡμῶν
1126 2737 1303 2807 Ἰησοῦ
1335 2738 1591 2812 Χριστοῦ.

1814 2381 1984 2444 οὕτως

995 2915 1306 2991 Ὑπογραφή
1320 2961 1332 2973 .

408 3003 751 3079 Ἐῥρωμὲνος
806 3003 858 3058 ἐν
912 3005 1110 3080 Κυρίῳ,
1170 3004 1475 3079 ὑπερεύχου
1506 3004 1987 3079 ἡμῶν,ἀγιώτατε

320 3092 425 3150 καὶ
459 3094 838 3170 μακαριώτατε
866 3091 1087 3168 ἀδελφέ.

409 3244 454 3278 ²⁰
485 3245 639 3301 Psal.
672 3260 850 3312 χχχιι,
888 3245 971 3298 15.
1052 3243 1238 3299 Galat.
1271 3260 1349 3310 γι,
1381 3246 1433 3297 2.

2101 1939 2245 1991 Cum
2294 1938 2492 2007 itaque
2540 1954 2750 1991 sensus
2800 1936 2986 1990 nostri
3039 1952 3183 1990 sana
3230 1951 3297 1989 ac
3345 1941 3749 1988 consentanea

2103 2028 2271 2090 ratio,
2307 2027 2463 2097 quod
2498 2032 2723 2097 spectat
2752 2026 2824 2080 ad
2848 2031 3071 2080 rectum
3102 2041 3438 2079 sermonem
3470 2040 3538 2078 ac
3566 2023 3745 2077 fidem

2098 2121 2339 2169 ostensa
2371 2114 2467 2180 sit,
2502 2114 2749 2168 indilata
2782 2113 2881 2167 illa
2912 2111 3404 2183 promptitudine,
3439 2126 3555 2182 qua
3577 2109 3745 2165 dam-

2099 2204 2253 2258 natis
2304 2204 2375 2258 iis
2426 2220 2555 2273 quae
2604 2202 2845 2256 fuerunt
2902 2200 3156 2256 absurde
3217 2205 3466 2269 patrata,
3527 2204 3746 2254 sancta:

2100 2299 2277 2348 sextae
2333 2292 2543 2363 synodi
2621 2292 3077 2346 confirmatione
3138 2290 3454 2344 statuimus
3512 2288 3749 2359 pietatis

2098 2382 2415 2453 dogmata:
2467 2381 2890 2451 amplexamini
2941 2397 3071 2443 nos,
3108 2380 3321 2433 fratres
3365 2377 3751 2431 honoratissi-

2098 2472 2199 2525 mi.
2233 2472 2391 2525 Alter
2420 2470 2565 2525 enim
2597 2471 2825 2525 alterius
2867 2486 3033 2525 onera
3075 2474 3317 2538 portate,
3370 2473 3421 2520 et
3450 2469 3526 2521 sic
3558 2467 3748 2519 adim-

2088 2560 2319 2630 plebitz’s
2371 2560 2541 2629 legem
2591 2560 2796 2616 Christi
2827 2560 2893 2625 ²¹,
2946 2558 3239 2613 exclamat
3285 2554 3751 2628 magniﬁcentis-

2097 2649 2251 2703 sima
2280 2665 2418 2702 voce
2451 2648 2685 2703 divinus
2716 2647 3033 2718 Apostolus
3060 2665 3074 2713 ;
3109 2664 3224 2717 quo
3259 2646 3498 2700 tandem
3532 2644 3750 2698 unani-

2095 2754 2223 2793 mes
2252 2736 2654 2808 glorificemus
2686 2738 2871 2791 Deum
2920 2742 2978 2790 et
3028 2739 3260 2791 Patrem
3296 2733 3528 2788 Domini
3560 2732 3749 2786 nostri

2093 2827 2229 2882 Jesu
2260 2826 2497 2881 Christi.

2745 2915 3105 2983 Subscriptio.

2172 3006 2307 3060 Vale
2362 3005 2422 3058 in
2483 3004 2770 3058 Domino:
2834 3004 3334 3074 superdeprecare
3388 3018 3492 3072 pro
3550 2999 3747 3068 nobis,

2100 3095 2473 3151 sanctissime
2504 3111 2571 3149 ac
2600 3094 2943 3149 beatissime
2969 3094 3170 3148 frater.

1934 3335 2158 3390 NOTAE.

412 3438 486 3506 (8)
520 3438 857 3505 Consignata
910 3437 1081 3508 sacris
1118 3438 1345 3508 paginis
1398 3436 1654 3491 historia.
1703 3438 1993 3508 Transpo-
2026 3439 2069 3505 C
2108 3437 2209 3491 ubi
2259 3437 2511 3507 aequalia
2560 3436 2783 3508 fuerint
2829 3434 3177 3490 meritorum
3230 3436 3549 3508 momenta.
3614 3432 3762 3508 sunt

328 3508 570 3563 animus
602 3508 862 3560 litteram
896 3506 1060 3579 nullo
1093 3507 1209 3579 alio
1244 3512 1490 3579 mutato,
1538 3514 1603 3561 ut
1633 3508 1744 3562 sibi
1778 3506 1992 3579 paren-

329 3578 530 3650 thesis
561 3579 904 3631 cohzereret.
940 3576 1017 3629 Τὸ
1067 3578 1225 3629 enim
1263 3576 1998 3650 ‘imsgacpoupévncfpalam

337 3649 525 3705 refert
560 3649 904 3719 prmcedens
932 3654 1204 3720 γραφικῆς
1261 3646 1521 3720 ἱστορίας.
1576 3653 1755 3704 Porro
1788 3646 1996 3720 pecca-

341 3728 475 3776 tum
510 3705 621 3774 hoc
669 3723 885 3793 Aaron,
918 3705 1210 3793 quidquid
1259 3705 1491 3793 minuat
1532 3721 1697 3775 illata
1731 3705 1831 3785 vis,
1866 3738 1997 3793 gra-

338 3793 656 3846 vissimum
680 3793 810 3849 fuit.
847 3792 929 3864 sic
962 3792 1223 3864 molliter
1253 3792 1500 3845 cedente
1523 3809 1584 3847 re
1613 3799 1730 3847 tam
1753 3792 2003 3864 gravi,et

339 3879 467 3935 qua
499 3866 581 3918 sic
613 3864 823 3918 honori
873 3863 1069 3917 divino
1121 3863 1522 3933 derogaretur,
1576 3868 1703 3934 ipso
1735 3863 2000 3935 principe

338 3936 552 4009 populi
594 3953 659 3990 ac
688 3952 945 4009 summo
995 3935 1320 4009 sacerdote.
1370 3936 1625 4009 Utuvero
1678 3937 1832 3990 Deus
1876 3952 2000 4009 non

341 4007 612 4063 Severius
643 4007 803 4060 ultus
856 4008 950 4067 sit,
1004 4008 1132 4077 ejus
1184 4014 1320 4060 sunt
1357 4007 1607 4077 judicia,
1639 4007 2003 4079 gravioribus

341 4079 508 4137 haud
539 4096 674 4133 raro
703 4079 1128 4148 temporalibus
1156 4079 1344 4149 poenis
1377 4079 1910 4132 animadvertentis
1943 4080 2003 4132 in

341 4151 582 4219 minora
613 4151 901 4216 crimina;
955 4167 1124 4220 aequa
1172 4151 1233 4203 in
1282 4149 1546 4204 futurum
1580 4150 1778 4205 futura
1810 4151 2001 4212 lance,

2110 3502 2538 3579 quippe-illatae
2586 3506 2700 3581 hoc
2747 3523 2868 3581 mva
2917 3504 3524 3581 pwnas,_wconomim,
3560 3502 3758 3581 potius

2110 3573 2288 3650 quam
2316 3581 2480 3648 justa
2509 3579 2836 3648 supplicia;
2870 3573 2937 3630 ut
2966 3593 3032 3630 ex
3070 3576 3189 3628 illis
3220 3575 3309 3650 vix
3343 3589 3605 3650 unquam
3646 3573 3760 3625 ali-

2111 3644 2244 3721 quis
2275 3644 2681 3721 sanejudicet.
2716 3666 2783 3704 ac
2809 3666 2926 3701 non
2961 3664 3028 3702 ea
3056 3646 3406 3721 temeritate,
3432 3662 3549 3721 qua
3570 3644 3760 3713 liquet

2103 3716 2404 3793 judicasse
2433 3716 2677 3776 'amicos
2724 3720 2872 3793 Jobi,
2927 3716 3583 3793 quorumpraeiudicio
3617 3731 3760 3768 cau-

2112 3787 2291 3847 tiores
2323 3810 2453 3847 esse
2485 3798 2785 3862 oporteret
2816 3787 3760 3862 hominessaltemChristianos.

2113 3867 2227 3919 Nec
2283 3865 2444 3918 enim
2474 3857 2715 3922 frustra.
2769 3869 2889 3917 tota
2940 3861 3041 3915 illa
3080 3860 3423 3931 disputatio,
3468 3865 3553 3912 tot
3585 3857 3761 3911 versi-

2112 3936 2225 3991 bus
2254 3936 2474 4007 Spiritu
2501 3942 2704 3989 sancto
2735 3934 3016 4007 dictante,
3049 3932 3387 4007 conscripta
3416 3937 3524 3993 est,
3557 3937 3622 4007 ut
3651 3945 3762 3982 nec

2113 4007 2276 4063 aliud
2297 4002 2654 4077 ‘quidquam,
2707 4007 2755 4060 si
2784 4005 2927 4075 quid
2973 4004 3157 4059 sacris
3188 4002 3417 4074 paginis
3449 4002 3762 4072 consigna-

2114 4084 2239 4134 tum
2272 4084 2379 4134 est.

348 4293 3767 4325 ῳ

1642 4324 3766 4340 ————.—————.——.—————__—_—————_——.—————

1851 4464 2000 4502 ANNO
2041 4463 2271 4501 INCERTO

1528 4614 2584 4782 JOANNES

1385 4877 1818 4940 NIC/ENUS
1906 4884 1948 4938 A
1976 4877 2712 4939 RCHIEPISCOPUS.

1810 5201 2312 5290 NOTITIA.

1407 5363 1603 5435 (Mich.
1639 5364 1906 5429 LEQUIEN,
1941 5361 2133 5419 Oriens
2156 5362 2454 5419 Christian.
2491 5368 2530 5418 t.
2567 5363 2609 5431 Ι,
2637 5381 2695 5435 p.
2729 5364 2876 5424 648.)

434 5636 683 5695 δεξιουιο
713 5653 880 5696 nono
924 5643 1208 5703 exeunte.
1270 5636 1370 5696 vel
1427 5636 1670 5697 decimo
1727 5636 2050 5709 inchoato,
2111 5637 2366 5697 sedebat
2422 5639 2698 5695 Joannes
2755 5633 3155 5711 metropolita
3194 5631 3524 5703 Nicmmus,
3585 5625 3766 5700 cujus

338 5718 428 5785 ad
466 5714 838 5775 Zachariam
896 5718 1210 5779 Armeniae
1274 5717 1764 5795 metropolitam,
1823 5736 1927 5778 seu
1987 5716 2409 5790 Catholicam,
2470 5717 2562 5777 De
2594 5716 2829 5775 domini
2886 5719 3211 5774 nativitale
3241 5712 3471 5770 librum
3502 5710 3765 5769 Combe—
