4074 6394
501 361 640 417 1439

1902 363 2206 417 JOANNJB
2241 363 2506 420 NICENJ

3822 370 3927 428 1440

497 490 562 542 ut
591 487 874 543 Nativitas
906 501 975 541 ac
1028 486 1329 558 Baptisma
1359 486 1736 542 celebrentur
1785 489 1816 540 6
1846 485 2110 542 Januarii
2137 499 2150 540 :

2277 485 2388 560 ρίου
2427 491 2467 558 ζ’
2498 491 2758 568 περιέχον
2785 497 2884 548 τοῧ
2913 490 3091 548 τελεῖν
3140 493 3241 561 τὴν
3301 489 3582 563 Γέννησιν
3637 489 3726 546 καί
3763 492 3821 546 τὸ
3847 497 3928 548 Bi-

495 591 605 630 nos
637 581 864 640 tamen,
899 574 1163 630 mundus
1196 575 1320 646 ipse
1352 581 1532 642 totus,
1563 575 1814 632 invicem
1848 575 2156 648 conspira-

494 666 774 734 verimus,
803 669 868 720 ut
893 670 950 719 et
979 665 1182 736 p0puli
1209 681 1422 720 omnes
1447 665 1826 721 Nativitavem
1853 667 2161 725 celebrent

496 757 564 808 25
598 753 902 822 Decemb.,
935 753 1240 824 Baptisma
1269 770 1425 820 vero,
1456 755 1487 808 6
1512 755 1798 810 Januarii.

574 932 860 1004 Equidem
896 931 1176 998 Verbum,
1213 932 1372 1002 quod
1402 949 1437 988 a
1475 935 1646 988 Patre
1678 933 2006 999 descendit,
2041 940 2159 991 tres

499 1022 753 1077 initiavit
807 1021 1187 1076 nativitates:
1242 1022 1515 1089 alteram,
1566 1040 1683 1094 qua
1731 1025 1988 1094 sumpsit
2032 1041 2159 1080 car-

499 1128 638 1166 nem
672 1128 742 1165 ex
774 1117 981 1166 sancta
1026 1111 1298 1183 Virgine;
1350 1128 1527 1182 quam
1579 1119 1636 1167 et
1678 1113 2000 1177 honorans,
2036 1113 2159 1170 die-

496 1219 629 1258 rum
660 1202 850 1257 factus
887 1203 1305 1274 quadraginta,
1343 1204 1504 1258 venit
1533 1205 1592 1258 in
1626 1204 1937 1275 templum.
1964 1204 2163 1260 Altera

499 1293 778 1348 nativitas
806 1297 916 1361 est,
966 1291 1123 1363 quod
1174 1293 1236 1346 in
1267 1292 1522 1348 Jordane
1554 1295 1814 1365 suscepit
1843 1293 2160 1365 baptisma,

497 1381 748 1453 quando
782 1397 818 1436 a
849 1380 1086 1436 diabolo
1116 1387 1398 1448 tentatus,
1433 1382 1621 1454 ipsius
1648 1382 1806 1439 vicit.
1831 1383 2028 1438 Tertia
2066 1383 2164 1438 de-

510 1473 694 1542 nique
736 1470 1044 1540 terribilis,
1078 1472 1437 1527 resurrectio
1490 1489 1559 1527 ex
1607 1473 1880 1528 mortuis.
1909 1465 2163 1528 Mirabili

503 1567 709 1617 autem
742 1561 974 1617 ratione
1005 1569 1388 1617 conversatus
1416 1561 1476 1616 in
1510 1562 1704 1617 medio
1735 1563 2166 1634 discipulorum

505 1666 753 1706 suorum
787 1667 897 1722 per
945 1649 1075 1706 dies
1125 1651 1537 1724 quadraginta,
1589 1668 1623 1707 a
1681 1657 1884 1706 monte
1932 1653 2162 1720 Oliveti,

501 1745 846 1811 assumptus
879 1745 969 1795 est
1000 1739 1073 1795 ad
1129 1742 1389 1795 Patrem.
1441 1741 1601 1795 Beati
1635 1757 1772 1813 ergo
1821 1741 2072 1812 apostoli
2101 1758 2168 1796 ac

497 1828 777 1900 discipuli
803 1828 1044 1883 Domini
1071 1829 1261 1884 nostri
1287 1831 1422 1884 Jesu
1467 1829 1705 1893 Christi,
1748 1847 1856 1901 per
1880 1847 2166 1885 manuum

498 1918 734 1975 Domini
760 1919 1212 1990 impositionem
1246 1920 1307 1973 in
1341 1926 1544 1976 monte
1573 1919 1870 1975 Olivarum
1909 1921 2160 1993 gratiam

499 2013 879 2080 acceperunt,
941 2013 1010 2063 ut
1055 2008 1130 2064 ad
1205 2010 1644 2080 Scripturarum
1703 2009 2162 2082 intelligentiam

500 2116 706 2155 eorum
737 2116 911 2155 mens
941 2100 1316 2171 aperiretur;
1349 2099 1530 2170 inque
1562 2100 1814 2170 Spiritus
1837 2101 2027 2155 sancti
2058 2101 2164 2155 ad-

497 2197 700 2256 ventu,
745 2191 962 2262 repleti
1019 2196 1162 2246 sunt
1208 2191 1371 2246 omni
1418 2192 1701 2257 scientia;
1743 2193 2164 2264 Evangeliique

504 2280 1017 2353 prmdicatiouem,
1075 2280 1235 2350 quod
1285 2286 1413 2336 erat
1468 2280 1828 2336 tradendum
1867 2281 2162 2354 gentibus,

505 2385 573 2424 ac
603 2371 878 2424 universa
925 2368 1124 2424 futura
1154 2368 1511 2425 didicerunt.
1563 2371 1811 2441 Propter
1843 2375 2039 2426 tamen
2071 2386 2166 2426 se-

502 2464 669 2531 ptem
722 2459 961 2514 illarum
1011 2459 1318 2515 hmreseon
1353 2475 1419 2514 ex
1469 2459 1689 2515 Judaais
1739 2466 2164 2532 prognatarum

503 2549 959 2621 grassationem,
992 2548 1304 2604 Eccclesiaa
1320 2549 1713 2605 totiusofﬂcia
1745 2551 2054 2621 speciatim
2086 2555 2168 2606 at-

513 2655 628 2709 que
677 2637 907 2704 ordine,
956 2638 1420 2710 haudquaquam
1466 2656 1761 2711 exponere
1815 2657 1882 2696 ac
1931 2642 2165 2696 sancire

509 2735 700 2792 licuit.
737 2735 799 2790 ld
813 2752 948 2790 vero
977 2753 1164 2792 unum
1191 2737 1445 2793 sollicite
1461 2738 1814 2810 agebant,ut
1841 2739 2163 2794 Christum.

509 2826 696 2881 Deum
729 2841 799 2881 ex
833 2827 968 2892 Deo,
1022 2827 1122 2898 qui
1158 2827 1380 2883 mundo
1433 2829 1831 2900 apparuisset,
1878 2828 2168 2900 praedica-

510 2919 664 2970 rent.
699 2915 934 2987 Septem
967 2921 1165 2972 autem
1198 2917 1506 2972 haareseon
1559 2918 1805 2973 nomina
1831 2918 1957 2973 haec
1991 2923 2127 2972 sunt
2154 2931 2167 2972 :

513 3006 566 3070 1,
600 3003 849 3071 Scribaa;
881 3008 934 3059 2.
969 3005 1294 3073 Pharisaei;
1329 3008 1380 3060 3.
1416 3007 1722 3062 Sadducaai
1751 3025 1764 3073 ;
1800 3010 1853 3061 4.
1888 3008 2170 3062 Hemero-

511 3091 796 3163 baptisti;
828 3097 882 3149 5.
915 3094 1157 3161 Asiani;
1191 3097 1242 3148 6.
1278 3096 1556 3150 Nazareni
1585 3113 1597 3162 ;
1641 3097 1696 3150 7.
1732 3095 2075 3151 Herodiani-
2103 3097 2170 3151 Hi

514 3196 724 3235 omnes
790 3181 1257 3237 adversabantur
1299 3183 1490 3238 beatis
1542 3184 1867 3255 apostolis;
1918 3201 1985 3239 ac
2034 3201 2170 3239 cum

512 3267 658 3335 illis,
721 3268 1071 3341 Simoniani,
1131 3270 1521 3339 Cerinthiani,
1570 3273 1798 3339 Ariani,
1849 3273 2171 3328 Sabelliani

511 3372 580 3412 ac
610 3358 989 3419 Eunomiani.
1042 3360 1143 3430 qui
1195 3360 1370 3430 plane
1417 3361 1702 3417 contrarii
1751 3369 1922 3417 erant
1952 3367 2170 3417 sanctas

513 3446 810 3501 Ecclesiae.
873 3449 1026 3512 Quin
1067 3455 1125 3503 et
1172 3451 1400 3505 Pascha
1449 3451 1592 3506 luna
1649 3453 1713 3505 14
1761 3451 1967 3506 multis
1998 3452 2170 3507 annis

515 3537 835 3593 celebravit
865 3537 1144 3594 Ecclesia.
1176 3541 1298 3594 Non
1332 3541 1493 3595 enim
1526 3557 1736 3595 omnes
1768 3547 1908 3595 tunc
1940 3545 2174 3612 poterat

516 3643 813 3693 coercere,
843 3643 909 3681 ac
941 3644 1132 3697 usque
1163 3629 1236 3683 ad
1269 3635 1503 3700 tempus
1534 3630 1764 3702 pacifici
1799 3630 1960 3684 illius
1991 3631 2172 3685 Cons-

517 3716 756 3782 tantini,
798 3716 898 3785 qui
949 3716 1248 3772 celebrata
1296 3718 1532 3773 Nicaena
1580 3719 1829 3789 synodo,
1881 3737 1946 3774 os
1995 3736 2173 3774 omne

516 3805 938 3860 haareticorum
967 3805 1282 3873 obstruxit,
1317 3822 1384 3860 ac
1416 3807 1693 3863 Ecclesiaa
1733 3825 1919 3863 cornu
1951 3807 2171 3863 exalta-

515 3893 618 3948 vit.

592 4073 678 4128 Ab
712 4089 779 4127 eo
811 4073 1012 4143 itaque
1043 4073 1327 4144 deinceps
1379 4079 1675 4147 tempores
1729 4077 1917 4132 sancti
1969 4079 2172 4132 Patres

520 4180 590 4219 ac
611 4161 767 4217 beati
810 4161 1094 4234 episcopi,
1134 4169 1474 4218 sanctorum
1504 4165 1911 4237 apostolorum
1935 4165 2175 4238 vestigia

519 4253 896 4326 indagantes,
929 4258 1202 4308 sanctum
1247 4254 1473 4310 Pascha
1520 4271 1556 4310 a
1594 4255 1836 4312 Judaico
1880 4256 2175 4311 discreve-

519 4347 681 4411 runt,
707 4343 844 4414 jure
876 4343 1090 4397 merito
1141 4343 1502 4399 honorantes
1551 4350 1814 4400 sanctam
1847 4345 2171 4400 Ecclesiam

520 4432 896 4498 catholicam,
949 4449 1017 4488 ae
1066 4433 1336 4504 psalmis,
1388 4439 1447 4488 et
1493 4435 1755 4506 hymnis,
1807 4435 2173 4506 canticisque

522 4520 890 4593 spiritalibus
914 4522 1336 4590 exhilarantes,
1368 4524 1679 4595 variasque
1691 4523 2038 4580 festivitates
2053 4524 2171 4578 sin-

2265 597 2496 650 πτισμα·
2555 583 2723 654 ἡμεῖς
2782 579 2860 652 δὲ,
2922 583 2950 636 ὁ
3004 581 3210 654 κόσμος
3275 581 3455 654 ὅλος,
3504 585 3924 660 συνεφωνήσαμεν

2271 670 2385 740 μετ’
2443 669 2712 742 ἀλλήλων
2769 673 3115 742 ἀκολουθεῖν,
3169 670 3264 728 ’ίνα
3329 672 3434 728 καὶ
3499 674 3704 734 πάντες
3753 675 3801 728 οἱ
3828 673 3926 730 ho?

2264 754 2467 811 τελῶσι
2510 759 2610 827 τήν
2663 763 2917 832 Γέννησιν
2969 756 3314 836 Δεκεμϐρίῳ,
3381 761 3489 832 κε’,
3539 760 3634 816 καὶ
3665 761 3728 817 τὸ
3757 764 3923 818 Βάπτι-

2269 867 2399 919 σμα,
2427 847 2741 923 Ἰανουαρίῳ
2773 856 2832 920 ζ’.

2339 938 2538 991 Μέντοι
2599 960 2660 1009 γε
2708 945 2855 1014 τρεῖς
2900 941 3180 1014 γεννήσεις
3233 939 3505 995 ἐτέλεσεν
3557 941 3587 995 ὁ
3639 940 3927 1014 Λόγοςὸἐκ

2266 1029 2367 1079 τοῦ
2423 1028 2630 1100 Ματρὸς
2686 1023 2941 1090 κάταϐάςο
2995 1030 3098 1098 τήν
3182 1031 3302 1102 μὲν,
3364 1031 3691 1104 σαρκωθεὶς
3747 1030 3802 1086 ἐκ
3851 1041 3927 1100 τῆς

2269 1114 2420 1190 ἁγίας
2456 1117 2752 1192 Παρθένου,
2802 1119 2867 1188 ἢν
2916 1118 3010 1174 καί
3053 1120 3324 1192 τιμήσας,
3385 1114 3630 1194 ἔρχεται
3663 1118 3716 1174 ἐν
3747 1125 3819 1192 τῷ
3844 1128 3927 1195 ναῷ

2266 1206 2665 1276 τεσσαράκοντα
2713 1209 2959 1282 ἡμερῶν.
3011 1208 3242 1283 Δευτέρα
3288 1209 3597 1282 γέννησις,
3632 1209 3698 1262 τὸ
3740 1208 3791 1263 έν
3822 1212 3927 1283 Ἰοοο

2243 1291 2406 1369 ,δάνῃ
2439 1295 2741 1369 βάπτισμα,
2771 1295 2861 1351 ὅτε
2889 1295 3282 1371 πειραζόμενος
3342 1296 3460 1352 ὑπὸ
3513 1301 3620 1352 τοῦ
3677 1293 3923 1372 διαϐόλου,

2269 1380 2513 1452 ἐνίκησεν
2563 1383 2746 1441 αὐτόν.
2803 1387 2865 1442 Ἦ
2925 1383 2983 1441 δὶ
3039 1385 3199 1462 τρίτη
3260 1381 3516 1463 φοϐερά,
3571 1389 3608 1457 ἠ
3649 1386 3710 1442 ἐκ
3760 1395 3926 1461 νεκρῶν

2271 1473 2574 1536 ἀνάστασις.
2634 1481 2973 1548 Θαυμαστῶς
3056 1475 3114 1532 δὲ
3194 1478 3627 1555 συνανεστράφη
3691 1477 3746 1534 ἐν
3810 1481 3922 1552 μέσῳ

2269 1567 2377 1618 τῶν
2415 1566 2672 1636 μαθητῶν
2734 1565 2921 1633 αὐτοῦ,
2982 1563 3052 1621 δι’
3111 1569 3343 1639 ἡμερῶν
3411 1567 3838 1642 τεσσαράκοντα⁸
3881 1570 3922 1624 ἐκ

2273 1649 2330 1707 δὲ
2357 1657 2453 1708 τοῦ
2487 1654 2651 1729 ὃρους
2674 1660 2782 1710 τῶν
2818 1654 3052 1710 Ἐλαιῶν
3087 1653 3382 1732 ἀνελήφθη
3411 1657 3563 1730 πρὸς
3594 1657 3690 1711 τὸν
3725 1658 3916 1732 Πατέρα.

2272 1742 2339 1799 Οἱ
2383 1739 2476 1797 οὖν
2535 1746 2794 1815 μακάριοι
2842 1743 3144 1800 ἀπόστολοι
3205 1745 3258 1799 οἱ
3321 1744 3589 1818 μαθηταὶ
3628 1749 3728 1800 τοῦ
3756 1746 3917 1821 Κυρίου

2197 1858 2241 1922 Β
2271 1833 2432 1902 ⁴ἡμῶν
2467 1831 2645 1902 Ἰησοῦ
2676 1833 2931 1905 Χριστοῦ,
2966 1832 3056 1889 διὰ
3096 1840 3198 1903 τῆς
3247 1833 3717 1922 ἐπιθέσεώςᾼτῶν
3753 1841 3915 1910 χειρῶν

2267 1924 2366 1975 τοῦ
2397 1920 2594 1994 Κυρίου
2657 1921 2709 1976 ἐν
2767 1927 2846 1994 τῷ
2905 1924 3019 1999 ’ὀρει
3075 1928 3181 1977 τῶν
3241 1924 3525 1993 Ἐλαιῶν,
3561 1917 3760 1979 ἔλαϐον
3789 1924 3913 1999 χάριν

2269 2009 2333 2064 τὸ
2391 2006 2768 2085 διανοιχθῆναι
2829 2011 3005 2067 αὐτῶν
3061 2013 3156 2069 τὸν
3217 2016 3340 2068 νοῦν
3406 2017 3515 2068 τοῦ
3578 2014 3806 2068 συνιέναι
3847 2015 3914 2072 τὰς

2272 2100 2505 2177 Γραφάςο
2543 2100 2632 2155 καὶ
2681 2099 2735 2156 ἐν
2786 2105 2855 2176 τῇ
2915 2099 3197 2158 ἑπελεόσει
3251 2108 3354 2158 τοῦ
3420 2103 3586 2180 ἁγίου
3621 2103 3910 2176 Πνεύματος,

2273 2185 2626 2258 ἐπλήσθησαν
2687 2192 2867 2262 πάσης
2927 2191 3207 2254 συνέσεως’
3268 2193 3362 2248 καὶ
3425 2193 3494 2248 τὸ
3555 2195 3806 2268 κήρυγμα
3844 2197 3911 2246 τνῧ

2275 2277 2636 2354 Εὖαγγελίου,
2666 2284 2764 2334 τοῦ
2813 2277 3118 2353 μέλλοντος
3167 2279 3581 2356 παραδίδοσθαι
3613 2287 3728 2344 τοῖς
3755 2280 3906 2347 ἔθνεσι,

2274 2366 2364 2421 καὶ
2415 2368 2590 2423 πάντα
2645 2370 2711 2424 ἰὰ
2772 2368 3046 2443 μέλλοντα
3107 2373 3495 2445 μεμαθήκασι.
3557 2372 3712 2439 Πλὴν
3743 2369 3906 2429 ὀιᾶτᾶς

2273 2452 2588 2532 προσϐολὰς
2675 2463 2784 2514 τῶν
2852 2461 3111 2534 αἱρέσεων
3165 2465 3276 2516 τῶν
3345 2461 3494 2517 ἒπτᾶ
3563 2461 3772 2516 ἐκείνων
3827 2464 3901 2513 τῶν

2277 2551 2510 2624 φυεισῶν
2543 2547 2602 2602 ἐκ
2628 2552 2738 2603 τῶν
2782 2546 3086 2621 Ἰουδαίων,
3136 2550 3242 2605 οὐκ
3287 2549 3662 2622 ἠδυνήθησαν
3691 2551 3781 2618 τὴν
3807 2550 3900 2603 ἄκο-

2277 2635 2496 2700 λουθίαν
2532 2641 2708 2708 πάσης
2765 2645 2862 2708 τῆς
2925 2637 3251 2706 Ἑκκλησίας
3314 2645 3572 2718 μερικῶς
3635 2639 3759 2695 κατά
3789 2637 3894 2706 τάξιν

2278 2724 2523 2789 ἐκθέσθαι
2573 2725 2662 2781 καὶ
2716 2727 2987 2791 θεσπίσαι,
3036 2727 3211 2785 Ἀλλᾶ
3258 2733 3433 2786 τοῦτο
3491 2729 3660 2804 μόνον
3689 2724 3895 2784 ἐσπούδα-

2280 2834 2398 2885 σαν,
2426 2815 2516 2869 τὸν
2548 2816 2783 2890 Χριστὸν
2814 2819 2943 2872 Θεὸν
2991 2815 3050 2872 ἐκ
3097 2822 3232 2874 Θεοῦ
3263 2817 3607 2898 ἑπιφανάντα
3629 2821 3702 2889 τῷ
3727 2815 3890 2887 κόσμῳ,

2279 2903 2530 2976 κηρύξαι.
2589 2909 2710 2962 Τῶν
2783 2903 2839 2960 δὲ
2917 2906 3052 2962 ἒπτᾶ
3111 2909 3369 2983 αἱρέσεων
3436 2903 3705 2981 ὀνόματα,
3753 2908 3890 2960 ταῦτα·

2280 2996 2523 3067 πρῶτον,
2584 2999 2956 3068 Γραμματεῖς’
3011 2993 3288 3073 δεύτερον,
3371 2995 3692 3072 Φαρισαῖοι·
3737 2991 3884 3068 τρίτον,

2284 3077 2666 3136 Σαδδουκαῖοι·
2738 3083 3016 3156 τέταρτον,
3082 3079 3620 3159 Ἦμεροὸάπτιστοιο
3681 3083 3876 3153 πέμπτον,

2282 3169 2536 3226 Ἀσιανοί·
2604 3167 2782 3239 ἕκτον,
2860 3178 3181 3250 Ναζαραῖοι·
3247 3170 3524 3249 ἕϐδομον,
3601 3163 3876 3248 Ἡρωδιανοί.

2202 3238 2246 3304 C
2284 3258 2450 3316 Οὗτοι
2499 3260 2692 3324 πάντες
2743 3238 3045 3318 ἀντέχειντό
3091 3269 3210 3328 τοῖς
3265 3238 3565 3339 μακαρίοις
3599 3256 3883 3319 ἀποστόλοις,

2277 3351 2367 3405 καὶ
2403 3353 2520 3422 μετ’
2563 3349 2778 3408 ἐκείνων
2831 3355 2883 3410 o't
2934 3356 3296 3429 Σιμωνιανοὶ,
3346 3357 3438 3412 καὶ
3496 3358 3574 3429 (α)
3624 3352 3884 3426 Κηρυναῖοίν

2281 3440 2582 3514 ’Λρειανοῖ,
2659 3437 3052 3513 Σαϐελλιανοῖ,
3135 3445 3225 3499 καὶ
3313 3442 3685 3518 Εὐνομιανοὶ,
3737 3433 3885 3518 οἵτινες

2280 3513 2515 3585 ἐναντίοι
2567 3532 2968 3603 κατεστάθησαν
3027 3537 3096 3607 τῇ
3154 3533 3280 3610 ἁγὶᾳ
3330 3513 3663 3604 Ἐκκλησία.
3717 3525 3804 3585 Καὶ
3845 3513 3887 3574 τὸ

2281 3619 2474 3696 Πάσχα
2522 3619 2575 3676 ἐν
2626 3620 2861 3685 πολλοῖς
2909 3623 3133 3698 χρόνοις
3183 3623 3438 3698 ἑόρταζεν
3474 3626 3510 3693 ἡ
3549 3617 3818 3686 Ἐκκλησία
3839 3613 3885 3680 τῇ

2284 3708 2368 3768 ιδ’.
2400 3709 2514 3768 υῦκ
2552 3707 2789 3781 ἠδύνατο
2841 3711 2946 3788 γὰρ
3004 3712 3126 3768 τότε
3184 3713 3260 3776 είς
3316 3712 3528 3775 πάντας
3559 3714 3593 3778 ἡ
3627 3700 3888 3773 Ἐκκλησία.

2278 3795 2383 3863 ἕως
2410 3804 2506 3854 τοῦ
2538 3800 2746 3875 χρόνου
2786 3805 2884 3856 τοῦ
2935 3800 3320 3881 φιλειρηνικοῦ
3373 3797 3795 3859 Κωνσταντίνουν
3819 3790 3886 3842 τθδ

2281 3889 2372 3947 διὰ
2399 3899 2502 3961 τῆς
2556 3891 2607 3946 ὲν
2671 3892 2867 3964 Νικαίᾳ
2925 3890 3154 3948 συνόδου
3213 3892 3594 3970 ἐμφράξαντος
3633 3893 3728 3943 πᾶν
3758 3881 3889 3970 στόμα

2279 3983 2590 4058 αἱρετικῶν,
2619 3981 2708 4036 καὶ
2760 3982 3075 4055 ὑψώσαντος
3121 3982 3185 4037 τὸ
3232 3983 3393 4054 κέρας
3441 3989 3545 4052 τῆς
3594 3969 3886 4067 Ἐκκλησίας.

2354 4070 2558 4125 Λοιπὸν
2610 4069 2715 4125 ἀπὸ
2763 4069 2908 4141 τότε,
2955 4071 3007 4125 οἱ
3051 4070 3194 4144 ἅγιοι
3245 4071 3504 4145 Πατέρες,
3545 4067 3632 4124 καὶ
3666 4065 3713 4119 οἱ
3758 4065 3888 4133 μακα-

2282 4180 2391 4236 ριοι
2422 4157 2733 4228 ἐπισκοποι,
2767 4160 2818 4213 οἱ
2854 4157 3149 4234 ἰχνηλάται
3204 4163 3313 4213 τῶν
3371 4159 3543 4233 ἁγίων
3594 4145 3883 4243 ἀποστόλωνῖ

2283 4247 2610 4324 διεχώρισαν
2665 4249 2726 4303 τὸ
2785 4246 2936 4324 ἅγιον
2994 4249 3188 4323 Πάσχα
3219 4247 3278 4303 ἑκ
3305 4251 3402 4304 τοῦ
3455 4243 3886 4324 Ἰουδαῖκοῶκςιτπ

2281 4323 2450 4414 λόγον
2481 4323 2956 4410 τιμήσαντεςγτήν
3016 4337 3171 4413 ἁγίαν
3229 4334 3537 4406 καθολικὴν
3589 4323 3880 4414 Ἐκκλησίαν.

2283 4429 2369 4483 καὶ
2432 4424 2820 4502 φαιδρύναντες
2889 4427 3138 4501 ψαλμοῖς
3189 4426 3277 4482 καί
3368 4424 3541 4500 ᾠδαῖς
3594 4421 3681 4479 καὶ
3727 4413 3884 4512 ᾄσματι

2281 4521 2696 4590 πνευματικοῖς,
2749 4517 2840 4571 καὶ
2897 4515 2993 4578 τὰς
3048 4516 3237 4592 ἑορτὰς
3269 4515 3362 4574 τὰς
3396 4512 3650 4574 ποικίλας
3679 4508 3885 4592 ἐνομοθξς

520 4609 689 4683 gulas
722 4607 930 4664 diebus
972 4611 1230 4681 propriis
1279 4611 1543 4666 ordinari
1596 4616 1942 4666 sanxerunt.
1995 4612 2167 4664 Porrc

2286 4584 2480 4676 Madv,
2527 4584 2814 4678 κατατάξαι
2862 4584 3220 4675 ἒκάπηννεῖς
3271 4607 3373 4672 τὴν
3417 4601 3556 4661 ἰδίαν
3607 4584 3882 4683 ἡμέραν..οἱ

520 4699 564 4754 ii
611 4697 864 4770 apostoli
896 4697 997 4768 qui
1029 4703 1200 4754 erant
1247 4715 1317 4754 ex
1364 4700 1553 4755 sancti
1603 4700 1849 4755 Joannis
1899 4700 2175 4770 Baptistae

520 4787 854 4860 discipulis,
888 4787 1088 4843 audito
1121 4787 1279 4859 quod
1311 4789 1567 4845 Joannes
1601 4788 2008 4844 testimonium
2040 4805 2177 4860 per-

520 4878 715 4935 hibuit
771 4878 844 4934 de
891 4878 1165 4945 Domino,
1221 4879 1556 4948 credentes,
1613 4879 1930 4935 Dominum
1987 4879 2174 4934 secuti

519 4972 696 5036 sunt;
726 4984 983 5039 cumque
1015 4968 1335 5024 Dominum
1374 4969 1437 5023 in
1471 4969 1726 5025 Jordane
1775 4968 2056 5040 baptizari
2089 4968 2174 5022 vi-

519 5057 768 5128 dissent,
795 5073 864 5113 ea
892 5057 987 5113 die
1031 5057 1311 5130 baptismi
1361 5075 1597 5131 quoque
1627 5059 2005 5115 festivitatem
2053 5063 2170 5113 sta-

2287 4675 2351 4750 δῖ
2401 4693 2704 4750 ἀπόστολοι
2742 4675 2812 4748 ὀἷ
2870 4696 3020 4756 δντες
3079 4694 3141 4750 ἐκ
3187 4699 3294 4749 τῶν
3355 4696 3612 4766 μαθητῶν
3660 4688 3745 4742 τοῦ
3769 4675 3882 4766 ἁγίου

2285 4784 2540 4840 Ἰωάννου
2569 4788 2666 4839 τοῦ
2707 4788 3035 4854 Βαπτιστοῦ,
3092 4784 3181 4839 ὅτε
3225 4783 3461 4853 ἥκουσαν
3507 4783 3602 4851 τὴν
3640 4764 3878 4852 μειρἸτυΡίαν

2285 4875 2536 4933 Ἰωάννου
2591 4875 2713 4950 περὶ
2769 4878 2865 4929 τοῦ
2926 4875 3149 4952 Κυρίου,
3200 4872 3576 4935 πιστεύσαντες
3624 4856 3880 4960 ἡκολοξθη·

2285 4985 2378 5018 σαν
2411 4967 2488 5034 τῷ
2519 4963 2722 5037 Κυρίῳ·
2757 4963 2848 5019 καὶ
2901 4963 2992 5019 ὅτε
3042 4960 3182 5019 εἶδον
3215 4963 3308 5018 τὸν
3342 4963 3538 5038 Κύριον
3579 4958 3877 5038 βαπτισθτινῗξ

2285 5053 2337 5108 ἐν
2389 5028 2685 5127 Ἰορδάνης
2711 5051 2788 5114 είς
2830 5050 3043 5122 ἔκεινην
3091 5052 3191 5120 τὴν
3240 5028 3453 5128 ἡμέραν
3499 5028 3589 5104 καί
3616 5045 3708 5113 τὴν
3738 5028 3879 5107 ἑορτὴν

1889 5235 2126 5292 νΑιιυΕ
2166 5229 2568 5289 LECTIONES.

591 5333 668 5406 (α)
701 5329 774 5392 to.
809 5334 1148 5409 Κεριντιανοὶ
1179 5335 1271 5392 vel
1303 5337 1627 5408 Κυρηναῖοι.

2112 5447 2336 5506 ΝΟΤΕ.

523 5587 751 5660 verint;
794 5594 1081 5660 tanquam
1131 5603 1200 5643 ea
1245 5591 1410 5660 parte
1457 5585 1827 5660 excesserint
1877 5583 2110 5660 tradita:
2144 5599 2178 5638 a

525 5657 753 5712 Christo
786 5655 1114 5731 potestatis,
1150 5655 1397 5731 acgipuri
1447 5657 1745 5729 Evangelii
1793 5656 2033 5731 limites.
2071 5655 2178 5731 lm:

525 5744 742 5806 purum
787 5725 944 5787 certe
980 5725 1402 5806 Evangelium,
1448 5735 1512 5784 ut
1540 5725 1660 5785 non
1691 5727 1923 5802 possint
1947 5725 2178 5806 prealati

528 5799 810 5870 Statuere,
841 5800 1002 5872 quod
1037 5819 1068 5858 e
1098 5799 1543 5872 re'Christiana,
1566 5817 1673 5874 pro
1692 5799 1908 5858 rerum
1935 5799 2003 5857 ac
2036 5803 2182 5855 tem-

2289 5589 2497 5645 porum
2557 5575 2790 5631 ratione
2847 5571 3262 5645 indicaverint.
3322 5572 3572 5645 Name!
3624 5564 3679 5645 in
3719 5556 3875 5645 νῗξῖῗζ

2289 5631 2505 5719 praeter
2535 5647 2793 5719 Moysen,
2825 5645 3002 5719 etiam
3053 5643 3369 5719 pontiﬁces
3394 5642 3519 5709 alii,
3548 5631 3875 5719 festosggfm’

2289 5709 2436 5788 dies,
2471 5709 2672 5773 sanct'e
2704 5735 2771 5774 ac
2803 5733 2935 5772 cum
2960 5709 3136 5772 lau'de
3167 5720 3500 5771 noscuntur
3529 5709 3820 5767 sancivisse-
