4074 6386
393 413 536 470 1441

1557 411 1655 464 ΒΕ
1691 408 1913 464 FBSTO
1949 409 2073 461 DIE
2115 407 2381 461 NATALI
2419 407 2700 464 DOMINI.

3684 409 3829 467 1442

389 545 502 595 τοῦ
533 535 920 610 Βαπτίσματος
951 531 1264 602 κττὲταξαν.
1324 533 1386 589 Ὀ
1444 529 1501 586 δὲ
1557 529 1815 594 Ἰάκωϐος
1846 532 1874 586 ὁ
1905 527 2070 586 ἀδελ-

2194 537 2464 587 tuerunt:
2496 532 2746 588 Jacobus
2785 539 2985 588 autem
3019 535 3252 590 Domini
3281 534 3484 608 frater,
3519 537 3618 608 qui
3653 555 3828 593 vene-

392 627 620 706 φόθεος,
676 626 729 680 ἐν
787 623 1044 695 Βηθλεὲμ
1101 621 1541 696 παραγενόμενος
1597 621 1649 676 ἐν
1702 626 1771 695 τῇ
1819 622 2065 694 γεννήσει

391 723 499 774 τοῦ
533 716 762 792 Κυρίου,
796 715 824 769 ὁ
855 713 947 768 καὶ
981 711 1032 766 ἐν
1085 711 1452 786 Ἰερουσαλήμ
1500 710 1549 766 λ’
1610 711 1702 781 ἔτη
1763 709 2068 779 ἐπισκοπή-

393 829 522 875 σας,
593 806 697 861 οὐκ
755 801 1000 859 ἐκώλυσε
1051 799 1178 861 τοὺς
1236 804 1528 861 τελοῦντας
1607 801 1706 868 τήν
1794 800 2067 867 Γέννησιν·

403 896 630 969 μᾶλλον
663 891 720 948 δὲ
752 891 988 948 ἐπαινῶν
1024 885 1230 963 ἔλεγεν,
1266 887 1349 944 ὅτι
1409 889 1486 951 εἰς
1545 885 1724 959 ἄλλην
1780 886 1943 943 πόλιν
1971 888 2071 956 τήν

397 985 662 1055 Γέννησιν
693 983 966 1038 τελοῦσιν.
1000 980 1130 1053 Οὐχ
1159 979 1242 1033 ὅτι
1282 981 1419 1033 κατὰ
1476 977 1784 1052 ἀντιλογίαν
1817 977 2066 1051 ἔγραψεν·

397 1075 498 1129 ὅτι
529 1073 618 1128 ὅτε
647 1072 723 1135 εἷς
745 1069 925 1140 ἃλλην
959 1067 1121 1123 πόλιν
1173 1065 1394 1122 τελοῦσι
1421 1071 1493 1142 (b)
1539 1065 2070 1140 πεπλανημένων...

397 1168 494 1234 ρῷ
532 1161 644 1217 τόν.
712 1159 807 1214 Καὶ
869 1156 922 1230 ἐξ
981 1157 1185 1232 ἀρχῆς,
1239 1154 1446 1220 ἄλλους
1498 1157 1724 1218 κανόνας
1782 1152 1962 1220 ἔθεντο
2020 1155 2073 1209 οἱ

393 1251 718 1304 ἀπόστολοι
772 1253 889 1309 τοῖς
944 1247 992 1319 ἐξ
1055 1246 1220 1310 ἐθνῶν
1309 1246 1709 1316 πεπιστευκόσι,
1802 1243 2073 1321 λέγοντες,

391 1339 756 1413 ἆπέσχοσθαι
833 1337 941 1392 ἀπὸ
996 1340 1245 1402 πνικτοῦ,
1303 1337 1393 1391 καὶ
1483 1334 1756 1409 πορνείας,
1842 1335 1932 1389 καὶ
1989 1333 2074 1388 αἳ-

399 1451 606 1503 ματος.
659 1430 727 1486 Οἱ
787 1425 845 1482 δὲ
902 1427 1019 1482 νυνὶ
1069 1428 1283 1488 κανόνες
1328 1424 1577 1481 ποικίλοι
1635 1424 1925 1501 δογμάτων
1985 1425 2075 1482 καὶ

398 1517 772 1593 διδαγμάτων
802 1521 872 1590 (c)
902 1517 1273 1586 περιέχουσιν.
1309 1516 1386 1573 Οὐ
1411 1516 1516 1590 γὰρ
1576 1514 1627 1570 ἐν
1685 1517 1844 1571 παντὶ
1901 1519 2075 1589 καιρῷ

387 1610 506 1663 καὶ
558 1609 748 1683 χρόνῳ
805 1608 905 1675 τήν
966 1605 1132 1674 αὐτὴν
1191 1607 1518 1678 νομοθεσίαν
1590 1603 1985 1678 ἐνομοθέτησεν
2046 1605 2074 1658 ὁ

387 1703 692 1770 4’Υψισκιος
751 1694 880 1751 ἀλλ’
940 1695 1152 1767 ἑκάστῳ
1204 1694 1389 1770 χρόνῳ
1456 1691 1692 1767 διάταξιν
1753 1695 1843 1750 καὶ
1902 1696 2076 1768 νόμον

393 1786 605 1860 ὣρισε.

493 1876 648 1943 Ηλήν
709 1872 799 1929 διὰ
857 1876 956 1944 τὴν
1012 1873 1263 1944 Γὲννησιν
1309 1877 1405 1927 τοῦ
1476 1879 1760 1945 Σωτῆρος,
1815 1870 1899 1926 δτι
1958 1877 2074 1934 πῶς

395 1961 730 2034 διετάξαντο
791 1956 1057 2038 Δεκεμϐρ.
1112 1962 1190 2016 κε’
1241 1959 1540 2027 τελεῖσθαι,
1595 1959 1766 2022 οὕτως
1826 1959 2074 2036 εὕρομεν.

394 2052 669 2127 νΕγραψέ
698 2073 835 2106 ποτε
869 2049 1166 2123 Κύριλλος,
1201 2052 1283 2122 (ά)
1317 2051 1345 2104 ὁ
1401 2049 1607 2124 γράψας
1646 2057 1745 2118 τήν
1779 2047 2076 2118 ἐπιστολὴν

365 2129 842 2213 εΚωνστοιντίνῳ,
875 2137 1053 2195 ἀλλ’ὁ
1107 2142 1222 2212 μετ’
1280 2137 1484 2194 ἔκεῖνον
1545 2136 1927 2212 διαδεξάμενος
1984 2139 2076 2193 τὸν

395 2232 614 2305 θρόνον
649 2233 841 2298 αὐτοῦ,
874 2231 1010 2305 πρὸς
1044 2228 1280 2285 Ἰούλιον
1335 2229 1426 2283 τὸν
1485 2229 1708 2301 Ῥώμης
1759 2227 2078 2297 ἐπίσκοπον,

399 2320 628 2395 ἔγραψε
660 2319 858 2394 λέγων,
892 2321 975 2373 δτι
1009 2343 1035 2370 ‹‹
1089 2321 1276 2394 Μέγας
1306 2319 1478 2379 κόπος
1532 2317 1623 2372 καί
1676 2319 1928 2394 στέρησις
1983 2317 2079 2393 γί-

385 2431 567 2465 νεται
601 2409 678 2471 εἷς
707 2411 803 2472 τὰς
831 2407 1070 2482 μεγάλας
1124 2408 1214 2462 καὶ
1269 2405 1528 2483 λαμπρὰς
1585 2407 1794 2482 ἑορτὰς,
1853 2405 1937 2460 ὅτι
1991 2426 2082 2462 τε-

396 2499 652 2556 λοῦνται
685 2499 736 2552 ἐν
771 2501 869 2570 μιᾷ
916 2495 1120 2572 ἡμέρᾳο
1180 2495 1271 2550 καί
1325 2495 1393 2550 τὰ
1448 2495 1870 2570 άναγνώσματα,
1903 2494 1992 2549 καὶ
2044 2496 2078 2562 ἡ

389 2586 725 2644 ἀκολουθία
755 2585 1122 2658 απομένουσιν
1153 2583 1394 2656 ἡμιτελῆ
1426 2588 1535 2638 τῶν
1587 2581 1683 2638 δύο
1715 2582 1940 2658 ἑορτῶν,
1994 2581 2082 2637 διὰ

402 2679 492 2733 τὸ
529 2679 605 2750 μή
639 2675 899 2738 δύνασθαι
928 2675 1028 2742 τήν
1063 2675 1318 2743 Γὲννησιν
1374 2672 1463 2726 καὶ
1521 2671 1586 2726 τὸ
1615 2673 1902 2741 Βάπτισμα
1933 2671 2081 2726 ἐκτε-

407 2765 587 2822 λέσαι
614 2769 716 2819 τοῦ
747 2762 975 2836 Κυρίου.
1006 2763 1098 2826 Ὠς
1128 2759 1194 2830 δὴ
1230 2761 1291 2816 οὐ
1344 2759 1613 2833 δυνάμεθα
1665 2759 1718 2815 ἐν
1756 2765 1854 2832 μιᾷ
1901 2759 2084 2834 ἡμέρᾳ

411 2857 732 2923 ἀπαντῆσαι
791 2852 866 2914 εἷς
912 2851 1081 2907 τόπον
1139 2854 1235 2905 τοῦ
1297 2850 1687 2926 βαπτίσματος·
1740 2848 1852 2904 ἐπεέ
1901 2851 1935 2918 ἡ
1971 2851 2081 2920 Βη-

419 2943 622 3016 θλεὲμ,
653 2941 778 3016 τρία
815 2939 973 3014 μίλια
1003 2941 1198 3014 άπὲχει
1231 2938 1338 2993 ἀπὸ
1391 2936 1756 3014 Ἰερουσαλὴμ
1808 2937 1946 2992 κατᾶ
1993 2943 2082 2993 νου

412 3055 546 3104 υτον,
569 3035 658 3087 καὶ
690 3034 719 3086 ὁ
752 3032 1031 3105 Ἰορδάνης
1065 3033 1125 3085 ιε’
1161 3029 1323 3102 μίλια
1365 3028 1558 3103 ἀπέχει
1615 3027 1754 3082 κατὰ
1794 3027 2080 3092 ἀνατολάς·

423 3124 790 3200 προστάξατω
821 3121 972 3190 οὗνὴ
1007 3119 1284 3196 ἁγιωσύνῃ
1329 3139 1424 3173 σου
1483 3118 1764 3192 ἐρευνῆσαι
1797 3118 1967 3172 πάντα
2019 3117 2086 3172 τὰ

423 3212 841 3288 συγγράμματά
917 3214 1025 3264 τῶν
1113 3205 1412 3276 Ἰουδαίων,
1472 3204 1627 3261 ἅτινα
1701 3204 1997 3270 σκυλεύσας
2057 3208 2085 3261 ὁ

2178 627 2270 676 rat
2293 622 2846 688 Bethleem,eumin
2881 640 2948 678 ea
2979 623 3262 678 Dominus
3287 631 3458 680 natus
3492 627 3829 697 est,quique

2179 712 2354 766 annis
2391 713 2457 765 3O
2498 712 2925 784 Hierosolymis
2984 713 3390 785 episcopatum
3448 715 3648 787 gessit,
3681 716 3833 769 nihil

2185 817 2286 854 eos
2317 801 2501 854 vetuit
2530 801 2630 870 qui
2659 801 2859 856 Natale
2919 802 3292 858 celebrarent
3324 821 3335 857 :
3376 804 3521 874 quin
3575 805 3831 859 laudans

2178 889 2374 960 potius
2407 889 2642 944 dicebat
2694 889 2980 944 celebrari
3041 892 3273 946 Domini
3314 892 3594 948 Natalitia
3619 893 3680 948 in
3712 892 3833 948 alia

2181 978 2435 1033 civitate.
2471 980 2595 1032 Non
2649 983 2927 1048 tanquam
2961 982 3260 1036 contraria
3305 983 3610 1054 scripserit
3640 1001 3654 1050 ;
3691 999 3830 1038 nam

2181 1083 2315 1121 cum
2344 1067 2644 1122 celebrant
2678 1067 2739 1120 in
2767 1067 2882 1122 alia
2912 1068 3142 1124 civitate
3169 1070 3268 1140 (4),
3325 1072 3608 1142 temporis
3646 1071 3838 1126 hallu-

2183 1156 2480 1211 cinatione
2511 1156 2836 1211 celebrant.
2874 1158 2983 1212 Sed
3015 1163 3072 1212 et
3102 1176 3135 1213 a
3165 1160 3455 1230 principio
3475 1161 3624 1215 alios
3661 1178 3840 1232 regu-

2183 1245 2270 1299 las
2303 1247 2906 1317 posueruntapostoli
2939 1247 3010 1302 iis
3042 1248 3143 1317 qui
3177 1249 3554 1304 crediderant
3576 1267 3645 1304 ex
3691 1266 3838 1321 gen-

2184 1333 2364 1401 tibus,
2392 1333 2676 1402 dicentes,
2711 1343 2772 1388 ut
2804 1336 3141 1390 abstinerent
3171 1354 3204 1390 a
3235 1339 3528 1407 su/I'ocato,
3563 1345 3613 1392 et
3657 1339 3841 1406 forni-

2185 1425 2421 1490 catione,
2457 1431 2505 1478 et
2536 1426 2806 1492 sanguine
2861 1423 2900 1477 ³.
2956 1426 3121 1479 Nunc
3151 1431 3350 1480 autem
3411 1427 3583 1481 varizn
3647 1427 3838 1482 eccle-

2185 1512 2438 1567 siasticae
2471 1513 2689 1584 regula:
2719 1530 2788 1568 ac
2819 1529 3100 1582 canones,
3135 1532 3265 1585 qua;
3312 1521 3582 1586 spectant
3631 1516 3706 1570 ad
3738 1515 3839 1570 do-

2185 1610 2384 1675 gmata
2425 1621 2493 1658 ac
2551 1605 2885 1660 doctrinam
2944 1608 3439 1678 complectuntur.
3502 1611 3628 1664 Non
3677 1610 3839 1664 enim

2186 1692 2458 1747 eamdem
2491 1693 2831 1749 Altissimus
2864 1697 3026 1749 omni
3069 1702 3335 1768 tempore
3387 1697 3579 1767 legem
3623 1699 3843 1769 sanxit,

2185 1782 2290 1836 sed
2321 1786 2534 1852 cuique
2568 1785 2818 1854 tempori
2871 1802 3191 1857 congruam
3249 1788 3738 1843 constitutionem
3771 1804 3841 1843 ac

2186 1873 2375 1945 legem
2408 1873 2694 1928 definivit.

2259 1963 2549 2017 Czeterum
2583 1964 2739 2034 quod
2783 1972 3014 2035 spectat
3035 1966 3109 2021 ad
3143 1967 3460 2023 Salvatoris
3493 1969 3721 2039 Natale,
3779 1972 3848 2023 ut

2189 2050 2612 2105 celebrandum
2647 2054 3071 2108 constituerint
3105 2058 3174 2108 25
3222 2057 3527 2111 Decembr.
3561 2058 3622 2111 in
3683 2059 3843 2112 hunc

2190 2139 2436 2194 modum
2483 2141 2841 2196 invenimus.
2879 2143 3124 2214 Scripsit
3182 2144 3504 2215 aliquando
3564 2146 3846 2217 Cyrillus,

2191 2245 2312 2283 non
2340 2229 2441 2298 qui
2477 2231 2715 2300 scripsit
2746 2231 3069 2301 Epistolam
3094 2236 3167 2305 (ὅ)
3199 2233 3271 2288 ad
3300 2233 3847 2303 Constantium,sed

2193 2318 2293 2388 qui
2325 2323 2459 2388 post
2481 2334 2616 2372 eum
2646 2320 2926 2374 thronum
2954 2322 3082 2392 ejus
3110 2339 3418 2376 successor
3473 2325 3720 2394 accepit,
3776 2323 3852 2379 ad

2189 2406 2411 2461 Julium
2445 2408 2776 2462 Romanum
2802 2410 3168 2479 pontificem,
3192 2410 3254 2465 in
3283 2411 3408 2465 haec
3440 2411 3656 2467 verba:
3697 2439 3716 2461 α
3738 2414 3854 2467 Ma-

2191 2511 2342 2566 gnus
2375 2499 2466 2548 est
2494 2495 2682 2560 labor,
2715 2514 2784 2551 ac
2813 2497 3122 2553 hominum
3156 2499 3422 2570 paucitas
3440 2501 3502 2554 in
3532 2501 3762 2572 magnis
3780 2517 3849 2556 ac

2193 2582 2495 2652 praaclaris
2518 2583 3015 2651 solemnitatibus,
3060 2603 3127 2641 eo
3161 2588 3317 2658 quod
3364 2589 3572 2644 eadem
3606 2589 3700 2644 die
3755 2606 3852 2645 ce-

2191 2670 2501 2724 lebrentur
2535 2687 2546 2724 :
2583 2671 2989 2744 lectionesque
3016 2691 3083 2729 ac
3137 2676 3335 2731 ofﬁcia
3359 2677 3665 2732 ambarum
3695 2677 3851 2732 cele-

2193 2759 2478 2813 britatum
2511 2759 2603 2813 vix
2636 2761 2833 2816 media
2873 2770 3039 2833 parte
3098 2764 3508 2833 absolvuntur,
3567 2766 3726 2837 quod
3753 2783 3853 2822 ne-

2194 2864 2483 2917 queamus
2505 2854 2564 2902 et
2594 2849 2796 2904 Natale
2831 2852 3065 2906 Domini
3088 2853 3413 2922 celebrare,
3449 2862 3508 2909 et
3529 2855 3850 2925 Baptisma.

2194 2936 2483 2991 Nimirum
2502 2937 2628 2992 fieri
2659 2956 2778 2993 non
2811 2947 3005 3010 potest
3025 2946 3091 2995 ut
3106 2942 3311 2996 eadem
3345 2943 3440 2998 die
3465 2961 3849 2999 occurramus

2195 3026 2269 3080 ad
2301 3027 2498 3082 locum
2528 3027 2938 3099 baptismatis;
2982 3047 3120 3085 nam
3157 3033 3458 3088 Bethleem
3493 3033 3680 3088 tribus
3712 3034 3850 3089 mil-

2198 3116 2444 3173 liaribus
2477 3119 2657 3174 distat
2686 3119 2790 3174 abs
2820 3121 3146 3176 Jerusalem
3181 3123 3254 3176 ad
3303 3128 3606 3178 austrum:
3639 3123 3850 3180 Jorda-

2198 3207 2292 3261 nis
2323 3225 2455 3262 vero
2515 3209 2697 3263 distat
2745 3210 3090 3280 quindecim
3149 3212 3222 3266 ad
3281 3213 3592 3268 orientem.
3643 3214 3856 3269 lubeat

421 3267 862 3377 Kal‘icbpl'l‘itoc,
920 3299 1192 3375 ἀπήγαγεν
1255 3297 1360 3351 ἀπὸ
1417 3294 1786 3369 Ἰερουσαλήμ
1841 3295 2078 3358 εἰςῬώ-

2198 3314 2336 3368 ergo
2363 3300 2482 3352 Tua
2513 3267 2808 3353 Sanctitas
2839 3301 3105 3371 perquiri
3139 3302 3360 3372 scripta
3389 3303 3593 3358 omnia
3619 3302 3854 3358 Iudaeo-

421 3388 730 3466 μηνοτίσως
771 3389 950 3464 εὖροις
1012 3382 1248 3463 βεϐαίως
1300 3387 1400 3454 τήν
1459 3384 1670 3460 ἡμέραν
1729 3390 1830 3454 τῆς
1889 3386 2084 3463 γεννή-

417 3500 566 3541 σεως
593 3483 692 3533 τοῦ
714 3478 955 3552 Χριστοῦ
985 3476 1076 3530 καὶ
1107 3479 1242 3531 Θεοῦ
1271 3477 1454 3547 ἡμῶν,
1481 3497 1510 3526 ››

506 3656 647 3714 Τότε
668 3653 908 3717 Ἰούλιος
935 3655 964 3710 ὁ
993 3653 1218 3726 Ῥώμης
1240 3648 1523 3724 ἐπιμελῶς
1583 3649 1761 3720 ἐζήτει
1809 3651 1934 3726 περὶ
1989 3657 2089 3722 τῆς

427 3745 717 3814 αἶ’τήσεως
756 3743 981 3814 ταύτης·
1033 3742 1125 3797 καί
1188 3740 1512 3815 συναγαγὼν
1573 3738 1742 3794 πάντα
1791 3740 1860 3794 τὰ
1912 3743 2093 3816 γράμ-

427 3856 589 3914 ματα
618 3840 729 3890 τῶν
760 3831 1039 3888 Ἰουδαίων
1071 3831 1136 3886 τὰ
1164 3827 1683 3902 αἰχμαλωτισθέντα
1740 3830 1826 3882 καὶ
1861 3829 2097 3904 άχθὲντα

418 3927 518 3988 εἰς
547 3927 792 3998 Ῥώμην,
818 3924 936 3997 εὗρε
959 3920 1296 3998 σύγγραμμά
1344 3939 1396 3973 τι
1456 3918 1772 3987 Ἰωσήππου
1827 3923 1925 3973 τοῦ
1956 3921 2096 3996 Χρο-

507 4026 528 4060 ²
558 4028 687 4081 Act.
713 4042 805 4093 xv,
836 4027 925 4080 29.

2195 3403 2351 3454 rum,
2386 3403 2517 3457 quas
2562 3388 2726 3442 Titus
2775 3390 2970 3443 Caesar
3023 3389 3128 3444 abs
3176 3391 3503 3446 Jerusalem
3552 3391 3851 3462 praedatus

2200 3475 2445 3528 Romam
2471 3473 2717 3528 abduxit
2748 3491 2760 3528 :
2796 3474 2946 3530 forte
2973 3476 3274 3532 inveneris
3305 3483 3528 3533 certam
3559 3478 3719 3534 diem
3738 3480 3854 3533 Na-

2201 3561 2445 3617 tivitatis
2476 3562 2692 3616 Christi
2722 3579 2790 3618 ac
2819 3564 2924 3620 Dei
2948 3566 3156 3620 nostri.
3193 3588 3222 3616 ››

2274 3652 2531 3722 Accepta
2557 3651 2746 3706 Julius
2778 3653 3048 3724 epistola,
3084 3655 3290 3711 sedulo
3320 3672 3388 3711 ea
3422 3655 3494 3711 de
3543 3671 3606 3710 re
3637 3655 3858 3726 quiasi-

2203 3740 2706 3812 vit.Congregans
2739 3741 2940 3812 itaque
2992 3743 3331 3799 Iudaeorum
3391 3745 3610 3816 scripta
3654 3743 3857 3799 omnia

2208 3829 2537 3900 spoliorum
2569 3830 2698 3884 loco
2723 3830 2940 3899 ablata,
2981 3849 3048 3888 ac
3103 3836 3350 3889 Romam
3404 3833 3600 3902 ducta,
3634 3833 3860 3888 invenit

2207 3921 2446 3991 Josepbi
2479 3920 2912 3993 chronographi
2945 3923 3300 3995 scripturam
3322 3923 3642 3995 quamdam
3681 3922 3753 3978 ab
3786 3940 3854 3979 eo

1825 4092 2061 4146 VARle
2096 4091 2501 4147 LECTIONES.

505 4186 582 4258 (b)
616 4186 837 4241 Littera
865 4182 1093 4238 vitiosa.
1242 4176 1315 4233 ἴσ.
1371 4176 1441 4231 τὰ
1469 4174 1594 4250 περὶ
1629 4172 1792 4251 δογμ.
1821 4179 1904 4249 (d)
1935 4174 2084 4232 λείπ.
2127 4179 2259 4254 οὐχ.

2055 4296 2277 4352 ΝΟΤίΕ.

498 4402 577 4474 (4)
611 4402 748 4474 Nam
788 4415 908 4452 cum
962 4396 1357 4474 celebrant-in
1410 4392 1836 4474 aliancivitate.
1896 4392 2096 4447 Jacobi

399 4462 751 4543 sententia,
788 4476 1078 4543 quantum
1105 4483 1174 4543 ex
1203 4466 1412 4520 vitioso
1451 4462 2098 4543 codice_a_ssequor,__ea

400 4535 540 4616 Est,
578 4550 644 4598 ut
665 4535 1228 4616 etillierosolxmitm
1275 4535 1957 4616 _congrue_celebrarent
1985 4539 2096 4590 Na-

396 4606 545 4689 ῖεὶιεέ
588 4613 958 4689 tiominicum
983 4615 1013 4665 6
1031 4606 1336 4689 Januarii,
1366 4606 1611 4689 quando
1633 4606 1813 4689 etiam
1834 4613 1973 4689 tunc
1995 4625 2094 4689 ur-

392 4679 525 4764 ίξθς
554 4680 1378 4764 alimcelebrareiit;.tametsi
1415 4679 1650 4764 Christo
1677 4685 1816 4764 nato
1849 4679 1962 4733 alio
1977 4680 2091 4762 die.

393 4749 487 4834 ᾖξ,
526 4758 738 4834 Natale
761 4754 1152 4834 Christipalii
1197 4758 1432 4834 partem
1489 4750 1626 4832 testi
1692 4749 1854 4834 illius
1887 4752 2091 4834 prfecit

445 4822 608 4898 ﬁam
638 4831 944 4898 ducerent,
980 4827 1083 4902 alii
1116 4822 1425 4902 haberent,
1485 4822 1545 4876 in
1579 4822 1880 4902 secundis.
1914 4823 2097 4902 Sic_et

385 4869 944 4981 ﬁzgign‘ﬁ‘éuihulaio'
998 4898 1192 4981 videas
1249 4896 1464 4981 lmin'u‘s
1544 4892 1730 4981 nobis
1769 4894 2094 4981 concordes

383 4965 686 5050 ᾕῖοεθοοε.
721 4989 853 5026 cum
890 4987 965 5025 ne
992 4970 1266 5050 recolunt
1298 4967 1541 5050 quidem
1575 4965 1771 5050 eoldie
1795 4965 2098 5050 adoratio-

380 5035 569 5122 ἔξω
607 5059 916 5122 maerorem
946 5035 1831 5122 stellaévceietiftepxeheadi
1867 5052 1936 5089 ει
1988 5053 2097 5091 εω-

379 5106 598 5196 ίῖξιιιο
633 5106 836 5196 rituali
872 5113 1076 5196 codice
1104 5107 1637 5196 'l‘ili'aninﬁibl‘iotb
1660 5106 2000 5196 vineasque
2025 5124 2096 5196 ex

378 5179 736 5264 ﬁﬁegorio,
770 5189 917 5238 orat.
1078 5199 1146 5236 ac
1173 5182 1310 5264 aliis
1339 5182 1448 5234 PP.
1484 5180 1820 5264 Graecorum
1852 5179 1911 5231 in
1943 5179 2096 5264 festa

377 5249 715 5338 ﬁétalitia
745 5255 1058 5310 encomiis.
1111 5269 1245 5307 cum
1297 5258 1495 5332 tamen
1552 5249 1675 5330 illa,
1734 5249 1865 5373 elius
1923 5251 2094 5306 nobis

377 5332 562 5373 μείί
595 5328 917 5373 nrmninnn-
952 5342 1018 5373 ac
1052 5324 1174 5373 fere
1205 5340 1326 5373 una
1355 5329 1506 5373 ratio
1564 5327 1658 5373 Sit.
1708 5319 1751 5373 ll
1784 5337 1800 5372 ι
1860 5326 2094 5373 tantum

507 5328 917 5409 ti_pra_aci_pua.
951 5342 1018 5408 ac
1052 5324 1174 5409 fere
1205 5319 1800 5409 nna_ratip.l.sit.bllli
1860 5326 2095 5409 tantu‘m

372 5393 711 5480 Facolunt
761 5393 918 5480 inter
949 5401 1079 5466 ipsa
1109 5397 1261 5449 festa
1322 5393 1616 5480 Natalitia,
1654 5393 1932 5480 trOpariis
1993 5394 2098 5448 ali-

426 5463 574 5541 ίιίοι
605 5473 666 5526 in
703 5487 839 5527 eum
876 5463 1064 5524 finem
1098 5465 1468 5543 compositis.
1494 5463 1744 5543 quando.
1759 5479 1954 5543 neque
1986 5482 2095 5543 nos

366 5509 588 5622 ἓ
861 5509 942 5622 ale}
952 5556 1022 5593 “3
1037 5509 1276 5622 Γῗῖίθϐθῖῐλ
1285 5545 1370 5591 les
1389 5509 1716 5622 Ῐξίείέΐίεξωι
1731 5534 1791 5588 in
1802 5509 1888 5588 tejr
1969 5539 2097 5622 aj-Q-

553 5615 745 5696 Μίδεω
765 5605 1487 5696 dieiJNata'l‘issolemnia.
1522 5605 1633 5660 Sed
1665 5610 1724 5696 et
1763 5605 2098 5696 spectantia

365 5677 481 5767 ξιξ
507 5689 684 5745 diem
724 5689 794 5740 40
823 5701 858 5739 a
889 5682 1204 5737 Nativitate
1236 5694 1642 5767 memoramus
1674 5677 2096 5767 meinicain:

530 5760 672 5833 ejus
700 5763 957 5823 octavas,
982 5771 1093 5809 ceu
1121 5752 1380 5823 quodam
1406 5749 1650 5821 vestigio
1665 5749 1814 5802 ritus
1838 5750 2096 5822 antiqui,

2210 4394 2447 4465 quando
2475 4411 2584 4449 nec
2608 4395 2825 4448 festum
2859 4397 3150 4450 Occursus
3181 4397 3466 4465 agebatur
3495 4414 3600 4451 suo
3662 4397 3765 4452 illo
3797 4414 3864 4452 ac

2208 4467 2494 4537 peculiari
2517 4466 2633 4532 die,
2670 4483 2786 4537 quo
2820 4483 2979 4521 nunc
3003 4468 3252 4538 agimus.

2277 4541 2352 4607 (ὅ)
2384 4541 2501 4593 Νοη
2533 4540 2630 4607 qui
2660 4540 2881 4607 scripsit
2914 4539 3241 4608 Epistolam.
3281 4541 3351 4594 Ut
3381 4545 3614 4594 constet
3640 4539 3861 4595 adver-

2213 4609 2418 4681 sativa,
2451 4609 2697 4680 planum
2730 4614 2818 4663 est
2849 4610 2930 4664 ita
2961 4609 3278 4681 legendum
3310 4617 3375 4665 ut
3407 4611 3636 4666 ascribo
3673 4627 3858 4681 marg.

2137 4666 2179 4728 D
2210 4697 2278 4735 ac
2308 4666 2668 4753 legothaud
2701 4685 2901 4735 tamen
2945 4666 3170 4753 patitur
3215 4687 3552 4752 temporum
3606 4683 3755 4737 ratio
3796 4666 3863 4737 ut

2204 4751 2406 4822 Cyrilli
2438 4751 2598 4806 illius
2631 4751 2965 4820 successor;
3010 4755 3111 4823 qui
3163 4751 3398 4824 scripsit
3466 4755 3539 4809 ad
3570 4755 3860 4808 Constan-

2205 4824 2370 4883 tium,
2403 4824 2691 4896 nimirum
2725 4824 3020 4896 celebrem
3046 4825 3210 4880 illam
3245 4826 3557 4896 epistolam
3594 4826 3665 4879 de
3688 4841 3860 4879 cruce

2202 4896 2326 4950 visa
2358 4895 2785 4966 Hierosolymis
2808 4895 2868 4948 in
2893 4898 3264 4963 Pentecoste,
3299 4897 3371 4951 ad
3406 4897 3625 4952 Julium
3646 4912 3861 4967 papam

2205 4968 2715 5040 scripserit,quem
2749 4973 2983 5040 constet
2997 4969 3160 5039 prius
3181 4969 3322 5022 vivis
3343 4976 3682 5040 exemptum
3708 4985 3860 5040 esse,

2205 5055 2392 5111 quam
2420 5039 2712 5111 apparitio
2746 5038 3163 5094 illatieret.Vel
3181 5056 3316 5111 ergo
3333 5038 3540 5095 auctor
3566 5057 3669 5110 pro
3685 5039 3882 5111 Julio,

2207 5109 2506 5164 Liberium
2532 5109 2832 5174 voluit,vel
2852 5112 2914 5164 in
2938 5111 3157 5181 Cyrillo
3177 5109 3410 5167 erravit.
3446 5109 3658 5166 Multos
3680 5109 3863 5181 Cyril-

2205 5181 2293 5235 los
2320 5197 2354 5235 ει
2386 5181 2635 5235 Maximo
2666 5181 2838 5251 ponit
2869 5183 3264 5253 Hieronymus
3296 5183 3355 5236 in
3383 5181 3862 5253 Chronico,quod

2207 5252 2418 5307 merito
2444 5253 2732 5307 Baronius
2755 5253 2826 5307 de
2843 5252 3138 5324 pravatum
3174 5255 3527 5324 suspicatur.
3547 5252 3860 5324 Nicephori

2205 5324 2544 5396 Chronicon
2578 5330 2697 5378 tres
2730 5325 3036 5378 interserit
3066 5341 3099 5379 a
3149 5325 3338 5395 primo
3393 5327 3598 5396 Cyl-illi
3633 5327 3860 5396 episco-

2206 5402 2366 5466 patu,
2405 5395 2509 5467 sed
2543 5412 2662 5449 non
2686 5403 2851 5450 vocat
2879 5396 3149 5466 Cyrillos.
3183 5395 3548 5467 Epiphanius
3596 5395 3864 5467 agnoscit

2207 5467 2417 5521 saltem
2445 5466 2692 5539 duoseo
2741 5468 3005 5522 nomine.
3041 5467 3224 5521 Iidem
3279 5466 3419 5522 sunt
3476 5466 3865 5539 quosHiero-

2206 5555 2425 5610 nymus
2449 5538 2744 5610 nominat,
2779 5545 3005 5610 etquos
3037 5539 3403 5609 Nicephorus
3439 5557 3451 5593 :
3486 5538 3740 5610 eumque
3771 5554 3865 5592 eo-

2207 5608 2339 5664 rum
2376 5608 2553 5690 sedes
2585 5609 2944 5690 iiic.erta_sit,
2977 5609 3134 5664 haud
3159 5608 3401 5690 omnino
3435 5608 3661 5682 liquet;
3704 5609 3860 5690 quis,

2206 5699 2273 5736 ac
2301 5679 2563 5753 quando,
2600 5681 2764 5753 cuive
2798 5683 3061 5737 Romano
3091 5681 3383 5752 pontiﬁci,
3415 5679 3594 5753 super
3624 5679 3860 5753 negotio

2207 5749 2336 5808 isto
2353 5749 2676 5822 scripserit-
