4074 6390
469 410 608 468 1447
1877 398 2136 455 JOANNI

2252 397 2488 457 HCBNI
3824 394 3854 448 1
3866 393 3961 450 ω

465 554 534 593 ac
567 534 818 592 Arcadio
848 534 1053 599 fratre,
1088 529 1329 603 Optima.
1355 526 1457 583 Rei
1491 525 1606 580 vim
1629 528 1832 581 sancto
1865 523 2120 596 patriar-

2252 518 2539 592 ιίλ).οντες,,
2569 524 2659 579 καί
2718 521 2781 580 ού
2841 519 3059 600 δίχεται
3116 520 3431 595 ἆλάττωμα
3497 517 3764 594 ἐκατίρα
3796 516 3959 592 ὶορτῆ

468 627 596 682 chaa
624 624 836 682 Joanni
884 623 1304 694 Chrysostomo
1354 616 1643 672 indicant.
1677 617 1751 670 At
1800 613 1901 668 ille
1936 613 2120 668 multa

2252 630 2292 665 ικ
2320 617 2419 680 τῆς
2451 610 2657 674 οἲκείας
2687 612 3108 689 λαμπρότητος.
3144 611 3470 691 Ἐφάνησαν
3512 606 3579 664 δὶ
3614 606 3699 664 τὰ
3727 604 3961 682 ῥήματι

467 716 715 771 solertia
744 732 810 771 ac
848 712 1153 770 alacritate
1212 721 1550 763 sermonem
1610 704 1966 776 suscipiens,
2019 702 2121 772 qui

2252 698 2398 754 ιύτοῦ
2427 704 2524 756 τοῦ
2549 701 2839 778 Ὀνωρίου,
2885 700 3121 758 ἐνώπιον
3179 707 3285 772 τῆς
3348 699 3591 774 μητρὸς
3626 694 3848 764 αὑτοῦ,
3880 696 3963 749 διιῖ

468 806 619 862 olim
667 805 751 860 sic
798 806 1043 875 cuperet
1097 800 1312 855 festum
1361 794 1671 860 celebrari,
1732 793 1962 866 gavisus
2010 800 2119 845 est.

2254 786 2529 865 Αρκαδίου
2591 794 2689 846 τοῦ
2742 788 2985 867 ἀδελφοῦ
3041 791 3230 860 αὐτοῦ,
3304 790 3549 866 ἀρεστά.
3654 782 3959 842 Δεικύουσι

472 897 801 950 Accersunt
824 909 895 948 ex
922 892 1113 963 Cypro
1164 887 1405 943 beatum
1454 884 1877 957 Epiphanium,
1920 881 2021 953 qui
2054 896 2125 935 ex

2252 879 2331 948 τὴν
2365 876 2592 954 δύναμιν
2645 885 2743 937 τοῦ
2800 878 2967 958 ἔργου
3025 882 3248 956 Ἰωάννῃ
3273 885 3359 955 τῷ
3389 877 3858 957 Χρυσοπόμφ,
3885 880 3960 945 τῷ

475 984 859 1040 Hebraeorum
893 979 1150 1051 scriptis,
1183 993 1250 1032 ac
1279 974 1519 1047 Josephi
1560 970 1995 1045 chronographi
2026 968 2128 1024 Hi-

471 1074 656 1129 storia
687 1085 1024 1128 sermonem
1056 1067 1441 1135 conﬁrmans,
1474 1062 1708 1119 Domini
1748 1060 1949 1117 Natale
1978 1059 2128 1114 defl-

469 1163 618 1219 nivit
648 1165 713 1216 ‘25
762 1158 1125 1216 Decembris.
1160 1158 1216 1211 Is
1266 1155 1486 1226 quippe
1535 1150 1861 1224 majoribus
1909 1147 2127 1204 Judaais

468 1259 636 1308 ortus
667 1256 811 1307 erat.
847 1250 960 1305 Alii
988 1263 1224 1319 quoque
1253 1242 1594 1318 congregati
1624 1239 1885 1314 episcopi
1916 1254 2127 1294 sanxe-

468 1347 615 1397 runt
661 1337 1086 1397 celebrandum
1136 1336 1198 1391 in
1250 1334 1413 1406 regia
1459 1330 1604 1387 urbe
1652 1333 1717 1384 223
1764 1326 2127 1394 Decembris,

470 1448 594 1503 qua
621 1430 715 1485 die
747 1444 963 1501 magna
991 1428 1178 1483 Roma
1207 1423 1436 1479 celebre
1462 1421 1728 1477 haberet.
1754 1419 2131 1490 Scripserunt

471 1526 676 1578 autem
705 1518 781 1574 ad
811 1515 1204 1588 Theophilum
1232 1510 1632 1586 patriarcham
1679 1506 2128 1573 Alexandriam,

472 1610 551 1667 ad
598 1611 886 1665 Joannem
936 1599 2011 1679 patriarcham.Hierosolymitanum,
2062 1610 2131 1650 ac

472 1699 818 1755 Flavianum
832 1694 1231 1770 patriarcham
1252 1691 1694 1749 Antiochenam
1712 1710 1726 1757 ;
1741 1687 2131 1759 acquiescen-

474 1794 682 1860 tesque
704 1785 964 1843 universi
996 1789 1251 1856 quatuor
1276 1780 1629 1855 patriarcha:
1664 1781 1995 1835 Romanam
2026 1776 2131 1829 Ec-

470 1878 717 1934 clesiam
748 1876 933 1933 secuti
967 1879 1123 1931 sunt.
1161 1874 1236 1930 iis
1266 1890 1443 1946 porro
1494 1868 1862 1942 temporibus
1890 1869 2133 1922 Anasta-

473 1919 717 1934 υιυυημ..
748 1919 933 1933 πη...
967 1919 1123 1931 ,....η
1162 1919 1236 1930 ...,
1266 1919 1439 1946 ιη---
1498 1919 1782 1942 ---ηρ---
1800 1919 1859 1924 __
1890 1919 2041 1922 _____‘
2084 1919 2106 1920 ρ

473 1972 602 2027 sius
660 1974 861 2027 Roma:
917 1968 1260 2041 patriarcha
1312 1971 1458 2022 erat.
1504 1962 1768 2019 Necdum
1828 1979 1931 2034 ego
1990 1919 2208 2015 tuncB

472 2067 604 2116 erat
658 2060 945 2116 scelestus
1000 2057 1330 2123 Nestorius,
1383 2071 1495 2109 nec
1541 2053 1761 2125 impius
1819 2049 2133 2122 Eutyches.

471 2152 616 2206 Post
635 2150 761 2205 haec
778 2144 1440 2215 demum,‘dmmoniacze
1464 2141 1742 2197 Ecclesim
1766 2139 2014 2205 alumni,
2030 2154 2138 2210 per

472 2240 585 2295 hos
630 2238 784 2295 sacri
834 2237 1057 2293 Natalis
1088 2234 1531 2290 solemnitatem
1564 2230 1778 2295 edocti,
1832 2226 2135 2284 communi

473 2345 685 2384 omnes
709 2341 1009 2384 consensu
1031 2331 1089 2381 et
1110 2325 1223 2396 ipsi
1246 2327 1587 2394 sequentes,
1620 2319 1922 2376 celebrare
1944 2332 2139 2389 cmpe-

472 2422 638 2485 runt,
679 2416 1073 2489 Aposchistze,
1106 2410 1460 2477 Nestoriani,
1482 2408 1781 2474 Jacobitm,
1816 2406 2135 2474 Julianitm,

478 2506 749 2573 Mariani,
791 2503 1075 2561 Gaiauitas
1125 2518 1192 2558 ac
1242 2499 1562 2565 Severiani,
1610 2497 1844 2553 tametsi
1893 2497 1953 2551 in
2002 2495 2137 2551 aliis

474 2595 864 2652 consectariis
886 2598 1154 2649 errantes
1172 2592 1294 2646 sint
1313 2589 1503 2645 divisi.
1540 2588 1922 2659 Scripserunt
1936 2592 2136 2642 autem

475 2684 657 2738 etiam
699 2682 1011 2754 epistolam
1044 2679 1116 2734 ad
1150 2693 1428 2750 magnum
1457 2677 1619 2730 Isaac
1651 2674 1898 2745 majoris
1928 2676 2135 2727 Arme-

471 2773 589 2830 nim
621 2771 965 2844 praasulem,
998 2769 1099 2840 qui
1134 2766 1194 2821 id
1227 2765 1512 2837 temporis
1544 2763 1759 2819 absens
1792 2767 1919 2817 erat
1947 2778 1981 2817 a
2030 2776 2141 2817 sua

471 2862 635 2920 sede.
671 2860 897 2934 Agebat
944 2858 1106 2915 enim
1140 2857 1200 2911 in
1252 2854 1557 2927 provincia
1604 2851 1877 2920 Artasch,
1907 2867 1974 2907 eo
2005 2867 2137 2923 pro-

472 2953 665 3009 fectus
696 2968 834 3006 cum
865 2966 1000 3022 rege
1024 2947 1099 3003 ad
1128 2948 1445 3001 Persarum
1459 2960 1657 3016 regem
1695 2944 1838 2997 Eam
1868 2941 2138 2996 retinens

480 3044 725 3113 iniquus
755 3040 1059 3106 Sormach,
1092 3035 1322 3091 invenit
1350 3050 1469 3105 quo
1500 3050 1622 3088 sum
1645 3031 1962 3087 calumnim
1983 3031 2139 3085 vires

480 3131 768 3187 adderet:
815 3128 1015 3197 aitque
1075 3124 1147 3179 ad
1193 3122 1464 3193 iniquum
1514 3136 1715 3191 regem
1764 3119 2140 3190 conspirasse

478 3211 683 3291 regem
710 3219 970 3282 Artaser,
994 3230 1061 3269 ac
1083 3210 1466 3276 catholicum,
1500 3225 1637 3264 cum
1660 3209 1908 3263 Cmsare.
1942 3207 2046 3262 Cui
2078 3205 2143 3261 ﬂ-

2234 966 2373 1044 ἁγίῳ
2404 972 2743 1046 πατριάρχῃ.
2804 969 2982 1035 Αὖτὸς
3044 968 3122 1044 δὶ,
3182 970 3236 1027 iv
3294 968 3502 1040 πολλῆ
3539 963 3846 1043 ἀγχινοίᾳ
3874 966 3957 1019 καὶ

2234 1056 2516 1134 προθυμίᾳ
2553 1056 2843 1133 δεξάμενος
2899 1059 2993 1116 τὸν
3049 1058 3214 1136 λόγον
3271 1058 3354 1133 (ἐκ
3412 1056 3673 1115 ποΛλοῦ
3743 1054 3957 1130 χρόνον

2235 1145 2416 1212 ἐπόθει
2446 1152 2545 1204 τοῦ
2570 1148 2786 1206 τελέσαι
2835 1149 2978 1207 οὕτω
3024 1152 3125 1222 τὴν
3171 1150 3421 1227 ιορτήν),
3454 1148 3698 1225 ἐχάρη.
3740 1148 3954 1220 Ἀτοεν

2237 1257 2320 1291 σιν
2355 1235 2413 1293 ἐκ
2452 1244 2554 1308 τῆς
2607 1238 2832 1315 Κύπρου
2885 1240 2979 1296 τὸν
3040 1241 3308 1317 μακάριον
3367 1239 3767 1316 Ἐπιφάνιον.
3806 1235 3875 1296 ὗς
3902 1234 3952 1289 Et

2233 1336 2334 1400 τῆς
2362 1329 2470 1384 τῶν
2501 1324 2768 1404 Ἑϐραίων
2826 1337 3063 1408 γραφῆς,
3118 1333 3209 1387 καὶ
3266 1332 3616 1402 ἰωσήππου
3652 1331 3770 1384 τοῦ
3806 1328 3951 1401 Χρο-

2236 1419 2507 1497 νογράφου
2560 1426 2663 1490 τῆς
2717 1418 2981 1494 ἱστορίας,
3040 1415 3346 1496 βεϐαιώσας
3374 1420 3472 1476 τὸν
3510 1417 3744 1494 λόγον,
3790 1415 3949 1488 ὣιειπ

2236 1510 2339 1580 τήν
2385 1509 2633 1586 γέννησιν
2682 1512 2781 1565 τοῦ
2838 1516 3100 1583 Σωτῆρος
3155 1506 3393 1584 Δεκεμϐ.
3450 1509 3563 1569 κε’.
3622 1509 3748 1566 ἿΙν
3783 1506 3944 1582 γᾶρὸ

2239 1600 2377 1675 ἀνὴρ
2417 1599 2479 1655 τὸ
2525 1599 2653 1676 πρὶν
2715 1596 3001 1662 Ἰουδαῖος.
3064 1599 3169 1657 Καὶ
3227 1597 3398 1657 ἄλλοι
3451 1597 3795 1655 ἐπίσκοπα
3830 1617 3941 1650 συν-

2240 1686 2518 1755 αχθέντες,
2552 1688 2837 1761 συνέταξαν
2868 1686 3142 1754 τελεῖσθαι
3201 1689 3280 1753 είς
3328 1690 3429 1760 τὴν
3489 1682 3937 1765 βασιλιδίπολιν

2242 1773 2474 1853 Δεκεμό.
2505 1784 2598 1848 κε’,
2631 1778 2812 1844 καθὼς
2854 1778 2946 1835 καὶ
2999 1781 3035 1851 ἡ
3099 1778 3314 1855 μεγάλη
3360 1778 3601 1853 Ῥώμη.
3650 1775 3938 1832 ’Δπὲοτξε-

2241 1866 2342 1925 λαν
2375 1867 2431 1926 δὶ
2460 1871 2765 1946 γράψαντες
2821 1870 2960 1947 πρὸς
3014 1870 3282 1950 Θεόφιλον
3336 1870 3732 1947 πατριάρχην
3786 1865 3937 1923 Ἀλε-

2238 1957 2536 2036 ξανδρεῖας,
2588 1959 2679 2015 καὶ
2732 1960 2871 2036 πρὸς
2921 1960 3178 2032 Ἰωάννην
3219 1960 3313 2016 τὸν
3344 1959 3739 2035 πατριάρχην
3776 1958 3932 2031 Ἰερο-

2240 2047 2525 2123 σολύμων,
2580 2047 2670 2104 καὶ
2727 2049 2866 2124 πρὸς
2925 2042 3240 2105 Φλαειανδν
3299 2048 3683 2124 πατριάρχην
3721 2046 3932 2102 Ἀντιο-

2240 2137 2417 2213 χείας·
2449 2138 2536 2193 καὶ
2588 2136 2739 2193 οὗτοι
2790 2139 2849 2193 oi
2895 2138 3151 2214 τέσσαρες
3196 2139 3547 2213 πατριάρχαι
3579 2134 3931 2201 πεισθέντες,

2237 2224 2625 2298 ἠκολούθησαν
2682 2229 2753 2300 τῇ
2812 2223 3113 2300 Ἐκκλησία
3164 2233 3268 2298 τῆς
3318 2227 3576 2300 Ῥώμης.
3638 2227 3762 2282 Ἠν
3804 2222 3929 2279 δὶᾶν

2237 2323 2355 2378 τοῖς
2383 2321 2599 2385 καιροῖς
2651 2314 2874 2381 ἐκείνοις
2918 2315 2972 2373 iv
3020 2318 3092 2390 τῇ
3134 2317 3324 2392 Ῥώμῃ
3351 2316 3746 2391 πατριάρχης
3780 2315 3930 2370 Ἀνα-

2242 2406 2481 2468 στάσιος.
2521 2410 2576 2461 '0
2623 2402 2717 2460 οὖν
2773 2406 2971 2482 μιαρὸς
3025 2405 3322 2482 Νεστόριος
3373 2405 3501 2461 τότε
3536 2404 3653 2460 οὐκ
3686 2404 3785 2474 ἦν,
3816 2401 3926 2458 οὐδὲ

2243 2496 2271 2551 ὁ
2304 2489 2504 2564 ἀσεϐὴς
2554 2494 2834 2571 Εὐτυχής.
2888 2494 3092 2551 Λοιπὸν
3126 2497 3266 2570 μετα
3315 2498 3481 2550 τοῦτο
3522 2493 3814 2568 μαθόντες
3840 2491 3919 2547 καί

2242 2581 2641 2652 παιδευθέντες,
2674 2585 2728 2639 οἱ
2785 2581 2847 2641 ἐκ
2895 2591 3003 2654 τῆς
3062 2581 3393 2659 δαιμονικῆς
3450 2581 3817 2655 Ἐκκλησία(
3844 2580 3920 2637 Sci

2238 2673 2454 2730 τούτων
2483 2674 2584 2744 τήν
2618 2674 2813 2747 ἑορτὴν
2850 2681 2952 2743 τῆς
3005 2674 3161 2749 άγὶας
3214 2676 3555 2745 Γεννήσεως,
3589 2672 3917 2732 ἂκολούθσκ

2239 2766 2439 2824 κοινῶς
2466 2762 2783 2836 ἑορτάζουσι
2820 2762 3039 2833 πάντες,
3072 2765 3125 2818 οἱ
3177 2762 3570 2838 Ἀποσχίσται,
3601 2764 3915 2836 Nec-rogu-

2240 2850 2349 2917 νοὶ,
2428 2844 2763 2921 Ἰακωὸἷται,
2837 2850 3210 2923 Ἰουλιανῖται,
3284 2852 3374 2908 καὶ
3454 2852 3781 2928 Μαριανοὶ,
3836 2852 3913 2907 καὶ

2242 2947 2546 3013 Γαῖανῖται,
2594 2943 2684 3000 καὶ
2738 2938 3091 3019 Σεϐηριανοὶ,
3146 2944 3193 3001 εἶ
3246 2943 3339 3001 καὶ
3390 2943 3445 3000 iv
3493 2950 3635 3008 ταῖς
3702 2944 3909 3003 λοιπεαὲ

2242 3029 2594 3094 ἀκολουθίαις
2650 3028 2974 3107 διῃρημένοι
3035 3033 3139 3089 εἶσὶ
3195 3031 3585 3106 πλανώμενοι.
3640 3035 3901 3108 Ἔγραψα*

2244 3118 2543 3188 επιστολὴν
2575 3123 2664 3175 καὶ
2700 3123 2837 3193 πρὸς
2865 3124 2958 3177 τὸν
3008 3124 3179 3198 μεγαν
3227 3122 3424 3184 Ἰσαὰκ,
3469 3123 3575 3177 τὸν
3604 3129 3723 3192 τῆς
3750 3123 3889 3195 μεγά-

2244 3208 2351 3278 λης
2395 3209 2708 3285 ⁸Δρμενίας,
2762 3211 2820 3273 ὅς
2867 3209 2968 3267 οὐκ
3013 3211 3081 3282 ἦν
3129 3210 3254 3267 τότε
3300 3210 3379 3275 εἷς
3430 3212 3528 3267 τὸν
3587 3212 3785 3288 θρόνον
3812 3211 3900 3277 τὶς

482 3310 619 3365 dem
650 3305 943 3363 adhibens
965 3305 1279 3357 Persarum
1326 3316 1453 3363 rex,
1482 3303 1755 3353 sanctum
1797 3295 1957 3352 Isaac
1987 3295 2136 3351 exsi-

2252 3283 2551 3369 ἐπισκοπῆς
2608 3298 2793 3357 αὐτοῦ.
2852 3305 2948 3357 Ἦν
3006 3300 3108 3378 γὰρ
3174 3302 3226 3358 iv
3283 3304 3353 3376 τῇ
3414 3301 3587 3377 χώρᾳ
3622 3283 3912 3376 "Ap-32:1,

478 3399 562 3454 lio
593 3395 883 3452 multavit.
935 3389 1333 3458 Quamobrem
1389 3387 1543 3442 nihil
1589 3386 1664 3441 ad
1696 3384 2137 3458 imperatorem,

478 3492 583 3544 aut
627 3485 701 3541 ad
758 3488 1030 3540 sanctum
1070 3481 1359 3535 Joannem
1410 3476 1901 3548 Chrysostomum
1949 3474 2022 3530 ab
2071 3489 2139 3530 eo

476 3576 834 3648 rescriptum
869 3576 981 3629 est.

2249 3386 2633 3463 ἀπερχόμενος
2661 3389 2755 3444 σὺν
2780 3394 2862 3463 τῷ
2913 3390 3133 3468 βασιλεῖ
3180 3392 3319 3469 πρὸς
3365 3390 3461 3446 τὸν
3503 3396 3749 3468 Περσῶν
3782 3391 3913 3466 ﬁmo

2250 3476 2369 3537 λὲα,
2401 3480 2510 3549 Τὴν
2538 3479 2835 3551 ἐπιστολὴν
2879 3484 3158 3557 κρατήσας
3201 3484 3231 3538 ὁ
3279 3483 3617 3558 παράνομος
3673 3482 3916 3557 Σορμὰι,

2248 3573 2352 3637 τῆς
2388 3564 2657 3641 διαϐολῆς
2688 3570 2855 3628 αὐτοῦ
2906 3569 3132 3646 δύναμιν
3184 3572 3326 3648 εὗρε⁶
3379 3572 3475 3627 καὶ
3514 3571 3669 3647 πρὸς
3712 3573 3809 3627 τὸν
3838 3590 3918 3624 πα-

478 3663 716 3742 ράνομον
754 3658 982 3737 βασιλέα
1038 3660 1214 3723 εἶπεν,
1268 3653 1352 3711 ὅτι
1404 3652 1783 3742 συνεφώνησεν
1932 3649 2190 3729 βασιλεὺς
2246 3657 2547 3735 ’Δρτασὴρν
2594 3661 2685 3717 καὶ
2734 3661 2764 3717 δ
2812 3661 3131 3731 mactatu,
3188 3661 3323 3736 μετὰ
3366 3665 3466 3717 τοῦ
3514 3660 3829 3736 Καίσαρος,
3863 3662 3919 3715 Ὃ

476 3740 570 3809 καὶ
626 3748 917 3812 πιστεύσας
971 3748 999 3802 ὁ
1056 3751 1164 3802 τῶν
1224 3747 1445 3818 Περσῶν
1507 3741 1790 3818 βασιλεὺς,
1848 3740 2073 3815 ἐξώρισε
2124 3743 2217 3798 τὸν
2277 3747 2440 3820 ἁγιου
2490 3748 2691 3805 Ἰσαάκο
2752 3746 2839 3805 διὸ
2886 3746 3041 3806 οὐδὶν
3087 3749 3441 3827 ἀντίγραμμα
3491 3747 3768 3827 lupae"
3799 3748 3920 3825 πρὸς

476 3842 570 3897 τὸν
603 3841 869 3915 Καίσαρα,
901 3836 937 3907 ἤ
969 3836 1104 3913 πρὸς
1129 3835 1222 3890 τὸν
1256 3836 1410 3910 ἅγιον
1449 3832 1707 3902 Ἰωάννην
1741 3830 2167 3905 Χρυσόστομον,
2199 3836 2348 3911 παρὰ
2374 3839 2474 3892 τοῦ
2513 3838 2670 3913 ἁγίου
2701 3839 2901 3897 Ἰσαὰκ,

553 3950 768 4006 Sancta
796 3965 935 4021 ergo
965 3944 1260 4003 catholica
1288 3942 1575 4008 Ecclesia,
1626 3940 1729 3997 ubi
1760 3938 2003 3996 advenit
2033 3957 2141 3996 uu-

479 4042 715 4098 decima
745 4038 1050 4096 Decembr.
1087 4052 1156 4092 ac
1184 4033 1456 4104 sequenti
1485 4031 1816 4098 Dominica,
1841 4030 2141 4086 celebrem

481 4131 604 4205 agit
631 4128 983 4187 memoriam
1015 4126 1111 4180 SS.
1164 4126 1405 4179 Patrum
1442 4122 1543 4192 qui
1593 4120 1784 4193 legem
1820 4135 2143 4192 princesse-

481 4225 644 4290 ruut,
693 4219 798 4291 qui
848 4234 955 4291 per
1005 4214 1186 4271 fidem
1238 4213 1483 4268 fuerunt
1521 4209 1859 4282 justificati,
1907 4225 2143 4266 necnon

484 4328 664 4383 quam
678 4310 863 4364 Lucas
876 4302 1476 4377 habetgenealogiam
1500 4299 1782 4373 legalium
1810 4299 2144 4356 secundum

484 4414 727 4455 carnem
749 4400 1229 4467 nuncupatorum
1253 4397 1569 4463 parentum
1593 4388 1852 4460 ejus,qui
1884 4394 2144 4444 internus

485 4488 591 4543 Dei
622 4486 804 4542 Filius
837 4485 1085 4540 veritate
1115 4482 1305 4537 factus
1346 4484 1436 4535 est
1473 4479 1689 4533 homo:
1723 4478 1996 4547 sequenti
2030 4493 2139 4533 au-

482 4583 605 4632 tem
637 4573 964 4643 Dominica,
990 4571 1048 4627 id
1083 4576 1190 4633 est,
1226 4586 1358 4641 quia
1379 4566 1664 4640 praecedit
1683 4566 1947 4621 Natalem
1981 4566 2143 4621 Chri-

2324 3944 2388 4003 Ἦ
2421 3945 2512 4000 οὗν
2572 3945 2697 4023 ἁγία
2752 3944 3025 4017 καθολικὴ
3083 3945 3414 4018 Ἐκκλησία,
3445 3944 3538 4003 ὅτε
3575 3944 3765 4022 φθάσῃ
3794 3948 3829 4017 ἦ
3861 3945 3919 4001 ια’

2249 4039 2349 4091 τοῦ
2380 4030 2714 4112 Δεκεμϐρίου
2746 4038 2941 4108 μηνὸς,
2985 4037 3077 4093 καὶ
3126 4036 3264 4111 μετὰ
3291 4036 3394 4105 τὴν
3433 4037 3693 4112 γίνεσθαι
3730 4042 3916 4110 Κυρια-

2251 4125 2354 4193 κὴν
2387 4123 2581 4200 ἑορτήν
2636 4125 2883 4200 ἑορτάζει
2939 4126 3041 4195 τὴν
3104 4127 3333 4200 μνήμην
3391 4129 3505 4180 τῶν
3554 4126 3738 4201 ἁγίων
3767 4126 3916 4183 Βατί-

2254 4233 2387 4290 ρων,
2414 4218 2523 4270 τῶν
2555 4215 2662 4291 πρὸ
2690 4218 2787 4270 τοῦ
2832 4215 3033 4289 νόμου,
3085 4214 3140 4271 οἳ
3183 4212 3273 4271 διὰ
3315 4214 3552 4277 πίστεως
3586 4211 3917 4283 ὶδικαιώοη-

2254 4325 2372 4378 σαν,
2429 4304 2518 4360 καὶ
2576 4306 2676 4373 τήν
2739 4304 2878 4361 κατὰ
2952 4309 3163 4361 Δουκᾶν
3213 4302 3568 4381 γενεαλογίαν
3630 4304 3780 4360 κατᾶ
3831 4304 3912 4359 τὸν

2252 4393 2420 4467 νόμον
2461 4393 2710 4470 πατερων
2760 4394 3172 4467 ὀνομασθέντων
3222 4395 3358 4450 κατᾶ
3405 4392 3602 4469 σάρκα,
3630 4398 3739 4449 τοῦ
3785 4392 3911 4462 ἄλης

2254 4486 2363 4546 θῶς
2391 4482 2910 4558 ἐνανθρωπήσαντος
2937 4487 3035 4540 τοῦ
3083 4482 3328 4559 ἁχρόνου
3356 4483 3489 4538 Υὶοῦ
3515 4485 3618 4537 τοῦ
3647 4486 3813 4538 Θεοῦ.
3839 4484 3907 4553 Τῇ

2254 4568 2312 4627 δὶ
2342 4568 2566 4649 δευτέρᾳ
2602 4573 2874 4648 Κυριακῇ,
2921 4570 3095 4650 ἤγουν
3140 4574 3246 4649 πρὸ
3291 4578 3394 4643 τῆς
3439 4573 3691 4646 Χριστοῦ
3721 4571 3907 4640 Γεννή-

481 4667 579 4729 sti,
621 4664 971 4720 memoriam
1023 4665 1506 4729 nuncupatorum
1537 4655 1865 4711 secundum
1897 4672 2136 4711 carnem

2256 4682 2413 4731 νεως,
2480 4666 2589 4718 τῶν
2654 4663 2903 4740 πατέρων
2960 4664 3060 4734 τὴν
3120 4663 3347 4737 μνήμην
3402 4658 3574 4730 τελεῖ,
3624 4665 3742 4717 τῶν
3786 4659 3910 4715 κατὰ

483 4755 653 4812 Verbi
686 4751 978 4809 incarnati
1021 4754 1338 4821 parentum
1381 4745 1664 4811 celebrat,
1717 4761 1867 4814 quos
1898 4744 2136 4816 praecla-

2254 4751 2420 4822 σέρκα
2466 4752 2875 4825 ὀνομασθέντων
2928 4756 3025 4809 τοῦ
3068 4752 3445 4824 σαρκωθὲντος
3489 4748 3701 4825 Λόγου,
3757 4749 3847 4811 οὖς
3881 4748 3904 4801 ὅ

473 4865 577 4904 rus
610 4845 919 4902 Matthmus
952 4858 987 4897 a
1017 4837 1430 4911 superioribus
1452 4836 1525 4893 ad
1551 4835 1858 4908 proximos
1888 4835 2136 4892 texenda

2252 4837 2506 4913 ἀοίδιμος
2537 4843 2822 4917 Μαρθαῖος
2846 4840 3160 4918 γενεαλογεῖ
3189 4839 3393 4897 ἄνωθεν
3414 4841 3587 4896 κάτω.

476 4937 713 4994 Domini
746 4930 1096 5009 genealogia
1126 4931 1419 4984 recenset.

548 5046 665 5101 Has
697 5058 834 5114 ergo
866 5039 1185 5114 praeclaras
1216 5052 1284 5092 ac
1314 5050 1559 5105 magnas
1591 5031 1991 5102 celebritates,
2025 5035 2139 5090 Na-

480 5135 744 5203 tivitatis,
801 5128 1084 5202 Baptismi
1136 5142 1203 5182 ac
1255 5123 1753 5185 Resurrectionis.
1797 5138 1872 5179 ne
1903 5122 2141 5180 deﬁcia-

478 5240 612 5282 mus
643 5222 812 5278 festis
842 5218 1074 5292 gaudiis
1104 5232 1411 5288 peragere.
1447 5214 1546 5269 Hm
1581 5212 1802 5284 quippe
1835 5217 1976 5268 sunt
2004 5230 2137 5283 qum

476 5316 841 5371 innovarunt
868 5312 1189 5364 veteratam
1221 5310 1497 5359 naturam
1539 5302 1876 5357 hominum.
1910 5302 2136 5359 Idcirco

474 5417 713 5473 semper
744 5415 811 5454 ac
842 5415 948 5470 per
977 5395 1182 5450 omnia
1210 5394 1393 5448 festos
1426 5393 1488 5446 in
1521 5391 1607 5445 eis
1630 5397 1980 5459 conventus,
2013 5410 2135 5449 non

476 5491 680 5549 smculi
710 5505 894 5553 more,
946 5486 1052 5541 sed
1100 5500 1335 5542 summa
1383 5481 1640 5553 quadam
1698 5481 2035 5550 honestate,
2071 5484 2134 5538 in

477 5579 872 5638 exsultatione
902 5576 1212 5648 agitemus.
1248 5572 1401 5637 Quin
1450 5576 1510 5625 et
1538 5569 1735 5635 modo,
1768 5574 1836 5623 ut
1864 5569 1925 5623 in
1956 5571 2135 5627 modo

478 5668 761 5736 alicujus,
793 5666 1001 5722 eadem
1034 5662 1128 5717 die
1160 5661 1516 5729 celebretur,
1562 5675 1698 5714 cum
1729 5659 1952 5714 Natalis
1983 5659 2133 5727 dies,

477 5764 612 5812 tum
642 5748 1112 5825 inaugurationis
1143 5747 1208 5801 in
1235 5763 1461 5821 regem,
1489 5744 1652 5802 haud
1678 5760 2005 5819 congruum
2036 5749 2135 5807 de-

2323 5038 2534 5101 Ταύτας
2579 5039 2763 5095 τοίνυν
2811 5040 2908 5102 τὰς
2960 5038 3151 5113 ἑορτὰς
3201 5036 3460 5114 λαμπρὰς
3501 5035 3594 5092 καὶ
3648 5035 3897 5113 μεγάλας,

2247 5134 2350 5197 τῆς
2399 5130 2730 5199 Γεννήσεως,
2778 5132 2877 5184 τοῦ
2926 5126 3331 5201 Βαπτίσματος,
3380 5126 3472 5181 καὶ
3515 5132 3619 5195 τῆς
3650 5126 3898 5181 Ἀναστά-

2251 5238 2388 5280 σεως
2455 5218 2533 5291 μή
2601 5216 2992 5292 ἱκκακήσωμεν
3078 5217 3377 5294 ἑορτάζειν.
3460 5214 3622 5272 Αὗται
3687 5214 3792 5292 γὰρ
3851 5212 3898 5268 αἱ

2248 5309 2712 5384 γαινουργήσασαι
2752 5309 2852 5377 τήν
2900 5305 3308 5370 παλαιωθεῖσαν
3360 5303 3519 5382 φύσιν
3572 5305 3763 5377 ἡμῶν.
3813 5303 3897 5358 Διὰ

2246 5400 2410 5452 τοῦτο
2459 5396 2541 5452 ἀεὶ
2593 5396 2681 5452 καὶ
2731 5394 2822 5453 διὰ
2867 5396 3096 5462 παντὸς,
3135 5393 3189 5451 iv
3237 5391 3567 5469 ἀγαλλιάσει
3612 5391 3897 5467 πανηγυρίο

2250 5492 2430 5560 ζωμεν
2477 5486 2530 5542 iv
2579 5488 2789 5555 αὐταῖς,
2856 5486 2920 5542 οὐ
2967 5488 3276 5560 κοσμικῶς,
3327 5483 3456 5540 ἀλλ’
3506 5482 3896 5558 ὑπερκοσμίως.

2250 5576 2346 5633 Καὶ
2390 5581 2508 5646 νῦν,
2561 5576 2688 5632 ’όταν
2739 5575 2816 5639 είς
2869 5574 3017 5631 οἶκόν
3068 5595 3238 5641 τινος,
3283 5573 3385 5642 τὴν
3430 5572 3648 5648 ἡμέραν
3696 5576 3793 5627 τοῦ
3818 5576 3899 5626 Γε-

2246 5665 2483 5736 νεθλίου,
2533 5667 2624 5723 καὶ
2670 5668 2771 5738 τὴν
2821 5666 3031 5742 ἡμέραν
3073 5668 3173 5722 τοῦ
3225 5662 3582 5740 ἑγκαινισμοῦ
3631 5669 3733 5733 τῆς
3768 5664 3902 5740 βασι-

2248 5752 2422 5829 λείας,
2456 5755 2509 5812 iv
2564 5762 2666 5831 μιᾷ
2706 5755 2894 5834 ἡμέρᾳ
2929 5755 3267 5813 τενισουσιν·
3321 5754 3439 5831 οὐχ
3482 5752 3741 5829 ἁρμόσει,
3783 5749 3900 5808 οὐδὲ
