4074 6372
30 2305 67 2314 ν,

317 388 354 446 4
372 390 476 446 449

311 1058 497 1132 ρέσεις
524 1063 634 1113 τῶν
690 1059 1041 1137 φιλονείκων,
1096 1066 1187 1121 καὶ
1247 1066 1633 1137 ἰπαναστάσεις
1688 1078 1826 1133 κατὰ
1882 1086 1986 1150 τῆς

310 1146 492 1218 ὀρθῆς
520 1148 779 1216 πίστεως,
813 1150 903 1206 καὶ
959 1150 1049 1208 διὰ
1102 1155 1230 1219 τοὺς
1290 1156 1537 1225 ἐθνικους
1583 1163 1674 1219 καὶ
1726 1166 1984 1231 ἀπίστους

313 1232 596 1308 βασιλεῖς,
626 1238 718 1293 καὶ
752 1236 840 1295 διὰ
869 1241 1000 1306 τοὺς
1028 1240 1333 1320 διωγμοὺς,
1364 1249 1455 1304 καὶ
1488 1248 1580 1308 διὰ
1609 1253 1707 1323 τὴν
1744 1257 1983 1332 θαρασύ-

306 1345 463 1396 τητα
492 1331 601 1383 τῶν
633 1328 941 1401 Ἰουδαίων,
975 1332 1029 1388 οἳ
1080 1330 1263 1413 ὥσπερ
1314 1336 1531 1413 κύματα
1582 1353 1826 1417 θαλσσης
1874 1368 1981 1403 πε-

307 1415 719 1490 ριεκύκλωσαν,
751 1425 844 1475 νῦν
872 1418 931 1476 δὲ
960 1420 1198 1480 πλουσία
1228 1424 1394 1501 ἐστὶν,
1438 1428 1627 1502 ἔπειδή
1676 1433 1755 1497 εἷς
1808 1435 1982 1494 πάντα

301 1507 411 1561 τὸν
446 1507 655 1582 κόσμον
688 1508 976 1583 ἐξηπνώθη
1000 1513 1062 1569 τὸ
1095 1514 1458 1593 Εὔαγγέλιον,
1490 1521 1580 1577 καὶ
1642 1525 1808 1602 μέχρι
1857 1548 1978 1603 τερ-

308 1596 506 1669 μάτων
531 1606 633 1670 τῆς
662 1608 767 1676 γῆς
799 1597 1024 1681 ἔφθασεν
1058 1606 1086 1660 ὁ
1118 1604 1285 1684 λόγος
1332 1617 1434 1681 τῆς
1484 1596 1768 1684 ἀληθείας,
1827 1596 1978 1675 Ἐπεὶ

306 1681 380 1740 δὲ
412 1690 548 1760 μετᾶ
575 1690 867 1765 τριακόσια
918 1689 1011 1763 ἔτη
1073 1681 1348 1772 ἐχώρισαν
1407 1702 1471 1755 τὸ
1532 1681 1727 1778 Ηοὶσχα
1767 1704 1827 1761 ἐκ
1880 1712 1978 1762 τοῦ

304 1773 649 1833 Ἰουδαῖκόῦ·
683 1780 941 1844 ὡσαύτως
970 1782 1060 1837 καὶ
1119 1788 1213 1841 νῦν
1251 1787 1350 1857 τήν
1401 1789 1613 1865 ἡμέραν
1661 1799 1769 1850 τῶν
1826 1802 1976 1853 Γενε-

308 1862 493 1921 Θλίων
550 1869 641 1922 καὶ
695 1874 795 1924 τοῦ
855 1872 1230 1946 ϐαπτίσματος
1326 1862 1673 1955 ἑορτάζομεν,
1744 1886 1973 1959 ἑκάστην

305 1953 659 2030 τελουμένην
681 1958 731 2013 ἐν
762 1963 831 2034 τῇ
866 1958 977 2033 ἰδίᾳ
1005 1963 1206 2039 ἡμὲρᾳ,
1240 1967 1331 2021 καὶ
1392 1971 1526 2040 μετὰ
1560 1953 1795 2029 τελείων
1846 1953 1974 2032 ἀνα-

305 2047 684 2119 γνωσμάτων,
716 2050 1028 2125 τροπαρίων
1084 2053 1174 2107 καὶ
1232 2055 1496 2126 κανόνων,
1553 2065 1651 2115 τοῦ
1705 2063 1822 2127 ἑνὸς
1881 2066 1972 2121 καὶ

298 2138 413 2188 τοῦ
447 2135 609 2191 αὐτοῦ
639 2137 847 2213 Κυρίου
879 2144 1038 2211 ἡμῶν
1074 2142 1254 2212 Ἰησοῦ
1302 2148 1558 2219 Χριστοῦ·
1608 2151 1699 2205 καὶ
1744 2152 1852 2229 οὐχ
1896 2156 1972 2218 ὡς

286 2226 625 2295 Ἰωαννηςὸ
672 2228 1101 2301 Μαυροκομίτης
1157 2231 1456 2304 ἀπατηθεὶς
1515 2226 1971 2317 κατηγορεῖ-πῆς

298 2311 675 2388 Ἐκκλησίας,
734 2319 821 2371 καί
880 2317 1139 2395 φλυαρῶν
1201 2317 1445 2400 ἔφασκεν·
1507 2328 1592 2383 ’ὁτι
1651 2327 1719 2384 δι’
1796 2331 1969 2388 ἐκεῖνο

296 2401 673 2477 κατεμέρισαν
708 2406 783 2469 είς
811 2407 935 2477 τρία
972 2410 1072 2479 τήν
1127 2412 1254 2484 μίαν
1316 2414 1532 2491 ἑορτὴν,
1592 2420 1675 2474 ’ὁτι
1733 2422 1823 2476 καὶ
1879 2425 1972 2478 τὸν

296 2493 555 2565 Χριστὸν
604 2496 741 2549 κατᾶ
786 2498 1080 2573 Νεστόριον
1146 2497 1348 2557 διεῖλον
1383 2503 1462 2567 εἷς
1523 2504 1617 2562 δύο
1676 2510 1965 2585 πρόσωπα.

294 2579 505 2652 ’Πμεῖς
538 2579 595 2636 δὲ
657 2583 1121 2659 ἀναθεματίζομεν
1179 2591 1498 2665 Νεστόριον,
1545 2596 1619 2658 ὡς
1669 2579 1964 2675 ἀνθρωπο-

299 2666 626 2743 σπαραδότην
660 2674 755 2745 (e),
785 2674 877 2728 καὶ
906 2674 998 2729 τὸν
1032 2676 1258 2754 Εὐτυχῆ
1286 2682 1372 2736 καὶ
1407 2682 1736 2759 Ἰουλιανὸν,
1760 2690 1961 2746 καὶτὸν

288 2759 734 2834 Μαυροκομίτην
768 2763 1023 2837 Ἰωάννην
1055 2764 1148 2822 τὸν
1182 2764 1496 2842 σύμϐουλον
1524 2772 1710 2833 αὐτοῦ.

378 3028 487 3084 Καὶ
622 3030 787 3103 ἡμεῖς
815 3031 905 3088 τὸν
939 3032 1135 3109 Κύριον
1168 3036 1425 3109 ἀληθινὸν
1473 3043 1602 3098 Θεὸν
1652 3046 1812 3118 ἡμῶν
1865 3047 1955 3104 καὶ

293 3111 594 3192 ἄνθρωπον
622 3117 853 3194 τέλειον,
886 3123 1015 3178 Θεὸν
1040 3123 1099 3179 ἐκ
1132 3130 1288 3194 Θεοῦ,
1322 3133 1437 3203 φῶς
1479 3132 1629 3208 ἅγιον
1784 3137 1954 3212 ἀχρό-

288 3226 396 3260 νου
424 3209 629 3281 φωτὸς,
660 3208 721 3264 ἐκ
749 3211 845 3265 τοῦ
894 3215 1103 3289 Πατρὸς
1150 3218 1474 3291 γεννηθέντα
1517 3222 1627 3296 πρὸ
1669 3228 1775 3279 τῶν
1818 3208 1954 3281 ατίώ-

287 3316 430 3364 νων,
466 3295 556 3351 καὶ
583 3295 643 3353 ἐκ
666 3305 767 3368 τῆς
799 3299 953 3377 ἁγίας
1011 3304 1283 3378 Παρθένου
1328 3306 1431 3363 ὑπὸ
1483 3294 1682 3384 χρόνον
1730 3314 1955 3389 γενόμευ
1983 3294 2027 3362 C

286 3405 392 3439 νον
433 3385 656 3456 ἀληθῶς
716 3387 1022 3465 ἄνθρωπον.
1066 3393 1255 3480 ᾃΟύχδ
1283 3394 1351 3463 ἦν
1400 3385 1950 3480 μεταϐαλὼν-(ἄτρεο

288 3493 436 3535 πτος
460 3473 559 3547 γὰρ
591 3477 627 3543 ἡ
656 3474 870 3545 θεότης,
903 3478 1176 3543 συναῗδιος
1214 3487 1293 3553 τῷ
1345 3486 1537 3562 Πατρῖ,
1584 3490 1674 3543 καὶ
1722 3473 1953 3569 σύνθρο-

289 3582 393 3624 νος
425 3560 504 3635 τῷ
551 3561 686 3639 ἁγίῳ
730 3564 1050 3641 Ιινεύματι),
1103 3568 1232 3624 ἀλλ’
1263 3570 1294 3625 ὅ
1322 3571 1421 3628 οὐκ
1462 3560 1538 3644 δῆν
1594 3560 1951 3654 προσέλαϐεν.

289 3650 359 3707 Ὀ
414 3647 710 3727 ἀχώρητος
766 3652 1052 3731 ἑχωρήθη·
1103 3654 1344 3747 καταϐὰς
1398 3661 1449 3733 ἐξ
1499 3647 1730 3741 ούρανοῦ
1802 3669 1955 3747 ἐσαρ-

289 3738 453 3811 κὼοη
488 3739 666 3806 ὲκτῆς
722 3742 883 3818 ἁγίας
941 3745 1240 3821 Παρθένου,
1285 3748 1374 3804 καί
1434 3738 1696 3828 ἐγεννήθη
1760 3758 1837 3824 εἷς
1890 3738 1953 3816 τὸ

290 3828 450 3905 ἅγιον
484 3828 781 3901 σπήλαιον·
816 3828 1133 3923 εέῦαπτίσθη
1194 3836 1245 3892 ἐν
1289 3837 1560 3918 Ἰορδάνῃ,
1611 3844 1951 3923 ἕσταυρώθη,

289 3917 492 3996 ἐτάφη·
524 3919 758 3984 ἀναστὰς
789 3922 1071 4001 ἀνελήφθη
1105 3924 1184 3989 εἷς
1241 3928 1334 3984 τὸν
1386 3917 1637 4005 οὐρανὸν,
1688 3917 1784 3991 καὶ⁷
1828 3938 1952 3995 ἑκά-

288 4018 442 4072 θισεν
470 4008 530 4064 ἐκ
561 4006 747 4081 δεξιῶν
769 4017 871 4067 τοῦ
916 4013 1147 4091 Πατρός·
1191 4015 1466 4075 ἐλεύσεται
1522 4018 1580 4078 δὶ
1636 4031 1816 4098 κρῖναι
1857 4029 1949 4084 τὸν

282 4098 503 4171 κόσμον
544 4098 596 4154 ἐν
656 4098 995 4179 δικαιοσύνῃ·
1049 4104 1256 4195 αύτῷῗή
1291 4105 1442 4181 δόξα,
1487 4111 1578 4168 σὸν
1627 4120 1708 4188 τῷ
1755 4119 1953 4195 Πατρὶ,

280 4185 382 4243 καὶ
406 4190 487 4259 τῷ
518 4187 656 4263 ἁγίῳ
691 4191 990 4267 Πνεύματι,
1022 4193 1099 4258 εἰς
1127 4194 1256 4259 τοὺς
1288 4197 1512 4264 αἰῶνας.
1543 4185 1743 4278 Ἀμῆν.

1477 414 1575 466 DE
1612 415 1838 471 FBBTO
1873 421 1997 475 DIE
2037 424 2303 482 NATALI
2345 429 2623 490 DOMINI.

319 516 642 597 διαπρέψαι.
676 524 799 581 Ἐὰν
833 526 1014 604 πατὴρ
1054 530 1117 584 τὸ
1179 531 1459 609 βάπτισμα
1512 538 1604 593 καὶ
1658 541 1749 597 τὸν
1807 542 1987 617 γάμον
2019 549 2073 615 Α
2103 567 2243 608 cens

312 615 426 665 τοῦ
466 611 810 689 προσφιλοῦς
869 617 991 671 υἱοῦ
1050 618 1305 697 ἑορτάσῃ,
1368 624 1457 680 ἐὰν
1517 626 1570 681 ἐν
1628 635 1727 702 μιᾷ
1784 611 1987 708 ἡμέρᾳ,

319 700 430 755 οὐκ
460 697 606 758 ἔστιν
638 702 869 777 ἄτοπον,
902 704 1031 762 οὐδὲ
1082 708 1340 785 ἀπρεπὲς·
1402 714 1446 769 εἰ
1503 718 1596 773 καὶ
1661 715 1751 775 διὰ
1804 723 1987 777 πενίαν

314 795 491 846 τοῦτο
519 795 763 865 ποιήσει,
796 794 1014 867 ἄριστόν
1048 797 1215 872 ἐστιν,
1248 799 1310 856 ἄν
1335 808 1498 861 τοῦτο
1547 806 1598 862 ἐν
1654 814 1752 883 μιᾷ
1807 813 1990 887 ἡμέρᾳ

317 883 559 956 ποιήσῃ,
592 882 627 952 ἢ
659 881 776 941 δύο.
806 885 869 940 Ἡ
926 887 1017 940 οῦν
1072 888 1197 963 ἁγία
1244 890 1568 969 Ἐκκλησία,
1623 881 1669 953 εί
1718 900 1808 955 καὶ
1853 881 1989 959 ’τότε

316 967 551 1025 ἐπὶτῶν
584 971 907 1028 ἀποστόλων
941 974 993 1029 ἐν
1022 982 1275 1055 πτωχείᾳ
1325 967 1563 1058 ἐπῆρχε,
1619 984 1709 1043 διὰ
1752 991 1847 1053 τὰς
1897 993 1988 1047 αἱ·

2102 643 2257 711 culo,
2292 646 2491 705 dilecti
2521 653 2625 707 ﬁlii
2661 655 2957 729 baptisma
3005 643 3239 735 pariter
3280 678 3458 743 atque
3509 643 3754 750 nuptias

2101 732 2381 799 celebret,
2416 740 2566 796 nihil
2598 744 2889 805 absonum
2934 752 3031 817 sit,
3082 763 3183 811 aut
3238 762 3440 818 minus
3493 732 3752 824 deciens:

2100 825 2277 892 atque
2309 832 2374 880 ut
2403 838 2646 901 propter
2675 845 3080 909 paupertatem
3124 846 3321 917 faciat,
3375 852 3553 923 plane
3600 873 3754 927 pra:-

2099 911 2279 967 stabit
2306 921 2373 970 ut
2395 934 2515 974 uno
2549 924 2745 993 potius
2778 945 2956 998 quam
2986 932 3219 991 duobus
3250 911 3458 997 diebus
3489 911 3621 1000 rem;
3667 947 3756 1002 fa-

2097 999 2233 1055 ciat.
2267 1004 2481 1063 Sancta
2512 1027 2646 1084 ergo
2680 1016 2962 1087 Ecclesia,
2997 1039 3339 1096 quanquam
3365 1031 3473 1085 sub
3512 999 3755 1105 aposto-

2095 1089 2169 1180 lis
2197 1109 2425 1167 pauper
2455 1102 2697 1171 exstitit,
2723 1114 2966 1179 propter
2986 1089 3356 1173 contentioni
3380 1089 3752 1180 studentium

2095 1178 2374 1251 haereses,
2400 1203 2468 1241 ac
2500 1205 2598 1245 eos
2627 1193 2725 1262 qui
2762 1202 2937 1253 rectm
2970 1200 3754 1275 ﬁdeiadversarentur,nec-

2092 1447 2268 1518 ciam,
2303 1454 2521 1524 quibus
2553 1475 2662 1514 ceu
2695 1461 2977 1520 fluctibus
3037 1470 3219 1526 maris
3278 1474 3746 1551 circumquaque

2091 1537 2338 1611 obsepta
2367 1550 2535 1599 erat:
2597 1564 2755 1605 nunc
2813 1557 3011 1611 tamen
3069 1557 3229 1616 dives
3283 1569 3393 1632 est,
3448 1537 3747 1638 siquidem

2089 1627 2468 1702 Evangelium
2492 1637 2849 1708 explicatum
2874 1646 3045 1701 estin
3070 1651 3363 1707 mundum
3376 1657 3747 1728 universum,

2090 1733 2404 1792 sermoque
2426 1726 2688 1784 veritatis
2719 1734 2977 1801 pervasit
3002 1753 3190 1810 usque
3221 1741 3295 1796 ad
3352 1743 3501 1801 ﬁnes
3545 1751 3741 1802 terrae.

2088 1806 2235 1872 Quia
2265 1828 2400 1883 ergo
2434 1821 2570 1884 post
2608 1834 2796 1876 annos
2824 1806 3120 1883 trecentos
3171 1830 3575 1889 Christianum
3624 1838 3738 1891 Pa-

2088 1897 2230 1953 scha
2251 1916 2285 1954 a
2307 1901 2550 1960 Judaico
2574 1919 2947 1982 scpararunt,
2973 1916 3179 1973 eadem
3207 1937 3366 1978 nunc
3393 1940 3630 1996 quoque
3650 1944 3740 1982 ra-

2089 1986 2271 2055 tione,
2298 1992 2712 2053 Natalitiorum
2732 1999 2889 2056 diem
2908 2019 2975 2059 ac
2998 1986 3509 2079 baptismatis,suo
3534 1986 3741 2086 quem-

2087 2092 2202 2145 que
2234 2095 2302 2133 ac
2333 2084 2573 2152 proprio
2633 2087 2748 2155 die,
2805 2107 2873 2146 ac
2930 2110 3064 2149 cum
3122 2099 3402 2168 perfectis
3460 2102 3740 2160 lectioni-

2084 2162 2215 2234 bus,
2249 2168 2650 2244 modulisque,
2682 2193 2750 2233 ac
2780 2183 3129 2249 canonibus,
3161 2188 3338 2244 unius
3368 2206 3437 2246 ac
3468 2193 3738 2264 ejusdem

2086 2254 2318 2311 Domini
2351 2262 2539 2315 nostri
2570 2265 2706 2320 Jesu
2757 2268 2995 2335 Christi,
3033 2272 3238 2329 festive
3291 2279 3569 2349 colimus,
3627 2300 3739 2339 nec

2082 2357 2240 2409 vero,
2268 2347 2350 2400 uti
2377 2363 2576 2405 errore
2604 2353 2886 2426 deceptus
2908 2360 3164 2416 Joannes
3215 2363 3316 2419 ille
3348 2368 3738 2425 Maurocomi-

2083 2436 2172 2487 tes
2203 2435 2527 2495 Ecclesiam
2550 2445 2957 2514 reprehendit,
2991 2465 3058 2504 ac
3088 2466 3320 2524 nugans
3363 2455 3475 2511 sit:
3508 2456 3737 2515 Idcirco

2081 2522 2523 2584 solemnitatem
2556 2547 2735 2588 unam
2769 2535 2830 2590 in
2863 2541 2983 2593 tres
3032 2522 3236 2611 partiti
3282 2549 3440 2614 sunt,
3493 2546 3634 2617 quia
3676 2552 3738 2604 et

2078 2610 2377 2669 Christum
2404 2618 2755 2678 Nestoriano
2787 2641 2987 2683 errore
3017 2610 3079 2683 in
3112 2630 3260 2686 duas
3304 2650 3593 2704 personas
3642 2636 3737 2692 di-

2076 2698 2361 2757 viserunt.
2392 2706 2506 2761 Nos
2526 2708 2821 2779 siquidem
2843 2717 3163 2774 anathema
3180 2722 3447 2777 Nestorio
3474 2723 3732 2783 dicimus

2076 2791 2359 2861 tanquam
2392 2793 2650 2853 hominis
2680 2800 3000 2872 adoratori,
3036 2806 3334 2879 simulque
3393 2813 3728 2884 Eutycheti,

2074 2883 2134 2933 et
2186 2880 2444 2951 Juliano,
2504 2886 2753 2960 ejusque
2811 2894 3201 2952 conciliorum
3273 2900 3434 2955 socio
3514 2903 3728 2958 Joanni

2071 2968 2531 3030 Maurocomitaa.

2141 3058 2508 3118 Conﬁtemur
2535 3072 2733 3123 autem
2765 3071 3083 3129 Dominum
3114 3090 3321 3131 verum
3376 3079 3562 3134 Deum
3613 3096 3722 3136 no-

2068 3150 2281 3217 strum,
2312 3155 2488 3223 atque
2518 3154 2824 3213 hominem
2856 3161 3208 3233 perfectum,
3242 3166 3429 3222 Deum
3458 3167 3529 3222 de
3580 3169 3722 3240 Deo,

2069 3242 2341 3294 sanctum
2363 3240 2570 3298 lumen
2592 3245 2664 3301 de
2687 3253 2911 3305 aeterno
2933 3250 3182 3317 lumine,
3206 3270 3277 3309 ex
3307 3256 3478 3312 Patre
3503 3263 3713 3314 natum

2065 3330 2204 3380 ante
2226 3329 2463 3399 saecula,
2486 3332 2827 3406 factumque
2850 3339 2959 3394 sub
2981 3345 3244 3413 tempore
3258 3360 3391 3399 vere
3410 3345 3718 3403 hominem

2064 3429 2136 3469 ex
2165 3423 2370 3472 sancta
2389 3419 2643 3493 Virgine.
2676 3426 2798 3480 Non
2822 3428 3021 3483 amisit
3044 3430 3203 3499 quod
3235 3439 3379 3487 erat.
3405 3435 3549 3489 Nam
3583 3436 3720 3491 dei-

2064 3507 2154 3559 tas
2184 3508 2577 3564 mutationem
2611 3529 2731 3568 non
2762 3516 3007 3587 recipit:
3042 3525 3371 3576 coaeternus
3396 3522 3610 3591 Patris,
3641 3541 3711 3580 ac

2064 3593 2273 3649 eadem
2305 3596 2580 3653 sublimis
2607 3602 2745 3657 sede
2777 3621 2911 3658 cum
2943 3613 3149 3661 sancto
3181 3608 3440 3679 Spiritu:
3473 3611 3579 3666 sed
3609 3629 3707 3667 as-

2065 3684 2323 3754 sumpsit
2352 3687 2510 3755 quod
2538 3706 2658 3744 non
2691 3699 2835 3748 erat.
2868 3695 2973 3759 Qui
3009 3697 3139 3767 capi
3171 3714 3292 3753 non
3335 3706 3586 3771 poterat,
3618 3703 3711 3757 fe-

2064 3772 2146 3828 cit
2178 3781 2244 3829 ut
2295 3786 2625 3849 caperetur.
2691 3784 3065 3843 Descendens
3123 3789 3195 3844 de
3247 3792 3415 3859 caelo,
3467 3810 3711 3849 carnem

2066 3866 2321 3935 sumpsit
2351 3885 2421 3922 ex
2453 3878 2659 3926 sancta
2691 3873 2948 3947 Virgine,
2982 3894 3049 3933 ac
3079 3878 3140 3933 in
3172 3897 3551 3953 sacraspecu
3606 3901 3714 3940 na-

2066 3956 2160 4007 tus
2191 3960 2300 4010 est.
2336 3958 2667 4029 Baptizatus
2695 3969 2788 4019 est
2816 3964 2877 4019 in
2907 3967 3182 4036 Iordane,
3224 3972 3563 4040 cruciﬁxus,
3624 3990 3719 4029 se-

2064 4043 2440 4115 pultus.Cum
2455 4054 2900 4123 resurrexisset,
2927 4065 3268 4130 assumptus
3281 4062 3451 4117 estin
3478 4062 3717 4131 caalum,

2066 4133 2336 4206 seditque
2355 4136 2429 4193 ad
2451 4138 2756 4198 dexteram
2777 4146 2969 4201 Patris
2996 4164 3009 4201 :
3036 4154 3320 4205 venturus
3343 4156 3432 4206 est
3444 4150 3718 4223 judicare

2062 4223 2358 4281 mundum
2387 4227 2448 4283 in
2497 4229 2753 4301 justitia.
2815 4234 2933 4306 Ipsi
2989 4237 3178 4309 gloria
3229 4256 3364 4295 cum
3419 4242 3591 4296 Patre
3650 4257 3718 4297 ac

2065 4318 2272 4369 sancto
2300 4315 2521 4387 Spiritu
2551 4318 2613 4375 in
2646 4322 2883 4380 saacula.
2917 4326 3127 4382 Amen.

1673 4454 1907 4512 VARI/Ii
1950 4460 2351 4525 LECTIONES.

360 4552 432 4625 (θ)
458 4546 540 4607 Ἱσ.
573 4548 1066 4631 ἆνθρωπολάτρην.
1143 4557 1214 4630 (Γ)
1245 4554 1396 4620 λείπ.
1428 4572 1866 4646 προσκυνοῦμεν,
1900 4572 2051 4653 ἤτοι,
2081 4579 2326 4660 ὁμολογ.

571 5855 840 5919 ΡΑἹἮΟΙ..
886 5859 1000 5922 Gu.
1046 5842 1258 5928 XCVI.

3356 5897 3436 5954 46
