  <div class='ocr_page' id='page_1' title='image "/cluster/home/n/w/nwhite01/storage/ocr_20150623/96:no.3/coo.31924054870005/739.png"; bbox 0 0 4074 6398; ppageno 0'>
   <div class='ocr_carea' id='block_1_1' title="bbox 431 405 3897 462">
    <p class='ocr_par' dir='ltr' id='par_1_1' title="bbox 431 405 3897 462">
     <span class='ocr_line' id='line_1_1' title="bbox 431 405 3897 462; baseline 0.005 -4"><span class='ocrx_word' id='word_1_1' title='bbox 431 405 3897 462; x_wconf 75' lang='lat'><strong>————————-————___————__—————————————————————————-——-</strong></span> 
     </span>
    </p>
   </div>
   <div class='ocr_carea' id='block_1_2' title="bbox 434 436 3896 479">
    <p class='ocr_par' dir='ltr' id='par_1_2' title="bbox 434 436 3896 479">
     <span class='ocr_line' id='line_1_2' title="bbox 434 436 3896 479; baseline -0.003 -7"><span class='ocrx_word' id='word_1_2' title='bbox 434 436 3896 479; x_wconf 44' lang='grc' dir='ltr'><em>Ψ</em></span> 
     </span>
    </p>
   </div>
   <div class='ocr_carea' id='block_1_3' title="bbox 2101 594 2190 651">
    <p class='ocr_par' dir='ltr' id='par_1_3' title="bbox 2101 594 2190 651">
     <span class='ocr_line' id='line_1_3' title="bbox 2101 594 2190 651; baseline -0.034 0"><span class='ocrx_word' id='word_1_3' title='bbox 2101 594 2190 651; x_wconf 88' lang='lat' dir='ltr'><strong>DE</strong></span> 
     </span>
    </p>
   </div>
   <div class='ocr_carea' id='block_1_4' title="bbox 1237 789 3047 931">
    <p class='ocr_par' dir='ltr' id='par_1_4' title="bbox 1237 789 3047 931">
     <span class='ocr_line' id='line_1_4' title="bbox 1237 789 3047 931; baseline -0.012 1"><span class='ocrx_word' id='word_1_4' title='bbox 1237 797 1960 931; x_wconf 87' lang='lat' dir='ltr'><strong>JOANNIS</strong></span> <span class='ocrx_word' id='word_1_5' title='bbox 2057 789 3047 919; x_wconf 85' lang='lat' dir='ltr'><strong>EUBCEENSIS</strong></span> 
     </span>
    </p>
   </div>
   <div class='ocr_carea' id='block_1_5' title="bbox 1008 1053 3287 1162">
    <p class='ocr_par' dir='ltr' id='par_1_5' title="bbox 1008 1053 3287 1162">
     <span class='ocr_line' id='line_1_5' title="bbox 1008 1053 3287 1162; baseline -0.009 -1"><span class='ocrx_word' id='word_1_6' title='bbox 1008 1066 1594 1162; x_wconf 78' lang='lat' dir='ltr'><strong>ORA&#39;I‘IONE</strong></span> <span class='ocrx_word' id='word_1_7' title='bbox 1652 1064 1767 1152; x_wconf 90' lang='lat' dir='ltr'><strong>IN</strong></span> <span class='ocrx_word' id='word_1_8' title='bbox 1826 1053 2724 1150; x_wconf 86' lang='lat' dir='ltr'><strong>CONCEPTIONEM</strong></span> <span class='ocrx_word' id='word_1_9' title='bbox 2785 1053 3287 1142; x_wconf 74' lang='lat' dir='ltr'><strong>DEIPAR/E</strong></span> 
     </span>
    </p>
   </div>
   <div class='ocr_carea' id='block_1_6' title="bbox 1708 1269 2612 1377">
    <p class='ocr_par' dir='ltr' id='par_1_6' title="bbox 1708 1269 2612 1377">
     <span class='ocr_line' id='line_1_6' title="bbox 1708 1269 2612 1377; baseline -0.01 1"><span class='ocrx_word' id='word_1_10' title='bbox 1708 1269 2612 1377; x_wconf 72' lang='lat' dir='ltr'><strong>MONITUM.</strong></span> 
     </span>
    </p>
   </div>
   <div class='ocr_carea' id='block_1_7' title="bbox 1279 1493 3006 1572">
    <p class='ocr_par' dir='ltr' id='par_1_7' title="bbox 1279 1493 3006 1572">
     <span class='ocr_line' id='line_1_7' title="bbox 1279 1493 3006 1572; baseline -0.01 -11"><span class='ocrx_word' id='word_1_11' title='bbox 1279 1509 1428 1572; x_wconf 80' lang='lat' dir='ltr'><strong>(Ant.</strong></span> <span class='ocrx_word' id='word_1_12' title='bbox 1462 1504 1749 1563; x_wconf 64' lang='lat' dir='ltr'><strong>Bursam,</strong></span> <span class='ocrx_word' id='word_1_13' title='bbox 1779 1500 1988 1567; x_wconf 75' lang='lat' dir='ltr'><strong>Sylloge</strong></span> <span class='ocrx_word' id='word_1_14' title='bbox 2014 1497 2483 1555; x_wconf 79' lang='lat' dir='ltr'><strong>monumentorum,</strong></span> <span class='ocrx_word' id='word_1_15' title='bbox 2515 1498 2636 1557; x_wconf 80' lang='lat' dir='ltr'><strong>etc.,</strong></span> <span class='ocrx_word' id='word_1_16' title='bbox 2664 1498 2705 1547; x_wconf 84' lang='lat' dir='ltr'><strong>t.</strong></span> <span class='ocrx_word' id='word_1_17' title='bbox 2735 1494 2776 1545; x_wconf 86' lang='grc' dir='ltr'><strong>Ῑ.</strong></span> <span class='ocrx_word' id='word_1_18' title='bbox 2817 1507 2871 1560; x_wconf 89' lang='lat' dir='ltr'><strong>p.</strong></span> <span class='ocrx_word' id='word_1_19' title='bbox 2904 1493 3006 1555; x_wconf 83' lang='lat'><strong>36.)</strong></span> 
     </span>
    </p>
   </div>
   <div class='ocr_carea' id='block_1_8' title="bbox 431 1663 3899 1781">
    <p class='ocr_par' dir='ltr' id='par_1_8' title="bbox 431 1663 3899 1781">
     <span class='ocr_line' id='line_1_8' title="bbox 431 1663 3899 1781; baseline -0.009 -35"><span class='ocrx_word' id='word_1_20' title='bbox 431 1703 457 1760; x_wconf 68' lang='grc' dir='ltr'><em>ε</em></span> <span class='ocrx_word' id='word_1_21' title='bbox 489 1693 628 1748; x_wconf 78' lang='lat' dir='ltr'><strong>l-IV.</strong></span> <span class='ocrx_word' id='word_1_22' title='bbox 653 1716 719 1731; x_wconf 91' lang='lat'><strong>-</strong></span> <span class='ocrx_word' id='word_1_23' title='bbox 746 1691 820 1741; x_wconf 86' lang='lat' dir='ltr'><strong>De</strong></span> <span class='ocrx_word' id='word_1_24' title='bbox 853 1683 1134 1739; x_wconf 80' lang='lat' dir='ltr'><strong>codicibus</strong></span> <span class='ocrx_word' id='word_1_25' title='bbox 1163 1683 1306 1733; x_wconf 88' lang='lat' dir='ltr'><strong>hanc</strong></span> <span class='ocrx_word' id='word_1_26' title='bbox 1337 1681 1641 1753; x_wconf 70' lang='lat' dir='ltr'><strong>orationem</strong></span> <span class='ocrx_word' id='word_1_27' title='bbox 1669 1673 2096 1749; x_wconf 79' lang='lat' dir='ltr'><strong>continentibus.</strong></span> <span class='ocrx_word' id='word_1_28' title='bbox 2125 1696 2185 1708; x_wconf 93' lang='lat'>—</span> <span class='ocrx_word' id='word_1_29' title='bbox 2213 1673 2237 1781; x_wconf 57' lang='grc' dir='ltr'><strong><em>ἲ</em></strong></span> <span class='ocrx_word' id='word_1_30' title='bbox 2265 1669 2326 1721; x_wconf 80' lang='grc' dir='ltr'><strong>ν.</strong></span> <span class='ocrx_word' id='word_1_31' title='bbox 2357 1670 2429 1720; x_wconf 89' lang='lat' dir='ltr'><strong>De</strong></span> <span class='ocrx_word' id='word_1_32' title='bbox 2464 1665 2704 1719; x_wconf 88' lang='lat' dir='ltr'><strong>auctoris</strong></span> <span class='ocrx_word' id='word_1_33' title='bbox 2733 1669 2890 1744; x_wconf 63' lang='lat' dir='ltr'><strong>aetate</strong></span> <span class='ocrx_word' id='word_1_34' title='bbox 2925 1669 2979 1717; x_wconf 87' lang='lat' dir='ltr'><strong>et</strong></span> <span class='ocrx_word' id='word_1_35' title='bbox 2997 1665 3333 1742; x_wconf 63' lang='lat' dir='ltr'><strong>praetentis.</strong></span> <span class='ocrx_word' id='word_1_36' title='bbox 3353 1663 3540 1742; x_wconf 74' lang='lat' dir='ltr'><strong>Allatii</strong></span> <span class='ocrx_word' id='word_1_37' title='bbox 3559 1663 3899 1737; x_wconf 65' lang='lat' dir='ltr'><strong>conjectura</strong></span> 
     </span>
     <span class='ocr_line' id='line_1_9' title="bbox 505 1729 3899 1781; baseline -0.001 0"><span class='ocrx_word' id='word_1_38' title='bbox 505 1755 822 1781; x_wconf 64' lang='lat'><strong>__--...4:.....</strong></span> <span class='ocrx_word' id='word_1_39' title='bbox 851 1751 917 1781; x_wconf 71' lang='grc' dir='ltr'><strong>Α-</strong></span> <span class='ocrx_word' id='word_1_40' title='bbox 955 1746 1263 1781; x_wconf 47' lang='lat' dir='ltr'><strong>nmmum“</strong></span> <span class='ocrx_word' id='word_1_41' title='bbox 1292 1758 1513 1781; x_wconf 77' lang='lat' dir='ltr'><strong>nnminn</strong></span> <span class='ocrx_word' id='word_1_42' title='bbox 1545 1745 1749 1781; x_wconf 69' lang='lat' dir='ltr'><strong>mmmn</strong></span> <span class='ocrx_word' id='word_1_43' title='bbox 1782 1737 2002 1781; x_wconf 75' lang='lat' dir='ltr'><strong>tributo.</strong></span> <span class='ocrx_word' id='word_1_44' title='bbox 2027 1759 2090 1773; x_wconf 89' lang='lat'><strong>—</strong></span> <span class='ocrx_word' id='word_1_45' title='bbox 2115 1738 2140 1781; x_wconf 65' lang='grc' dir='ltr'>ι</span> <span class='ocrx_word' id='word_1_46' title='bbox 2169 1734 2209 1781; x_wconf 81' lang='grc' dir='ltr'><strong>ν</strong></span> <span class='ocrx_word' id='word_1_47' title='bbox 2241 1771 2255 1781; x_wconf 90' lang='grc'>.</span> <span class='ocrx_word' id='word_1_48' title='bbox 2285 1735 2359 1781; x_wconf 88' lang='lat' dir='ltr'><strong>De</strong></span> <span class='ocrx_word' id='word_1_49' title='bbox 2387 1737 2628 1781; x_wconf 87' lang='lat' dir='ltr'><strong>veterum</strong></span> <span class='ocrx_word' id='word_1_50' title='bbox 2661 1730 3000 1781; x_wconf 79' lang='lat' dir='ltr'><strong>homilierum</strong></span> <span class='ocrx_word' id='word_1_51' title='bbox 3045 1743 3104 1780; x_wconf 81' lang='lat' dir='ltr'><strong>in</strong></span> <span class='ocrx_word' id='word_1_52' title='bbox 3157 1729 3593 1781; x_wconf 76' lang='lat' dir='ltr'><strong>Concsntionem</strong></span> <span class='ocrx_word' id='word_1_53' title='bbox 3643 1729 3899 1781; x_wconf 68' lang='lat' dir='ltr'><strong>Demara</strong></span> 
     </span>
    </p>
   </div>
   <div class='ocr_carea' id='block_1_9' title="bbox 491 1734 2107 1876">
    <p class='ocr_par' dir='ltr' id='par_1_9' title="bbox 491 1734 2107 1876">
     <span class='ocr_line' id='line_1_10' title="bbox 491 1734 2090 1871; baseline -0.016 -62"><span class='ocrx_word' id='word_1_54' title='bbox 491 1734 822 1871; x_wconf 38' lang='lat' dir='ltr'><strong>ﬁgienda}?</strong></span> <span class='ocrx_word' id='word_1_55' title='bbox 851 1734 1263 1801; x_wconf 28' lang='lat' dir='ltr'><strong>de—Diomascens&#39;</strong></span> <span class='ocrx_word' id='word_1_56' title='bbox 1292 1743 1514 1822; x_wconf 72' lang='lat' dir='ltr'><strong>nomine</strong></span> <span class='ocrx_word' id='word_1_57' title='bbox 1532 1739 1752 1818; x_wconf 43' lang='lat' dir='ltr'><strong>.auctori</strong></span> <span class='ocrx_word' id='word_1_58' title='bbox 1782 1737 2002 1790; x_wconf 87' lang='lat' dir='ltr'><strong>tributo.</strong></span> <span class='ocrx_word' id='word_1_59' title='bbox 2027 1759 2090 1773; x_wconf 91' lang='lat'><strong>—</strong></span> 
     </span>
     <span class='ocr_line' id='line_1_11' title="bbox 491 1797 2107 1876; baseline -0.015 -4"><span class='ocrx_word' id='word_1_60' title='bbox 491 1821 550 1871; x_wconf 90' lang='lat' dir='ltr'><strong>in</strong></span> <span class='ocrx_word' id='word_1_61' title='bbox 593 1819 692 1870; x_wconf 91' lang='lat' dir='ltr'><strong>ole.</strong></span> <span class='ocrx_word' id='word_1_62' title='bbox 721 1842 786 1855; x_wconf 91' lang='lat'>—</span> <span class='ocrx_word' id='word_1_63' title='bbox 812 1819 835 1876; x_wconf 66' lang='grc' dir='ltr'><strong>ε</strong></span> <span class='ocrx_word' id='word_1_64' title='bbox 866 1811 978 1863; x_wconf 84' lang='lat' dir='ltr'><strong>VII.</strong></span> <span class='ocrx_word' id='word_1_65' title='bbox 1012 1813 1085 1862; x_wconf 89' lang='lat' dir='ltr'><strong>De</strong></span> <span class='ocrx_word' id='word_1_66' title='bbox 1120 1810 1344 1876; x_wconf 79' lang='lat' dir='ltr'><strong>historia</strong></span> <span class='ocrx_word' id='word_1_67' title='bbox 1369 1805 1678 1857; x_wconf 78' lang='lat' dir='ltr'><strong>Natmtatis</strong></span> <span class='ocrx_word' id='word_1_68' title='bbox 1708 1803 1768 1851; x_wconf 87' lang='grc' dir='ltr'><strong>Β.</strong></span> <span class='ocrx_word' id='word_1_69' title='bbox 1799 1801 1861 1876; x_wconf 59' lang='grc' dir='ltr'><strong>νε</strong></span> <span class='ocrx_word' id='word_1_70' title='bbox 1889 1797 2107 1876; x_wconf 48' lang='grc' dir='ltr'><strong>δᾳοορρ.</strong></span> 
     </span>
    </p>
   </div>
   <div class='ocr_carea' id='block_1_10' title="bbox 2222 1734 3899 1876">
    <p class='ocr_par' dir='ltr' id='par_1_10' title="bbox 2222 1734 3899 1862">
     <span class='ocr_line' id='line_1_12' title="bbox 2222 1734 3899 1803; baseline -0.003 -22"><span class='ocrx_word' id='word_1_71' title='bbox 2222 1734 2255 1784; x_wconf 94' lang='lat' dir='ltr'><strong>l.</strong></span> <span class='ocrx_word' id='word_1_72' title='bbox 2285 1735 2359 1783; x_wconf 87' lang='lat' dir='ltr'><strong>De</strong></span> <span class='ocrx_word' id='word_1_73' title='bbox 2387 1737 2628 1784; x_wconf 88' lang='lat' dir='ltr'><strong>veterum</strong></span> <span class='ocrx_word' id='word_1_74' title='bbox 2661 1734 3000 1782; x_wconf 82' lang='lat' dir='ltr'><strong>homilierum</strong></span> <span class='ocrx_word' id='word_1_75' title='bbox 3045 1734 3104 1780; x_wconf 88' lang='lat' dir='ltr'><strong>in</strong></span> <span class='ocrx_word' id='word_1_76' title='bbox 3157 1734 3593 1803; x_wconf 80' lang='lat' dir='ltr'><strong>Conceptionem</strong></span> <span class='ocrx_word' id='word_1_77' title='bbox 3643 1734 3899 1802; x_wconf 67' lang='grc' dir='ltr'><strong>Πείραιε</strong></span> 
     </span>
     <span class='ocr_line' id='line_1_13' title="bbox 2222 1791 3894 1862; baseline -0.004 -16"><span class='ocrx_word' id='word_1_78' title='bbox 2222 1797 2371 1862; x_wconf 88' lang='lat' dir='ltr'><strong>ripta.</strong></span> <span class='ocrx_word' id='word_1_79' title='bbox 2401 1821 2465 1834; x_wconf 95' lang='lat'>—</span> <span class='ocrx_word' id='word_1_80' title='bbox 2491 1799 2514 1858; x_wconf 66' lang='grc' dir='ltr'>ε</span> <span class='ocrx_word' id='word_1_81' title='bbox 2553 1793 2688 1846; x_wconf 87' lang='lat' dir='ltr'><strong>VIII.</strong></span> <span class='ocrx_word' id='word_1_82' title='bbox 2717 1796 2796 1845; x_wconf 82' lang='lat' dir='ltr'><strong>An</strong></span> <span class='ocrx_word' id='word_1_83' title='bbox 2831 1793 3112 1859; x_wconf 85' lang='lat' dir='ltr'><strong>quidpiam</strong></span> <span class='ocrx_word' id='word_1_84' title='bbox 3141 1796 3449 1844; x_wconf 78' lang='lat' dir='ltr'><strong>auctoritati</strong></span> <span class='ocrx_word' id='word_1_85' title='bbox 3488 1793 3730 1843; x_wconf 83' lang='lat' dir='ltr'><strong>Patrum</strong></span> <span class='ocrx_word' id='word_1_86' title='bbox 3764 1791 3894 1842; x_wconf 85' lang='lat' dir='ltr'><strong>inde</strong></span> 
     </span>
    </p>
   </div>
   <div class='ocr_carea' id='block_1_11' title="bbox 493 1861 2137 1948">
    <p class='ocr_par' dir='ltr' id='par_1_11' title="bbox 493 1861 2137 1948">
     <span class='ocr_line' id='line_1_14' title="bbox 493 1861 2137 1948; baseline -0.014 -13"><span class='ocrx_word' id='word_1_87' title='bbox 493 1861 767 1948; x_wconf 46' lang='lat'><strong>213333“,</strong></span> <span class='ocrx_word' id='word_1_88' title='bbox 796 1861 943 1942; x_wconf 66' lang='lat' dir='ltr'><strong>quod</strong></span> <span class='ocrx_word' id='word_1_89' title='bbox 971 1861 1111 1926; x_wconf 80' lang='lat' dir='ltr'><strong>hanc</strong></span> <span class='ocrx_word' id='word_1_90' title='bbox 1138 1872 1422 1924; x_wconf 76' lang='lat' dir='ltr'><strong>historiam</strong></span> <span class='ocrx_word' id='word_1_91' title='bbox 1453 1883 1552 1921; x_wconf 88' lang='lat' dir='ltr'><strong>ceu</strong></span> <span class='ocrx_word' id='word_1_92' title='bbox 1583 1880 1767 1918; x_wconf 85' lang='lat' dir='ltr'><strong>veram</strong></span> <span class='ocrx_word' id='word_1_93' title='bbox 1798 1861 2137 1914; x_wconf 86' lang='lat' dir='ltr'><strong>admiserint.</strong></span> 
     </span>
    </p>
   </div>
   <div class='ocr_carea' id='block_1_12' title="bbox 510 2205 3894 2292">
    <p class='ocr_par' dir='ltr' id='par_1_12' title="bbox 510 2205 3894 2292">
     <span class='ocr_line' id='line_1_15' title="bbox 510 2205 3894 2292; baseline -0.008 0"><span class='ocrx_word' id='word_1_94' title='bbox 510 2237 559 2292; x_wconf 90' lang='grc' dir='ltr'><strong>Ι.</strong></span> <span class='ocrx_word' id='word_1_95' title='bbox 585 2230 832 2291; x_wconf 77' lang='lat' dir='ltr'><strong>Joannis</strong></span> <span class='ocrx_word' id='word_1_96' title='bbox 861 2223 1208 2284; x_wconf 70' lang='lat' dir='ltr'><strong>Eubaaensis</strong></span> <span class='ocrx_word' id='word_1_97' title='bbox 1238 2221 1575 2278; x_wconf 88' lang='lat' dir='ltr'><strong>orationem</strong></span> <span class='ocrx_word' id='word_1_98' title='bbox 1621 2219 1682 2272; x_wconf 76' lang='lat' dir='ltr'><strong>in</strong></span> <span class='ocrx_word' id='word_1_99' title='bbox 1728 2214 2092 2284; x_wconf 81' lang='lat' dir='ltr'><strong>Conceptionc</strong></span> <span class='ocrx_word' id='word_1_100' title='bbox 2119 2214 2172 2280; x_wconf 75' lang='grc' dir='ltr'><strong>Α</strong></span> <span class='ocrx_word' id='word_1_101' title='bbox 2204 2207 2704 2280; x_wconf 81' lang='lat' dir='ltr'><strong>conscripserant.</strong></span> <span class='ocrx_word' id='word_1_102' title='bbox 2749 2205 2861 2264; x_wconf 91' lang='lat' dir='ltr'><strong>Sed</strong></span> <span class='ocrx_word' id='word_1_103' title='bbox 2892 2206 3126 2264; x_wconf 87' lang='lat' dir='ltr'><strong>ardenti</strong></span> <span class='ocrx_word' id='word_1_104' title='bbox 3175 2207 3515 2280; x_wconf 79' lang='lat' dir='ltr'><strong>praesertim</strong></span> <span class='ocrx_word' id='word_1_105' title='bbox 3567 2206 3894 2264; x_wconf 89' lang='lat' dir='ltr'><strong>desiderio</strong></span> 
     </span>
    </p>
   </div>
   <div class='ocr_carea' id='block_1_13' title="bbox 442 2297 3894 2398">
    <p class='ocr_par' dir='ltr' id='par_1_13' title="bbox 442 2297 3894 2398">
     <span class='ocr_line' id='line_1_16' title="bbox 442 2297 3894 2398; baseline -0.008 -18"><span class='ocrx_word' id='word_1_106' title='bbox 442 2329 694 2398; x_wconf 70' lang='lat' dir='ltr'><strong>Deipara:</strong></span> <span class='ocrx_word' id='word_1_107' title='bbox 722 2320 890 2394; x_wconf 89' lang='lat' dir='ltr'><strong>prelo</strong></span> <span class='ocrx_word' id='word_1_108' title='bbox 943 2318 1069 2389; x_wconf 88' lang='lat' dir='ltr'><strong>jam</strong></span> <span class='ocrx_word' id='word_1_109' title='bbox 1123 2315 1434 2386; x_wconf 87' lang='lat' dir='ltr'><strong>paraverat</strong></span> <span class='ocrx_word' id='word_1_110' title='bbox 1483 2310 1595 2363; x_wconf 86' lang='lat' dir='ltr'><strong>Leo</strong></span> <span class='ocrx_word' id='word_1_111' title='bbox 1645 2305 1920 2398; x_wconf 71' lang='lat' dir='ltr'><strong>Allatius,</strong></span> <span class='ocrx_word' id='word_1_112' title='bbox 1976 2318 2098 2398; x_wconf 81' lang='lat' dir='ltr'><strong>una</strong></span> <span class='ocrx_word' id='word_1_113' title='bbox 2213 2301 2496 2398; x_wconf 83' lang='lat' dir='ltr'><strong>incensus</strong></span> <span class='ocrx_word' id='word_1_114' title='bbox 2527 2315 2680 2398; x_wconf 79' lang='lat' dir='ltr'><strong>sum,</strong></span> <span class='ocrx_word' id='word_1_115' title='bbox 2723 2297 3037 2398; x_wconf 78' lang='lat' dir='ltr'><strong>integram,</strong></span> <span class='ocrx_word' id='word_1_116' title='bbox 3098 2298 3322 2398; x_wconf 52' lang='lat' dir='ltr'><strong>sinquo</strong></span> <span class='ocrx_word' id='word_1_117' title='bbox 3377 2298 3558 2398; x_wconf 69' lang='lat' dir='ltr'><strong>modo</strong></span> <span class='ocrx_word' id='word_1_118' title='bbox 3629 2299 3778 2398; x_wconf 62' lang='lat' dir='ltr'><strong>fieri</strong></span> <span class='ocrx_word' id='word_1_119' title='bbox 3836 2298 3894 2398; x_wconf 83' lang='lat' dir='ltr'><strong>id</strong></span> 
     </span>
    </p>
   </div>
   <div class='ocr_carea' id='block_1_14' title="bbox 444 2387 3896 2474">
    <p class='ocr_par' dir='ltr' id='par_1_14' title="bbox 444 2387 3896 2474">
     <span class='ocr_line' id='line_1_17' title="bbox 444 2387 3896 2474; baseline -0.01 -1"><span class='ocrx_word' id='word_1_120' title='bbox 444 2387 581 2473; x_wconf 77' lang='lat' dir='ltr'><strong>cum</strong></span> <span class='ocrx_word' id='word_1_121' title='bbox 626 2387 959 2468; x_wconf 19' lang='lat' dir='ltr'><strong>nonnullis:</strong></span> <span class='ocrx_word' id='word_1_122' title='bbox 989 2405 1126 2462; x_wconf 89' lang='lat' dir='ltr'><strong>aliis</strong></span> <span class='ocrx_word' id='word_1_123' title='bbox 1174 2399 1478 2474; x_wconf 88' lang='lat' dir='ltr'><strong>opusculis</strong></span> <span class='ocrx_word' id='word_1_124' title='bbox 1529 2398 1727 2453; x_wconf 69' lang='lat' dir='ltr'><strong>Greece</strong></span> <span class='ocrx_word' id='word_1_125' title='bbox 1769 2410 1838 2450; x_wconf 90' lang='lat' dir='ltr'><strong>ac</strong></span> <span class='ocrx_word' id='word_1_126' title='bbox 1895 2392 2097 2447; x_wconf 82' lang='lat' dir='ltr'><strong>Latine</strong></span> <span class='ocrx_word' id='word_1_127' title='bbox 2209 2395 2432 2462; x_wconf 83' lang='lat' dir='ltr'><strong>posset,</strong></span> <span class='ocrx_word' id='word_1_128' title='bbox 2465 2389 2798 2444; x_wconf 88' lang='lat' dir='ltr'><strong>orationem</strong></span> <span class='ocrx_word' id='word_1_129' title='bbox 2829 2388 3214 2444; x_wconf 89' lang='lat' dir='ltr'><strong>nanciscendi</strong></span> <span class='ocrx_word' id='word_1_130' title='bbox 3245 2406 3260 2456; x_wconf 87' lang='lat'><strong>;</strong></span> <span class='ocrx_word' id='word_1_131' title='bbox 3295 2388 3456 2460; x_wconf 88' lang='lat' dir='ltr'><strong>quod</strong></span> <span class='ocrx_word' id='word_1_132' title='bbox 3507 2387 3794 2460; x_wconf 82' lang='lat' dir='ltr'><strong>denique</strong></span> <span class='ocrx_word' id='word_1_133' title='bbox 3839 2393 3896 2443; x_wconf 83' lang='lat' dir='ltr'><strong>et</strong></span> 
     </span>
    </p>
   </div>
   <div class='ocr_carea' id='block_1_15' title="bbox 1682 2477 3890 2536">
    <p class='ocr_par' dir='ltr' id='par_1_15' title="bbox 1682 2477 3890 2536">
     <span class='ocr_line' id='line_1_18' title="bbox 1682 2477 3890 2536; baseline -0.001 0"><span class='ocrx_word' id='word_1_134' title='bbox 1682 2482 1970 2536; x_wconf 87' lang='lat' dir='ltr'><strong>ichaelem</strong></span> <span class='ocrx_word' id='word_1_135' title='bbox 2022 2482 2097 2536; x_wconf 88' lang='lat' dir='ltr'><strong>Le</strong></span> <span class='ocrx_word' id='word_1_136' title='bbox 2211 2484 2519 2536; x_wconf 84' lang='lat' dir='ltr'><strong>assecutus</strong></span> <span class='ocrx_word' id='word_1_137' title='bbox 2549 2495 2701 2535; x_wconf 90' lang='lat' dir='ltr'><strong>sum.</strong></span> <span class='ocrx_word' id='word_1_138' title='bbox 2744 2479 2886 2534; x_wconf 88' lang='lat' dir='ltr'><strong>Post</strong></span> <span class='ocrx_word' id='word_1_139' title='bbox 2941 2477 3320 2534; x_wconf 88' lang='lat' dir='ltr'><strong>Lambecium</strong></span> <span class='ocrx_word' id='word_1_140' title='bbox 3379 2478 3541 2534; x_wconf 88' lang='lat' dir='ltr'><strong>enim</strong></span> <span class='ocrx_word' id='word_1_141' title='bbox 3597 2483 3738 2534; x_wconf 88' lang='lat' dir='ltr'><strong>tum</strong></span> <span class='ocrx_word' id='word_1_142' title='bbox 3805 2479 3890 2534; x_wconf 76' lang='lat' dir='ltr'><strong>Io.</strong></span> 
     </span>
    </p>
   </div>
   <div class='ocr_carea' id='block_1_16' title="bbox 441 2749 2093 2832">
    <p class='ocr_par' dir='ltr' id='par_1_16' title="bbox 441 2749 2093 2832">
     <span class='ocr_line' id='line_1_19' title="bbox 441 2749 2093 2832; baseline -0.018 0"><span class='ocrx_word' id='word_1_143' title='bbox 441 2775 566 2832; x_wconf 73' lang='lat' dir='ltr'><strong>fato</strong></span> <span class='ocrx_word' id='word_1_144' title='bbox 596 2767 1051 2827; x_wconf 87' lang='lat' dir='ltr'><strong>interciderunt.</strong></span> <span class='ocrx_word' id='word_1_145' title='bbox 1104 2763 1316 2818; x_wconf 85' lang='lat' dir='ltr'><strong>Narrat</strong></span> <span class='ocrx_word' id='word_1_146' title='bbox 1370 2757 1468 2813; x_wconf 91' lang='lat' dir='ltr'><strong>hic</strong></span> <span class='ocrx_word' id='word_1_147' title='bbox 1523 2755 1754 2812; x_wconf 86' lang='lat' dir='ltr'><strong>scilicet</strong></span> <span class='ocrx_word' id='word_1_148' title='bbox 1809 2753 1886 2824; x_wconf 82' lang='lat'><strong>(2)</strong></span> <span class='ocrx_word' id='word_1_149' title='bbox 1934 2749 2093 2806; x_wconf 81' lang='lat' dir='ltr'><strong>Alla-</strong></span> 
     </span>
    </p>
   </div>
   <div class='ocr_carea' id='block_1_17' title="bbox 445 2837 2100 2934">
    <p class='ocr_par' dir='ltr' id='par_1_17' title="bbox 445 2837 2100 2934">
     <span class='ocr_line' id='line_1_20' title="bbox 445 2837 2100 2934; baseline -0.018 -13"><span class='ocrx_word' id='word_1_150' title='bbox 445 2865 596 2921; x_wconf 89' lang='lat' dir='ltr'><strong>tium</strong></span> <span class='ocrx_word' id='word_1_151' title='bbox 645 2856 1070 2934; x_wconf 83' lang='lat' dir='ltr'><strong>opusculorum</strong></span> <span class='ocrx_word' id='word_1_152' title='bbox 1127 2865 1335 2908; x_wconf 88' lang='lat' dir='ltr'><strong>eorum</strong></span> <span class='ocrx_word' id='word_1_153' title='bbox 1383 2846 1671 2934; x_wconf 10' lang='lat' dir='ltr'><strong>syllogeng</strong></span> <span class='ocrx_word' id='word_1_154' title='bbox 1702 2841 1962 2897; x_wconf 79' lang='lat' dir='ltr'><strong>Auberto</strong></span> <span class='ocrx_word' id='word_1_155' title='bbox 1990 2837 2100 2934; x_wconf 64' lang='lat' dir='ltr'><strong>illi</strong></span> 
     </span>
    </p>
   </div>
   <div class='ocr_carea' id='block_1_18' title="bbox 444 2927 2102 3010">
    <p class='ocr_par' dir='ltr' id='par_1_18' title="bbox 444 2927 2102 3010">
     <span class='ocr_line' id='line_1_21' title="bbox 444 2927 2102 3010; baseline -0.016 -1"><span class='ocrx_word' id='word_1_156' title='bbox 444 2927 776 3009; x_wconf 66' lang='lat' dir='ltr'><strong>liberaliter</strong></span> <span class='ocrx_word' id='word_1_157' title='bbox 801 2941 1232 3010; x_wconf 85' lang='lat' dir='ltr'><strong>transmisisse,</strong></span> <span class='ocrx_word' id='word_1_158' title='bbox 1256 2937 1357 3010; x_wconf 90' lang='lat' dir='ltr'><strong>qui</strong></span> <span class='ocrx_word' id='word_1_159' title='bbox 1419 2932 1839 2991; x_wconf 87' lang='lat' dir='ltr'><strong>demandatam</strong></span> <span class='ocrx_word' id='word_1_160' title='bbox 1871 2946 1906 2985; x_wconf 88' lang='lat' dir='ltr'><strong>a</strong></span> <span class='ocrx_word' id='word_1_161' title='bbox 1956 2927 2102 2984; x_wconf 82' lang='lat' dir='ltr'><strong>cieri</strong></span> 
     </span>
    </p>
   </div>
   <div class='ocr_carea' id='block_1_19' title="bbox 450 3017 2105 3100">
    <p class='ocr_par' dir='ltr' id='par_1_19' title="bbox 450 3017 2105 3100">
     <span class='ocr_line' id='line_1_22' title="bbox 450 3017 2105 3100; baseline -0.018 0"><span class='ocrx_word' id='word_1_162' title='bbox 450 3038 736 3100; x_wconf 89' lang='lat' dir='ltr'><strong>Gallicani</strong></span> <span class='ocrx_word' id='word_1_163' title='bbox 767 3032 1024 3092; x_wconf 86' lang='lat' dir='ltr'><strong>comitiis</strong></span> <span class='ocrx_word' id='word_1_164' title='bbox 1049 3046 1206 3087; x_wconf 89' lang='lat' dir='ltr'><strong>anno</strong></span> <span class='ocrx_word' id='word_1_165' title='bbox 1241 3029 1376 3082; x_wconf 82' lang='lat' dir='ltr'><strong>l636</strong></span> <span class='ocrx_word' id='word_1_166' title='bbox 1430 3022 1794 3096; x_wconf 87' lang='lat' dir='ltr'><strong>provinciam</strong></span> <span class='ocrx_word' id='word_1_167' title='bbox 1838 3017 2105 3076; x_wconf 86' lang='lat' dir='ltr'><strong>edendo-</strong></span> 
     </span>
    </p>
   </div>
   <div class='ocr_carea' id='block_1_20' title="bbox 449 3110 2102 3200">
    <p class='ocr_par' dir='ltr' id='par_1_20' title="bbox 449 3110 2102 3200">
     <span class='ocr_line' id='line_1_23' title="bbox 449 3110 2102 3200; baseline -0.017 -11"><span class='ocrx_word' id='word_1_168' title='bbox 449 3147 586 3188; x_wconf 83' lang='lat' dir='ltr'><strong>rum</strong></span> <span class='ocrx_word' id='word_1_169' title='bbox 618 3129 877 3200; x_wconf 80' lang='lat' dir='ltr'><strong>Operum</strong></span> <span class='ocrx_word' id='word_1_170' title='bbox 906 3124 964 3178; x_wconf 90' lang='lat' dir='ltr'><strong>S.</strong></span> <span class='ocrx_word' id='word_1_171' title='bbox 996 3123 1083 3177; x_wconf 80' lang='lat' dir='ltr'><strong>Jo.</strong></span> <span class='ocrx_word' id='word_1_172' title='bbox 1116 3114 1466 3174; x_wconf 86' lang='lat' dir='ltr'><strong>Damasceni</strong></span> <span class='ocrx_word' id='word_1_173' title='bbox 1513 3113 1580 3168; x_wconf 88' lang='lat' dir='ltr'><strong>in</strong></span> <span class='ocrx_word' id='word_1_174' title='bbox 1625 3129 1688 3169; x_wconf 89' lang='lat' dir='ltr'><strong>se</strong></span> <span class='ocrx_word' id='word_1_175' title='bbox 1734 3110 2102 3180; x_wconf 87' lang='lat' dir='ltr'><strong>susceperat,</strong></span> 
     </span>
    </p>
   </div>
   <div class='ocr_carea' id='block_1_21' title="bbox 449 3200 2104 3285">
    <p class='ocr_par' dir='ltr' id='par_1_21' title="bbox 449 3200 2104 3285">
     <span class='ocr_line' id='line_1_24' title="bbox 449 3200 2104 3285; baseline -0.016 -9"><span class='ocrx_word' id='word_1_176' title='bbox 449 3225 518 3276; x_wconf 90' lang='lat' dir='ltr'><strong>ut</strong></span> <span class='ocrx_word' id='word_1_177' title='bbox 544 3219 735 3273; x_wconf 86' lang='lat' dir='ltr'><strong>instar</strong></span> <span class='ocrx_word' id='word_1_178' title='bbox 763 3209 1125 3285; x_wconf 79' lang='lat' dir='ltr'><strong>Appendicis</strong></span> <span class='ocrx_word' id='word_1_179' title='bbox 1180 3207 1255 3262; x_wconf 91' lang='lat' dir='ltr'><strong>ad</strong></span> <span class='ocrx_word' id='word_1_180' title='bbox 1306 3206 1363 3261; x_wconf 93' lang='lat' dir='ltr'><strong>S.</strong></span> <span class='ocrx_word' id='word_1_181' title='bbox 1416 3203 1680 3259; x_wconf 86' lang='lat' dir='ltr'><strong>Doctoris</strong></span> <span class='ocrx_word' id='word_1_182' title='bbox 1729 3200 1950 3270; x_wconf 83' lang='lat' dir='ltr'><strong>scripta</strong></span> <span class='ocrx_word' id='word_1_183' title='bbox 1992 3211 2104 3268; x_wconf 88' lang='lat' dir='ltr'><strong>pu-</strong></span> 
     </span>
    </p>
   </div>
   <div class='ocr_carea' id='block_1_22' title="bbox 450 3289 2103 3366">
    <p class='ocr_par' dir='ltr' id='par_1_22' title="bbox 450 3289 2103 3366">
     <span class='ocr_line' id='line_1_25' title="bbox 450 3289 2103 3366; baseline -0.015 0"><span class='ocrx_word' id='word_1_184' title='bbox 450 3310 610 3366; x_wconf 89' lang='lat' dir='ltr'><strong>blica</strong></span> <span class='ocrx_word' id='word_1_185' title='bbox 640 3307 772 3362; x_wconf 87' lang='lat' dir='ltr'><strong>lucc</strong></span> <span class='ocrx_word' id='word_1_186' title='bbox 821 3303 1210 3359; x_wconf 82' lang='lat' dir='ltr'><strong>donarentur.</strong></span> <span class='ocrx_word' id='word_1_187' title='bbox 1269 3299 1344 3351; x_wconf 85' lang='lat' dir='ltr'><strong>At</strong></span> <span class='ocrx_word' id='word_1_188' title='bbox 1398 3311 1534 3350; x_wconf 91' lang='lat' dir='ltr'><strong>vero</strong></span> <span class='ocrx_word' id='word_1_189' title='bbox 1583 3293 1726 3349; x_wconf 90' lang='lat' dir='ltr'><strong>dum</strong></span> <span class='ocrx_word' id='word_1_190' title='bbox 1785 3289 2103 3354; x_wconf 78' lang='lat' dir='ltr'><strong>Aubertus,</strong></span> 
     </span>
    </p>
   </div>
   <div class='ocr_carea' id='block_1_23' title="bbox 451 3375 2108 3457">
    <p class='ocr_par' dir='ltr' id='par_1_23' title="bbox 451 3375 2108 3457">
     <span class='ocr_line' id='line_1_26' title="bbox 451 3375 2108 3457; baseline -0.016 -1"><span class='ocrx_word' id='word_1_191' title='bbox 451 3399 588 3457; x_wconf 86' lang='lat' dir='ltr'><strong>aliis</strong></span> <span class='ocrx_word' id='word_1_192' title='bbox 616 3395 776 3453; x_wconf 84' lang='lat' dir='ltr'><strong>curis</strong></span> <span class='ocrx_word' id='word_1_193' title='bbox 818 3393 1134 3457; x_wconf 88' lang='lat' dir='ltr'><strong>distentus,</strong></span> <span class='ocrx_word' id='word_1_194' title='bbox 1185 3401 1382 3457; x_wconf 89' lang='lat' dir='ltr'><strong>neque</strong></span> <span class='ocrx_word' id='word_1_195' title='bbox 1424 3383 1769 3440; x_wconf 86' lang='lat' dir='ltr'><strong>Franscisco</strong></span> <span class='ocrx_word' id='word_1_196' title='bbox 1818 3375 2108 3435; x_wconf 81' lang='lat' dir='ltr'><strong>Combell-</strong></span> 
     </span>
    </p>
   </div>
   <div class='ocr_carea' id='block_1_24' title="bbox 451 3466 2104 3559">
    <p class='ocr_par' dir='ltr' id='par_1_24' title="bbox 451 3466 2104 3559">
     <span class='ocr_line' id='line_1_27' title="bbox 451 3466 2104 3559; baseline -0.016 -13"><span class='ocrx_word' id='word_1_197' title='bbox 451 3490 564 3558; x_wconf 88' lang='lat' dir='ltr'><strong>sio,</strong></span> <span class='ocrx_word' id='word_1_198' title='bbox 596 3485 724 3559; x_wconf 88' lang='lat' dir='ltr'><strong>qui,</strong></span> <span class='ocrx_word' id='word_1_199' title='bbox 754 3483 884 3556; x_wconf 89' lang='lat' dir='ltr'><strong>ipso</strong></span> <span class='ocrx_word' id='word_1_200' title='bbox 916 3482 1240 3546; x_wconf 81' lang='lat' dir='ltr'><strong>annuente,</strong></span> <span class='ocrx_word' id='word_1_201' title='bbox 1286 3475 1425 3530; x_wconf 86' lang='lat' dir='ltr'><strong>huic</strong></span> <span class='ocrx_word' id='word_1_202' title='bbox 1478 3477 1692 3544; x_wconf 71' lang='lat' dir='ltr'><strong>spartea</strong></span> <span class='ocrx_word' id='word_1_203' title='bbox 1741 3466 2104 3559; x_wconf 60' lang='lat' dir='ltr'><strong>adornanda</strong></span> 
     </span>
    </p>
   </div>
   <div class='ocr_carea' id='block_1_25' title="bbox 2046 2565 3894 2637">
    <p class='ocr_par' dir='ltr' id='par_1_25' title="bbox 2046 2565 3894 2637">
     <span class='ocr_line' id='line_1_28' title="bbox 2046 2565 3894 2637; baseline -0.003 -12"><span class='ocrx_word' id='word_1_204' title='bbox 2046 2570 2098 2625; x_wconf 84' lang='lat' dir='ltr'><strong>i-</strong></span> <span class='ocrx_word' id='word_1_205' title='bbox 2211 2568 2490 2624; x_wconf 77' lang='lat' dir='ltr'><strong>Albertus</strong></span> <span class='ocrx_word' id='word_1_206' title='bbox 2515 2566 2839 2633; x_wconf 84' lang='lat' dir='ltr'><strong>Fabricius,</strong></span> <span class='ocrx_word' id='word_1_207' title='bbox 2871 2571 2997 2622; x_wconf 90' lang='lat' dir='ltr'><strong>tum</strong></span> <span class='ocrx_word' id='word_1_208' title='bbox 3021 2565 3373 2622; x_wconf 88' lang='lat' dir='ltr'><strong>Guillelmus</strong></span> <span class='ocrx_word' id='word_1_209' title='bbox 3397 2567 3545 2621; x_wconf 86' lang='lat' dir='ltr'><strong>Cave</strong></span> <span class='ocrx_word' id='word_1_210' title='bbox 3566 2565 3894 2637; x_wconf 87' lang='lat' dir='ltr'><strong>duplicem</strong></span> 
     </span>
    </p>
   </div>
   <div class='ocr_carea' id='block_1_26' title="bbox 2212 2655 3894 2728">
    <p class='ocr_par' dir='ltr' id='par_1_26' title="bbox 2212 2655 3894 2728">
     <span class='ocr_line' id='line_1_29' title="bbox 2212 2655 3894 2728; baseline -0.001 -14"><span class='ocrx_word' id='word_1_211' title='bbox 2212 2674 2324 2714; x_wconf 89' lang='lat' dir='ltr'><strong>ms.</strong></span> <span class='ocrx_word' id='word_1_212' title='bbox 2358 2659 2626 2714; x_wconf 82' lang='lat' dir='ltr'><strong>Graecum</strong></span> <span class='ocrx_word' id='word_1_213' title='bbox 2658 2655 2927 2713; x_wconf 87' lang='lat' dir='ltr'><strong>codicem</strong></span> <span class='ocrx_word' id='word_1_214' title='bbox 2953 2655 3320 2726; x_wconf 86' lang='lat' dir='ltr'><strong>indicabant,</strong></span> <span class='ocrx_word' id='word_1_215' title='bbox 3357 2656 3420 2710; x_wconf 92' lang='lat' dir='ltr'><strong>in</strong></span> <span class='ocrx_word' id='word_1_216' title='bbox 3467 2673 3588 2728; x_wconf 91' lang='lat' dir='ltr'><strong>quo</strong></span> <span class='ocrx_word' id='word_1_217' title='bbox 3626 2655 3894 2712; x_wconf 89' lang='lat' dir='ltr'><strong>homilia</strong></span> 
     </span>
    </p>
   </div>
   <div class='ocr_carea' id='block_1_27' title="bbox 2212 2745 3893 2822">
    <p class='ocr_par' dir='ltr' id='par_1_27' title="bbox 2212 2745 3893 2822">
     <span class='ocr_line' id='line_1_30' title="bbox 2212 2745 3893 2822; baseline -0.001 -18"><span class='ocrx_word' id='word_1_218' title='bbox 2212 2749 2318 2804; x_wconf 91' lang='lat' dir='ltr'><strong>illa</strong></span> <span class='ocrx_word' id='word_1_219' title='bbox 2342 2747 2669 2822; x_wconf 83' lang='lat' dir='ltr'><strong>legebatur,</strong></span> <span class='ocrx_word' id='word_1_220' title='bbox 2702 2752 3022 2818; x_wconf 91' lang='lat' dir='ltr'><strong>utrumque</strong></span> <span class='ocrx_word' id='word_1_221' title='bbox 3054 2751 3254 2802; x_wconf 89' lang='lat' dir='ltr'><strong>autem</strong></span> <span class='ocrx_word' id='word_1_222' title='bbox 3304 2745 3365 2800; x_wconf 91' lang='lat' dir='ltr'><strong>in</strong></span> <span class='ocrx_word' id='word_1_223' title='bbox 3419 2745 3893 2803; x_wconf 83' lang='lat' dir='ltr'><strong>Vindobonensi</strong></span> 
     </span>
    </p>
   </div>
   <div class='ocr_carea' id='block_1_28' title="bbox 2214 2835 3898 2906">
    <p class='ocr_par' dir='ltr' id='par_1_28' title="bbox 2214 2835 3898 2906">
     <span class='ocr_line' id='line_1_31' title="bbox 2214 2835 3898 2906; baseline -0.001 -12"><span class='ocrx_word' id='word_1_224' title='bbox 2214 2839 2482 2894; x_wconf 63' lang='lat' dir='ltr'><strong>Cassarea</strong></span> <span class='ocrx_word' id='word_1_225' title='bbox 2531 2836 2892 2892; x_wconf 86' lang='lat' dir='ltr'><strong>bibliotheca</strong></span> <span class='ocrx_word' id='word_1_226' title='bbox 2948 2841 3301 2892; x_wconf 83' lang='lat' dir='ltr'><strong>exstantem.</strong></span> <span class='ocrx_word' id='word_1_227' title='bbox 3353 2835 3551 2892; x_wconf 85' lang='lat' dir='ltr'><strong>Facile</strong></span> <span class='ocrx_word' id='word_1_228' title='bbox 3602 2853 3781 2906; x_wconf 86' lang='lat' dir='ltr'><strong>vero,</strong></span> <span class='ocrx_word' id='word_1_229' title='bbox 3835 2843 3898 2892; x_wconf 86' lang='lat' dir='ltr'><strong>ut</strong></span> 
     </span>
    </p>
   </div>
   <div class='ocr_carea' id='block_1_29' title="bbox 2215 2927 3891 3000">
    <p class='ocr_par' dir='ltr' id='par_1_29' title="bbox 2215 2927 3891 3000">
     <span class='ocr_line' id='line_1_32' title="bbox 2215 2927 3891 3000; baseline -0.001 -16"><span class='ocrx_word' id='word_1_230' title='bbox 2215 2928 2519 3000; x_wconf 83' lang='lat' dir='ltr'><strong>exemplar</strong></span> <span class='ocrx_word' id='word_1_231' title='bbox 2537 2927 2674 2983; x_wconf 90' lang='lat' dir='ltr'><strong>inde</strong></span> <span class='ocrx_word' id='word_1_232' title='bbox 2698 2927 3057 2999; x_wconf 85' lang='lat' dir='ltr'><strong>exscriptum</strong></span> <span class='ocrx_word' id='word_1_233' title='bbox 3081 2929 3328 2983; x_wconf 85' lang='lat' dir='ltr'><strong>Romam</strong></span> <span class='ocrx_word' id='word_1_234' title='bbox 3344 2928 3891 2995; x_wconf 87' lang='lat' dir='ltr'><strong>transmitteretur,</strong></span> 
     </span>
    </p>
   </div>
   <div class='ocr_carea' id='block_1_30' title="bbox 2215 3015 3884 3091">
    <p class='ocr_par' dir='ltr' id='par_1_30' title="bbox 2215 3015 3884 3091">
     <span class='ocr_line' id='line_1_33' title="bbox 2215 3015 3884 3091; baseline 0 -17"><span class='ocrx_word' id='word_1_235' title='bbox 2215 3018 2287 3074; x_wconf 88' lang='lat' dir='ltr'><strong>ab</strong></span> <span class='ocrx_word' id='word_1_236' title='bbox 2345 3018 2565 3091; x_wconf 82' lang='lat' dir='ltr'><strong>insigni</strong></span> <span class='ocrx_word' id='word_1_237' title='bbox 2623 3017 2992 3073; x_wconf 84' lang='lat' dir='ltr'><strong>humanitate</strong></span> <span class='ocrx_word' id='word_1_238' title='bbox 3051 3017 3280 3072; x_wconf 87' lang='lat' dir='ltr'><strong>obtinui</strong></span> <span class='ocrx_word' id='word_1_239' title='bbox 3337 3018 3465 3071; x_wconf 92' lang='lat' dir='ltr'><strong>Em.</strong></span> <span class='ocrx_word' id='word_1_240' title='bbox 3544 3015 3667 3072; x_wconf 86' lang='lat' dir='ltr'><strong>viri</strong></span> <span class='ocrx_word' id='word_1_241' title='bbox 3729 3018 3884 3074; x_wconf 84' lang='lat' dir='ltr'><strong>card.</strong></span> 
     </span>
    </p>
   </div>
   <div class='ocr_carea' id='block_1_31' title="bbox 2214 3106 3874 3180">
    <p class='ocr_par' dir='ltr' id='par_1_31' title="bbox 2214 3106 3874 3180">
     <span class='ocr_line' id='line_1_34' title="bbox 2214 3106 3874 3180; baseline -0.001 -16"><span class='ocrx_word' id='word_1_242' title='bbox 2214 3109 2479 3177; x_wconf 88' lang='lat' dir='ltr'><strong>Fornari,</strong></span> <span class='ocrx_word' id='word_1_243' title='bbox 2513 3107 2608 3164; x_wconf 91' lang='lat' dir='ltr'><strong>cui</strong></span> <span class='ocrx_word' id='word_1_244' title='bbox 2635 3113 2839 3180; x_wconf 90' lang='lat' dir='ltr'><strong>utpote</strong></span> <span class='ocrx_word' id='word_1_245' title='bbox 2869 3106 3148 3179; x_wconf 77' lang='lat' dir='ltr'><strong>prmfecto</strong></span> <span class='ocrx_word' id='word_1_246' title='bbox 3179 3107 3332 3163; x_wconf 85' lang='lat' dir='ltr'><strong>sacri</strong></span> <span class='ocrx_word' id='word_1_247' title='bbox 3363 3106 3618 3162; x_wconf 87' lang='lat' dir='ltr'><strong>concilii</strong></span> <span class='ocrx_word' id='word_1_248' title='bbox 3655 3107 3728 3163; x_wconf 90' lang='lat' dir='ltr'><strong>de</strong></span> <span class='ocrx_word' id='word_1_249' title='bbox 3780 3107 3874 3163; x_wconf 83' lang='lat' dir='ltr'><strong>de-</strong></span> 
     </span>
    </p>
   </div>
   <div class='ocr_carea' id='block_1_32' title="bbox 2217 3196 3875 3271">
    <p class='ocr_par' dir='ltr' id='par_1_32' title="bbox 2217 3196 3875 3271">
     <span class='ocr_line' id='line_1_35' title="bbox 2217 3196 3875 3271; baseline -0.001 -18"><span class='ocrx_word' id='word_1_250' title='bbox 2217 3197 2483 3254; x_wconf 78' lang='lat' dir='ltr'><strong>finienda</strong></span> <span class='ocrx_word' id='word_1_251' title='bbox 2513 3197 2765 3269; x_wconf 91' lang='lat' dir='ltr'><strong>Deipara</strong></span> <span class='ocrx_word' id='word_1_252' title='bbox 2809 3197 2936 3253; x_wconf 90' lang='lat' dir='ltr'><strong>sine</strong></span> <span class='ocrx_word' id='word_1_253' title='bbox 2984 3196 3118 3253; x_wconf 90' lang='lat' dir='ltr'><strong>labe</strong></span> <span class='ocrx_word' id='word_1_254' title='bbox 3165 3201 3472 3269; x_wconf 90' lang='lat' dir='ltr'><strong>concepta,</strong></span> <span class='ocrx_word' id='word_1_255' title='bbox 3531 3196 3661 3254; x_wconf 89' lang='lat' dir='ltr'><strong>hoc</strong></span> <span class='ocrx_word' id='word_1_256' title='bbox 3701 3214 3875 3271; x_wconf 73' lang='lat' dir='ltr'><strong>nego-</strong></span> 
     </span>
    </p>
   </div>
   <div class='ocr_carea' id='block_1_33' title="bbox 2217 3285 3139 3359">
    <p class='ocr_par' dir='ltr' id='par_1_33' title="bbox 2217 3285 3139 3359">
     <span class='ocr_line' id='line_1_36' title="bbox 2217 3285 3139 3359; baseline -0.002 -17"><span class='ocrx_word' id='word_1_257' title='bbox 2217 3288 2367 3342; x_wconf 87' lang='lat' dir='ltr'><strong>tium</strong></span> <span class='ocrx_word' id='word_1_258' title='bbox 2398 3287 2655 3342; x_wconf 78' lang='lat' dir='ltr'><strong>maxime</strong></span> <span class='ocrx_word' id='word_1_259' title='bbox 2693 3301 2851 3342; x_wconf 82' lang='lat' dir='ltr'><strong>curae</strong></span> <span class='ocrx_word' id='word_1_260' title='bbox 2882 3292 3010 3342; x_wconf 89' lang='lat' dir='ltr'><strong>erat</strong></span> <span class='ocrx_word' id='word_1_261' title='bbox 3042 3285 3139 3359; x_wconf 75' lang='grc'><strong>(4).</strong></span> 
     </span>
    </p>
   </div>
   <div class='ocr_carea' id='block_1_34' title="bbox 2287 3374 3887 3450">
    <p class='ocr_par' dir='ltr' id='par_1_34' title="bbox 2287 3374 3887 3450">
     <span class='ocr_line' id='line_1_37' title="bbox 2287 3374 3887 3450; baseline 0.002 -20"><span class='ocrx_word' id='word_1_262' title='bbox 2287 3377 2384 3430; x_wconf 88' lang='lat' dir='ltr'><strong>III.</strong></span> <span class='ocrx_word' id='word_1_263' title='bbox 2420 3377 2638 3431; x_wconf 84' lang='lat' dir='ltr'><strong>Verum</strong></span> <span class='ocrx_word' id='word_1_264' title='bbox 2668 3376 2718 3432; x_wconf 88' lang='lat' dir='ltr'><strong>si</strong></span> <span class='ocrx_word' id='word_1_265' title='bbox 2749 3376 3074 3433; x_wconf 84' lang='lat' dir='ltr'><strong>laetandum</strong></span> <span class='ocrx_word' id='word_1_266' title='bbox 3106 3376 3254 3431; x_wconf 90' lang='lat' dir='ltr'><strong>mihi</strong></span> <span class='ocrx_word' id='word_1_267' title='bbox 3286 3374 3398 3432; x_wconf 78' lang='lat' dir='ltr'><strong>fuit</strong></span> <span class='ocrx_word' id='word_1_268' title='bbox 3429 3375 3594 3450; x_wconf 90' lang='lat' dir='ltr'><strong>quod</strong></span> <span class='ocrx_word' id='word_1_269' title='bbox 3631 3378 3887 3434; x_wconf 82' lang='lat' dir='ltr'><strong>Romam</strong></span> 
     </span>
    </p>
   </div>
   <div class='ocr_carea' id='block_1_35' title="bbox 2218 3465 3893 3538">
    <p class='ocr_par' dir='ltr' id='par_1_35' title="bbox 2218 3465 3893 3538">
     <span class='ocr_line' id='line_1_38' title="bbox 2218 3465 3893 3538; baseline 0.001 -17"><span class='ocrx_word' id='word_1_270' title='bbox 2218 3465 2478 3537; x_wconf 89' lang='lat' dir='ltr'><strong>denique</strong></span> <span class='ocrx_word' id='word_1_271' title='bbox 2508 3466 2878 3538; x_wconf 83' lang='lat' dir='ltr'><strong>pervenisset</strong></span> <span class='ocrx_word' id='word_1_272' title='bbox 2906 3466 3212 3538; x_wconf 87' lang='lat' dir='ltr'><strong>exemplar</strong></span> <span class='ocrx_word' id='word_1_273' title='bbox 3243 3483 3273 3522; x_wconf 93' lang='lat' dir='ltr'><strong>e</strong></span> <span class='ocrx_word' id='word_1_274' title='bbox 3305 3467 3450 3522; x_wconf 69' lang='lat' dir='ltr'><strong>Caes.</strong></span> <span class='ocrx_word' id='word_1_275' title='bbox 3486 3467 3701 3524; x_wconf 88' lang='lat' dir='ltr'><strong>codice</strong></span> <span class='ocrx_word' id='word_1_276' title='bbox 3732 3466 3893 3523; x_wconf 85' lang='lat' dir='ltr'><strong>inter</strong></span> 
     </span>
    </p>
   </div>
   <div class='ocr_carea' id='block_1_36' title="bbox 449 3554 3893 3656">
    <p class='ocr_par' dir='ltr' id='par_1_36' title="bbox 449 3554 3893 3656">
     <span class='ocr_line' id='line_1_39' title="bbox 449 3554 3893 3656; baseline -0.007 -21"><span class='ocrx_word' id='word_1_277' title='bbox 449 3554 697 3636; x_wconf 76' lang='lat' dir='ltr'><strong>manum</strong></span> <span class='ocrx_word' id='word_1_278' title='bbox 744 3554 1106 3638; x_wconf 73' lang='lat' dir='ltr'><strong>admoverat,</strong></span> <span class='ocrx_word' id='word_1_279' title='bbox 1167 3564 1526 3621; x_wconf 88' lang='lat' dir='ltr'><strong>transmissa</strong></span> <span class='ocrx_word' id='word_1_280' title='bbox 1584 3561 1696 3617; x_wconf 91' lang='lat' dir='ltr'><strong>sibi</strong></span> <span class='ocrx_word' id='word_1_281' title='bbox 1755 3559 1828 3615; x_wconf 88' lang='lat' dir='ltr'><strong>ab</strong></span> <span class='ocrx_word' id='word_1_282' title='bbox 1886 3555 2104 3612; x_wconf 81' lang='lat' dir='ltr'><strong>Allatio</strong></span> <span class='ocrx_word' id='word_1_283' title='bbox 2137 3554 2513 3656; x_wconf 83' lang='lat' dir='ltr'><strong>BTheol.n.</strong></span> <span class='ocrx_word' id='word_1_284' title='bbox 2563 3557 2667 3609; x_wconf 80' lang='grc'><strong>247</strong></span> <span class='ocrx_word' id='word_1_285' title='bbox 2729 3555 3111 3628; x_wconf 90' lang='lat' dir='ltr'><strong>exscriptum,</strong></span> <span class='ocrx_word' id='word_1_286' title='bbox 3171 3556 3390 3613; x_wconf 88' lang='lat' dir='ltr'><strong>additis</strong></span> <span class='ocrx_word' id='word_1_287' title='bbox 3449 3563 3760 3630; x_wconf 70' lang='lat' dir='ltr'><strong>praeterea</strong></span> <span class='ocrx_word' id='word_1_288' title='bbox 3821 3556 3893 3613; x_wconf 89' lang='lat' dir='ltr'><strong>ad</strong></span> 
     </span>
    </p>
   </div>
   <div class='ocr_carea' id='block_1_37' title="bbox 453 3649 2110 3742">
    <p class='ocr_par' dir='ltr' id='par_1_37' title="bbox 453 3649 2110 3742">
     <span class='ocr_line' id='line_1_40' title="bbox 453 3649 2110 3742; baseline -0.016 -15"><span class='ocrx_word' id='word_1_289' title='bbox 453 3666 744 3742; x_wconf 89' lang='lat' dir='ltr'><strong>opuscula</strong></span> <span class='ocrx_word' id='word_1_290' title='bbox 773 3659 1218 3720; x_wconf 87' lang='lat' dir='ltr'><strong>communicare</strong></span> <span class='ocrx_word' id='word_1_291' title='bbox 1249 3656 1310 3710; x_wconf 89' lang='lat' dir='ltr'><strong>in</strong></span> <span class='ocrx_word' id='word_1_292' title='bbox 1335 3654 1602 3710; x_wconf 90' lang='lat' dir='ltr'><strong>animum</strong></span> <span class='ocrx_word' id='word_1_293' title='bbox 1634 3649 1882 3742; x_wconf 79' lang='lat' dir='ltr'><strong>inducit,</strong></span> <span class='ocrx_word' id='word_1_294' title='bbox 1913 3664 1983 3703; x_wconf 91' lang='lat' dir='ltr'><strong>eo</strong></span> <span class='ocrx_word' id='word_1_295' title='bbox 2013 3661 2110 3701; x_wconf 89' lang='lat' dir='ltr'><strong>res</strong></span> 
     </span>
    </p>
   </div>
   <div class='ocr_carea' id='block_1_38' title="bbox 457 3737 2110 3823">
    <p class='ocr_par' dir='ltr' id='par_1_38' title="bbox 457 3737 2110 3823">
     <span class='ocr_line' id='line_1_41' title="bbox 457 3737 2110 3823; baseline -0.015 -8"><span class='ocrx_word' id='word_1_296' title='bbox 457 3737 714 3823; x_wconf 72' lang='lat' dir='ltr'><strong>devenit,</strong></span> <span class='ocrx_word' id='word_1_297' title='bbox 738 3759 806 3809; x_wconf 90' lang='lat' dir='ltr'><strong>ut</strong></span> <span class='ocrx_word' id='word_1_298' title='bbox 833 3751 939 3808; x_wconf 91' lang='lat' dir='ltr'><strong>illo</strong></span> <span class='ocrx_word' id='word_1_299' title='bbox 983 3761 1334 3821; x_wconf 84' lang='lat' dir='ltr'><strong>supremum</strong></span> <span class='ocrx_word' id='word_1_300' title='bbox 1364 3741 1606 3798; x_wconf 88' lang='lat' dir='ltr'><strong>interim</strong></span> <span class='ocrx_word' id='word_1_301' title='bbox 1639 3741 1800 3796; x_wconf 90' lang='lat' dir='ltr'><strong>diem</strong></span> <span class='ocrx_word' id='word_1_302' title='bbox 1831 3737 2110 3805; x_wconf 87' lang='lat' dir='ltr'><strong>obeunte,</strong></span> 
     </span>
    </p>
   </div>
   <div class='ocr_carea' id='block_1_39' title="bbox 459 3827 2114 3915">
    <p class='ocr_par' dir='ltr' id='par_1_39' title="bbox 459 3827 2114 3915">
     <span class='ocr_line' id='line_1_42' title="bbox 459 3827 2114 3915; baseline -0.016 -9"><span class='ocrx_word' id='word_1_303' title='bbox 459 3864 597 3907; x_wconf 90' lang='lat' dir='ltr'><strong>cum</strong></span> <span class='ocrx_word' id='word_1_304' title='bbox 623 3841 874 3915; x_wconf 84' lang='lat' dir='ltr'><strong>reliquis</strong></span> <span class='ocrx_word' id='word_1_305' title='bbox 905 3839 1036 3913; x_wconf 90' lang='lat' dir='ltr'><strong>ejus</strong></span> <span class='ocrx_word' id='word_1_306' title='bbox 1065 3836 1287 3894; x_wconf 88' lang='lat' dir='ltr'><strong>chartis</strong></span> <span class='ocrx_word' id='word_1_307' title='bbox 1312 3831 1609 3890; x_wconf 79' lang='lat' dir='ltr'><strong>Allatiana</strong></span> <span class='ocrx_word' id='word_1_308' title='bbox 1629 3843 1867 3903; x_wconf 84' lang='lat' dir='ltr'><strong>quoque</strong></span> <span class='ocrx_word' id='word_1_309' title='bbox 1893 3827 2114 3898; x_wconf 87' lang='lat' dir='ltr'><strong>scripta</strong></span> 
     </span>
    </p>
   </div>
   <div class='ocr_carea' id='block_1_40' title="bbox 460 3934 870 3995">
    <p class='ocr_par' dir='ltr' id='par_1_40' title="bbox 460 3934 870 3995">
     <span class='ocr_line' id='line_1_43' title="bbox 460 3934 870 3995; baseline -0.01 0"><span class='ocrx_word' id='word_1_310' title='bbox 460 3934 825 3995; x_wconf 85' lang='lat' dir='ltr'><strong>interierint.</strong></span> <span class='ocrx_word' id='word_1_311' title='bbox 867 3959 870 3961; x_wconf 54' lang='grc' dir='ltr'>λ</span> 
     </span>
    </p>
   </div>
   <div class='ocr_carea' id='block_1_41' title="bbox 535 4006 2114 4089">
    <p class='ocr_par' dir='ltr' id='par_1_41' title="bbox 535 4006 2114 4089">
     <span class='ocr_line' id='line_1_44' title="bbox 535 4006 2114 4089; baseline -0.015 -5"><span class='ocrx_word' id='word_1_312' title='bbox 535 4029 605 4085; x_wconf 93' lang='grc' dir='ltr'><strong>ΙΙ.</strong></span> <span class='ocrx_word' id='word_1_313' title='bbox 630 4027 780 4082; x_wconf 87' lang='lat' dir='ltr'><strong>Bina</strong></span> <span class='ocrx_word' id='word_1_314' title='bbox 800 4027 1003 4078; x_wconf 89' lang='lat' dir='ltr'><strong>tamen</strong></span> <span class='ocrx_word' id='word_1_315' title='bbox 1027 4031 1216 4089; x_wconf 89' lang='lat' dir='ltr'><strong>eaque</strong></span> <span class='ocrx_word' id='word_1_316' title='bbox 1250 4018 1344 4070; x_wconf 88' lang='lat' dir='ltr'><strong>sat</strong></span> <span class='ocrx_word' id='word_1_317' title='bbox 1377 4010 1611 4086; x_wconf 85' lang='lat' dir='ltr'><strong>prolixa</strong></span> <span class='ocrx_word' id='word_1_318' title='bbox 1642 4006 1904 4065; x_wconf 69' lang='lat' dir='ltr'><strong>bomilize</strong></span> <span class='ocrx_word' id='word_1_319' title='bbox 1933 4007 2114 4062; x_wconf 81' lang='lat' dir='ltr'><strong>Joan-</strong></span> 
     </span>
    </p>
   </div>
   <div class='ocr_carea' id='block_1_42' title="bbox 465 4101 2111 4180">
    <p class='ocr_par' dir='ltr' id='par_1_42' title="bbox 465 4101 2111 4180">
     <span class='ocr_line' id='line_1_45' title="bbox 465 4101 2111 4180; baseline -0.016 -4"><span class='ocrx_word' id='word_1_320' title='bbox 465 4119 562 4176; x_wconf 88' lang='lat' dir='ltr'><strong>nis</strong></span> <span class='ocrx_word' id='word_1_321' title='bbox 591 4111 941 4172; x_wconf 73' lang='lat' dir='ltr'><strong>Eubmensis</strong></span> <span class='ocrx_word' id='word_1_322' title='bbox 969 4109 1324 4180; x_wconf 87' lang='lat' dir='ltr'><strong>supererant</strong></span> <span class='ocrx_word' id='word_1_323' title='bbox 1351 4102 1526 4159; x_wconf 88' lang='lat' dir='ltr'><strong>nobis</strong></span> <span class='ocrx_word' id='word_1_324' title='bbox 1572 4101 1925 4174; x_wconf 81' lang='lat' dir='ltr'><strong>fragmenta,</strong></span> <span class='ocrx_word' id='word_1_325' title='bbox 1977 4111 2111 4168; x_wconf 69' lang='lat' dir='ltr'><strong>qua)</strong></span> 
     </span>
    </p>
   </div>
   <div class='ocr_carea' id='block_1_43' title="bbox 458 4190 2115 4273">
    <p class='ocr_par' dir='ltr' id='par_1_43' title="bbox 458 4190 2115 4273">
     <span class='ocr_line' id='line_1_46' title="bbox 458 4190 2115 4273; baseline -0.016 -6"><span class='ocrx_word' id='word_1_326' title='bbox 458 4210 622 4267; x_wconf 87' lang='lat' dir='ltr'><strong>idem</strong></span> <span class='ocrx_word' id='word_1_327' title='bbox 653 4204 906 4263; x_wconf 81' lang='lat' dir='ltr'><strong>Allatius</strong></span> <span class='ocrx_word' id='word_1_328' title='bbox 936 4195 1377 4273; x_wconf 86' lang='lat' dir='ltr'><strong>prolegomenis</strong></span> <span class='ocrx_word' id='word_1_329' title='bbox 1398 4193 1472 4250; x_wconf 90' lang='lat' dir='ltr'><strong>ad</strong></span> <span class='ocrx_word' id='word_1_330' title='bbox 1494 4190 1843 4249; x_wconf 86' lang='lat' dir='ltr'><strong>Damasceni</strong></span> <span class='ocrx_word' id='word_1_331' title='bbox 1865 4190 2058 4261; x_wconf 88' lang='lat' dir='ltr'><strong>Opera</strong></span> <span class='ocrx_word' id='word_1_332' title='bbox 2078 4201 2115 4242; x_wconf 89' lang='lat' dir='ltr'><strong>a</strong></span> 
     </span>
    </p>
   </div>
   <div class='ocr_carea' id='block_1_44' title="bbox 458 4280 2112 4373">
    <p class='ocr_par' dir='ltr' id='par_1_44' title="bbox 458 4280 2112 4373">
     <span class='ocr_line' id='line_1_47' title="bbox 458 4280 2112 4373; baseline -0.016 -15"><span class='ocrx_word' id='word_1_333' title='bbox 458 4316 523 4358; x_wconf 83' lang='lat' dir='ltr'><strong>se</strong></span> <span class='ocrx_word' id='word_1_334' title='bbox 553 4296 800 4373; x_wconf 84' lang='lat' dir='ltr'><strong>paratis,</strong></span> <span class='ocrx_word' id='word_1_335' title='bbox 828 4297 890 4348; x_wconf 87' lang='lat' dir='ltr'><strong>et</strong></span> <span class='ocrx_word' id='word_1_336' title='bbox 918 4308 954 4348; x_wconf 89' lang='lat' dir='ltr'><strong>a</strong></span> <span class='ocrx_word' id='word_1_337' title='bbox 982 4291 1056 4346; x_wconf 89' lang='lat' dir='ltr'><strong>Le</strong></span> <span class='ocrx_word' id='word_1_338' title='bbox 1086 4289 1275 4354; x_wconf 90' lang='lat' dir='ltr'><strong>Quien</strong></span> <span class='ocrx_word' id='word_1_339' title='bbox 1321 4281 1540 4341; x_wconf 90' lang='lat' dir='ltr'><strong>deinde</strong></span> <span class='ocrx_word' id='word_1_340' title='bbox 1558 4371 1568 4373; x_wconf 17' lang='lat'><em>4</em></span> <span class='ocrx_word' id='word_1_341' title='bbox 1589 4281 1786 4373; x_wconf 84' lang='lat' dir='ltr'><strong>editis,</strong></span> <span class='ocrx_word' id='word_1_342' title='bbox 1807 4369 1816 4373; x_wconf 28' lang='grc' dir='ltr'><strong>Δ</strong></span> <span class='ocrx_word' id='word_1_343' title='bbox 1839 4280 2112 4373; x_wconf 68' lang='lat' dir='ltr'><strong>inserue-</strong></span> 
     </span>
    </p>
   </div>
   <div class='ocr_carea' id='block_1_45' title="bbox 454 4366 2112 4462">
    <p class='ocr_par' dir='ltr' id='par_1_45' title="bbox 454 4366 2112 4462">
     <span class='ocr_line' id='line_1_48' title="bbox 454 4366 2112 4462; baseline -0.016 -14"><span class='ocrx_word' id='word_1_344' title='bbox 454 4366 672 4462; x_wconf 48' lang='lat' dir='ltr'><strong>rat-(3).</strong></span> <span class='ocrx_word' id='word_1_345' title='bbox 702 4387 770 4441; x_wconf 92' lang='lat' dir='ltr'><strong>In</strong></span> <span class='ocrx_word' id='word_1_346' title='bbox 802 4399 933 4455; x_wconf 68' lang='lat' dir='ltr'><strong>quas</strong></span> <span class='ocrx_word' id='word_1_347' title='bbox 965 4394 1100 4435; x_wconf 89' lang='lat' dir='ltr'><strong>cum</strong></span> <span class='ocrx_word' id='word_1_348' title='bbox 1130 4375 1506 4442; x_wconf 88' lang='lat' dir='ltr'><strong>incidissem,</strong></span> <span class='ocrx_word' id='word_1_349' title='bbox 1538 4369 1822 4428; x_wconf 90' lang='lat' dir='ltr'><strong>demirari</strong></span> <span class='ocrx_word' id='word_1_350' title='bbox 1870 4366 2112 4462; x_wconf 82' lang='lat' dir='ltr'><strong>quidem</strong></span> 
     </span>
    </p>
   </div>
   <div class='ocr_carea' id='block_1_46' title="bbox 453 4457 2112 4554">
    <p class='ocr_par' dir='ltr' id='par_1_46' title="bbox 453 4457 2112 4554">
     <span class='ocr_line' id='line_1_49' title="bbox 453 4457 2112 4554; baseline -0.015 -18"><span class='ocrx_word' id='word_1_351' title='bbox 453 4457 718 4554; x_wconf 85' lang='lat' dir='ltr'><strong>primum</strong></span> <span class='ocrx_word' id='word_1_352' title='bbox 743 4473 893 4545; x_wconf 74' lang='lat' dir='ltr'><strong>cmpi</strong></span> <span class='ocrx_word' id='word_1_353' title='bbox 922 4466 1485 4534; x_wconf 86' lang='lat' dir='ltr'><strong>luculentissimam,</strong></span> <span class='ocrx_word' id='word_1_354' title='bbox 1536 4478 1715 4534; x_wconf 89' lang='lat' dir='ltr'><strong>quam</strong></span> <span class='ocrx_word' id='word_1_355' title='bbox 1764 4457 2112 4554; x_wconf 68' lang='lat' dir='ltr'><strong>praeferunt,</strong></span> 
     </span>
    </p>
   </div>
   <div class='ocr_carea' id='block_1_47' title="bbox 455 4549 2113 4633">
    <p class='ocr_par' dir='ltr' id='par_1_47' title="bbox 455 4549 2113 4633">
     <span class='ocr_line' id='line_1_50' title="bbox 455 4549 2113 4633; baseline -0.014 -8"><span class='ocrx_word' id='word_1_356' title='bbox 455 4549 529 4626; x_wconf 79' lang='lat' dir='ltr'><strong>de</strong></span> <span class='ocrx_word' id='word_1_357' title='bbox 561 4570 766 4623; x_wconf 86' lang='lat' dir='ltr'><strong>sancta</strong></span> <span class='ocrx_word' id='word_1_358' title='bbox 797 4560 1061 4633; x_wconf 73' lang='lat' dir='ltr'><strong>Deiparaa</strong></span> <span class='ocrx_word' id='word_1_359' title='bbox 1092 4554 1491 4628; x_wconf 87' lang='lat' dir='ltr'><strong>Conceptione</strong></span> <span class='ocrx_word' id='word_1_360' title='bbox 1524 4549 1883 4607; x_wconf 88' lang='lat' dir='ltr'><strong>sententiam</strong></span> <span class='ocrx_word' id='word_1_361' title='bbox 1910 4573 1925 4617; x_wconf 82' lang='lat'><strong>;</strong></span> <span class='ocrx_word' id='word_1_362' title='bbox 1983 4552 2113 4602; x_wconf 89' lang='lat' dir='ltr'><strong>tum</strong></span> 
     </span>
    </p>
   </div>
   <div class='ocr_carea' id='block_1_48' title="bbox 453 4637 2117 4724">
    <p class='ocr_par' dir='ltr' id='par_1_48' title="bbox 453 4637 2117 4724">
     <span class='ocr_line' id='line_1_51' title="bbox 453 4637 2117 4724; baseline -0.014 -10"><span class='ocrx_word' id='word_1_363' title='bbox 453 4675 590 4714; x_wconf 88' lang='lat' dir='ltr'><strong>vero</strong></span> <span class='ocrx_word' id='word_1_364' title='bbox 650 4660 888 4724; x_wconf 89' lang='lat' dir='ltr'><strong>stupere</strong></span> <span class='ocrx_word' id='word_1_365' title='bbox 934 4649 1339 4714; x_wconf 75' lang='lat' dir='ltr'><strong>vehementer,</strong></span> <span class='ocrx_word' id='word_1_366' title='bbox 1398 4643 1502 4714; x_wconf 91' lang='lat' dir='ltr'><strong>qni</strong></span> <span class='ocrx_word' id='word_1_367' title='bbox 1562 4641 1691 4697; x_wconf 79' lang='lat' dir='ltr'><strong>fieri</strong></span> <span class='ocrx_word' id='word_1_368' title='bbox 1736 4637 1997 4712; x_wconf 89' lang='lat' dir='ltr'><strong>potuerit</strong></span> <span class='ocrx_word' id='word_1_369' title='bbox 2046 4639 2117 4692; x_wconf 84' lang='lat' dir='ltr'><strong>ut</strong></span> 
     </span>
    </p>
   </div>
   <div class='ocr_carea' id='block_1_49' title="bbox 452 4727 2111 4816">
    <p class='ocr_par' dir='ltr' id='par_1_49' title="bbox 452 4727 2111 4816">
     <span class='ocr_line' id='line_1_52' title="bbox 452 4727 2111 4816; baseline -0.016 -11"><span class='ocrx_word' id='word_1_370' title='bbox 452 4754 577 4805; x_wconf 87' lang='lat' dir='ltr'><strong>tam</strong></span> <span class='ocrx_word' id='word_1_371' title='bbox 607 4743 840 4816; x_wconf 80' lang='lat' dir='ltr'><strong>insigne</strong></span> <span class='ocrx_word' id='word_1_372' title='bbox 872 4735 1304 4801; x_wconf 89' lang='lat' dir='ltr'><strong>testimonium,</strong></span> <span class='ocrx_word' id='word_1_373' title='bbox 1363 4748 1478 4803; x_wconf 90' lang='lat' dir='ltr'><strong>quo</strong></span> <span class='ocrx_word' id='word_1_374' title='bbox 1532 4736 1592 4786; x_wconf 89' lang='lat' dir='ltr'><strong>et</strong></span> <span class='ocrx_word' id='word_1_375' title='bbox 1638 4745 1780 4785; x_wconf 90' lang='lat' dir='ltr'><strong>sane</strong></span> <span class='ocrx_word' id='word_1_376' title='bbox 1829 4727 2111 4798; x_wconf 88' lang='lat' dir='ltr'><strong>antiquus</strong></span> 
     </span>
    </p>
   </div>
   <div class='ocr_carea' id='block_1_50' title="bbox 453 4817 2118 4910">
    <p class='ocr_par' dir='ltr' id='par_1_50' title="bbox 453 4817 2118 4910">
     <span class='ocr_line' id='line_1_53' title="bbox 453 4817 2118 4910; baseline -0.016 -14"><span class='ocrx_word' id='word_1_377' title='bbox 453 4838 720 4910; x_wconf 80' lang='lat' dir='ltr'><strong>Deiparse</strong></span> <span class='ocrx_word' id='word_1_378' title='bbox 753 4833 1058 4900; x_wconf 73' lang='lat' dir='ltr'><strong>conceptze</strong></span> <span class='ocrx_word' id='word_1_379' title='bbox 1108 4825 1304 4880; x_wconf 89' lang='lat' dir='ltr'><strong>cultus</strong></span> <span class='ocrx_word' id='word_1_380' title='bbox 1355 4819 1803 4910; x_wconf 72' lang='lat' dir='ltr'><strong>ostendebatur,</strong></span> <span class='ocrx_word' id='word_1_381' title='bbox 1855 4823 1914 4872; x_wconf 91' lang='lat' dir='ltr'><strong>et</strong></span> <span class='ocrx_word' id='word_1_382' title='bbox 1962 4817 2118 4910; x_wconf 43' lang='lat' dir='ltr'><strong>ejus:</strong></span> 
     </span>
    </p>
   </div>
   <div class='ocr_carea' id='block_1_51' title="bbox 380 4904 2113 4986">
    <p class='ocr_par' dir='ltr' id='par_1_51' title="bbox 380 4904 2113 4986">
     <span class='ocr_line' id='line_1_54' title="bbox 380 4904 2113 4986; baseline -0.016 1"><span class='ocrx_word' id='word_1_383' title='bbox 380 4938 384 4942; x_wconf 79' lang='grc'><strong>’</strong></span> <span class='ocrx_word' id='word_1_384' title='bbox 453 4904 590 4986; x_wconf 79' lang='lat' dir='ltr'><strong>dem</strong></span> <span class='ocrx_word' id='word_1_385' title='bbox 621 4924 817 4983; x_wconf 86' lang='lat' dir='ltr'><strong>cultus</strong></span> <span class='ocrx_word' id='word_1_386' title='bbox 846 4918 999 4976; x_wconf 88' lang='lat' dir='ltr'><strong>ratio</strong></span> <span class='ocrx_word' id='word_1_387' title='bbox 1028 4922 1148 4972; x_wconf 88' lang='lat' dir='ltr'><strong>tam</strong></span> <span class='ocrx_word' id='word_1_388' title='bbox 1182 4910 1496 4986; x_wconf 90' lang='lat' dir='ltr'><strong>splendide</strong></span> <span class='ocrx_word' id='word_1_389' title='bbox 1533 4908 1900 4974; x_wconf 87' lang='lat' dir='ltr'><strong>tradebatur,</strong></span> <span class='ocrx_word' id='word_1_390' title='bbox 1948 4904 2113 4962; x_wconf 90' lang='lat' dir='ltr'><strong>taciti</strong></span> 
     </span>
    </p>
   </div>
   <div class='ocr_carea' id='block_1_52' title="bbox 451 4997 2105 5093">
    <p class='ocr_par' dir='ltr' id='par_1_52' title="bbox 451 4997 2105 5093">
     <span class='ocr_line' id='line_1_55' title="bbox 451 4997 2105 5093; baseline -0.018 -17"><span class='ocrx_word' id='word_1_391' title='bbox 451 5015 883 5093; x_wconf 67' lang='lat' dir='ltr'><strong>prasteriissent</strong></span> <span class='ocrx_word' id='word_1_392' title='bbox 925 5007 1198 5082; x_wconf 86' lang='lat' dir='ltr'><strong>plerique</strong></span> <span class='ocrx_word' id='word_1_393' title='bbox 1230 5018 1441 5093; x_wconf 79' lang='lat' dir='ltr'><strong>omnes</strong></span> <span class='ocrx_word' id='word_1_394' title='bbox 1493 4999 1593 5093; x_wconf 71' lang='lat' dir='ltr'><strong>qui</strong></span> <span class='ocrx_word' id='word_1_395' title='bbox 1648 4997 1720 5053; x_wconf 91' lang='lat' dir='ltr'><strong>de</strong></span> <span class='ocrx_word' id='word_1_396' title='bbox 1769 4997 1883 5093; x_wconf 80' lang='lat' dir='ltr'><strong>hoc</strong></span> <span class='ocrx_word' id='word_1_397' title='bbox 1927 5011 2105 5093; x_wconf 75' lang='lat' dir='ltr'><strong>argu-</strong></span> 
     </span>
    </p>
   </div>
   <div class='ocr_carea' id='block_1_53' title="bbox 452 5086 2110 5178">
    <p class='ocr_par' dir='ltr' id='par_1_53' title="bbox 452 5086 2110 5178">
     <span class='ocr_line' id='line_1_56' title="bbox 452 5086 2110 5178; baseline -0.016 -12"><span class='ocrx_word' id='word_1_398' title='bbox 452 5086 656 5166; x_wconf 70' lang='lat' dir='ltr'><strong>inento</strong></span> <span class='ocrx_word' id='word_1_399' title='bbox 679 5107 814 5178; x_wconf 88' lang='lat' dir='ltr'><strong>post</strong></span> <span class='ocrx_word' id='word_1_400' title='bbox 832 5099 991 5157; x_wconf 88' lang='lat' dir='ltr'><strong>edita</strong></span> <span class='ocrx_word' id='word_1_401' title='bbox 1005 5097 1136 5170; x_wconf 85' lang='lat' dir='ltr'><strong>jam</strong></span> <span class='ocrx_word' id='word_1_402' title='bbox 1167 5112 1202 5152; x_wconf 92' lang='lat' dir='ltr'><strong>a</strong></span> <span class='ocrx_word' id='word_1_403' title='bbox 1223 5095 1296 5150; x_wconf 89' lang='lat' dir='ltr'><strong>Le</strong></span> <span class='ocrx_word' id='word_1_404' title='bbox 1319 5089 1508 5158; x_wconf 89' lang='lat' dir='ltr'><strong>Quien</strong></span> <span class='ocrx_word' id='word_1_405' title='bbox 1535 5086 1885 5145; x_wconf 88' lang='lat' dir='ltr'><strong>Damasceni</strong></span> <span class='ocrx_word' id='word_1_406' title='bbox 1919 5087 2110 5158; x_wconf 87' lang='lat' dir='ltr'><strong>Opera</strong></span> 
     </span>
    </p>
   </div>
   <div class='ocr_carea' id='block_1_54' title="bbox 2223 3645 3897 3720">
    <p class='ocr_par' dir='ltr' id='par_1_54' title="bbox 2223 3645 3897 3720">
     <span class='ocr_line' id='line_1_57' title="bbox 2223 3645 3897 3720; baseline 0.001 -18"><span class='ocrx_word' id='word_1_407' title='bbox 2223 3645 2551 3720; x_wconf 82' lang='lat' dir='ltr'><strong>marginem</strong></span> <span class='ocrx_word' id='word_1_408' title='bbox 2581 3645 2937 3702; x_wconf 89' lang='lat' dir='ltr'><strong>lectionibus</strong></span> <span class='ocrx_word' id='word_1_409' title='bbox 2968 3647 3336 3703; x_wconf 84' lang='lat' dir='ltr'><strong>variantibus</strong></span> <span class='ocrx_word' id='word_1_410' title='bbox 3365 3664 3438 3704; x_wconf 93' lang='lat' dir='ltr'><strong>ex</strong></span> <span class='ocrx_word' id='word_1_411' title='bbox 3475 3648 3690 3704; x_wconf 88' lang='lat' dir='ltr'><strong>codice</strong></span> <span class='ocrx_word' id='word_1_412' title='bbox 3733 3649 3897 3705; x_wconf 86' lang='lat' dir='ltr'><strong>inter</strong></span> 
     </span>
    </p>
   </div>
   <div class='ocr_carea' id='block_1_55' title="bbox 2223 3735 3892 3807">
    <p class='ocr_par' dir='ltr' id='par_1_55' title="bbox 2223 3735 3892 3807">
     <span class='ocr_line' id='line_1_58' title="bbox 2223 3735 3892 3807; baseline 0.002 -17"><span class='ocrx_word' id='word_1_413' title='bbox 2223 3737 2368 3792; x_wconf 85' lang='lat' dir='ltr'><strong>Hist.</strong></span> <span class='ocrx_word' id='word_1_414' title='bbox 2403 3735 2614 3792; x_wconf 89' lang='lat' dir='ltr'><strong>eecles.</strong></span> <span class='ocrx_word' id='word_1_415' title='bbox 2651 3753 2710 3792; x_wconf 90' lang='lat' dir='ltr'><strong>n.</strong></span> <span class='ocrx_word' id='word_1_416' title='bbox 2741 3739 2844 3791; x_wconf 77' lang='grc'><strong>114</strong></span> <span class='ocrx_word' id='word_1_417' title='bbox 2873 3753 2885 3805; x_wconf 91' lang='grc'><strong>;</strong></span> <span class='ocrx_word' id='word_1_418' title='bbox 2916 3741 2975 3791; x_wconf 90' lang='lat' dir='ltr'><strong>et</strong></span> <span class='ocrx_word' id='word_1_419' title='bbox 2996 3735 3320 3794; x_wconf 88' lang='lat' dir='ltr'><strong>dolendum</strong></span> <span class='ocrx_word' id='word_1_420' title='bbox 3351 3736 3463 3794; x_wconf 88' lang='lat' dir='ltr'><strong>fuit</strong></span> <span class='ocrx_word' id='word_1_421' title='bbox 3477 3738 3892 3807; x_wconf 89' lang='lat' dir='ltr'><strong>tantumdem,</strong></span> 
     </span>
    </p>
   </div>
   <div class='ocr_carea' id='block_1_56' title="bbox 2223 3827 3895 3902">
    <p class='ocr_par' dir='ltr' id='par_1_56' title="bbox 2223 3827 3895 3902">
     <span class='ocr_line' id='line_1_59' title="bbox 2223 3827 3895 3902; baseline 0.001 -19"><span class='ocrx_word' id='word_1_422' title='bbox 2223 3843 2357 3883; x_wconf 89' lang='lat' dir='ltr'><strong>cum</strong></span> <span class='ocrx_word' id='word_1_423' title='bbox 2407 3827 2775 3899; x_wconf 90' lang='lat' dir='ltr'><strong>experientia</strong></span> <span class='ocrx_word' id='word_1_424' title='bbox 2823 3833 3195 3902; x_wconf 89' lang='lat' dir='ltr'><strong>compertum</strong></span> <span class='ocrx_word' id='word_1_425' title='bbox 3243 3833 3353 3898; x_wconf 92' lang='lat' dir='ltr'><strong>est,</strong></span> <span class='ocrx_word' id='word_1_426' title='bbox 3403 3828 3670 3900; x_wconf 90' lang='lat' dir='ltr'><strong>codices,</strong></span> <span class='ocrx_word' id='word_1_427' title='bbox 3729 3830 3895 3886; x_wconf 88' lang='lat' dir='ltr'><strong>unde</strong></span> 
     </span>
    </p>
   </div>
   <div class='ocr_carea' id='block_1_57' title="bbox 2223 3915 3897 3991">
    <p class='ocr_par' dir='ltr' id='par_1_57' title="bbox 2223 3915 3897 3991">
     <span class='ocr_line' id='line_1_60' title="bbox 2223 3915 3897 3991; baseline 0.001 -18"><span class='ocrx_word' id='word_1_428' title='bbox 2223 3916 2629 3991; x_wconf 84' lang='lat' dir='ltr'><strong>apographum</strong></span> <span class='ocrx_word' id='word_1_429' title='bbox 2659 3916 2810 3974; x_wconf 89' lang='lat' dir='ltr'><strong>iilud</strong></span> <span class='ocrx_word' id='word_1_430' title='bbox 2869 3915 3189 3976; x_wconf 89' lang='lat' dir='ltr'><strong>deductum</strong></span> <span class='ocrx_word' id='word_1_431' title='bbox 3238 3917 3451 3988; x_wconf 86' lang='lat' dir='ltr'><strong>fuerat,</strong></span> <span class='ocrx_word' id='word_1_432' title='bbox 3497 3925 3669 3976; x_wconf 86' lang='lat' dir='ltr'><strong>tanta</strong></span> <span class='ocrx_word' id='word_1_433' title='bbox 3722 3936 3897 3975; x_wconf 89' lang='lat' dir='ltr'><strong>men-</strong></span> 
     </span>
    </p>
   </div>
   <div class='ocr_carea' id='block_1_58' title="bbox 2224 4005 3900 4083">
    <p class='ocr_par' dir='ltr' id='par_1_58' title="bbox 2224 4005 3900 4083">
     <span class='ocr_line' id='line_1_61' title="bbox 2224 4005 3900 4083; baseline 0.002 -21"><span class='ocrx_word' id='word_1_434' title='bbox 2224 4006 2436 4062; x_wconf 89' lang='lat' dir='ltr'><strong>dorum</strong></span> <span class='ocrx_word' id='word_1_435' title='bbox 2495 4005 2666 4078; x_wconf 90' lang='lat' dir='ltr'><strong>copia</strong></span> <span class='ocrx_word' id='word_1_436' title='bbox 2722 4005 3052 4080; x_wconf 86' lang='lat' dir='ltr'><strong>exundare,</strong></span> <span class='ocrx_word' id='word_1_437' title='bbox 3109 4012 3177 4063; x_wconf 89' lang='lat' dir='ltr'><strong>ut</strong></span> <span class='ocrx_word' id='word_1_438' title='bbox 3229 4008 3446 4065; x_wconf 88' lang='lat' dir='ltr'><strong>merito</strong></span> <span class='ocrx_word' id='word_1_439' title='bbox 3500 4008 3714 4083; x_wconf 72' lang='lat' dir='ltr'><strong>Augias</strong></span> <span class='ocrx_word' id='word_1_440' title='bbox 3777 4017 3900 4066; x_wconf 87' lang='lat' dir='ltr'><strong>sta-</strong></span> 
     </span>
    </p>
   </div>
   <div class='ocr_carea' id='block_1_59' title="bbox 2224 4097 3898 4173">
    <p class='ocr_par' dir='ltr' id='par_1_59' title="bbox 2224 4097 3898 4173">
     <span class='ocr_line' id='line_1_62' title="bbox 2224 4097 3898 4173; baseline 0.001 -18"><span class='ocrx_word' id='word_1_441' title='bbox 2224 4097 2363 4155; x_wconf 87' lang='lat' dir='ltr'><strong>bulo</strong></span> <span class='ocrx_word' id='word_1_442' title='bbox 2395 4113 2738 4171; x_wconf 90' lang='lat' dir='ltr'><strong>comparare</strong></span> <span class='ocrx_word' id='word_1_443' title='bbox 2789 4115 2890 4155; x_wconf 88' lang='lat' dir='ltr'><strong>eos</strong></span> <span class='ocrx_word' id='word_1_444' title='bbox 2920 4098 3134 4173; x_wconf 89' lang='lat' dir='ltr'><strong>possis.</strong></span> <span class='ocrx_word' id='word_1_445' title='bbox 3196 4099 3346 4155; x_wconf 90' lang='lat' dir='ltr'><strong>Hinc</strong></span> <span class='ocrx_word' id='word_1_446' title='bbox 3401 4117 3539 4156; x_wconf 88' lang='lat' dir='ltr'><strong>cum</strong></span> <span class='ocrx_word' id='word_1_447' title='bbox 3598 4101 3898 4156; x_wconf 84' lang='lat' dir='ltr'><strong>adhibitis</strong></span> 
     </span>
    </p>
   </div>
   <div class='ocr_carea' id='block_1_60' title="bbox 2224 4187 3896 4264">
    <p class='ocr_par' dir='ltr' id='par_1_60' title="bbox 2224 4187 3896 4264">
     <span class='ocr_line' id='line_1_63' title="bbox 2224 4187 3896 4264; baseline 0.002 -20"><span class='ocrx_word' id='word_1_448' title='bbox 2224 4188 2404 4245; x_wconf 91' lang='lat' dir='ltr'><strong>etiam</strong></span> <span class='ocrx_word' id='word_1_449' title='bbox 2434 4187 2689 4244; x_wconf 90' lang='lat' dir='ltr'><strong>aliorum</strong></span> <span class='ocrx_word' id='word_1_450' title='bbox 2715 4187 2894 4257; x_wconf 91' lang='lat' dir='ltr'><strong>curis,</strong></span> <span class='ocrx_word' id='word_1_451' title='bbox 2927 4188 3029 4260; x_wconf 85' lang='lat' dir='ltr'><strong>qui</strong></span> <span class='ocrx_word' id='word_1_452' title='bbox 3058 4205 3213 4262; x_wconf 65' lang='lat' dir='ltr'><strong>saepe</strong></span> <span class='ocrx_word' id='word_1_453' title='bbox 3245 4189 3464 4263; x_wconf 80' lang='lat' dir='ltr'><strong>saepius</strong></span> <span class='ocrx_word' id='word_1_454' title='bbox 3485 4191 3896 4264; x_wconf 86' lang='lat' dir='ltr'><strong>conjectando</strong></span> 
     </span>
    </p>
   </div>
   <div class='ocr_carea' id='block_1_61' title="bbox 2222 4277 3898 4352">
    <p class='ocr_par' dir='ltr' id='par_1_61' title="bbox 2222 4277 3898 4352">
     <span class='ocr_line' id='line_1_64' title="bbox 2222 4277 3898 4352; baseline 0 -18"><span class='ocrx_word' id='word_1_455' title='bbox 2222 4278 2420 4352; x_wconf 89' lang='lat' dir='ltr'><strong>potius</strong></span> <span class='ocrx_word' id='word_1_456' title='bbox 2466 4293 2647 4349; x_wconf 86' lang='lat' dir='ltr'><strong>quam</strong></span> <span class='ocrx_word' id='word_1_457' title='bbox 2700 4277 3150 4350; x_wconf 86' lang='lat' dir='ltr'><strong>interpretando</strong></span> <span class='ocrx_word' id='word_1_458' title='bbox 3206 4283 3517 4350; x_wconf 89' lang='lat' dir='ltr'><strong>utcunque</strong></span> <span class='ocrx_word' id='word_1_459' title='bbox 3577 4284 3670 4335; x_wconf 91' lang='lat' dir='ltr'><strong>tot</strong></span> <span class='ocrx_word' id='word_1_460' title='bbox 3723 4278 3898 4335; x_wconf 88' lang='lat' dir='ltr'><strong>labes</strong></span> 
     </span>
    </p>
   </div>
   <div class='ocr_carea' id='block_1_62' title="bbox 2222 4367 3900 4440">
    <p class='ocr_par' dir='ltr' id='par_1_62' title="bbox 2222 4367 3900 4440">
     <span class='ocr_line' id='line_1_65' title="bbox 2222 4367 3900 4440; baseline 0 -16"><span class='ocrx_word' id='word_1_461' title='bbox 2222 4373 2449 4440; x_wconf 80' lang='lat' dir='ltr'><strong>tergere</strong></span> <span class='ocrx_word' id='word_1_462' title='bbox 2481 4367 2860 4436; x_wconf 89' lang='lat' dir='ltr'><strong>studuerunt,</strong></span> <span class='ocrx_word' id='word_1_463' title='bbox 2909 4367 3098 4423; x_wconf 89' lang='lat' dir='ltr'><strong>oratio</strong></span> <span class='ocrx_word' id='word_1_464' title='bbox 3151 4368 3358 4423; x_wconf 89' lang='lat' dir='ltr'><strong>multis</strong></span> <span class='ocrx_word' id='word_1_465' title='bbox 3399 4367 3599 4424; x_wconf 90' lang='lat' dir='ltr'><strong>adhuc</strong></span> <span class='ocrx_word' id='word_1_466' title='bbox 3653 4368 3900 4426; x_wconf 87' lang='lat' dir='ltr'><strong>lacunis</strong></span> 
     </span>
    </p>
   </div>
   <div class='ocr_carea' id='block_1_63' title="bbox 2222 4456 3900 4530">
    <p class='ocr_par' dir='ltr' id='par_1_63' title="bbox 2222 4456 3900 4530">
     <span class='ocr_line' id='line_1_66' title="bbox 2222 4456 3900 4530; baseline 0.001 -17"><span class='ocrx_word' id='word_1_467' title='bbox 2222 4457 2500 4526; x_wconf 88' lang='lat' dir='ltr'><strong>hisceret,</strong></span> <span class='ocrx_word' id='word_1_468' title='bbox 2531 4457 2634 4512; x_wconf 90' lang='lat' dir='ltr'><strong>ubi</strong></span> <span class='ocrx_word' id='word_1_469' title='bbox 2665 4473 2880 4529; x_wconf 91' lang='lat' dir='ltr'><strong>nempe</strong></span> <span class='ocrx_word' id='word_1_470' title='bbox 2910 4456 3091 4513; x_wconf 91' lang='lat' dir='ltr'><strong>adeos</strong></span> <span class='ocrx_word' id='word_1_471' title='bbox 3121 4463 3436 4530; x_wconf 79' lang='lat' dir='ltr'><strong>corruptus</strong></span> <span class='ocrx_word' id='word_1_472' title='bbox 3487 4464 3618 4514; x_wconf 91' lang='lat' dir='ltr'><strong>erat</strong></span> <span class='ocrx_word' id='word_1_473' title='bbox 3667 4464 3900 4526; x_wconf 89' lang='lat' dir='ltr'><strong>textus,</strong></span> 
     </span>
    </p>
   </div>
   <div class='ocr_carea' id='block_1_64' title="bbox 2223 4545 3903 4623">
    <p class='ocr_par' dir='ltr' id='par_1_64' title="bbox 2223 4545 3903 4623">
     <span class='ocr_line' id='line_1_67' title="bbox 2223 4545 3903 4623; baseline 0 -20"><span class='ocrx_word' id='word_1_474' title='bbox 2223 4551 2291 4603; x_wconf 91' lang='lat' dir='ltr'><strong>ut</strong></span> <span class='ocrx_word' id='word_1_475' title='bbox 2313 4545 2680 4618; x_wconf 87' lang='lat' dir='ltr'><strong>probabilem</strong></span> <span class='ocrx_word' id='word_1_476' title='bbox 2715 4546 2978 4616; x_wconf 90' lang='lat' dir='ltr'><strong>aliquem</strong></span> <span class='ocrx_word' id='word_1_477' title='bbox 3010 4563 3251 4602; x_wconf 89' lang='lat' dir='ltr'><strong>sensum</strong></span> <span class='ocrx_word' id='word_1_478' title='bbox 3283 4563 3362 4602; x_wconf 90' lang='lat' dir='ltr'><strong>ne</strong></span> <span class='ocrx_word' id='word_1_479' title='bbox 3394 4546 3726 4606; x_wconf 86' lang='lat' dir='ltr'><strong>divinando</strong></span> <span class='ocrx_word' id='word_1_480' title='bbox 3763 4550 3903 4623; x_wconf 86' lang='lat' dir='ltr'><strong>qui-</strong></span> 
     </span>
    </p>
   </div>
   <div class='ocr_carea' id='block_1_65' title="bbox 2225 4635 3904 4710">
    <p class='ocr_par' dir='ltr' id='par_1_65' title="bbox 2225 4635 3904 4710">
     <span class='ocr_line' id='line_1_68' title="bbox 2225 4635 3904 4710; baseline 0.002 -18"><span class='ocrx_word' id='word_1_481' title='bbox 2225 4635 2360 4692; x_wconf 82' lang='lat' dir='ltr'><strong>dem</strong></span> <span class='ocrx_word' id='word_1_482' title='bbox 2391 4635 2630 4707; x_wconf 88' lang='lat' dir='ltr'><strong>assequi</strong></span> <span class='ocrx_word' id='word_1_483' title='bbox 2663 4635 2892 4703; x_wconf 90' lang='lat' dir='ltr'><strong>liceret,</strong></span> <span class='ocrx_word' id='word_1_484' title='bbox 2918 4636 3046 4708; x_wconf 89' lang='lat' dir='ltr'><strong>jam</strong></span> <span class='ocrx_word' id='word_1_485' title='bbox 3077 4636 3419 4703; x_wconf 89' lang='lat' dir='ltr'><strong>consilium,</strong></span> <span class='ocrx_word' id='word_1_486' title='bbox 3456 4636 3621 4710; x_wconf 91' lang='lat' dir='ltr'><strong>quod</strong></span> <span class='ocrx_word' id='word_1_487' title='bbox 3667 4637 3737 4694; x_wconf 89' lang='lat' dir='ltr'><strong>in</strong></span> <span class='ocrx_word' id='word_1_488' title='bbox 3791 4656 3904 4695; x_wconf 91' lang='lat' dir='ltr'><strong>an-</strong></span> 
     </span>
    </p>
   </div>
   <div class='ocr_carea' id='block_1_66' title="bbox 2225 4725 3899 4800">
    <p class='ocr_par' dir='ltr' id='par_1_66' title="bbox 2225 4725 3899 4800">
     <span class='ocr_line' id='line_1_69' title="bbox 2225 4725 3899 4800; baseline 0.003 -20"><span class='ocrx_word' id='word_1_489' title='bbox 2225 4730 2521 4781; x_wconf 89' lang='lat' dir='ltr'><strong>tecessum</strong></span> <span class='ocrx_word' id='word_1_490' title='bbox 2546 4726 2828 4794; x_wconf 87' lang='lat' dir='ltr'><strong>foveram,</strong></span> <span class='ocrx_word' id='word_1_491' title='bbox 2864 4726 3155 4799; x_wconf 84' lang='lat' dir='ltr'><strong>integram</strong></span> <span class='ocrx_word' id='word_1_492' title='bbox 3177 4725 3489 4800; x_wconf 89' lang='lat' dir='ltr'><strong>evulgandi</strong></span> <span class='ocrx_word' id='word_1_493' title='bbox 3523 4727 3899 4795; x_wconf 87' lang='lat' dir='ltr'><strong>orationem,</strong></span> 
     </span>
    </p>
   </div>
   <div class='ocr_carea' id='block_1_67' title="bbox 2225 4815 3900 4888">
    <p class='ocr_par' dir='ltr' id='par_1_67' title="bbox 2225 4815 3900 4888">
     <span class='ocr_line' id='line_1_70' title="bbox 2225 4815 3900 4888; baseline 0.002 -18"><span class='ocrx_word' id='word_1_494' title='bbox 2225 4832 2472 4888; x_wconf 89' lang='lat' dir='ltr'><strong>prorsus</strong></span> <span class='ocrx_word' id='word_1_495' title='bbox 2501 4815 2907 4887; x_wconf 83' lang='lat' dir='ltr'><strong>abjiciendum</strong></span> <span class='ocrx_word' id='word_1_496' title='bbox 2938 4815 3230 4881; x_wconf 85' lang='lat' dir='ltr'><strong>videbam,</strong></span> <span class='ocrx_word' id='word_1_497' title='bbox 3265 4823 3368 4872; x_wconf 87' lang='lat' dir='ltr'><strong>aut</strong></span> <span class='ocrx_word' id='word_1_498' title='bbox 3404 4822 3566 4872; x_wconf 86' lang='lat' dir='ltr'><strong>certe</strong></span> <span class='ocrx_word' id='word_1_499' title='bbox 3608 4819 3900 4888; x_wconf 64' lang='lat' dir='ltr'><strong>quasdam</strong></span> 
     </span>
    </p>
   </div>
   <div class='ocr_carea' id='block_1_68' title="bbox 2227 4904 3828 4978">
    <p class='ocr_par' dir='ltr' id='par_1_68' title="bbox 2227 4904 3828 4978">
     <span class='ocr_line' id='line_1_71' title="bbox 2227 4904 3828 4978; baseline 0.002 -18"><span class='ocrx_word' id='word_1_500' title='bbox 2227 4904 2640 4960; x_wconf 85' lang='lat' dir='ltr'><strong>tantummodo</strong></span> <span class='ocrx_word' id='word_1_501' title='bbox 2671 4904 2766 4959; x_wconf 91' lang='lat' dir='ltr'><strong>edi</strong></span> <span class='ocrx_word' id='word_1_502' title='bbox 2798 4922 2970 4977; x_wconf 88' lang='lat' dir='ltr'><strong>posse</strong></span> <span class='ocrx_word' id='word_1_503' title='bbox 3002 4905 3335 4978; x_wconf 87' lang='lat' dir='ltr'><strong>fragmenta</strong></span> <span class='ocrx_word' id='word_1_504' title='bbox 3368 4905 3828 4964; x_wconf 85' lang='lat' dir='ltr'><strong>existimabam.</strong></span> 
     </span>
    </p>
   </div>
   <div class='ocr_carea' id='block_1_69' title="bbox 2147 4955 3904 5068">
    <p class='ocr_par' dir='ltr' id='par_1_69' title="bbox 2147 4955 3904 5068">
     <span class='ocr_line' id='line_1_72' title="bbox 2147 4955 3904 5068; baseline 0.003 -19"><span class='ocrx_word' id='word_1_505' title='bbox 2147 4955 2191 5022; x_wconf 76' lang='lat' dir='ltr'>C</span> <span class='ocrx_word' id='word_1_506' title='bbox 2235 4955 2766 5052; x_wconf 59' lang='grc' dir='ltr'><strong>’Ἑῖᾘῖᾱέιὲιιῖιᾙ</strong></span> <span class='ocrx_word' id='word_1_507' title='bbox 2784 4955 3904 5068; x_wconf 36' lang='lat' dir='ltr'><strong>Jx&#39;éﬁiaeéiiiﬁﬁligliii-Fris}.—</strong></span> 
     </span>
    </p>
   </div>
   <div class='ocr_carea' id='block_1_70' title="bbox 2219 5085 3904 5158">
    <p class='ocr_par' dir='ltr' id='par_1_70' title="bbox 2219 5085 3904 5158">
     <span class='ocr_line' id='line_1_73' title="bbox 2219 5085 3904 5158; baseline 0.002 -18"><span class='ocrx_word' id='word_1_508' title='bbox 2219 5101 2334 5141; x_wconf 89' lang='lat' dir='ltr'><strong>nus</strong></span> <span class='ocrx_word' id='word_1_509' title='bbox 2357 5085 2561 5154; x_wconf 88' lang='lat' dir='ltr'><strong>codex,</strong></span> <span class='ocrx_word' id='word_1_510' title='bbox 2595 5085 2697 5156; x_wconf 89' lang='lat' dir='ltr'><strong>qui</strong></span> <span class='ocrx_word' id='word_1_511' title='bbox 2718 5086 2778 5142; x_wconf 92' lang='lat' dir='ltr'><strong>in</strong></span> <span class='ocrx_word' id='word_1_512' title='bbox 2796 5085 3016 5158; x_wconf 87' lang='lat' dir='ltr'><strong>insigni</strong></span> <span class='ocrx_word' id='word_1_513' title='bbox 3043 5085 3475 5142; x_wconf 88' lang='lat' dir='ltr'><strong>Barberiniana</strong></span> <span class='ocrx_word' id='word_1_514' title='bbox 3515 5085 3904 5145; x_wconf 82' lang='lat' dir='ltr'><strong>bibliotheca</strong></span> 
     </span>
    </p>
   </div>
   <div class='ocr_carea' id='block_1_71' title="bbox 2040 5248 2267 5304">
    <p class='ocr_par' dir='ltr' id='par_1_71' title="bbox 2040 5248 2267 5304">
     <span class='ocr_line' id='line_1_74' title="bbox 2040 5248 2267 5304; baseline 0 0"><span class='ocrx_word' id='word_1_515' title='bbox 2040 5248 2267 5304; x_wconf 74' lang='grc' dir='ltr'><strong>ΝΟΤᾹΞ.</strong></span> 
     </span>
    </p>
   </div>
   <div class='ocr_carea' id='block_1_72' title="bbox 523 5393 2102 5486">
    <p class='ocr_par' dir='ltr' id='par_1_72' title="bbox 523 5393 2102 5486">
     <span class='ocr_line' id='line_1_75' title="bbox 523 5393 2102 5486; baseline -0.014 -20"><span class='ocrx_word' id='word_1_516' title='bbox 523 5411 600 5486; x_wconf 76' lang='grc'><strong>(4)</strong></span> <span class='ocrx_word' id='word_1_517' title='bbox 654 5410 800 5486; x_wconf 50' lang='grc' dir='ltr'><strong>Ορι)ἐ</strong></span> <span class='ocrx_word' id='word_1_518' title='bbox 856 5405 1142 5486; x_wconf 62' lang='lat' dir='ltr'><strong>S._Jo_an.</strong></span> <span class='ocrx_word' id='word_1_519' title='bbox 1192 5395 1605 5486; x_wconf 34' lang='lat' dir='ltr'><strong>‘pnamascenih</strong></span> <span class='ocrx_word' id='word_1_520' title='bbox 1670 5398 1812 5450; x_wconf 91' lang='lat' dir='ltr'><strong>tom.</strong></span> <span class='ocrx_word' id='word_1_521' title='bbox 1871 5393 1917 5461; x_wconf 86' lang='grc' dir='ltr'><strong>Ι,</strong></span> <span class='ocrx_word' id='word_1_522' title='bbox 1970 5407 2102 5465; x_wconf 85' lang='lat' dir='ltr'><strong>pag.</strong></span> 
     </span>
    </p>
   </div>
   <div class='ocr_carea' id='block_1_73' title="bbox 453 5471 1630 5547">
    <p class='ocr_par' dir='ltr' id='par_1_73' title="bbox 453 5471 1630 5547">
     <span class='ocr_line' id='line_1_76' title="bbox 453 5471 1630 5547; baseline -0.019 -4"><span class='ocrx_word' id='word_1_523' title='bbox 453 5471 629 5544; x_wconf 56' lang='lat' dir='ltr'><strong>XX‘VI’l.</strong></span> <span class='ocrx_word' id='word_1_524' title='bbox 661 5471 1096 5547; x_wconf 43' lang='lat' dir='ltr'><strong>L‘Patrologiaa</strong></span> <span class='ocrx_word' id='word_1_525' title='bbox 1118 5478 1159 5528; x_wconf 91' lang='lat' dir='ltr'><strong>t.</strong></span> <span class='ocrx_word' id='word_1_526' title='bbox 1192 5472 1381 5538; x_wconf 79' lang='lat' dir='ltr'><strong>XCIV,</strong></span> <span class='ocrx_word' id='word_1_527' title='bbox 1413 5487 1471 5542; x_wconf 90' lang='lat' dir='ltr'><strong>p.</strong></span> <span class='ocrx_word' id='word_1_528' title='bbox 1509 5471 1630 5523; x_wconf 79' lang='lat' dir='ltr'><strong>I55.</strong></span> 
     </span>
    </p>
   </div>
   <div class='ocr_carea' id='block_1_74' title="bbox 528 5552 1997 5626">
    <p class='ocr_par' dir='ltr' id='par_1_74' title="bbox 528 5552 1997 5626">
     <span class='ocr_line' id='line_1_77' title="bbox 528 5552 1997 5626; baseline -0.005 -17"><span class='ocrx_word' id='word_1_529' title='bbox 528 5556 602 5626; x_wconf 84' lang='lat'><strong>(2)</strong></span> <span class='ocrx_word' id='word_1_530' title='bbox 633 5552 782 5608; x_wconf 90' lang='lat' dir='ltr'><strong>Ibid.</strong></span> <span class='ocrx_word' id='word_1_531' title='bbox 816 5565 946 5626; x_wconf 86' lang='lat' dir='ltr'><strong>pag.</strong></span> <span class='ocrx_word' id='word_1_532' title='bbox 981 5563 1144 5626; x_wconf 79' lang='lat' dir='ltr'><strong>l_lI-I_V.</strong></span> <span class='ocrx_word' id='word_1_533' title='bbox 1276 5615 1314 5626; x_wconf 77' lang='lat'>_</span> <span class='ocrx_word' id='word_1_534' title='bbox 1692 5609 1741 5626; x_wconf 59' lang='grc' dir='ltr'>η</span> <span class='ocrx_word' id='word_1_535' title='bbox 1792 5608 1812 5626; x_wconf 47' lang='grc' dir='ltr'><strong>τ</strong></span> <span class='ocrx_word' id='word_1_536' title='bbox 1844 5623 1858 5626; x_wconf 31' lang='grc' dir='ltr'><strong>ᾼ</strong></span> <span class='ocrx_word' id='word_1_537' title='bbox 1897 5604 1997 5626; x_wconf 28' lang='lat' dir='ltr'><strong>In!</strong></span> 
     </span>
    </p>
   </div>
   <div class='ocr_carea' id='block_1_75' title="bbox 529 5608 2103 5698">
    <p class='ocr_par' dir='ltr' id='par_1_75' title="bbox 529 5608 2103 5698">
     <span class='ocr_line' id='line_1_78' title="bbox 529 5608 2103 5698; baseline -0.013 -18"><span class='ocrx_word' id='word_1_538' title='bbox 633 5627 662 5698; x_wconf 85' lang='lat'><strong>§</strong></span> <span class='ocrx_word' id='word_1_539' title='bbox 689 5626 778 5691; x_wconf 87' lang='lat'><strong>68,</strong></span> <span class='ocrx_word' id='word_1_540' title='bbox 807 5608 952 5692; x_wconf 68' lang='lat' dir='ltr'><strong>Opp.</strong></span> <span class='ocrx_word' id='word_1_541' title='bbox 987 5620 1043 5672; x_wconf 91' lang='lat' dir='ltr'><strong>S.</strong></span> <span class='ocrx_word' id='word_1_542' title='bbox 1075 5619 1239 5672; x_wconf 85' lang='lat' dir='ltr'><strong>Joan.</strong></span> <span class='ocrx_word' id='word_1_543' title='bbox 1276 5615 1544 5669; x_wconf 89' lang='lat' dir='ltr'><strong>Damasc.</strong></span> <span class='ocrx_word' id='word_1_544' title='bbox 1567 5626 1672 5682; x_wconf 89' lang='lat' dir='ltr'><strong>per</strong></span> <span class='ocrx_word' id='word_1_545' title='bbox 1692 5609 1763 5664; x_wconf 86' lang='lat' dir='ltr'><strong>M.</strong></span> <span class='ocrx_word' id='word_1_546' title='bbox 1792 5608 1867 5662; x_wconf 81' lang='lat' dir='ltr'><strong>Le</strong></span> <span class='ocrx_word' id='word_1_547' title='bbox 1895 5608 2103 5674; x_wconf 85' lang='lat' dir='ltr'><strong>Quien,</strong></span> 
     </span>
    </p>
   </div>
   <div class='ocr_carea' id='block_1_76' title="bbox 458 5697 2070 5765">
    <p class='ocr_par' dir='ltr' id='par_1_76' title="bbox 458 5697 2070 5765">
     <span class='ocr_line' id='line_1_79' title="bbox 458 5697 2070 5765; baseline 0.002 -3"><span class='ocrx_word' id='word_1_548' title='bbox 458 5703 602 5753; x_wconf 69' lang='grc' dir='ltr'><strong>ῑοῐῐιο</strong></span> <span class='ocrx_word' id='word_1_549' title='bbox 637 5697 680 5759; x_wconf 61' lang='lat' dir='ltr'><strong>Iv</strong></span> <span class='ocrx_word' id='word_1_550' title='bbox 714 5710 846 5765; x_wconf 57' lang='lat' dir='ltr'><strong>Pago</strong></span> <span class='ocrx_word' id='word_1_551' title='bbox 877 5705 1140 5765; x_wconf 49' lang='lat'><strong>“&quot;141”:</strong></span> <span class='ocrx_word' id='word_1_552' title='bbox 1280 5756 1364 5765; x_wconf 53' lang='grc' dir='ltr'><strong>Α.</strong></span> <span class='ocrx_word' id='word_1_553' title='bbox 1493 5753 1508 5765; x_wconf 84' lang='grc'><strong>.</strong></span> <span class='ocrx_word' id='word_1_554' title='bbox 1571 5751 1637 5765; x_wconf 86' lang='grc'><strong>,.</strong></span> <span class='ocrx_word' id='word_1_555' title='bbox 1731 5751 1765 5765; x_wconf 93' lang='grc'><strong>..</strong></span> <span class='ocrx_word' id='word_1_556' title='bbox 1853 5749 1864 5760; x_wconf 93' lang='grc'><strong>.</strong></span> <span class='ocrx_word' id='word_1_557' title='bbox 1969 5764 1974 5765; x_wconf 63' lang='lat'><strong><em>,</em></strong></span> <span class='ocrx_word' id='word_1_558' title='bbox 2031 5746 2070 5765; x_wconf 24' lang='grc' dir='ltr'><strong>γρ</strong></span> 
     </span>
    </p>
   </div>
   <div class='ocr_carea' id='block_1_77' title="bbox 526 5753 2104 5838">
    <p class='ocr_par' dir='ltr' id='par_1_77' title="bbox 526 5753 2104 5838">
     <span class='ocr_line' id='line_1_80' title="bbox 526 5753 2104 5838; baseline -0.013 -16"><span class='ocrx_word' id='word_1_559' title='bbox 526 5768 604 5838; x_wconf 79' lang='grc'><strong>(4)</strong></span> <span class='ocrx_word' id='word_1_560' title='bbox 633 5753 918 5820; x_wconf 57' lang='grc' dir='ltr'><strong>Νοῖιονωθ</strong></span> <span class='ocrx_word' id='word_1_561' title='bbox 947 5753 1062 5816; x_wconf 85' lang='lat' dir='ltr'><strong>sibi</strong></span> <span class='ocrx_word' id='word_1_562' title='bbox 1114 5756 1408 5812; x_wconf 82' lang='lat' dir='ltr'><strong>beneﬂcio</strong></span> <span class='ocrx_word' id='word_1_563' title='bbox 1456 5753 1775 5809; x_wconf 88' lang='lat' dir='ltr'><strong>obstrinxit</strong></span> <span class='ocrx_word' id='word_1_564' title='bbox 1816 5753 1902 5803; x_wconf 90' lang='lat' dir='ltr'><strong>vir</strong></span> <span class='ocrx_word' id='word_1_565' title='bbox 1955 5753 2104 5803; x_wconf 82' lang='lat' dir='ltr'><strong>emi-</strong></span> 
     </span>
    </p>
   </div>
   <div class='ocr_carea' id='block_1_78' title="bbox 2214 5388 3906 5463">
    <p class='ocr_par' dir='ltr' id='par_1_78' title="bbox 2214 5388 3906 5463">
     <span class='ocr_line' id='line_1_81' title="bbox 2214 5388 3906 5463; baseline 0.001 -17"><span class='ocrx_word' id='word_1_566' title='bbox 2214 5390 2632 5463; x_wconf 84' lang='lat' dir='ltr'><strong>nentissimus,</strong></span> <span class='ocrx_word' id='word_1_567' title='bbox 2665 5405 2804 5446; x_wconf 91' lang='lat' dir='ltr'><strong>cum</strong></span> <span class='ocrx_word' id='word_1_568' title='bbox 2833 5388 2982 5446; x_wconf 86' lang='lat' dir='ltr'><strong>duas</strong></span> <span class='ocrx_word' id='word_1_569' title='bbox 3011 5389 3161 5447; x_wconf 90' lang='lat' dir='ltr'><strong>alias</strong></span> <span class='ocrx_word' id='word_1_570' title='bbox 3200 5389 3503 5460; x_wconf 89' lang='lat' dir='ltr'><strong>homilias,</strong></span> <span class='ocrx_word' id='word_1_571' title='bbox 3551 5408 3704 5463; x_wconf 91' lang='lat' dir='ltr'><strong>quas</strong></span> <span class='ocrx_word' id='word_1_572' title='bbox 3737 5409 3906 5450; x_wconf 87' lang='lat' dir='ltr'><strong>non-</strong></span> 
     </span>
    </p>
   </div>
   <div class='ocr_carea' id='block_1_79' title="bbox 2216 5461 3904 5534">
    <p class='ocr_par' dir='ltr' id='par_1_79' title="bbox 2216 5461 3904 5534">
     <span class='ocr_line' id='line_1_82' title="bbox 2216 5461 3904 5534; baseline 0.002 -16"><span class='ocrx_word' id='word_1_573' title='bbox 2216 5461 2359 5518; x_wconf 87' lang='lat' dir='ltr'><strong>dum</strong></span> <span class='ocrx_word' id='word_1_574' title='bbox 2419 5461 2623 5519; x_wconf 88' lang='lat' dir='ltr'><strong>editas</strong></span> <span class='ocrx_word' id='word_1_575' title='bbox 2663 5479 3094 5534; x_wconf 90' lang='lat' dir='ltr'><strong>compereram,</strong></span> <span class='ocrx_word' id='word_1_576' title='bbox 3166 5463 3419 5518; x_wconf 83' lang='lat' dir='ltr'><strong>alteram</strong></span> <span class='ocrx_word' id='word_1_577' title='bbox 3495 5461 3587 5518; x_wconf 42' lang='lat' dir='ltr'><strong>S.‘</strong></span> <span class='ocrx_word' id='word_1_578' title='bbox 3636 5466 3904 5532; x_wconf 82' lang='lat' dir='ltr'><strong>Tarasii,</strong></span> 
     </span>
    </p>
   </div>
   <div class='ocr_carea' id='block_1_80' title="bbox 2215 5533 3906 5608">
    <p class='ocr_par' dir='ltr' id='par_1_80' title="bbox 2215 5533 3906 5608">
     <span class='ocr_line' id='line_1_83' title="bbox 2215 5533 3906 5608; baseline 0.002 -20"><span class='ocrx_word' id='word_1_579' title='bbox 2215 5534 2465 5608; x_wconf 13' lang='lat' dir='ltr'><strong>Joannis,</strong></span> <span class='ocrx_word' id='word_1_580' title='bbox 2505 5533 3055 5608; x_wconf 74' lang='lat' dir='ltr'><strong>Thessalonicensis</strong></span> <span class='ocrx_word' id='word_1_581' title='bbox 3112 5533 3413 5608; x_wconf 84' lang='lat' dir='ltr'><strong>alteram,_</strong></span> <span class='ocrx_word' id='word_1_582' title='bbox 3441 5551 3629 5606; x_wconf 86' lang='lat' dir='ltr'><strong>quam</strong></span> <span class='ocrx_word' id='word_1_583' title='bbox 3681 5543 3906 5608; x_wconf 86' lang='lat' dir='ltr'><strong>utpote</strong></span> 
     </span>
    </p>
   </div>
   <div class='ocr_carea' id='block_1_81' title="bbox 2215 5606 3905 5681">
    <p class='ocr_par' dir='ltr' id='par_1_81' title="bbox 2215 5606 3905 5681">
     <span class='ocr_line' id='line_1_84' title="bbox 2215 5606 3905 5681; baseline 0.002 -21"><span class='ocrx_word' id='word_1_584' title='bbox 2215 5606 2886 5681; x_wconf 69' lang='lat' dir='ltr'><strong>mere_historicam_hi_c</strong></span> <span class='ocrx_word' id='word_1_585' title='bbox 2917 5606 3093 5661; x_wconf 90' lang='lat' dir='ltr'><strong>edere</strong></span> <span class='ocrx_word' id='word_1_586' title='bbox 3125 5607 3279 5681; x_wconf 70' lang='lat' dir='ltr'><strong>nihil</strong></span> <span class='ocrx_word' id='word_1_587' title='bbox 3311 5606 3554 5677; x_wconf 87' lang='lat' dir='ltr'><strong>attinet,</strong></span> <span class='ocrx_word' id='word_1_588' title='bbox 3587 5624 3673 5681; x_wconf 83' lang='lat' dir='ltr'><strong>ex</strong></span> <span class='ocrx_word' id='word_1_589' title='bbox 3693 5606 3905 5681; x_wconf 68' lang='lat' dir='ltr'><strong>Regia:</strong></span> 
     </span>
    </p>
   </div>
   <div class='ocr_carea' id='block_1_82' title="bbox 2216 5677 3908 5742">
    <p class='ocr_par' dir='ltr' id='par_1_82' title="bbox 2216 5677 3908 5742">
     <span class='ocr_line' id='line_1_85' title="bbox 2216 5677 3908 5742; baseline 0.002 -10"><span class='ocrx_word' id='word_1_590' title='bbox 2216 5677 2571 5734; x_wconf 89' lang='lat' dir='ltr'><strong>Parisiensis</strong></span> <span class='ocrx_word' id='word_1_591' title='bbox 2629 5678 3006 5734; x_wconf 75' lang='lat' dir='ltr'><strong>bibliothecaa</strong></span> <span class='ocrx_word' id='word_1_592' title='bbox 3066 5677 3372 5734; x_wconf 89' lang='lat' dir='ltr'><strong>codicibus</strong></span> <span class='ocrx_word' id='word_1_593' title='bbox 3458 5677 3908 5742; x_wconf 76' lang='lat' dir='ltr'><strong>exscribendas</strong></span> 
     </span>
    </p>
   </div>
   <div class='ocr_carea' id='block_1_83' title="bbox 2219 5750 2877 5819">
    <p class='ocr_par' dir='ltr' id='par_1_83' title="bbox 2219 5750 2877 5819">
     <span class='ocr_line' id='line_1_86' title="bbox 2219 5750 2877 5819; baseline 0.003 -15"><span class='ocrx_word' id='word_1_594' title='bbox 2219 5756 2602 5819; x_wconf 89' lang='lat' dir='ltr'><strong>peramanter</strong></span> <span class='ocrx_word' id='word_1_595' title='bbox 2631 5750 2877 5806; x_wconf 88' lang='lat' dir='ltr'><strong>curavit.</strong></span> 
     </span>
    </p>
   </div>
  </div>
