4074 6382
237 461 383 519 1ί53

1306 453 1631 508 JOANNES
1670 455 2121 509 EUBCEENSIS.
2159 485 2222 495 —
2254 459 2616 516 MONITUM.

3524 466 3661 522 1454

236 585 646 645 delitescebat.
704 584 777 638 Et
822 597 887 638 re
932 595 1075 635 sane
1128 596 1267 637 vera
1313 579 1657 651 quempiam
1707 578 1893 636 alium
1925 582 1977 647 Α
2008 582 2239 650 vetusti,
2275 584 2567 655 ejusmodi
2617 586 3070 660 inscriptionem
3104 608 3225 662 prae
3279 608 3340 646 se
3373 592 3657 663 fuerunt;

233 686 467 735 exstare
500 677 790 743 codicem,
850 670 1011 727 unde
1070 671 1313 726 Joannis
1372 671 1526 725 hanc
1585 670 1893 725 homiliam

232 769 647 840 exscripsisset
675 763 947 831 Allatius,
974 761 1091 817 duo
1123 766 1294 816 erant
1324 777 1456 832 quae
1488 760 1665 832 plane
1690 760 1894 815 suade-

232 860 395 916 bant.
430 859 698 914 Primum
726 854 884 926 quod
913 853 1186 920 Allatius,
1221 852 1292 906 de
1325 852 1434 907 hac
1464 852 1732 906 oratione
1767 867 1894 905 ser—

234 967 474 1006 monem
504 948 827 1005 instituens
878 946 979 1017 (5),
1034 943 1187 999 nihil
1238 959 1483 1014 prorsus
1533 943 1893 998 mendorum

233 1042 466 1113 copiam
496 1040 966 1102 lamentaretur;
1017 1036 1271 1091 alterum
1314 1033 1475 1105 quod
1506 1032 1714 1089 titulus
1760 1048 1890 1088 ora-

234 1132 383 1185 tioni
429 1132 491 1184 in
523 1125 847 1199 exemplari
891 1126 1194 1182 Allatiano
1238 1124 1540 1197 praafixus,
1574 1124 1751 1195 plane
1802 1121 1891 1177 di-

230 1236 434 1275 versus
492 1218 566 1273 ab
628 1234 695 1272 eo
754 1220 914 1273 esset
980 1232 1158 1287 quem
1228 1214 1467 1286 praefert
1532 1212 1718 1269 codex
1766 1214 1886 1269 Cse-

231 1325 465 1365 sareus.

306 1399 491 1471 Hujus
522 1398 723 1469 itaque
754 1395 999 1463 codicis,
1027 1411 1146 1467 quo
1177 1394 1322 1450 olim
1354 1399 1411 1449 et
1458 1394 1712 1450 Allatius
1743 1410 1889 1450 usus

232 1494 340 1558 est,
359 1503 659 1559 quemque
680 1486 1057 1542 exscribendi
1081 1501 1148 1540 ac
1162 1484 1441 1556 vulgandi
1456 1483 1887 1556 amplissimam

229 1578 380 1633 mihi
432 1577 670 1633 veniam
739 1592 974 1632 summa
1048 1574 1536 1630 excellentissimi
1602 1573 1888 1645 principis

227 1666 539 1722 Barberini
570 1666 711 1722 fecit
740 1665 1104 1733 humanitas,
1138 1664 1432 1735 integrum
1456 1667 1683 1718 textum
1712 1662 1885 1719 dabo-

226 1756 353 1809 Non
387 1760 549 1811 caret
596 1753 837 1825 quidem
871 1758 929 1809 et
958 1753 1055 1807 hic
1087 1752 1271 1807 codex
1327 1750 1450 1806 suis
1503 1751 1777 1807 mendis:
1829 1756 1888 1807 at

228 1843 453 1900 leviora
483 1844 588 1900 illa
618 1849 780 1912 sunt,
811 1860 1006 1915 neque
1040 1842 1334 1914 ejusmodi
1382 1842 1688 1898 obducunt
1719 1847 1883 1897 tene-

2001 671 2203 726 nescio
2237 689 2311 727 an
2341 675 2638 746 quispiam
2672 676 2889 733 Allatio
2922 680 3095 734 facile
3122 681 3527 751 permissurus
3560 684 3657 751 sit,

1997 760 2589 819 JoannisEubmensis
2606 767 2904 822 orationes
2923 768 3055 823 ideo
3071 769 3435 825 Damasceno
3451 772 3661 827 Joanni

1999 850 2287 921 ascriptas
2300 851 2671 925 fuisse,quod
2688 857 3079 914 celeberrimo
3101 860 3239 915 huic
3255 861 3375 915 viro
3394 862 3663 934 inspecta

2000 940 2455 997 earumindoles
2493 944 2840 1002 tribuendas
2893 949 3132 1004 easdem
3178 950 3472 1007 suaderet.
3509 953 3664 1008 Sane

1998 1034 2064 1083 ut
2094 1029 2297 1085 Allatii
2330 1037 2445 1087 stet
2474 1035 2839 1106 conjectura,
2874 1044 3108 1109 oportet
3141 1041 3268 1112 jam
3302 1045 3657 1113 statuamus,

1998 1117 2408 1192 inscriptionis
2441 1140 2474 1177 a
2508 1124 2582 1179 Le
2613 1125 2799 1190 Quien
2831 1135 3176 1184 memoratae
3208 1136 3479 1186 auctores
3516 1132 3659 1202 :jqui-

1997 1223 2232 1279 cunque
2265 1211 2305 1264 ii
2338 1211 2581 1268 demum
2639 1213 2883 1284 fuerint)
2915 1216 3092 1288 plane
3124 1218 3235 1272 sibi
3286 1221 3656 1290 persuasisse

1996 1298 2403 1368 percelebrem
2456 1302 2629 1358 illum
2680 1304 3027 1376 doctorem,
3085 1307 3343 1379 fideique
3391 1311 3653 1381 pugilem

1992 1388 2281 1443 Joannem
2320 1391 2753 1449 Damascenum
2786 1396 3026 1466 Eubazze,
3082 1413 3186 1452 seu
3236 1397 3513 1454 Chalcidis
3546 1415 3653 1455 seu

1992 1477 2197 1547 Euripi
2215 1482 2376 1546 (nam
2398 1480 2585 1535 tribus
2604 1482 2767 1538 hisce
2790 1484 3294 1556 appellationibus
3316 1488 3653 1559 promiscue

1994 1564 2160 1621 illam
2184 1568 2386 1624 sedem
2419 1570 2793 1643 indigitatam
2838 1575 3133 1647 novimus)
3178 1575 3523 1649 episcopum
3551 1595 3652 1633 ex-

1995 1655 2232 1713 stitisse.
2261 1661 2454 1730 Atque
2486 1661 2599 1715 hoc
2634 1662 2877 1732 quidem
2930 1664 3475 1735 compertissimum
3510 1672 3598 1722 est
3639 1684 3653 1735 ;

1994 1746 2094 1815 qui
2155 1748 2314 1802 enim
2365 1751 2451 1804 Jo.
2506 1751 2935 1808 Damascenum
2987 1754 3393 1825 appellassent
3442 1756 3654 1812 Eubwa:

1992 1838 2327 1907 episcopum,
2360 1839 2408 1893 si
2441 1855 2510 1894 ea
2558 1840 2845 1912 dignitate
2895 1844 3269 1916 insignitum,
3320 1850 3497 1916 atque
3547 1845 3653 1903 illa

222 1931 386 2002 bras,
419 1938 485 1987 ut
514 1933 798 1987 orationis
844 1948 1054 1987 sensus
1104 1932 1349 1986 omnino
1398 1930 1603 2003 fugiat.
1637 1932 1887 2002 Insuper
1918 1954 1965 2021 Β
1997 1926 2135 1980 sede
2164 1928 2418 1998 potitum
2451 1946 2587 1985 eum
2630 1931 2814 1988 fuisse
2844 1950 2967 1988 non
3019 1936 3443 1990 censuissent?
3472 1935 3654 2007 Atqui

224 2022 322 2076 his
373 2038 612 2093 quoque
672 2021 1037 2094 corrigendis
1098 2037 1272 2076 suum
1333 2020 1577 2091 aliquod
1627 2020 1877 2076 Caesarei

224 2112 487 2182 codices,
540 2116 672 2167 utut
701 2111 1159 2183 corruptissimi,
1210 2109 1557 2183 praesidium
1610 2109 1880 2166 conferre

222 2206 588 2272 potuerunt;
622 2201 781 2272 quod
820 2200 1007 2255 sicubi
1065 2202 1189 2268 flat,
1220 2199 1293 2255 ad
1343 2200 1566 2255 calcem
1598 2200 1880 2255 subnota-

221 2295 355 2345 tum
388 2290 577 2346 lector
622 2291 902 2346 inveniet.
937 2292 979 2343 E
1011 2290 1296 2345 Caesareis
1328 2296 1528 2345 autem
1578 2289 1882 2345 codicibus

221 2396 349 2435 non
383 2380 707 2435 recensebo
730 2380 996 2453 quidem,
1030 2386 1313 2451 tanquam
1345 2381 1536 2435 varias
1567 2380 1878 2445 lectiones,

222 2484 435 2524 eorum
468 2468 685 2524 menda
735 2485 919 2541 prope
945 2470 1298 2524 innumera:
1333 2468 1628 2524 adnotabo
1678 2474 1879 2523 tamen

222 2563 284 2614 1ο
315 2558 552 2630 quando
584 2558 657 2613 ad
696 2558 915 2614 menda
946 2558 1355 2613 Barberiniani
1397 2558 1619 2614 codicis
1650 2557 1882 2613 abster-

215 2649 417 2721 genda
476 2647 703 2719 aliquid
761 2647 1163 2713 contulerint;
1224 2650 1283 2700 2°
1339 2647 1387 2701 si
1442 2647 1678 2718 quando
1729 2647 1879 2702 citra

211 2737 443 2793 menda
469 2738 691 2792 variam
722 2735 989 2807 aliquam
1019 2735 1337 2791 lectionem
1383 2742 1486 2790 aut
1516 2735 1876 2790 sententiam

214 2843 347 2899 pra:
379 2843 441 2882 se
468 2827 664 2881 ferant
691 2826 790 2897 (6).

296 2919 359 2974 V.
394 2918 471 2973 De
505 2915 791 2972 orationis
822 2919 1062 2970 auctore
1108 2915 1335 2970 Joanne
1379 2913 1692 2970 Eubaaensi
1728 2930 1875 2986 pau-

212 3024 292 3064 ca
320 3008 566 3063 omnino
598 3011 756 3072 sunt,
790 3022 921 3077 quae
952 3004 1065 3060 dici
1089 3004 1339 3076 possint.
1376 3006 1454 3060 De
1487 3005 1614 3076 ipso
1639 3004 1879 3059 Guillel-

212 3115 356 3153 mus
386 3099 533 3153 Cave
562 3098 813 3170 (Histor.,
847 3098 1110 3165 litterar.,
1139 3094 1213 3150 ad
1247 3111 1388 3151 ann.
1423 3096 1547 3166 744)
1584 3110 1598 3149 :
1637 3097 1878 3150 Joannes

211 3188 525 3244 monachus
585 3194 637 3242 et
685 3187 998 3257 presbyter,
1051 3192 1264 3256 postea,
1322 3192 1383 3239 ut
1443 3185 1702 3251 videtur,
1768 3189 1879 3241 Eu-

213 3281 347 3335 bza:
396 3281 699 3349 episcopus,
748 3278 954 3333 claruit
1003 3276 1153 3332 circa
1198 3292 1405 3331 annum
1439 3278 1563 3330 744.
1597 3275 1699 3331 Cui
1730 3292 1875 3331 con-

208 3372 579 3427 sentientem
609 3385 716 3425 seu
746 3369 942 3441 potius
986 3372 1354 3440 praeeuntem
1404 3367 1696 3422 habemus
1730 3367 1874 3421 Leo-

206 3477 360 3517 nem
388 3460 693 3527 Allatium,
722 3459 822 3528 qui
868 3458 931 3511 in
980 3457 1237 3512 laudatis
1293 3457 1567 3528 superius
1598 3455 1873 3529 prolego-

209 3549 413 3608 menis
444 3548 460 3618 (
493 3546 655 3617 §68),
686 3545 906 3599 fatetur
936 3560 1073 3599 eum
1104 3562 1250 3599 nunc
1283 3546 1691 3614 presbyterum,
1724 3562 1873 3600 nunc

212 3639 437 3695 Eubaaa':
494 3638 805 3706 episcopum
840 3676 854 3703 ,
909 3635 1253 3688 orationibus
1320 3635 1389 3688 ab
1437 3650 1497 3688 eo
1556 3635 1873 3703 compositis

205 3728 457 3802 praeﬁgi.
492 3725 700 3781 Subdit
728 3740 863 3779 vero
889 3740 902 3778 :
936 3726 1166 3789 Quanta
1194 3723 1307 3793 ipse
1338 3725 1395 3777 in
1436 3724 1673 3778 Ecclesia
1700 3726 1875 3792 fuerit

214 3818 571 3875 auctoritatis
599 3815 683 3869 vel
714 3815 855 3869 illud
884 3815 1114 3879 evincet,
1148 3814 1425 3867 orationes
1455 3811 1631 3881 illius,
1664 3811 1725 3866 in
1769 3829 1872 3867 aes-

214 3911 510 3965 timatione
536 3907 705 3977 fuisse
755 3905 891 3960 adeo
921 3910 981 3958 ut
1011 3919 1046 3959 a
1074 3903 1261 3958 multis
1288 3903 1385 3957 sub
1424 3903 1745 3957 Damasceni
1774 3919 1873 3958 no-

214 4003 366 4058 mine
394 3998 778 4067 vulgarentur.

299 4092 513 4144 Verum
562 4085 832 4159 quamvis
881 4083 1036 4138 nihil
1084 4081 1328 4138 Joannis
1384 4082 1719 4139 auctoritati
1769 4081 1874 4137 de-

223 4185 479 4238 tractum
502 4177 699 4245 velim,
732 4192 853 4231 non
884 4173 1386 4229 dissimulandum
1428 4179 1628 4230 tamen
1660 4190 1874 4229 censeo

226 4270 371 4345 quid
400 4268 473 4325 de
522 4268 635 4323 isto
684 4265 884 4321 Allatii
925 4262 1151 4335 judicio
1190 4262 1530 4320 existimare
1579 4264 1874 4335 quispiam

226 4366 431 4434 posset
459 4362 595 4431 post
624 4373 693 4413 ea
731 4371 862 4429 quae
912 4352 985 4407 de
1032 4352 1242 4409 eodem
1290 4355 1513 4409 Joanne
1564 4354 1876 4411 Eubceensi

226 4449 435 4506 scribit
464 4446 710 4503 Michael
741 4446 815 4501 Le
867 4444 1054 4510 Quien
1100 4444 1317 4516 (Oriens
1364 4444 1592 4511 Christ.,
1627 4448 1772 4500 tom.
1804 4445 1875 4503 II,

228 4539 343 4598 col.
395 4540 539 4611 214).
592 4542 655 4593 In
703 4536 978 4592 codicibus
1032 4534 1233 4591 Graecis
1282 4534 1379 4589 hic
1437 4533 1652 4605 inquit,
1710 4552 1878 4590 manu

227 4632 474 4687 craratis
504 4629 669 4683 etiam
698 4628 947 4693 vetustis,
982 4625 1109 4679 hinc
1140 4625 1268 4679 inde
1320 4625 1535 4695 aliquot
1586 4632 1879 4680 occurrunt

1996 2014 2249 2085 Graecos,
2285 2023 2344 2071 et
2374 2018 2616 2089 quidem
2646 2027 2871 2078 veteres
2904 2025 3155 2091 Graecos,
3189 2029 3365 2095 prout
3396 2041 3536 2080 mss.
3559 2043 3653 2081 co-

1991 2104 2189 2161 dicum
2220 2111 2362 2161 astas
2383 2109 2664 2179 postulat,
2690 2112 3029 2168 existimare
3052 2114 3335 2184 potuisse,
3358 2116 3651 2171 Joannem

1992 2194 2162 2251 illum
2215 2198 2686 2271 Damascenum,
2738 2203 2839 2273 qui
2896 2210 3140 2275 propter
3206 2205 3537 2261 exantlatos
3587 2207 3649 2262 in

1994 2283 2110 2339 fide
2140 2286 2434 2343 catholica
2489 2290 2863 2347 defendenda
2894 2298 2979 2347 tot
3010 2293 3243 2349 labores
3294 2296 3646 2351 notissimus

1993 2381 2280 2443 evaserat,
2332 2377 2609 2433 eumdem
2660 2380 2721 2435 in
2772 2380 2993 2437 Euboea
3061 2382 3259 2437 insula
3303 2383 3651 2455 episcopum

1990 2464 2195 2532 fuisse,
2232 2466 2342 2522 hoc
2374 2467 2674 2523 enimvero
2708 2470 2769 2525 in
2787 2471 3054 2526 animum
3079 2470 3363 2527 inducere
3398 2474 3659 2529 maxime

1989 2553 2244 2609 arduum
2274 2556 2488 2611 merito
2521 2558 2741 2614 dixeris
2769 2577 2783 2627 ;
2818 2564 2942 2615 tum
2967 2561 3108 2631 quia
3139 2561 3293 2616 hanc
3324 2561 3397 2617 de
3431 2563 3659 2619 Joanne

1990 2644 2358 2700 Damasceno
2392 2648 2736 2719 opinionem
2795 2650 3086 2721 perlatam
3118 2667 3248 2705 esse
3300 2651 3659 2722 aliquando,

1988 2733 2223 2788 nullum
2254 2740 2445 2789 exstat
2467 2736 2781 2807 indicium,
2806 2754 2981 2793 nemo
3012 2740 3317 2795 memoria:
3350 2740 3652 2812 prodidit;

1986 2830 2116 2880 tum
2144 2825 2283 2896 quia
2304 2826 2695 2883 celeberrima
2722 2828 2881 2883 inter
2906 2831 3136 2884 Graecos
3166 2829 3325 2885 fama
3344 2837 3654 2903 gestorum

1989 2917 2072 2970 Jo.
2108 2916 2458 2971 Damasceni
2490 2918 2727 2972 nullum
2773 2918 2911 2973 huic
2960 2919 3226 2990 opinioni
3260 2920 3457 2975 locum
3507 2921 3650 2977 reli-

1989 3021 2173 3075 quum
2205 3006 2503 3074 faciebat;
2550 3013 2675 3063 tum
2729 3008 2971 3064 demum
3024 3009 3164 3080 quia
3214 3009 3480 3065 historiae
3513 3027 3646 3081 quia

1988 3097 2256 3152 omnium
2286 3097 2561 3153 manibus
2594 3099 2960 3169 terebantur,
2984 3100 3323 3171 cujusmodi
3357 3105 3499 3155 sunt
3529 3118 3646 3157 me-

1989 3186 2230 3259 nologia
2260 3204 2325 3242 ac
2358 3202 2587 3244 menma
2611 3230 2627 3258 ,
2673 3188 2867 3245 eidem
2901 3190 3169 3261 opinioni
3203 3189 3519 3246 manifeste
3552 3206 3652 3246 re-

1991 3276 2357 3349 pugnabant.

2054 3369 2170 3423 Cur
2200 3385 2357 3441 ergo,
2393 3369 2575 3438 dices,
2626 3370 2941 3425 Damasceni
2989 3386 3208 3425 nomen
3258 3370 3468 3427 Joanni
3524 3371 3639 3427 Eu-

1982 3457 2210 3513 bosensi
2242 3458 2494 3515 adhaesit
2522 3458 2549 3513 ?
2577 3459 2754 3513 Valde
2787 3459 3045 3525 obvium,
3080 3460 3347 3531 inquam,
3381 3476 3638 3531 respon-

1984 3565 2112 3603 sum
2144 3553 2405 3619 prostat:
2437 3549 2529 3604 fac
2559 3548 2669 3603 iste
2725 3565 2962 3620 quoque
3018 3550 3277 3605 Joannes
3308 3550 3500 3620 patria
3530 3552 3645 3606 Da-

1984 3652 2299 3692 mascenus
2332 3637 2658 3695 exstiterit;
2689 3653 2763 3693 en
2788 3639 3081 3693 rationem
3106 3639 3267 3694 illius
3290 3639 3641 3710 appellatio-

1985 3727 2079 3781 nis
2112 3726 2174 3781 in
2206 3732 2488 3799 promptu
2518 3727 2720 3783 habes.
2774 3729 2973 3799 Neque
3027 3745 3162 3783 vero
3216 3734 3459 3801 pugnat,
3494 3729 3645 3785 duos

1985 3815 2256 3871 existisse
2303 3819 2560 3872 Joannes
2611 3832 2639 3871 e
2695 3817 3059 3873 Damascena
3112 3818 3258 3874 urbe
3330 3817 3644 3887 oriundos,

1985 3923 2240 3979 quorum
2271 3906 2423 3962 alter
2438 3907 2766 3962 monachus
2798 3908 2857 3961 in
2882 3907 3199 3963 Palmstina
3228 3908 3456 3976 vixerit,
3489 3906 3642 3964 alter

1988 3997 2300 4069 episcopus
2325 3997 2387 4051 in
2416 3996 2635 4052 Eubaaa
2655 3996 2853 4052 insula
2884 3997 3157 4055 evaserit.
3192 3998 3392 4069 Neque
3425 3997 3631 4053 itidem

1986 4102 2202 4141 novum
2234 4085 2468 4157 accidit,
2502 4085 2796 4157 episcopis
2829 4092 3044 4159 praeter
3074 4104 3297 4143 nomen
3330 4088 3509 4153 sedis,
3553 4088 3654 4143 al-

1988 4174 2173 4232 terius
2200 4191 2437 4247 quoque
2480 4175 2595 4230 loci
2627 4176 2743 4230 alia
2772 4175 2844 4231 de
2876 4193 3055 4231 causa
3103 4193 3322 4232 nomen
3372 4176 3641 4251 adjungi.

1986 4267 2079 4321 Sic
2119 4266 2269 4321 duos
2298 4264 2482 4320 habes
2504 4265 2849 4321 Anastasios
2871 4266 3273 4322 Antiochenos
3305 4267 3644 4339 episcopos,

1989 4372 2243 4428 quorum
2265 4354 2500 4426 utrique
2534 4355 2771 4411 Sinaitaa
2802 4372 3023 4411 nomen
3045 4356 3316 4422 adhaesit,
3353 4357 3495 4427 quia
3526 4373 3655 4411 mo-

1988 4445 2280 4501 nasticam
2312 4444 2385 4501 ad
2418 4449 2682 4500 montem
2726 4444 2885 4501 Sinai
2917 4446 3096 4501 vitam
3129 4452 3379 4517 uterque
3428 4450 3649 4520 egerat.

1988 4537 2081 4591 Sic
2113 4535 2380 4591 Andreas
2411 4535 2678 4592 Cretensis
2731 4536 3046 4607 episc0pus
3098 4536 3436 4607 appellatur
3466 4535 3646 4591 etiam

1990 4626 2534 4695 Hierosolymitanus,
2566 4627 2705 4697 quia
2736 4626 2895 4682 clero
2927 4626 3106 4698 hujus
3130 4626 3409 4681 Ecclesiae
3431 4627 3653 4699 ascrip-

229 4722 506 4777 orationes
554 4718 619 4773 de
675 4716 1002 4771 Christianae
1042 4714 1327 4784 religionis
1369 4714 1661 4785 mysteriis,
1714 4722 1767 4771 et
1822 4717 1880 4770 in
1915 4706 1965 4770 D
2003 4721 2094 4771 tus
2125 4721 2263 4771 ante
2295 4715 2701 4787 episcopatum
2733 4716 3077 4771 Cretensem
3108 4716 3322 4772 fuerat.

226 4812 599 4869 solemnitates
628 4813 965 4873 sanctorum,
998 4805 1241 4861 Joannis
1274 4805 1625 4861 Damasceni
1664 4810 1723 4861 et
1755 4807 1879 4878 epi-

228 4899 395 4972 scopi
426 4901 609 4955 Evmm
641 4897 755 4953 sire
784 4896 1018 4952 Eubuan
1048 4896 1268 4950 nomine
1290 4897 1590 4965 inscriptae.
1624 4895 1881 4951 Ἰωάννου

225 4993 328 5043 τοῦ
360 4990 724 5061 Δαμασκηνοῦ
754 4986 843 5040 καὶ
878 4982 1177 5039 ἐπισκόπου
1200 4976 1456 5044 Εὖϐοίας.

306 5079 439 5133 Haec
471 5079 545 5131 Le
575 5078 789 5144 Quien,
821 5075 893 5130 de
915 5076 1086 5147 cujus
1120 5074 1236 5129 tlde
1275 5078 1480 5146 utpote
1528 5074 1635 5129 viri
1666 5075 1729 5131 in
1758 5090 1885 5130 ver-

232 5166 438 5225 sandis
468 5165 713 5221 vetustis
735 5181 878 5221 mss.
903 5163 1151 5230 assidui,
1175 5163 1335 5219 haud
1366 5164 1529 5218 locus
1560 5163 1739 5220 debet
1759 5182 1886 5221 esse

233 5254 562 5313 dubitandi.
592 5255 773 5312 Porro
794 5252 842 5308 si
863 5252 1066 5325 plures
1087 5252 1285 5325 reipsa
1307 5252 1560 5319 codices,
1588 5253 1889 5327 iidemque

2063 4801 2151 4859 VI.
2179 4807 2373 4860 Pauca
2403 4821 2564 4859 nunc
2594 4804 2667 4859 de
2698 4804 2899 4860 indole
2946 4804 3208 4859 homiliae
3241 4821 3454 4860 censeo
3506 4804 3653 4859 sub-

1987 4894 2314 4968 jungenda,
2350 4898 2592 4965 pr0pter
2621 4910 2721 4949 eos
2774 4894 3030 4949 maxime
3083 4896 3181 4966 qui
3228 4900 3492 4949 veterum
3527 4911 3655 4948 ser-

1996 5001 2205 5040 mones
2236 4983 2297 5038 in
2328 4983 2592 5054 Deiparae
2623 4984 3085 5056 Conceptionem
3117 5000 3425 5055 nunquam
3457 4983 3651 5039 adhuc

1996 5074 2269 5147 legerint.
2304 5075 2385 5127 Ex
2414 5074 2489 5128 iis
2524 5074 2744 5129 etenim
2777 5074 2890 5128 erit
2931 5073 3184 5130 fortasse
3218 5074 3341 5145 qui,
3383 5091 3659 5146 przecon-

2000 5170 2169 5237 cepta
2195 5163 2408 5219 ductus
2441 5162 2745 5234 opinione,
2777 5163 3031 5219 sollicite
3082 5164 3372 5235 avideque
3427 5180 3659 5219 sermo-

2000 5270 2139 5311 nem
2161 5252 2479 5327 pervolvat,
2507 5269 2581 5308 an
2600 5255 2803 5309 Patres
2826 5253 3199 5327 privilegium
3224 5252 3377 5309 illud
3401 5253 3660 5327 Virginis

1833 5458 2054 5513 NOTAE.

308 5625 383 5696 (5)
416 5625 480 5679 In
524 5622 856 5694 Prolegom.
912 5619 987 5676 ad
1040 5619 1310 5675 Damasc.
1364 5616 1535 5688 Oper.
1596 5617 1726 5674 loco
1762 5636 1892 5692 sup.

236 5702 655 5839 Cllgloéodices
703 5762 1050 5839 hujusmodi
1101 5761 1260 5839 notis
1310 5760 1781 5839 iudicabuntur:
1834 5764 1892 5819 C.

232 5833 401 5898 Barb.
444 5840 631 5895 codex
684 5833 1103 5895 Bar’berimus:
1161 5836 1291 5890 Cass.
1344 5837 1417 5891 A.
1469 5833 1663 5889 Codex
1703 5836 1897 5891 Cresa-

2005 5634 2144 5675 reus
2178 5618 2656 5675 Vindobonensis
2708 5618 2866 5675 inter
2906 5617 3181 5691 Theolog.
3230 5635 3293 5673 n.
3351 5620 3490 5673 247:
3527 5618 3665 5691 Caes.

2006 5694 2069 5747 B.
2104 5691 2256 5817 {inlitlfr
2308 5692 2782 5748 Vindobonensis
2816 5692 3062 5748 mutilus
3094 5690 3251 5747 inter
3287 5691 3436 5747 Hist.
3486 5690 3663 5759 eccl.,

2007 5781 2068 5818 n.
2218 5805 2229 5817 .
