4074 6392
309 413 448 471 1457

1848 412 2200 468 ΜΟΝΙἸὋΜ.

3596 422 3737 477 1458

307 541 661 614 apocryphae
692 537 944 607 scilicet,
972 553 1041 593 ac
1080 541 1397 609 propterea
1449 538 1675 593 nullius
1705 539 1966 593 auctori-
1994 540 2047 607 Α
2081 538 2244 593 hisce
2275 539 2425 594 nihil
2458 544 2547 596 est
2575 544 2957 616 opus.Neque
2988 545 3149 601 enim
3169 547 3229 602 in
3248 564 3316 603 ea
3335 548 3733 606 Jacobibisto-

306 633 467 699 tatis,
501 631 697 686 inniti.

378 723 475 777 IX.
500 721 724 787 Quibus
749 723 817 775 ut
846 718 1107 774 breviter
1136 723 1503 787 occurratur,
1539 717 1967 774 advertendum

309 813 371 867 in
406 810 617 883 primis
650 814 741 864 est
770 825 891 863 non
925 824 1165 879 semper
1191 825 1260 863 ex
1295 807 1676 863 sermonibus
1707 807 1827 862 sive
1860 806 1967 861 ho-

306 900 492 957 miliis
517 900 589 953 de
619 898 756 953 festi
788 896 1331 968 rationejudicium
1361 896 1502 952 ferri
1534 913 1727 967 posse.
1763 898 1968 951 Nonne

310 995 370 1045 et
397 989 556 1061 apud
586 1004 698 1042 nos
730 987 790 1040 in
808 985 1121 1057 proverbio
1137 990 1567 1051 est,sermones
1580 986 1967 1058 panegyricos

310 1096 469 1153 saepe
501 1077 762 1145 recitari,
798 1076 899 1147 qui
958 1077 1246 1148 mysteria
1286 1076 1612 1148 singularia
1651 1081 1969 1147 praetervo-

314 1169 463 1235 lant,
520 1172 580 1223 et
638 1166 896 1222 dictitari
958 1166 1155 1220 solent
1191 1182 1462 1222 sermones
1511 1167 1577 1221 de
1632 1167 1970 1221 communi?

309 1257 498 1327 Hujus
530 1259 728 1311 autem
767 1254 953 1309 moris
984 1253 1259 1324 exempla
1288 1258 1348 1308 et
1380 1253 1537 1325 apud
1567 1258 1793 1307 veteres
1845 1266 1965 1306 non

309 1344 541 1411 deesse,
576 1344 719 1400 satis
752 1344 855 1400 ille
895 1343 1060 1398 novit
1089 1344 1191 1413 qui
1226 1343 1314 1398 vel
1380 1342 1581 1409 unius,
1614 1359 1666 1397 v.
1706 1357 1816 1414 gr.,
1850 1343 1965 1395 Au-

306 1435 531 1508 gustini
564 1450 873 1489 sermones
901 1431 1274 1504 pervolverit.

384 1525 609 1583 Deinde
648 1540 783 1579 vero
816 1523 978 1579 aliud
1011 1529 1100 1579 est
1132 1523 1465 1577 orationem
1524 1521 1702 1577 latius
1744 1520 1964 1593 vagari,

308 1617 477 1675 aliud
504 1621 593 1672 est
624 1615 777 1669 nihil
807 1630 937 1669 eam
973 1631 1093 1685 prin
1127 1629 1189 1667 se
1228 1613 1384 1668 ferre
1431 1611 1591 1683 quod
1630 1611 1773 1667 satis
1827 1610 1962 1666 festi

308 1708 607 1765 rationem
630 1703 1209 1774 declaret.Equidem
1225 1702 1273 1757 si
1288 1719 1406 1773 qua
1420 1701 1688 1769 alia,heec
1706 1700 1966 1755 maxime

304 1796 551 1853 Joannis
582 1792 833 1849 homilia
862 1793 977 1847 huc
1026 1791 1170 1847 illuc
1211 1806 1525 1846 excurrere
1569 1790 1821 1845 dicenda
1851 1794 1961 1843 est.

306 1885 488 1956 Atqui
516 1889 716 1939 tamen
747 1881 1033 1954 prmclare
1065 1880 1211 1936 adeo
1246 1880 1382 1935 festi
1416 1879 1834 1951 Conceptionis
1866 1895 1963 1933 ra-

306 1976 537 2031 tionem
594 1972 869 2045 proponi,
910 1977 977 2025 ut
1040 1970 1192 2026 nihil
1259 1968 1624 2024 luculentius
1699 1967 1962 2039 exoptari

305 2063 518 2135 possit.
554 2061 618 2117 Si
642 2060 1048 2116 dedicationem
1093 2058 1445 2129 templorum,
1476 2056 1673 2127 inquit
1730 2056 1856 2127 ipse
1889 2054 1963 2110 ad

306 2152 499 2208 ﬁnem
541 2149 859 2216 sermonis,
893 2149 1125 2203 solemni
1149 2150 1265 2201 ritu
1291 2146 1623 2201 celebramus
1643 2163 1664 2208 ;
1686 2150 1893 2215 quanto
1907 2145 1966 2199 id

306 2257 438 2297 vero
468 2242 643 2309 magis
666 2236 1049 2309 prazstandum
1079 2243 1177 2304 est,
1224 2236 1448 2307 quando
1498 2252 1608 2289 non
1665 2252 1733 2289 ea:
1766 2233 1968 2305 lapidi-

310 2332 410 2386 bus
438 2346 597 2385 sacra
628 2329 769 2384 ades
800 2327 1203 2395 exmdiﬁcatur,
1245 2327 1343 2381 sed
1396 2325 1739 2396 beneplacito
1782 2322 1885 2379 Dei
1914 2330 1965 2377 et

306 2417 695 2490 cooperatione
723 2416 1055 2472 sanctissimi
1084 2424 1135 2471 et
1160 2418 1489 2485 viviﬁcantis
1518 2416 1762 2485 Spiritus
1782 2416 1965 2468 vivum

305 2512 409 2565 Dei
446 2509 613 2564 Verbi
644 2508 907 2576 templum
938 2510 995 2561 in
1024 2508 1226 2561 Ventre
1250 2508 1427 2561 Anna:
1444 2504 1965 2568 construitur?Qua

306 2615 453 2655 sane
480 2596 641 2653 brevi
675 2596 973 2651 sententia
1003 2600 1062 2649 et
1090 2595 1423 2650 clarissime
1454 2593 1811 2665 proponitur
1827 2592 1963 2647 festi

301 2688 483 2755 ratio,
516 2686 645 2758 ipsa
676 2700 891 2755 nempe
954 2684 1149 2738 Marias
1208 2682 1567 2754 Conceptio:
1604 2687 1663 2736 et
1692 2678 1961 2753 ejusdem

296 2774 722 2847 Conceptionis
738 2773 1019 2827 sanctitas
1046 2789 1113 2827 ac
1127 2772 1355 2843 puritas
1376 2770 1529 2826 mira
1540 2769 1961 2842 perspicuitate

298 2865 681 2937 exprimitur.
713 2861 1227 2928 Quemadmodum
1281 2861 1439 2916 enim
1498 2859 1836 2915 Bernardus
1897 2858 1962 2913 in

301 2954 533 3013 celebri
565 2953 637 3008 de
668 2953 779 3008 hoc
808 2956 1157 3023 argumento
1192 2950 1443 3023 epistola
1471 2950 1669 3021 (epist.
1734 2951 1856 3017 174,
1889 2947 1968 3002 ad

293 3044 575 3103 Danonic.
609 3042 1000 3114 Lugdun.),ex
1031 3042 1257 3114 peccati
1288 3042 1611 3112 praesentia
1632 3041 1959 3113 arguitSpi-

295 3137 459 3193 ritus
492 3133 683 3189 sancti
715 3132 1066 3187 vivificantis
1097 3131 1451 3197 absentiam,
1486 3146 1655 3201 inquo
1697 3130 1958 3201 profecto

298 3230 439 3302 jure
471 3224 614 3279 dum
639 3223 827 3278 sancti
860 3239 929 3278 ac
957 3222 1312 3276 viviﬁcantis
1343 3221 1596 3293 Spiritus
1639 3221 1959 3292 prcesentia

2076 628 2165 683 ria
2195 627 2501 700 quidpiam
2537 633 2799 703 reperies
2849 651 2965 705 quo
3012 636 3385 706 praeformata
3434 639 3505 694 de
3537 640 3730 694 Μαι-ιω

2078 718 2458 774 immunitate
2490 727 2780 791 apeccato
2803 724 3051 796 originis
3073 728 3369 781 sententia
3390 727 3725 798 dicipossit.

2077 808 2158 860 Ac
2198 806 2447 877 proinde
2471 808 2761 879 quidquid
2794 808 3033 866 demum
3068 813 3139 867 de
3182 814 3433 871 historia
3472 815 3600 886 ipsa
3628 816 3725 883 sit,

2077 912 2253 950 nemo
2279 895 2566 951 doctrinae
2598 898 2669 953 de
2710 899 3092 956 immaculato
3128 904 3382 975 Virginis
3437 911 3727 976 conceptu

2076 985 2429 1040 calumniari
2474 992 2789 1058 propterea
2847 995 3060 1062 potest,
3094 992 3251 1062 quod
3283 992 3356 1047 ab
3388 994 3727 1066 apocrypha

2079 1074 2230 1129 libro
2261 1074 2530 1145 profecta
2559 1075 2744 1130 videri
2776 1083 2972 1148 queat.

2150 1165 2242 1219 ΧΙ.
2276 1164 2480 1229 Quoad
2509 1181 2578 1219 ea
2606 1181 2741 1220 vero
2811 1184 2941 1237 qua)
3001 1168 3073 1224 de
3121 1170 3407 1225 Joachimi
3449 1175 3508 1225 et
3537 1173 3727 1227 Anna)

2076 1255 2256 1327 gestis
2287 1253 2359 1309 ab
2393 1253 2499 1308 illa
2529 1254 2780 1310 historia
2810 1255 3064 1312 deducta
3093 1258 3387 1327 videntur,
3423 1260 3728 1332 disputare

2075 1345 2136 1399 in
2159 1361 2422 1416 praesens
2454 1344 2606 1399 nihil
2628 1345 2897 1400 interest.
2931 1346 3083 1403 Illud
3115 1352 3315 1403 tamen
3374 1366 3493 1404 non
3552 1352 3727 1405 omit-

2074 1443 2344 1501 tam,non
2376 1436 2581 1489 omnia
2603 1435 2832 1490 scilicet
2861 1436 2933 1491 ab
2962 1438 3239 1492 omnibus
3302 1439 3428 1493 sine
3469 1439 3727 1509 quodam

2076 1524 2309 1580 delectu
2331 1531 2571 1596 recepta
2600 1524 2783 1580 fuisse
2815 1528 2891 1596 (8)
2925 1543 2938 1579 :
2973 1544 3104 1596 quae
3162 1544 3298 1581 vero
3330 1528 3729 1582 communiter

2075 1613 2148 1670 de
2180 1615 2436 1687 Virginis
2477 1613 2867 1686 conceptione
2900 1622 3138 1687 recepta
3170 1621 3329 1682 sunt,
3373 1618 3421 1671 si
3469 1617 3551 1672 rei
3587 1617 3727 1672 sub-

2075 1704 2357 1758 stantiam
2417 1703 2778 1771 consideres,
2835 1705 2987 1759 nihil
3045 1704 3338 1760 absonum
3379 1711 3480 1760 aut
3542 1706 3724 1761 averi

2074 1794 2270 1865 specie
2299 1793 2629 1848 abhorrens
2661 1794 2989 1851 continere.

2145 1883 2412 1938 Profecto
2455 1883 2503 1939 si
2544 1900 2678 1938 cum
2739 1882 2811 1939 de
2867 1883 3153 1939 Samsone
3213 1890 3489 1957 ageretur
3518 1885 3720 1956 (Judic.

2071 1990 2192 2038 xm,
2223 1972 2297 2043 3),
2329 1977 2433 2028 aut
2463 1972 2537 2026 de
2567 1972 2803 2027 Domini
2823 1974 3357 2045 praecursore(Luc.
3379 1990 3418 2040 ι,
3441 1978 3497 2027 11
3524 1976 3724 2046 seqq.),

2070 2061 2324 2129 ccelitus,
2359 2061 2446 2116 uti
2480 2077 2662 2116 sacrae
2690 2066 2986 2117 testantur
3027 2062 3282 2132 Litterae,
3343 2063 3419 2118 ad
3448 2070 3726 2135 parentes

2070 2151 2291 2207 missus
2351 2155 2442 2205 est
2497 2150 2763 2223 angelus,
2818 2152 2919 2221 qui
2977 2151 3307 2205 sterilitatis
3341 2152 3724 2221 solutionem,

2070 2240 2422 2312 prolemque
2452 2240 2839 2311 polliceretur
2872 2258 2886 2308 ;
2933 2241 3204 2311 nunquid
3235 2240 3491 2297 absurde
3524 2244 3725 2297 existi-

2073 2330 2334 2385 mabitur
2361 2328 2643 2401 idipsum,
2673 2347 2808 2385 cum
2850 2330 2922 2385 de
2955 2330 3247 2386 Genitrice
3299 2331 3401 2385 Dei
3432 2338 3725 2403 ageretur,

2071 2420 2293 2475 factum
2321 2420 2504 2474 fuisse
2530 2419 2557 2474 ‘2
2584 2420 2638 2473 Si
2662 2420 2912 2490 antiqua
2939 2419 3043 2475 illa
3074 2422 3245 2475 Anna
3274 2420 3421 2475 fusis
3443 2421 3516 2475 ad
3541 2422 3726 2476 Deum

2072 2508 2350 2580 precibus
2382 2511 2429 2581 (1
2454 2510 2584 2578 Reg.
2620 2525 2659 2576 ι,
2697 2511 2762 2563 14
2790 2510 2966 2581 seqq.)
2990 2514 3252 2581 optatam
3298 2509 3725 2565 fecunditatem

2072 2600 2504 2665 consecutafest
2536 2615 2550 2663 ;
2584 2614 2691 2652 cur
2720 2598 2779 2652 id
2811 2598 3139 2653 absurdum
3170 2599 3241 2653 de
3264 2600 3437 2653 Anna
3458 2600 3723 2670 Deiparaa

2071 2691 2259 2742 matre
2293 2685 2667 2757 reputabitur
2694 2685 2722 2740 ?
2751 2686 3041 2756 Denique,
3076 2686 3125 2741 si
3175 2704 3246 2741 ex
3273 2692 3394 2741 tota
3419 2704 3722 2743 sacrarum

2071 2776 2423 2831 Litterarum
2466 2774 2617 2828 serie
2657 2775 3043 2830 manifestum
3075 2781 3183 2843 est,
3210 2792 3330 2831 non
3347 2776 3523 2832 modo
3539 2777 3721 2831 steri-

2068 2864 2291 2918 litatem
2327 2861 2679 2933 conjugibus
2710 2862 2896 2917 fuisse
2928 2862 3267 2934 opprobrio,
3308 2880 3509 2918 verum
3541 2865 3721 2920 etiam

2068 2958 2351 3023 tanquam
2386 2968 2420 3005 a
2449 2952 2566 3006 Deo
2602 2951 2833 3006 vindice
2857 2952 3187 3023 perculsos,
3221 2969 3289 3008 ac
3326 2953 3506 3008 veluti
3533 2954 3722 3009 male-

2068 3039 2278 3105 dictos,
2313 3039 2411 3110 qui
2446 3044 2718 3093 carerent
2748 3039 2975 3107 liberis,
3028 3039 3263 3096 habitos
3310 3040 3525 3107 fuisse;
3554 3042 3721 3113 quid,

2069 3146 2293 3200 quaeso,
2328 3144 2361 3182 a
2383 3128 2503 3183 veri
2538 3128 2734 3199 specie
2757 3128 3009 3197 abludit,
3028 3130 3329 3185 .loachimo
3352 3136 3529 3202 atque
3546 3134 3724 3186 Anna)

2072 3217 2501 3273 contumeliam
2543 3234 2611 3272 ea
2642 3217 2713 3272 de
2745 3234 2923 3273 causa
2966 3219 3284 3292 irrogatam
3314 3220 3519 3288 fuisse,
3566 3222 3724 3276 unde

300 3279 316 3302 ,
343 3279 366 3281 ψ
420 3279 430 3280 κ
1382 3279 1402 3293 ι
1640 3279 1659 3292 .
3089 3279 3120 3292 υ
3507 3279 3518 3288 ,

300 3319 372 3373 in
403 3316 532 3387 ipsa
561 3313 959 3385 Conceptione
991 3312 1368 3385 praedicatur,
1402 3310 1739 3367 necessario
1772 3311 1957 3367 infer-
1991 3279 2033 3345 C
2073 3309 2293 3363 factum
2327 3307 2404 3362 sit
2434 3312 2498 3362 ut
2529 3307 2603 3362 ad
2662 3308 2847 3362 Deum
2906 3309 3087 3364 totius
3137 3310 3564 3366 consolationis
3602 3310 3723 3366 fer-

301 3414 406 3463 tur
431 3404 754 3477 cujuslibet
781 3404 1054 3459 absentia
1082 3404 1333 3474 peccati.
1784 3454 1787 3457 .

381 3497 449 3552 X.
482 3494 647 3560 Quod
678 3493 751 3547 ad
782 3493 1037 3547 alterum
1070 3510 1209 3548 vero
1242 3497 1489 3564 spectat,
1528 3493 1620 3548 fac
1678 3492 1878 3560 etiam,
1911 3492 1959 3547 si

302 3587 392 3640 ita
419 3583 525 3650 vis,
559 3582 711 3636 nihil
742 3580 814 3635 de
846 3581 955 3635 hac
1004 3597 1067 3635 re
1116 3583 1320 3636 Patres
1377 3581 1616 3649 dixisse,
1651 3580 1811 3651 quod
1840 3596 1961 3635 non

303 3674 627 3731 deductum
683 3670 755 3726 ab
817 3670 920 3724 illa
967 3669 1166 3725 Jacobi
1224 3670 1473 3725 historia
1508 3668 1694 3724 videri
1750 3670 1957 3741 possit.

302 3762 458 3829 Quid
527 3760 665 3816 inde
724 3759 967 3814 demum
1009 3758 1381 3814 concludes?
1433 3758 1702 3813 Profecto
1727 3757 1828 3812 ubi
1889 3757 1960 3813 de

301 3852 580 3909 doctrina
611 3849 949 3905 Christiana
984 3853 1190 3921 agatur
1219 3848 1401 3918 (certe
1441 3853 1641 3902 autem
1675 3846 1869 3919 agitur
1888 3846 1959 3901 de

298 3941 650 4015 gravissimo
692 3939 977 3994 doctrinm
1010 3938 1362 3993 Christiana)
1396 3936 1609 4009 capite,
1647 3953 1781 3992 cum
1798 3953 1958 4007 qum-

299 4032 455 4087 ritur
486 4047 561 4085 an
595 4044 802 4084 omnes
834 4027 909 4083 ad
939 4044 1126 4081 unum
1160 4026 1265 4081 ﬁlii
1307 4025 1471 4095 Adae,
1511 4026 1697 4098 patris
1718 4030 1960 4097 peccato

298 4119 605 4191 inquinati
637 4116 905 4187 fuerint),
939 4117 1107 4171 valde
1138 4115 1369 4187 abjecte
1401 4115 1474 4170 de
1504 4115 1782 4170 Patribus
1813 4131 1960 4186 opus

298 4215 391 4265 est
411 4209 512 4263 ille
544 4207 782 4273 sentiat,
820 4206 921 4277 qui
964 4206 1265 4260 existimet
1293 4221 1395 4260 eos
1416 4221 1537 4260 non
1558 4203 1734 4259 modo
1756 4203 1961 4259 faciles

298 4299 363 4353 in
394 4294 757 4367 recipiendis
788 4294 1076 4361 historiis,
1113 4293 1217 4349 sed
1247 4311 1437 4349 caecos
1469 4293 1529 4348 in
1570 4294 1644 4348 iis
1667 4310 1797 4365 quas
1823 4292 1960 4348 fidei

297 4385 638 4457 depositum
669 4385 990 4455 attingunt,
1021 4383 1408 4438 admittendis
1442 4400 1570 4438 sese
1594 4382 1956 4437 exhibuisse.

296 4476 631 4530 Tantumne
646 4491 767 4545 prae
782 4473 903 4527 illis
926 4473 1346 4544 praesumimus
1362 4472 1433 4527 de
1450 4472 1957 4539 nobis,tantumne

296 4563 441 4622 fidei
469 4580 757 4629 amorem,
794 4562 1248 4634 divinarumque
1271 4579 1471 4617 rerum
1494 4561 1771 4617 notitiam
1784 4560 1956 4616 nobis

2070 3399 2302 3453 ventius
2377 3397 2785 3470 confugerent,
2873 3403 3299 3471 compotesque
3333 3399 3572 3455 demum
3604 3401 3721 3456 voti

2071 3489 2286 3543 ﬂerent
2313 3488 2341 3542 ‘?

2142 3578 2288 3632 Cum
2321 3577 2520 3647 itaque
2550 3576 2706 3631 facta
2737 3577 2797 3630 in
2830 3592 2891 3630 se
2923 3581 3188 3647 spectata
3229 3577 3382 3632 nihil
3426 3578 3717 3649 indecori,

2070 3666 2220 3723 nihil
2244 3684 2278 3722 a
2314 3665 2621 3719 verisimili
2653 3665 2919 3720 alienum
2941 3667 3289 3722 contineant
3321 3687 3336 3732 ;
3364 3667 3514 3721 illud
3530 3685 3719 3724 unum

2070 3755 2327 3826 denique
2358 3753 2717 3825 reprehendi
2748 3753 2897 3808 forte
2926 3755 3145 3826 poterit
3167 3756 3355 3826 ;quod
3371 3756 3718 3828 nimiaque-

2069 3844 2207 3900 dam
2240 3844 2544 3911 facilitate,
2578 3849 2636 3897 et
2669 3848 2989 3915 antequam
3021 3844 3094 3898 de
3128 3850 3289 3900 certa
3327 3845 3594 3917 ipsorum
3624 3864 3717 3902 ve-

2068 3935 2245 3990 ritate
2277 3951 2345 3989 ex
2376 3933 2610 3988 idoneis
2636 3933 2995 3988 testimoniis
3026 3939 3343 4001 constaret,
3360 3935 3623 3991 admissa
3652 3952 3721 3991 ea

2070 4024 2331 4089 fuerint;
2374 4022 2650 4093 quodque
2683 4021 2887 4077 habita
2918 4039 3025 4077 ceu
3058 4039 3194 4079 vera
3241 4023 3491 4078 historia
3520 4025 3718 4096 fuerit,

2070 4129 2202 4183 qua)
2235 4111 2431 4182 reipsa
2453 4110 2652 4181 potius
2692 4109 2913 4177 fabula,
2938 4110 3363 4167 verisimilibus
3394 4112 3603 4184 utique
3617 4129 3719 4168 co-

2070 4201 2298 4257 loribus
2325 4200 2602 4263 conficta,
2635 4199 2839 4256 fabula
2865 4206 3063 4255 tamen
3095 4206 3271 4257 esset.

2147 4294 2357 4348 Verum
2390 4309 2465 4347 ne
2499 4292 2787 4364 praecipiti
2812 4291 3041 4363 judicio
3063 4292 3154 4347 vel
3193 4293 3319 4348 haec
3351 4292 3480 4364 ipsa
3517 4294 3720 4348 crimi-

2070 4383 2232 4437 natio
2261 4388 2389 4437 rata
2420 4381 3170 4451 habeatur,advertendum
3194 4383 3514 4454 est,utique
3531 4384 3717 4438 histo-

2068 4473 2221 4527 riam
2252 4471 2417 4527 illam
2450 4472 2607 4526 inter
2635 4471 2973 4543 apocrypha
3003 4487 3038 4525 a
3076 4472 3341 4543 Nysseno
3362 4472 3719 4529 recensitam

2073 4562 2279 4619 fuisse.
2316 4564 2528 4616 Verum
2567 4561 2908 4633 apocrypha
2938 4560 3095 4616 dicta
3135 4567 3370 4628 est,non
3393 4563 3563 4633 quasi
3591 4564 3720 4635 ejus

298 4672 422 4728 prm
454 4653 576 4708 illis
611 4652 955 4722 tribuimus,
994 4656 1059 4707 ut
1090 4668 1221 4722 quae
1262 4652 1455 4723 primo
1508 4651 1687 4706 veluti
1739 4651 1957 4705 intuitu
1990 4640 2033 4704 D
2066 4651 2637 4722 auctoritaspenitus
2668 4650 2837 4705 nulla
2868 4651 3155 4717 esset,sed
3185 4653 3327 4723 quia
3353 4652 3721 4708 intersacros

297 4750 404 4801 aut
432 4739 883 4798 floccifacienda
921 4746 1024 4795 aut
1062 4740 1243 4795 etiam
1282 4758 1527 4812 prorsus
1584 4740 1961 4812 reprobanda

288 4833 658 4907 judicamus,
687 4830 1025 4886 inconsulto
1052 4829 1190 4884 illos
1222 4830 1528 4901 amplexos
1542 4846 1672 4885 esse
1696 4830 1956 4900 suspice~

298 4940 437 4979 mur
473 4922 500 4977 ?
530 4920 775 4976 Etiamsi
808 4920 1009 4990 itaque
1051 4919 1338 4974 doctrinae
1368 4919 1551 4987 illius,
1586 4935 1715 4989 quae
1748 4919 1957 4990 Deipa-

294 5028 427 5067 ram
459 5028 494 5066 a
517 5010 820 5066 communi
853 5009 1119 5064 ﬁliorum
1151 5007 1291 5063 Ada)
1325 5007 1458 5062 labe
1482 5008 1959 5079 eximit,vestigia

292 5103 357 5157 in
390 5117 459 5156 ea
487 5101 740 5155 historia
796 5099 1411 5171 deprehenderentur,
1472 5115 1785 5170 perperam
1819 5099 1958 5153 inde

293 5208 426 5249 eam
459 5188 1109 5247 contemnendiansam
1127 5188 1428 5260 quispiam
1452 5189 1958 5245 sumeret.Verum

2069 4742 2303 4799 codices
2334 4757 2455 4794 non
2487 4740 2862 4795 censebatur.
2898 4743 2971 4794 At
3028 4740 3411 4796 manifestum
3448 4746 3557 4807 est,
3598 4759 3719 4797 non

2068 4831 2202 4886 ideo
2244 4830 2401 4885 inter
2428 4829 2659 4885 fabulas
2683 4828 2989 4900 quidpiam
3020 4828 3535 4885 adnumerandum
3566 4848 3717 4900 esse,

2069 4920 2226 4992 quod
2258 4920 2456 4974 locum
2469 4936 2590 4973 non
2614 4918 2831 4973 habeat
2850 4919 3006 4974 inter
3026 4920 3215 4975 libros
3232 4920 3719 4992 divinitusinspi-

2067 5016 2251 5066 ratos.
2285 5009 2463 5064 Secus
2498 5009 2657 5062 enim
2696 5012 2915 5079 praeter
2959 5026 3157 5064 sacras
3188 5010 3457 5079 Litteras,
3490 5009 3719 5065 nullam

2068 5100 2428 5154 haberemus
2458 5097 2789 5165 historiam,
2825 5096 2929 5151 sed
2960 5114 3154 5152 meras
3184 5096 3437 5153 fabulas.

2138 5192 2251 5245 Res
2284 5187 2482 5257 itaque
2515 5202 2583 5241 eo
2614 5184 2943 5241 adducetur
2981 5190 3047 5240 ut
3097 5185 3230 5263 ideo
3279 5186 3435 5242 inter
3481 5187 3714 5243 fabulas

1906 5316 2129 5371 NOTAE.

368 5418 441 5488 (8)
471 5418 538 5471 In
571 5412 1718 5488 exordio,Orationishistoricaaineditaa
1738 5411 1809 5488 de
1825 5415 1951 5468 Dei-

286 5484 447 5561 parz
477 5488 807 5561 dormitione
826 5486 953 5561 haec
967 5484 1147 5561 habet
1173 5484 1955 5561 JoannesDThessalpnicen-

297 5553 380 5615 sis
415 5576 429 5615 :
471 5557 626 5618 Τινὲς
657 5553 719 5629 δὲ
737 5560 845 5629 τῶν
880 5556 957 5616 εἰς
1005 5554 1224 5629 ὕ-στερρν
1280 5553 1601 5629 ηεῃοῦργων
1634 5553 1950 5629 Ααῖρετικῶν

295 5631 366 5703 τᾷ
393 5630 597 5684 ἑαυτῶν
634 5625 896 5703 βᾳλόντλες
927 5620 1538 5703 ζιζάνιάὲστρὲϐλῳὰοίν
1589 5626 1657 5703 τᾲ
1709 5620 1955 5703 ἁιιγγρα-

300 5700 533 5780 φὲντα...
590 5695 691 5754 Kal
780 5700 857 5773 μή
916 5695 1411 5771 σαὺμάσητε’περὶ
1467 5718 1564 5752 του
1623 5695 1951 5775 διαφθὲῐρειν

297 5774 397 5835 τὰς
458 5771 671 5850 Γραφᾶς
756 5770 1046 5834 ἀκούοντες
1099 5769 1228 5833 τοὺς
1300 5767 1634 5844 «ipset-‘06:.
1720 5771 1954 5837 Quidam

2064 5430 2192 5469 vero
2221 5413 2617 5483 improborum,
2649 5413 2746 5482 qui
2774 5411 2899 5467 dein
2928 5417 3309 5478 surrexerunt,
3343 5412 3719 5469 haereticorum

2063 5501 2163 5540 sua
2187 5488 2430 5555 ipsorum
2474 5486 2690 5538 zizania
2739 5489 2994 5548 serentes,
3031 5485 3197 5553 prius
3244 5487 3556 5555 conscripta
3597 5502 3721 5541 cor-

2064 5563 2403 5627 ruperunt...
2437 5557 2621 5625 Neque
2666 5555 2993 5627 miremini,
3019 5557 3148 5627 dum
3197 5557 3404 5609 auditis
3436 5556 3719 5613 hwreticos

2064 5625 2272 5698 scripta
2304 5642 2720 5699 corrumpere...
2755 5627 2936 5682 Addit
2964 5625 3178 5681 deinde
3206 5627 3718 5699 Joannes,depra—

2064 5706 2197 5755 vata
2222 5716 2284 5755 se
2308 5698 2783 5755 emendaturum.
