4074 6400
375 389 517 447 1459

1721 389 1754 441 ,Ι
1759 387 1902 442 ΟΔΝ
1910 385 2028 442 N18
2062 381 2502 440 BUBOEBNBIB

3679 382 3842 442 1460

373 515 502 571 haec
537 513 786 570 historia
836 518 1236 586 computetur,
1285 512 1424 585 quia
1473 509 1812 585 cujusmodi
1858 509 2041 566 fuerit
2066 508 2123 577 Α
2155 507 2375 563 mentis
2417 505 2715 578 judicium
2763 507 2947 582 gratis
2993 508 3287 583 denegare
3326 510 3662 577 debemus;
3687 510 3841 584 jam

374 604 631 662 Jacobus
656 604 923 659 historias
951 609 1177 672 auctor,
1204 603 1528 676 ignoratur.

447 692 628 764 Atqui
659 692 804 748 artis
835 693 1056 749 critica:
1105 697 1403 764 praecepta
1433 691 1668 758 docent,
1703 689 1766 745 in
1804 690 1898 746 his
1928 690 2032 746 ad-

369 785 600 856 junctis
654 801 774 840 non
831 783 906 838 ad
951 783 1183 838 fabulas
1237 782 1396 837 illico
1458 781 1832 838 narrationes
1902 797 2034 837 esse

380 873 810 942 amandandas,
866 872 973 928 sed
1029 871 1269 928 interim
1316 889 1352 928 a
1397 871 1710 928 definitiva
1738 871 2037 929 sententia

379 965 578 1037 potius
611 961 1089 1034 temperandum.

450 1058 744 1110 Przeterca
776 1054 823 1108 si
855 1053 1051 1122 nobis,
1079 1053 1181 1124 qui
1205 1057 1262 1108 et
1293 1069 1327 1109 a
1355 1052 1528 1110 factis
1552 1053 1844 1109 enarratis
1875 1057 1934 1108 et
1961 1051 2035 1109 ab

377 1148 618 1200 auctore
642 1142 1004 1198 narrationis
1028 1146 1192 1198 tanto
1216 1141 1509 1198 distamus
1534 1142 1868 1212 intervallo,
1891 1142 2036 1199 artis

378 1232 596 1289 critica:
642 1232 801 1305 leges
848 1248 969 1288 non
1015 1233 1420 1297 consentiunt,
1453 1237 1520 1287 ut
1565 1233 1716 1290 citra
1744 1232 1862 1288 alia
1887 1249 2038 1304 prae-

377 1322 530 1378 sidia
559 1331 788 1378 certum
821 1322 894 1378 de
940 1338 1004 1378 re
1043 1322 1341 1394 judicium
1387 1321 1688 1388 feramus;
1721 1326 1784 1379 at
1813 1321 2038 1378 eadem

376 1412 539 1485 leges
571 1412 750 1468 simul
780 1411 1065 1477 indicant,
1095 1411 1397 1467 undenam
1425 1411 1772 1482 prmsidium
1795 1410 2040 1482 aliquod

381 1503 457 1558 ad
488 1502 547 1557 id
579 1503 699 1574 peti
730 1502 956 1574 possit;
989 1507 1049 1556 et
1095 1517 1217 1557 non
1262 1501 1648 1558 consentiunt
1692 1501 1891 1570 modo,
1935 1500 2040 1557 sed

383 1593 562 1664 plane
596 1591 859 1663 exigunt,
893 1595 959 1646 ut
990 1591 1200 1647 saltem
1234 1608 1336 1647 eos
1390 1591 1492 1662 qui
1523 1591 1723 1647 minus
1752 1608 1788 1647 a
1816 1608 1880 1647 re
1911 1591 2043 1663 ipsa

385 1681 710 1746 distabant,
756 1681 1214 1754 interrogemus,
1276 1681 1488 1753 quidve
1548 1682 1662 1753 ipsi
1721 1681 2040 1748 senserint,

2137 613 2278 652 vero
2313 595 2424 668 ipsi
2459 596 2603 652 artis
2650 599 2872 654 critica
2921 616 3183 655 canones
3213 600 3478 670 edicunt,
3511 618 3636 658 non
3673 617 3840 673 pru-

2140 687 2340 744 dentis
2372 705 2503 744 esse
2537 689 2859 760 aequitatis,
2916 689 3018 746 sed
3071 691 3410 762 iniquitatis
3455 693 3836 763 temerariae,

2139 777 2550 849 peremptoria
2581 777 2839 850 quadam
2871 780 3169 836 sententia
3187 780 3533 853 huiusmodi
3557 777 3718 839 facta
3743 781 3834 838 ad

2138 865 2372 922 fabulas
2403 867 2655 939 rejicere
2683 884 2696 923 :
2729 867 2990 924 maxime
3020 886 3156 924 cum
3189 870 3254 925 in
3285 871 3606 943 seligendis
3639 871 3836 929 factis

2141 955 2306 1012 aliud
2331 956 2773 1028 antiquioribus
2800 958 2920 1014 illis
2942 964 3160 1030 praasto
3184 976 3315 1016 esse
3337 962 3600 1032 potuerit
3618 961 3834 1018 admi-

2141 1045 2431 1114 niculum,
2482 1045 2722 1102 traditio
2781 1047 3027 1118 scilicet,
3071 1048 3148 1104 ad
3202 1065 3381 1120 quam
3431 1053 3834 1109 narrationes

2145 1135 2468 1207 exigerent.
2507 1138 2708 1208 Neque
2742 1138 2903 1192 enim
2927 1138 3395 1196 existimandum
3426 1146 3536 1210 est,
3568 1141 3832 1214 primm-

2145 1242 2245 1281 vos
2279 1225 2416 1281 illos
2448 1225 2657 1283 tideles
2687 1226 2890 1298 aliqua
2919 1228 3076 1284 circa
3098 1228 3317 1284 Christi
3351 1231 3594 1288 Matrem
3627 1231 3829 1289 tradi-

2145 1315 2306 1370 tione
2338 1315 2579 1388 penitus
2608 1314 2924 1372 destitutos
2949 1316 3157 1383 fuisse,
3185 1335 3321 1374 cum
3353 1318 3492 1375 illos
3520 1337 3722 1392 neque
3761 1321 3834 1378 in

2145 1403 2506 1475 inquirendo
2562 1404 2820 1473 desides,
2876 1421 3073 1478 neque
3130 1407 3194 1463 in
3253 1409 3561 1466 servandis
3589 1410 3832 1467 auditis

2145 1511 2392 1566 prorsus
2421 1493 2792 1567 negligentes
2825 1511 2957 1551 esse
2988 1496 3190 1568 reipsa
3218 1498 3615 1568 permitteret.

2218 1584 2353 1640 Haec
2393 1600 2570 1655 porro
2621 1583 2814 1640 obiter
2863 1584 3021 1641 dicta
3067 1585 3268 1654 velim,
3340 1604 3462 1645 non
3513 1590 3690 1661 quasi
3743 1591 3830 1647 ad

2148 1689 2414 1746 praesens
2459 1673 2799 1730 institutum
2847 1676 3190 1732 necessaria
3234 1677 3373 1746 sint,
3408 1678 3499 1734 vel
3530 1681 3707 1750 quasi
3739 1681 3826 1736 ad

384 1771 791 1842 dispiciamus.
825 1773 1003 1826 Perro
1058 1775 1114 1825 1ο
1147 1788 1280 1827 cum
1327 1770 1846 1844 deprehendamus
1887 1771 2044 1828 facta.
2150 1764 2584 1821 controversias
2633 1763 2929 1836 ejusmodi
2980 1765 3294 1823 solvendas
3325 1767 3673 1825 sufﬁciant:
3709 1771 3828 1827 sed

385 1860 657 1931 quasdam
691 1861 1090 1917 communiter
1138 1868 1378 1934 recepta
1409 1861 1480 1916 ab
1513 1860 1586 1917 iis
1619 1878 1768 1933 quos
1799 1861 1890 1916 illi
1921 1877 2042 1916 avo
2150 1859 2218 1908 ut
2244 1858 2444 1925 pateat
2491 1853 2651 1909 haud
2693 1853 2901 1910 faciles
2939 1871 3117 1911 aures
3162 1856 3238 1912 iis
3285 1858 3681 1929 porrigendas
3714 1862 3830 1932 qui

379 1950 696 2006 viciniores
729 1951 1031 2018 novimus;
1056 1954 1115 2006 2°
1141 1968 1276 2007 cum
1302 1950 1608 2008 videamus
1629 1967 1732 2008 eos
1762 1967 1884 2008 non
1912 1951 2042 2008 sine
2075 1935 2120 2002 Β
2152 1945 2340 2003 semel
2367 1962 2435 2002 ac
2466 1945 2527 2003 in
2573 1946 2700 2002 haec
2754 1946 3051 2012 incidunt,
3109 1952 3336 2005 temere
3367 1955 3572 2021 atque,
3600 1957 3672 2008 ut
3701 1951 3831 2009 dici

381 2039 641 2112 quodam
694 2040 930 2096 delectu
984 2039 1142 2096 facta
1199 2041 1326 2113 ipsa
1377 2039 1732 2110 admisisse;
1793 2043 1852 2097 3°
1908 2057 2046 2098 cum
2155 2036 2326 2104 solet,
2359 2041 2584 2092 stantes
2606 2036 2757 2109 pede
2777 2036 2842 2095 in
2865 2053 2982 2095 uno
3002 2037 3235 2096 fabulas
3253 2039 3556 2112 judicant,
3589 2047 3834 2100 temere

380 2135 614 2186 constet
659 2130 934 2186 cordatos
983 2130 1140 2187 viros
1191 2145 1291 2187 eos
1336 2131 1657 2198 exstitisse,
1710 2129 1928 2202 quibus
1957 2130 2048 2186 id-
2153 2127 2530 2200 proclamant
2552 2126 2809 2186 fabulas.

380 2220 538 2277 circo
561 2237 672 2278 nec
689 2221 952 2278 veritatis
980 2220 1332 2294 indaganda:
1357 2220 2050 2293 sollicitudinem,neque

533 2539 1114 2643 ΙΩΑΝΝΟΥ
1177 2540 1792 2640 ΜΟΝΑΧΟΥ
1851 2541 2069 2638 ΚΑΙ
2134 2543 3051 2643 ΠΡΕΣΒΥΤΕΡΟΥ
3124 2545 3677 2645 ΕΥΒΟΙΑΣ

1173 2747 1404 2800 ΛΟΓΟΣ
1444 2743 1559 2800 ΕΙΣ
1614 2741 1760 2802 ΤΗΝ
1803 2742 2130 2798 ΣΥΛΗΨΙΝ
2202 2743 2343 2800 ΤΗΣ
2394 2745 2604 2802 ΑΓΙΑΣ
2646 2744 3022 2802 ΘΕΟΤΟΚΟΥ.

593 3056 1128 3154 JOANNIS
1192 3056 1789 3154 MONACHI
1851 3058 2019 3154 ET
2085 3058 2906 3157 PRESBYTERI
2971 3048 3607 3176 EUBCE/Ei‘”

1143 3267 1412 3330 SERMO
1475 3269 1556 3329 IN
1618 3268 2221 3331 CONCEPTIONEM
2265 3268 2607 3332 SANCT/E
2652 3270 3040 3334 DEIPARIE.

1576 3424 1734 3498 (Ant.
1771 3427 2090 3497 BALLERINI,
2121 3429 2238 3485 loco
2267 3432 2384 3498 cit,
2417 3447 2476 3502 p.
2509 3429 2622 3503 47.)

969 3679 1225 3747 Benedic,
1260 3680 1446 3734 Pater.

2688 3679 3029 3760 Εὖλόγησον,
3071 3679 3270 3760 Πάτερ.

441 3771 486 3827 Ι.
520 3769 762 3839 Paulus,
821 3785 1072 3844 magnus
1129 3769 1232 3826 ille
1288 3770 1631 3843 Apostolus,
1680 3789 2035 3846 magnorum

369 3861 476 3918 ille
535 3876 890 3917 arcanorum
949 3860 1286 3916 divinorum
1335 3860 1650 3934 interpres,
1713 3862 2034 3920 sollicitam

369 3951 584 4008 salutis
630 3956 850 4007 nostrae
881 3967 1086 4007 curam
1117 3967 1353 4025 gerens,
1383 3968 1494 4008 nos
1529 3957 1588 4008 et
1618 3951 1946 4021 edocendo,
1978 3959 2038 4010 et

368 4041 693 4114 arguendo,
745 4046 804 4097 et
851 4040 1238 4112 increpando,
1292 4046 1351 4097 et
1403 4041 1770 4098 obsecrando
1817 4043 2036 4099 excitat

367 4136 435 4187 ut
461 4131 536 4204 (a)
563 4131 625 4186 in
649 4130 930 4186 omnibus
955 4131 1177 4204 gratias
1199 4147 1466 4205 agamus,
1489 4137 1548 4187 et
1575 4133 1701 4188 sine
1727 4133 2034 4189 intermis-

369 4222 539 4278 sione
571 4221 823 4277 orationi
849 4221 1162 4277 instemus.
1187 4222 1258 4277 Et
1278 4222 1390 4278 hoc
1412 4221 1653 4294 quidem
1678 4223 1740 4279 in
1763 4223 2032 4279 omnium

443 4373 520 4446 (a)
552 4374 577 4429 Ι
605 4373 808 4430 Thess.
841 4389 894 4444 v,
929 4375 1015 4442 l7,
1050 4375 1138 4429 18.

2221 3773 2299 3828 Α’.
2332 3771 2394 3829 Ὁ
2457 3772 2631 3848 μέγας
2686 3769 3000 3835 ἀπόστολος
3045 3770 3266 3836 Παῦλος
3322 3771 3352 3828 ὁ
3407 3777 3517 3830 τῶν
3557 3774 3820 3852 μεγάλων

2147 3860 2466 3934 μυστηρίων
2554 3860 2856 3938 ἐξηγητὴς,
2929 3861 2997 3917 τὰ
3067 3863 3171 3929 τῆς
3237 3861 3512 3938 σωτηρίας
3570 3864 3592 3900 ί
3651 3865 3825 3940 ἡμῶν

2143 3950 2665 4027 πραγματευόμενος
2742 3949 3072 4021 ἐκδιδάσκει,
3161 3949 3378 4028 ἐλέγχει
3445 3956 3488 4024 ³,
3561 3953 3815 4029 ἐπιτιμᾷ,

2142 4041 2454 4117 παρακαλεῖ
2499 4041 2553 4098 ἐν
2603 4043 2767 4098 παντὶ
2816 4040 3183 4118 εὐχαριστεῖν,
3232 4039 3602 4106 ἀδιαλείπτως
3634 4065 3816 4120 προσ-

2143 4130 2420 4208 εὖχὲσθαι.
2481 4131 2586 4188 Καὶ
2636 4134 2799 4188 τοῦτο
2848 4134 3010 4187 πᾶσιν
3057 4131 3365 4208 ἀνθρώποις
3425 4127 3648 4205 ἔξεστιν.
3705 4134 3816 4190 Οὗ-

2142 4217 2255 4284 δεῖς
2313 4216 2371 4277 δὲ
2428 4220 2598 4296 ἄξιος,
2662 4223 2739 4296 μὴ
2797 4219 3208 4298 κεκαθαρμένην
3268 4215 3413 4298 ἔχων
3462 4224 3564 4294 τήν
3594 4220 3813 4282 ἔννοιαν

1747 4466 1987 4522 VARUS
2028 4465 2432 4522 LECTIONES.

439 4579 459 4616 ί
490 4580 550 4636 C.
586 4578 758 4636 Barb.
792 4578 994 4637 mend.
1027 4577 1191 4652 ἡμῖν,
1225 4579 1370 4636 Caes.
1402 4582 1468 4638 A.
1500 4581 1662 4654 ἡμῶν
1696 4580 1720 4616 ³
1749 4582 1809 4636 C.
1845 4581 2016 4640 Barb.
2050 4579 2332 4658 ἐλλὲγχει,
2365 4581 2510 4638 Cres.
2545 4586 2612 4639 A.
2644 4577 2886 4658 ἐλέγχει.

1974 4728 2199 4784 ΝΟΤᾸῧ.

441 4825 519 4896 (1)
549 4823 764 4896 Caesar.
798 4821 984 4896 codex
1014 4822 1080 4878 A.
1116 4822 1200 4896 sic
1245 4822 1431 4896 alium
1480 4823 1720 4896 praefert
1749 4824 1988 4896 titulum
2018 4841 2031 4878 :

378 4890 557 5006 A636;
613 4893 690 4958 εἷς
758 4895 851 4949 τὸν
929 4890 1319 4966 εὐαγγελισμὸν
1396 4890 1504 4948 τῶν
1579 4893 1744 4970 ἁγίων
1805 4891 2031 4950 δικαίων

491 4967 730 5006 ’.ιηννεῖη
765 4964 853 5006 νηὶ
914 4969 1136 5006 ¹¹Δυυνιρο
1193 4964 1278 5006 νηὶ
1341 4962 1419 5006 ci’r
1481 4965 1543 5006 φλ
1598 4963 1874 5006 νευέθλοηυ
1931 4973 2031 5006 ινξρ-

448 4963 739 5038 ’Ῐωακκεὶμ
765 4964 856 5021 καὶ
914 4963 1155 5058 "Aw—vir.
1193 4963 1280 5020 διαὶ
1341 4963 1419 5028 εἷς
1481 4965 1543 5022 τὸ
1598 4963 1874 5098 ῇνὲθλιον
1931 4973 2032 5036 τῆς

848 5033 1065 5108 ἐνδόξου
1158 5036 1528 5109 Αειπαρθὲνου
1675 5037 1832 5116 αρίας
1931 5045 2032 5110 τῆς

499 5131 743 5167 ιοτοκου.

880 5197 1097 5274 Εὖλόγη
1107 5219 1169 5255 σο
1179 5219 1224 5269 ν,
1271 5195 1533 5258 Δῖσποτα.
2067 5207 2114 5272 D

373 5295 564 5350 Sermo
621 5292 680 5345 in
769 5291 954 5346 laetum
1039 5294 1298 5346 nuntium
1381 5299 1695 5348 sanctorum
1751 5294 2035 5363 justoer

443 5363 700 5420 Joachim
749 5369 800 5418 et
832 5364 990 5430 Anze,
1050 5370 1100 5417 et
1158 5365 1214 5417 in
1273 5365 1618 5419 nativitatem
1649 5371 2032 5432 sacrosanctw,

449 5437 702 5507 gloriosa."
745 5442 796 5489 et
843 5451 1056 5505 semper
1101 5433 1337 5504 virginis
1382 5437 1574 5491 Maria
1604 5436 1700 5491 Dei
1727 5433 2032 5506 genitricis.

935 5526 1192 5594 Benedic,
1232 5528 1480 5584 Domine.

455 5613 616 5668 Nihil
647 5631 880 5669 movere
909 5615 1035 5670 haec
1066 5614 1374 5671 diversitas
1423 5616 1617 5672 debet.
1651 5615 2036 5670 Consuevisse
2071 5616 2077 5621 ’

388 5684 548 5766 enim
580 5684 806 5752 titulos,
840 5686 1170 5766 praesertim
1205 5687 1253 5766 si
1285 5687 1358 5766 de
1398 5687 1777 5766 sermonibus
1807 5690 2035 5766 agatur,

388 5753 460 5806 ab
491 5755 564 5807 iis
586 5770 691 5822 pro
718 5753 1107 5825 suaipsorum
1131 5759 1531 5812 sententontia
1557 5758 1774 5828 apponi
1804 5753 1891 5812 vel
1925 5756 2038 5810 im-

2146 4825 2388 4891 mutari,
2424 4826 2597 4898 plura
2628 4826 2848 4881 docent
2877 4826 3168 4898 exempla.
3204 4829 3328 4883 Imo
3359 4825 3505 4898 quid
3535 4826 3609 4882 ab
3636 4844 3816 4884 ama-

2145 4897 2468 4970 nuensium
2501 4913 2739 4970 quoque
2771 4898 3015 4954 arbitrio
3045 4897 3511 4970 exspectandum
3535 4900 3634 4968 sit,
3660 4901 3816 4955 insi-

2145 4986 2257 5044 gne
2289 4969 2462 5044 nobis
2509 4969 2925 5044 argumentum
2977 4970 3098 5044 vel_
3126 4969 3223 5027 hic
3272 4971 3560 5044 orationis
3599 4970 3818 5044 titulus

2145 5041 2302 5116 satis
2314 5041 2564 5116 indicat.
2587 5041 2733 5097 Cum
2757 5042 2916 5116 enim
2939 5042 3140 5116 nescio
3157 5043 3334 5116 cujus
3366 5043 3597 5098 incuria
3622 5043 3817 5116 hujus

2143 5112 2406 5186 homilim
2463 5116 2680 5186 primo,
2728 5113 2899 5186 quod
2965 5112 3313 5171 Vindoboha
3382 5112 3812 5170 transmissum

2144 5185 2365 5273 fuerat,
2412 5185 2752 5273 exemplari
2786 5185 3028 5256 amisso,
3076 5187 3814 5273 alterumexpeterg'ne-

2147 5274 2312 5333 ce‘sse
2340 5257 2536 5333 fuerit,
2563 5256 2692 5333 jam
2737 5257 2863 5333 hoc‘
2893 5258 3222 5333 secundum
3255 5256 3499 5333 legitgic
3527 5256 3595 5333 τᾲ
3626 5257 3816 5333 Εὐαγ-

2144 5325 2323 5402 γὲλια,
2375 5329 2476 5384 ubi
2527 5325 2796 5402 'p'rimum
2849 5329 3080 5402 legebat
3128 5327 3205 5392 εἷς
3235 5325 3344 5384 τὸἶ
3363 5325 3808 5402 Εὐαγγελισμόνδ

2147 5398 2207 5476 et
2234 5398 2566 5476 cumprius
2599 5403 2844 5476 haberet
2889 5398 2988 5468 τῆς
3040 5400 3331 5476 ammte;
3377 5398 3619 5476 ἐνδόξου,
3645 5398 3713 5476 et
3742 5402 3809 5456 in

2148 5474 2288 5547 fine,
2321 5471 2664 5546 Εὐλὸγησον,
2691 5471 2954 5547 ᾼέσποτα,
2980 5471 3276 5547 posterius
3306 5475 3603 5547 habetrﬁc
3639 5471 3812 5547 ὑπερ-

2148 5541 2380 5618 εγδόξσν·
2443 5541 2619 5618 δί’ἱιι
2680 5546 2798 5600 fine
2857 5541 3209 5618 εὒλόγισμιοί⁴
3271 5563 3401 5616 qua)
3433 5545 3676 5618 quidem
3705 5541 3811 5600 va-

2146 5616 2428 5671 riantium
2460 5617 2784 5673 lectionum
2821 5616 3014 5671 series
3054 5617 3211 5673 inter
3237 5634 3424 5673 unum
3453 5616 3514 5674 et
3542 5617 3805 5671 alterum

2147 5688 2451 5768 exemplar
2478 5689 2539 5745 in
2570 5690 2825 5746 decursu
2856 5705 3095 5760 quoque
3142 5689 3428 5746 orationis
3458 5693 3810 5748 constanter

2146 5765 2391 5815 occurit.
