4074 6410
300 408 436 468 1461

1352 414 1602 472 ΒΒΒΜΟ
1637 415 1713 469 IN
1750 407 2313 468 OONCEPTIONEM
2348 410 2709 467 DEIPARE.

3587 422 3611 474 1
3623 420 3727 476 462

301 538 399 592 τοῦ
426 528 534 590 ἔσω
591 531 907 608 ἀνθρώπου,
963 534 1215 599 τοιοῦτος
1275 532 1373 608 ὢν,
1405 535 1478 601 ὦς
1519 538 1548 593 6
1602 536 1773 599 τάλας
1832 531 1956 611 ἐγὼ,

2074 548 2321 605 prorsus
2354 538 2445 590 est
2477 537 2792 606 potestate.
2827 535 2901 591 At
2930 550 3069 591 vero
3107 542 3394 611 mysteria
3443 542 3549 601 illa
3592 545 3727 605 ideo

310 627 519 702 σειραῖς
588 622 611 659 ³
673 626 781 679 τῶν
880 621 1026 699 έμῶν
1110 623 1493 701 πλημμελιῶν
1578 618 1967 706 σφιγγόμενος,

310 713 576 772 τοιούτων
617 713 750 789 ὑπὲρ
808 711 933 770 λίαν
997 715 1329 793 πραγμάτων
1376 715 1779 794 προσάψασθαιο
1836 709 1963 768 ἀλλ’

306 805 342 876 ἢ
408 802 570 878 μόνον
623 804 743 868 καθ’
804 804 1035 876 ἑκάστην
1087 805 1301 884 ἡμέραν
1378 806 1479 878 τὴν
1572 803 1796 879 ἀνομίαν
1859 821 1964 876 μου

306 893 615 973 ἀναγγελῶ,
702 895 793 949 καὶ
879 897 1205 971 μεριμνήσω
1294 897 1424 973 ὑπὲρ
1509 902 1609 967 τῆς
1694 889 1964 970 ἁμαρτίας

309 1005 439 1059 μου.
471 982 633 1043 Ἀλλ’
665 980 854 1054 ἱπειδὴ
888 985 915 1040 6
948 984 1119 1050 πόθος
1176 983 1353 1059 ἕλκεις
1380 1008 1468 1061 με,
1503 986 1530 1041 6
1563 979 1732 1066 φόϐος
1783 978 1966 1039 ἀνθέλ-

306 1096 391 1131 κει
427 1096 514 1149 με,
573 1073 731 1143 κο.ὶή
764 1073 1055 1146 ἀναξιότης
1114 1079 1271 1152 σιγᾷν
1323 1074 1552 1151 ἐπιτιμᾷ
1606 1092 1722 1149 μοι·
1766 1071 1857 1129 καὶ
1906 1070 1957 1127 αἱ

304 1164 565 1241 ἁμαρτίαι
642 1180 745 1236 μου
834 1163 963 1218 ὡσεὶ
1056 1165 1280 1244 φορτίον
1367 1164 1505 1243 βαρὺ
1590 1159 1959 1237 ἐϐαρύνθησαν

303 1254 388 1308 ἐπ’
417 1252 537 1325 ἐμὶ,
570 1253 661 1307 καὶ
691 1251 745 1307 τί
774 1255 995 1325 ποιήσω
1027 1254 1128 1311 οὐκ
1157 1253 1297 1314 οῖδα.
1328 1257 1474 1328 ’Δρα
1501 1254 1774 1329 τολμήσω
1830 1252 1958 1307 ἀνά-

299 1342 413 1414 ξιος
447 1338 523 1398 ὢν
553 1346 652 1397 τοῦ
681 1340 1096 1419 ἐγχειρήματος
1123 1364 1137 1415 ;
1168 1345 1229 1400 Τί
1282 1343 1593 1419 έρήσομαις
1645 1342 1959 1416 έπιτιμήσω

298 1430 574 1506 ἐμαυτὸνς
664 1431 939 1487 ταλανίσω
1023 1435 1122 1502 τήν
1211 1434 1448 1508 ἐμαυτοῦ
1530 1428 1957 1507 ταλαιπωρίανε

302 1520 520 1598 ἐπίσχω
548 1527 657 1578 τῶν
690 1517 1062 1578 ἀναϐαινότων
1102 1522 1154 1579 έν
1200 1528 1271 1599 τῇ
1314 1521 1510 1598 καρδίᾳ
1565 1544 1670 1598 μου
1723 1542 1959 1598 μακαρι-

298 1616 454 1687 σμῶν
482 1613 607 1688 περὶ
638 1619 741 1683 τῆς
782 1614 1141 1687 πανυμνήτου
1195 1612 1472 1690 Θεοδόχου
1520 1634 1577 1670 τε
1619 1609 1708 1668 καί
1762 1609 1959 1668 Θεοτό-

296 1722 399 1757 κου
430 1702 517 1757 καὶ
554 1703 709 1780 ἁγίας
734 1702 1014 1779 Παρθένου
1048 1703 1262 1776 Μαρίας
1294 1723 1308 1774 ;

2082 639 2263 695 supra
2294 623 2537 680 modum
2570 623 2850 681 sublimia
2875 626 2945 697 (2)
2972 642 3147 683 nemo
3170 629 3261 686 vel
3278 630 3499 706 alonge
3522 637 3728 694 attrin-

2073 728 2210 784 gere
2239 712 2454 782 dignus
2475 714 2705 769 censeri
2736 719 2950 785 potest,
2986 717 3087 787 qui
3117 718 3421 777 interioris
3460 723 3724 784 hominis

2074 800 2361 859 intuitum
2392 803 2771 876 puriﬁcatum
2802 820 2923 860 non
2956 803 3191 876 habeat,
3226 809 3328 865 sed
3377 810 3721 884 hujusmodi

2074 892 2343 959 exsistat,
2375 891 2569 964 qualis
2602 897 2657 948 et
2690 909 2793 965 ego
2825 893 3006 948 miser
3036 894 3490 974 (deprehendor)
3521 918 3727 976 pecca-

2072 987 2269 1038 torum
2288 997 2559 1037 meorum
2580 981 2824 1039 funibus
2846 984 3275 1043 constrinctus:
3298 990 3394 1045 cui
3406 997 3726 1064 propterea

2073 1070 2224 1127 illud
2253 1088 2442 1127 unum
2472 1071 2773 1144 reliquum
2827 1073 2923 1139 sit,
2955 1077 3022 1129 ut
3050 1076 3313 1147 quotidie
3369 1081 3725 1153 iniquitatem

2071 1178 2244 1218 meam
2275 1160 2623 1229 annuntiem,
2656 1167 2708 1216 et
2746 1160 2813 1217 de
2828 1169 3059 1233 peccato
3087 1182 3206 1221 meo
3238 1170 3468 1238 cogitem
3498 1170 3591 1242 (b).
3622 1172 3727 1229 Ve-

2069 1268 2204 1307 rum
2234 1267 2371 1307 cum
2402 1268 2497 1306 me
2528 1250 2668 1306 hinc
2699 1250 2941 1322 quidem
2973 1252 3337 1312 desiderium
3371 1263 3430 1314 et
3474 1261 3723 1318 affectus

2070 1341 2361 1415 impellat,
2398 1341 2537 1397 inde
2568 1358 2703 1398 vero
2736 1342 3002 1399 retrahat
3041 1343 3240 1411 timor,
3290 1350 3467 1419 atque
3517 1349 3593 1405 ad
3640 1350 3723 1406 si-

2069 1430 2323 1487 lentium
2354 1447 2487 1487 mea
2516 1447 2610 1485 me
2643 1429 2966 1504 indignitas
2992 1434 3331 1505 compellat,
3364 1452 3433 1493 ac
3475 1444 3721 1510 peccata

2068 1537 2203 1576 mea
2231 1522 2371 1576 sicut
2404 1537 2540 1576 onus
2581 1537 2749 1591 grave
2797 1528 3033 1591 gravata
3086 1525 3198 1579 sint
3252 1540 3417 1595 super
3470 1543 3554 1583 me
3611 1529 3716 1600 (c):

2060 1610 2193 1683 jam
2224 1616 2283 1666 et
2302 1609 2477 1681 plane
2502 1609 2703 1666 nescio
2728 1610 2869 1682 quid
2891 1611 3128 1668 faciam.
3151 1615 3373 1670 Remne
3416 1617 3716 1688 suscipere

2066 1700 2128 1756 in
2161 1699 2429 1756 animum
2460 1698 2762 1767 inducam,
2795 1699 3076 1774 indignus
3107 1719 3241 1759 cum
3274 1704 3386 1759 sim
3407 1704 3606 1771 ‘lQuid
3627 1705 3721 1762 di—

295 1809 429 1849 cam
450 1793 478 1849 ?
505 1795 925 1867 memetipsum
957 1794 1331 1867 redarguam,
1360 1794 1683 1867 deplorabo
1713 1792 2019 1849 miseriam
2059 1807 2279 1857 meam,
2310 1795 2485 1861 atque
2517 1791 2679 1847 omni
2710 1790 2887 1846 laude
2918 1790 3304 1864 dignissimae,
3337 1800 3555 1851 sanctaa
3590 1796 3717 1851 Vir-

292 1883 451 1955 ginis
482 1884 698 1951 Μειδία),
731 1901 862 1955 qua:
896 1886 1082 1939 Deum
1114 1884 1363 1957 excepit,
1396 1885 1701 1956 Deumque
1734 1882 1984 1956 peperit,
2016 1879 2225 1937 laudes
2254 1896 2283 1934 e
2313 1879 2491 1936 corde
2524 1886 2906 1951 erumpentes
2937 1881 3277 1940 cohibebo?

371 1970 445 2028 Β’.
480 1969 637 2027 Ἀλλ’
688 1971 850 2041 αὐτὴ,
902 1972 1152 2042 Θεοτόκε,
1206 1971 1539 2048 συνέργησόν
1593 1992 1712 2046 μοι,
1757 1968 1846 2026 ’ίνα
1890 1968 1955 2024 τὸ

2136 1970 2206 2024 II.
2242 1971 2460 2025 Verum
2493 1974 2554 2026 tu
2584 1969 2714 2041 ipsa
2744 1969 2893 2024 mihi
2955 1971 3270 2042 opitulare,
3302 1989 3335 2027 ο
3358 1973 3463 2028 Dei
3512 1976 3715 2047 Mater,

294 2057 518 2133 θέλημα
547 2064 644 2115 τοῦ
675 2058 733 2115 ἐκ
791 2064 890 2115 σοῦ
947 2060 1300 2137 γεννηθέντος
1358 2065 1601 2138 Χριστοῦ
1657 2065 1754 2117 τοῦ
1812 2062 1952 2116 Θεοῦ

292 2150 461 2223 ἡμῶν
494 2150 737 2227 γένηται·
792 2146 884 2205 ’ίνα
946 2152 1023 2224 μὴ
1079 2150 1153 2213 ὡς
1213 2149 1432 2224 ἀναξίου
1477 2152 1737 2223 σκοτισθῇ
1768 2151 1803 2218 ἡ
1835 2144 1955 2203 διά-

294 2240 425 2294 νοιά
458 2258 589 2311 μου·
625 2236 751 2295 ἀλλ’
784 2238 919 2295 αὐτὰ
949 2239 1084 2315 ἅπερ
1134 2240 1211 2314 μὴ
1270 2238 1537 2318 γράφοντί
1590 2260 1683 2314 μοι
1737 2238 1789 2295 ἐν
1833 2241 1951 2300 τοῖς

300 2325 697 2403 διαλδγισμοῖς
755 2322 1030 2385 ἀναϐαίνει
1087 2330 1213 2404 περὶ
1269 2334 1377 2387 τῶν
1437 2333 1544 2384 σῶν
1633 2325 1953 2404 ἐγκωμίων,

290 2424 467 2476 ταῦτα
495 2418 585 2475 καὶ
620 2421 885 2499 γράφοντί
942 2443 1034 2497 μτι
1095 2422 1451 2498 συνέργησον.
1509 2424 1790 2483 Πολλάκις
1846 2420 1952 2498 γάρ

296 2508 705 2583 ἀνθυμούμενος
735 2510 827 2566 καὶ
874 2508 1203 2589 περίδακρυς
1249 2512 1451 2588 γέγονα
1509 2508 1598 2567 διὰ
1651 2511 1750 2581 τὴν
1810 2508 1949 2584 ἐμὴν

299 2598 630 2671 ἀναξιότητα
661 2599 715 2655 έν
760 2604 836 2673 νῷ
899 2596 1199 2673 Ααμϐάνων
1255 2604 1364 2655 τῶν
1420 2604 1519 2655 τοῦ
1566 2597 1951 2675 πυριγλώττου

294 2689 390 2744 καὶ
429 2687 826 2766 μεγαλοφώνου
857 2687 1084 2746 Ἠσαίου
1134 2688 1418 2765 ῥημάτων.
1477 2689 1543 2745 Εἰ
1599 2689 1703 2765 γὰρ
1748 2687 1953 2753 ἐκεῖνος

298 2781 328 2834 6
362 2781 504 2842 θεῖος
552 2780 692 2852 ἀνὴρ
752 2779 1013 2843 ὀπτασίας
1070 2779 1343 2851 τοσαύτης
1401 2779 1650 2852 ἀξιωθεὶς
1694 2782 1951 2835 τοσοῦτον

298 2868 488 2924 ὶαυτὸν
550 2865 888 2939 έταλάκισεν,
944 2866 999 2924 τί
1058 2867 1162 2943 ἐγὼ
1218 2867 1639 2939 ποιήσω,ὁκαὶ
1698 2871 1794 2923 τοῦ
1852 2871 1947 2941 ζῇν

299 2957 513 3028 ἀνάξιος
547 2976 559 3028 ;
595 2958 769 3029 Φησίν
829 2957 955 3033 γάρ·
1009 2959 1262 3032 Ἐγένετο
1317 2961 1415 3012 τοῦ
1460 2955 1612 3021 ἔτους
1657 2959 1679 2993 ⁸
1727 2957 1787 3011 οῦ
1849 2957 1951 3011 ἀπ-

296 3049 476 3103 έθανεν
536 3048 718 3118 Ὀζίας
776 3048 804 3103 6
867 3044 1145 3122 βασιλεὺς,
1209 3042 1323 3101 ἴδον
1381 3047 1472 3103 τὸν
1555 3046 1751 3122 Κύριον
1827 3048 1953 3102 καθ-

296 3139 499 3211 ήμενον
557 3137 645 3194 ἐπὶ
714 3137 908 3214 θρόνου
987 3137 1207 3212 ὑψηλοῦ
1282 3137 1374 3192 καὶ
1449 3136 1785 3212 ἐπηρμένουδ
1860 3133 1951 3191 καὶ

294 3225 522 3303 πλήρης
578 3230 607 3283 6
665 3228 818 3293 οἶκος
870 3235 974 3298 τῆς
1030 3224 1195 3298 δόξης
1253 3226 1439 3282 αὐτοῦ’
1497 3225 1587 3283 καὶ
1674 3224 1955 3305 Σεραφεὶμ

295 3318 634 3388 εἱστήκεισαν
692 3316 884 3391 κύκλῳ
966 3316 1155 3375 αὐτοῦ.
1217 3316 1315 3372 Καὶ
1371 3312 1576 3386 ἤκουσε
1631 3322 1732 3386 τῆς
1790 3320 1953 3393 Τρισ-

296 3408 459 3484 αγίου
504 3412 527 3445 ⁸
579 3416 788 3488 φωνῆς,
845 3407 909 3464 τὸ
965 3410 1184 3485 ”⁹Αγιος,
1244 3408 1457 3485 Ἀγιος,
1516 3409 1707 3484 ιἌγιος
1764 3404 1962 3484 Κύριος

302 3492 567 3556 Σαϐαὼθ.
638 3497 741 3554 Καὶ
800 3497 945 3553 εἶπεν
1024 3493 1272 3560 Ἠσαΐαςθ
1332 3498 1398 3551 Ὤ
1467 3494 1639 3560 τάλας
1717 3495 1822 3572 ἰγὼ
1876 3495 1960 3553 ὅτι

304 3583 728 3659 κατανένυγμαι,
793 3584 905 3655 εὸτι
987 3582 1276 3660 ἅνθρωπος
1356 3582 1430 3639 ὥν
1511 3585 1604 3640 καὶ
1686 3585 1961 3659 ἀκάθαρτα

298 3671 469 3750 χείλη
503 3668 670 3749 ἔγων,
726 3670 779 3728 έν
838 3672 987 3747 μέσῳ
1041 3671 1179 3728 λαοῦ
1236 3673 1510 3745 ἀκάθαρτα
1566 3671 1733 3749 χείλη
1796 3667 1962 3749 ἔχον-

297 3784 397 3827 τος
430 3764 538 3840 ἐγὼ
570 3763 726 3821 οίκιῖν
760 3764 849 3820 καὶ
899 3763 995 3819 τὸν
1059 3760 1288 3841 βασιλέα
1349 3757 1582 3820 Σαϐαὼθ
1613 3765 1637 3799 ⁵
1666 3759 1785 3820 ἴδον
1840 3766 1959 3827 τοῖς

301 3851 617 3928 ὀφθαλμοῖς
662 3874 793 3929 μου.
852 3852 956 3911 Καὶ
1006 3850 1282 3924 ἀπεστάλη
1343 3855 1365 3890 ⁸
1421 3851 1558 3929 πρός
1619 3874 1688 3926 με
1742 3846 1796 3909 ἕν
1849 3856 1955 3908 τῶν

298 3945 603 4022 Σεραφείμ,
656 3942 749 3998 καὶ
801 3943 949 4017 εῖχεν
1006 3940 1062 3998 ἐν
1116 3942 1187 4018 τῇ
1247 3941 1396 4019 χειρὶ
1447 3942 1617 3998 αὐτοῦ
1694 3943 1956 4018 ἄνθρακα,

304 4031 364 4088 ὅν
393 4035 463 4108 τῇ
495 4027 683 4089 λαϐίδι
740 4032 765 4068 ’⁷
821 4026 1015 4089 ἔλαϐεν
1078 4032 1183 4088 ἀπὸ
1238 4036 1336 4087 τοῦ
1394 4030 1803 4107 Θυσιαστηρίουο
1864 4030 1957 4087 καὶ

294 4125 480 4197 ἥψατο
537 4126 633 4178 τοῦ
694 4121 964 4196 στόματός
1029 4142 1157 4195 μου,
1212 4120 1300 4177 καὶ
1363 4122 1527 4178 εἶπεν·
1595 4118 1737 4179 Ἰδοὺ
1796 4125 1956 4179 τοῦτο

292 4214 479 4287 ἥψατο
508 4218 617 4268 τῶν
650 4211 891 4289 χειλέων
924 4234 1042 4287 σου,
1074 4211 1165 4268 καὶ
1199 4213 1393 4290 ἀφελεῖ
1441 4214 1538 4277 τὰς
1572 4212 1803 4289 ἀνομίας
1835 4234 1954 4282 σου,

293 4304 388 4360 καὶ
420 4303 521 4366 τὰς
547 4303 814 4379 ἀμαρτίάς
845 4324 941 4359 σου
971 4308 1371 4380 περικαθαριεῖ.

371 4568 439 4629 Ei’
470 4567 527 4626 δὲ
558 4570 719 4633 οὗτος
750 4571 778 4625 6
815 4571 978 4645 μέγας
1007 4573 1104 4626 τοῦ
1126 4570 1261 4627 Θεοῦ
1281 4572 1572 4648 προφήτης
1600 4570 1772 4635 οὕτως
1789 4571 1961 4629 ταλα-

292 4659 427 4729 νίζει
462 4659 673 4730 ἑαυτὸν,
700 4658 805 4735 ἐγὼ
835 4658 889 4714 τί
927 4661 1173 4731 ποιήσω,
1207 4660 1235 4715 6
1267 4660 1445 4734 στόμα
1490 4660 1582 4715 καὶ
1628 4660 1819 4737 χείλη,
1867 4661 1957 4716 καὶ

2066 2064 2133 2117 ut
2161 2058 2380 2114 Christi
2411 2056 2516 2113 Dei
2547 2059 2735 2114 nostri
2765 2058 2870 2114 abs
2901 2064 2957 2115 te
2984 2060 3167 2133 geniti
3197 2060 3455 2135 benigna
3508 2064 3720 2119 volun-

2066 2154 2157 2206 tas
2186 2149 2329 2218 ﬁat;
2362 2154 2429 2203 ut
2457 2165 2533 2203 ne
2565 2165 2736 2205 mens
2766 2166 2924 2217 mea,
2955 2154 3241 2222 tanquam
3274 2151 3535 2209 hominis
3562 2153 3716 2209 indi-

2066 2239 2189 2313 gni,
2224 2238 2348 2294 suis
2378 2242 2619 2293 maneat
2676 2237 2941 2294 involuta
2994 2237 3300 2309 tenebris;
3356 2241 3459 2298 sed
3517 2243 3719 2314 potius

2066 2329 2209 2384 dum
2234 2326 2548 2383 scribendo
2569 2343 2812 2382 manum
2851 2327 3157 2396 admoveo,
3181 2328 3329 2385 mihi
3360 2330 3585 2401 adesto,
3619 2348 3717 2389 ea-

2066 2418 2205 2476 dem
2236 2416 2345 2474 illa
2376 2432 2698 2490 suggerens
2730 2432 2929 2484 sensa,
2964 2434 3097 2488 quae
3121 2416 3262 2473 dum
3285 2419 3598 2475 scribendo
3622 2421 3717 2477 in-

2066 2512 2264 2564 tentus
2278 2522 2398 2562 non
2414 2522 2567 2574 sum,
2596 2505 3144 2578 intercogitandum
3159 2505 3230 2563 de
3254 2508 3544 2564 encomiis
3576 2508 3716 2577 tuis,

2064 2596 2254 2652 menti
2277 2612 2424 2650 meae
2453 2611 2583 2652 sese
2607 2596 2884 2650 offerunt.
2910 2595 3206 2652 Multoties
3220 2596 3381 2651 enim
3404 2597 3546 2654 dum
3564 2598 3715 2671 igni-

2062 2685 2228 2758 loqui
2257 2684 2422 2740 illius
2445 2700 2512 2739 ac
2554 2684 3060 2756 magniloquentis
3092 2685 3256 2740 Isaiae
3288 2685 3464 2741 verba
3492 2686 3712 2755 recolo,

2062 2778 2307 2848 prOpter
2338 2773 2753 2845 indignitatem
2777 2789 2971 2829 meam
2998 2791 3089 2829 me
3114 2779 3305 2832 totum
3326 2777 3526 2833 animo
3550 2795 3716 2834 com-

2063 2865 2287 2922 moveri
2318 2864 2393 2921 ad
2424 2863 2718 2936 lacrymas
2749 2880 2938 2936 usque
2971 2866 3184 2921 sentio.
3224 2867 3281 2922 Si
3314 2868 3474 2924 enim
3504 2867 3591 2924 vir
3612 2868 3715 2927 ille

2065 2957 2297 3013 divinus
2321 2954 2669 3027 hujusmodi
2692 2954 2915 3009 visione
2931 2954 3227 3027 dignatus,
3244 2973 3433 3029 usque
3447 2958 3593 3014 adeo
3620 2975 3719 3015 se-

2064 3046 2387 3118 metipsum
2414 3043 2769 3112 humiliavit,
2831 3044 2975 3116 quid
3022 3045 3263 3101 tandem
3317 3063 3421 3119 ego
3479 3048 3718 3116 faciam,

2065 3136 2167 3209 qui
2201 3135 2381 3192 etiam
2413 3134 2530 3189 vita
2560 3134 2692 3206 ipsa
2721 3150 2854 3189 sum
2912 3134 3089 3205 plane
3141 3134 3423 3209 indignus
3443 3137 3471 3194 ‘l
3518 3138 3723 3209 Inquit

2070 3228 2270 3283 enim:
2304 3228 2531 3282 Factum
2562 3231 2640 3281 est
2669 3228 2729 3280 in
2772 3241 2919 3280 anno
2970 3242 3080 3297 quo
3133 3234 3383 3284 mortuus
3439 3235 3518 3284 est
3563 3229 3721 3286 Ozias

2067 3334 2190 3385 rem,
2223 3315 2342 3372 vidi
2369 3316 2662 3372 Dominum
2692 3316 2961 3371 sedentem
2990 3332 3156 3388 super
3202 3318 3399 3373 solium
3448 3320 3720 3377 excelsum

2065 3414 2116 3465 et
2144 3408 2414 3464 eleuatum
2434 3423 2456 3468 ;
2487 3412 2539 3461 et
2557 3404 2731 3477 plena
2760 3411 2881 3460 erat
2911 3404 3100 3462 domus
3128 3406 3313 3477 gloria
3338 3408 3458 3477 ejus
3489 3408 3590 3478 (ἀ).
3610 3410 3711 3466 Se-

2060 3499 2283 3569 raphim
2311 3497 2534 3554 stabant
2562 3498 2622 3551 in
2652 3496 2890 3552 circuitu
2919 3497 3037 3566 ejus
3069 3496 3156 3566 (e).
3178 3498 3248 3551 Et
3267 3496 3492 3554 audivit
3510 3515 3713 3556 vocem

2062 3594 2154 3645 ter
2184 3586 2336 3643 illud
2368 3586 2800 3643 acclamantem
2826 3602 2841 3640 :
2872 3586 3129 3653 Sanctus,
3168 3587 3420 3655 Sanctus,
3452 3589 3710 3656 Sanctus,

2061 3678 2324 3733 Dominus
2363 3674 2725 3732 exercituum.
2760 3675 2830 3730 Et
2886 3672 3035 3729 dixit
3080 3675 3264 3731 Isaias
3314 3675 3419 3748 (f):
3462 3678 3584 3734 Heu
3626 3692 3712 3733 me

2059 3768 2317 3823 miserum
2350 3764 2448 3837 (g),
2481 3768 2860 3820 consternatus
2888 3765 3032 3820 enim
3061 3781 3201 3833 sum,
3228 3767 3492 3836 quoniam
3549 3766 3711 3823 homo

2060 3873 2182 3913 cum
2210 3854 2336 3924 sim,
2364 3861 2418 3911 et
2471 3854 2621 3910 labia
2669 3870 2791 3912 cum
2851 3854 3081 3911 habeam
3121 3855 3364 3926 polluta,
3424 3855 3486 3911 in
3536 3857 3712 3915 medio

2053 3948 2255 4018 populi
2273 3945 2497 4017 polluta
2528 3944 2679 3999 labia
2710 3944 2966 4000 habentis
2995 3961 3093 4015 ego
3149 3945 3342 4001 habito
3370 3963 3392 4011 ;
3438 3953 3489 4002 et
3532 3963 3716 4017 regem

2061 4036 2403 4093 exercituum
2453 4035 2570 4089 vidi
2603 4033 2795 4104 [oculis
2842 4036 2993 4090 meis.
3046 4036 3115 4090 Et
3159 4037 3351 4091 missus
3396 4042 3474 4091 est
3520 4038 3594 4092 ad
3634 4053 3717 4091 me

2061 4143 2203 4182 unus
2225 4126 2290 4181 de
2309 4125 2625 4195 Seraphim,
2658 4130 2708 4178 et
2742 4124 2975 4179 habebat
3003 4126 3062 4179 in
3094 4141 3263 4179 manu
3301 4141 3400 4180 sua
3430 4126 3718 4181 carbonem

2062 4232 2368 4284 accensum,
2398 4231 2558 4285 quem
2586 4214 2799 4284 forcipe
2821 4220 3127 4284 sumpserat
3150 4232 3220 4269 ea:
3248 4216 3438 4282 altari,
3493 4222 3545 4271 et
3577 4218 3714 4271 teti-

2060 4309 2145 4377 git
2179 4322 2237 4362 os
2256 4322 2435 4361 meum
2465 4311 2517 4360 et
2546 4304 2695 4358 dixit
2727 4319 2741 4360 :
2774 4306 2913 4359 Ecce
2942 4304 3041 4359 hoc
3074 4306 3257 4375 tetigit
3289 4304 3438 4361 labia
3496 4312 3614 4374 tua,
3662 4312 3716 4361 et

2062 4400 2279 4467 auferet
2310 4396 2641 4467 iniquitates
2669 4399 2809 4462 tuas,
2842 4400 2895 4447 et
2918 4401 3149 4466 peccata
3179 4401 3276 4451 tua
3297 4398 3523 4467 penitus
3571 4412 3717 4468 pur-

2062 4485 2237 4559 gabit.

2135 4576 2423 4645 Jam,vero
2449 4572 2496 4627 si
2520 4589 2773 4643 magnus
2796 4572 2891 4628 hic
2923 4572 3025 4628 Dei
3053 4573 3344 4644 propheta
3376 4572 3540 4628 dolet
3568 4572 3717 4631 adeo

2067 4664 2377 4720 miseriam
2412 4679 2615 4729 suam;
2644 4662 2786 4733 quid
2817 4662 2962 4717 mihi
2992 4660 3331 4717 faciendum
3363 4668 3588 4735 putem,
3617 4665 3718 4736 qui

292 4746 543 4826 καρδίαν,
568 4750 657 4804 καὶ
687 4748 855 4804 πάντα
877 4750 944 4804 τὰ
964 4748 1296 4823 αἰσθητήρια
1330 4750 1520 4824 ἀνάξια
1544 4749 1871 4826 κεκτημένοι
1904 4752 1948 4821 ⁸,

2075 4770 2141 4808 os
2173 4758 2231 4807 et
2260 4751 2420 4808 labia
2452 4758 2511 4807 et
2535 4768 2637 4807 cor
2668 4757 2725 4806 et
2754 4767 2963 4808 omnes
2996 4768 3207 4806 sensus
3235 4751 3424 4807 habeo
3456 4752 3720 4809 immun-

368 4879 446 4950 (ὁ)
477 4880 631 4935 Psal.
665 4896 875 4946 xxxvn,
912 4883 996 4934 19.
1077 4878 1146 4951 (c)
1180 4879 1335 4935 Psal.
1375 4896 1588 4946 xxxvn,
1624 4884 1676 4934 5.

295 4959 457 5009 erant
489 4952 779 5021 replebant
810 4952 1095 5021 templum.

300 5040 421 5078 sec.
456 5023 615 5078 LXX.
692 5022 772 5094 (g)
809 5023 976 5093 Vulg.
1004 5039 1018 5081 :
1058 5025 1150 5079 Vae
1178 5022 1319 5078 mihi
1351 5025 1615 5094 quoniam
1646 5026 1815 5079 tacui.

1758 4882 1843 4951 (d)
1871 4883 1983 4936 Isa.
2016 4898 2088 4935 v1.
2122 4884 2148 4953 t
2182 4895 2348 4953 seqq.
2385 4879 2630 4953 Vulgata
2657 4879 2761 4953 hic
2782 4878 3000 4933 habet:
3032 4881 3100 4933 Et
3130 4896 3215 4953 ea,

1173 4952 1415 5026 (e)f_Ibid.
1447 4982 1522 5026 -ί
1548 4954 1804 5007 Rursum
1838 4953 2005 5026 Vulg.
2039 4952 2221 5026 legit:
2254 4951 2324 5008 Et
2353 4952 2631 5023 seraphim
2659 4952 2881 5008 stabant
2902 4967 3068 5021 super
3098 4951 3261 5007 illud.

3275 4895 3400 4949 quae
3455 4879 3552 4935 sub
3598 4881 3719 4950 ipso

3337 4952 3408 5022 (f)
3436 4952 3548 5020 Isa,
3580 4967 3654 5019 vx,
3688 4954 3719 5007 5

1665 5149 1901 5205 VARLE
1941 5149 2346 5205 LECTIONES.

366 5250 388 5319 ξ
419 5242 591 5319 B_arb.
627 5246 846 5319 σηραῖς,
880 5245 1025 5319 (laws.
1060 5246 1126 5300 A.
1150 5248 1389 5319 σειραῖς.
1422 5316 1436 5319 _
1466 5244 1517 5319 "_
1540 5245 1649 5300 Ubi
1700 5245 1906 5319 codex_
1934 5246 2106 5303 Barb.
2159 5247 2340 5303 habet
2383 5247 2482 5301 τοῦ
2531 5238 2704 5319 ἔτους,
2766 5245 2981 5319 versit),
3007 5244 3163 5319 ⁸ΙΑΧΧ
3214 5243 3395 5319 habet
3452 5243 3718 5319 δνιαυτοῦ.

289 5311 745 5391 ἔϐυάἰοθεξ-ίμὴὶ
776 5311 947 5391 Barb.
981 5322 1107 5371 tum
1137 5311 1282 5391 Caes.
1325 5316 1990 5391 Αηζὶᾶὺθῐιίςυτρισαγίας.
2085 5318 2111 5353 ⁵
2149 5321 2362 5391 Cassam
2408 5317 2615 5391 A.ftbv
2673 5313 2900 5391 βασιλέα
2943 5313 3141 5391 Κύριον
3189 5311 3428 5391 σαϐαώθ.

3525 5318 3545 5352 ³
3575 5318 3720 5373 Cass.

294 5389 363 5462 ᾼ.
399 5384 751 5462 ἀπεᾷστάλλει,
785 5388 959 5442 Barb.
987 5393 1187 5443 autem
1209 5385 1530 5462 άπεᾳτάλει,
1559 5384 1792 5446 scilicet
1822 5384 1927 5462 pro
1959 5386 2262 5459 ἀπεστάλη·
2296 5384 2873 5462 notissimumAenim
2900 5392 3008 5453 est,
3027 5384 3104 5462 'in
3133 5389 3725 5462 antiquisco‘dicibus

294 5461 425 5532 haec
458 5460 775 5532 elementa.
812 5479 848 5528 ι,
883 5479 940 5527 η,
974 5478 1041 5523 ει,
1069 5461 1296 5532 saepius
1328 5460 1961 5532 invi_cer_n_permutari.

2066 5464 2085 5497 ’⁷
2116 5454 2353 5518 Caas.A.
2387 5460 2444 5514 ὅν
2474 5467 2542 5529 τῆ
2602 5454 2746 5526 λάόη
2800 5462 2926 5530 (pro
2974 5462 3043 5531 τῇ
3092 5454 3566 5532 λαϐῇ)’διέλαϐον
3621 5465 3723 5531 (sc.

297 5525 594 5603 διέλαϐεν).
629 5531 801 5586 Barb.
836 5525 1035 5587 autem
1068 5525 1272 5602 λαϐήδι
1305 5549 1411 5603 pro
1443 5525 1657 5589 λαϐίδῖ.
1733 5534 1755 5570 ³
1789 5534 2067 5590 Mendose
2094 5539 2220 5590 tum
2254 5535 2449 5603 Barb.,
2480 5525 2870 5605 καικτημένοξ,
2902 5525 3030 5587 tum
3087 5525 3254 5589 ϐαθεῖ
3284 5534 3349 5588 Α.
3401 5525 3723 5605 καίκτημεν.

1896 5670 2120 5725 ΝΟΤιΕ.

372 5764 448 5835 (2)
480 5760 686 5818 Divina
716 5763 947 5820 scilicet
974 5765 1283 5837 mysteria,
1318 5781 1574 5838 quorum
1604 5766 1995 5839 interpretem
2025 5767 2370 5825 laudaverat
2396 5765 2645 5823 Paulum
2675 5764 3048 5839 Apostolum.
