4074 6416
324 414 463 473 1469

321 544 450 616 ὅρος
499 534 908 613 καταλαμϐάνει
941 580 955 595 .
1008 535 1106 593 Καὶ
1163 534 1216 592 τί
1274 534 1482 599 δίκαιος
1528 555 1544 605 ;

321 636 418 688 τοῦ
480 628 646 686 Δαυίδ
710 626 989 702 μελῳδίαν
1053 621 1428 698 ἀναλαμϐάνει
1484 625 1575 681 καὶ
1630 624 1800 700 λέγει’
1853 624 1922 681 Εἰ
1955 625 1984 679 ὁ

321 719 525 797 ἐχθρὸς
584 716 832 774 ὠνείδισὲ
884 718 931 754 ³⁴
990 738 1105 789 με,
1180 717 1460 790 ὑπήνεγκα
1512 712 1568 769 ἂν
1606 733 1621 747 ⁶
1699 712 1788 768 καὶ
1849 711 1898 767 εἲ
1956 713 1983 768 ὁ

330 796 504 883 μισῶν
571 829 637 882 με
705 806 792 863 ἄπ’
876 806 974 879 ἐμὶ
1050 802 1673 881 ἐμεγαλορῥημονήθη,
1748 796 1981 876 ἐκρύϐην

324 899 383 956 ἃν
448 899 540 956 ἀπ’
602 897 788 957 αὐτοῦ.
861 891 1105 951 Δὲσποτα
1161 893 1349 968 Κύριε,
1410 897 1516 948 τῶν
1577 890 1823 967 δακρύων
1879 912 1983 965 μου

328 990 404 1063 μὴ
462 988 895 1065 παρασιωπήσῃς
928 1026 941 1045 .
1004 985 1103 1042 Καὶ
1159 985 1378 1046 πάντως
1430 1004 1537 1038 που
1592 986 1816 1039 τοιαῦτα
1866 978 1983 1037 δια-

325 1076 716 1153 λογιζόμενος.
751 1073 819 1130 Ei’
846 1074 957 1151 ἐγὼ
1010 1072 1063 1129 ἐν
1120 1074 1283 1130 παντὶ
1342 1070 1565 1148 Ἰσραήλ
1624 1069 1862 1139 ἄτεκνος,
1893 1069 1983 1125 καὶ

326 1164 558 1238 ὄνειδος,
618 1163 787 1220 καλόν
844 1185 938 1238 μοι
991 1163 1208 1237 μᾶλλον
1256 1164 1319 1219 τὸ
1376 1162 1664 1218 ἀποθανεῖν
1697 1159 1852 1235 λιμῷ
1891 1160 1982 1215 καὶ

324 1254 459 1330 δίψῃ
491 1254 799 1329 τηκόμενον
858 1254 925 1311 ³⁵.
974 1255 1065 1309 καὶ
1119 1255 1196 1328 μὴ
1228 1250 1411 1328 ἕτερον
1458 1258 1640 1325 Σεμετ)
1703 1248 1981 1327 ὀδυνηρῶς

321 1347 418 1401 τόν
452 1342 616 1400 Δαυίδ
646 1340 1023 1403 ἐπονειδίυειν,

1337 412 1587 468 ΒΒΒΜΟ
1622 412 1699 466 IN
1733 409 2291 466 CONCEPTIONRM
2327 411 2686 465 DEIPARE.

3604 407 3744 465 1470

1613 532 1823 597 Πάν-τος
1877 535 1978 603 τήν

2095 550 2225 591 sese
2256 535 2569 592 duodecim
2600 535 2873 591 tribubus
2901 535 3139 591 Israelis
3165 535 3455 607 adjunxit.
3489 538 3560 591 Et
3603 552 3740 593 cum

2094 640 2216 679 non
2246 625 2570 681 invenisset
2598 625 2679 689 id,
2717 625 2874 696 quod
2910 625 3215 696 quaerebat
3239 625 3313 680 ad
3342 625 3743 681 levamentum

2094 716 2363 770 mmroris
2395 715 2527 787 (16),
2574 716 2637 769 in
2669 721 2935 770 montem
2958 732 3019 770 se
3066 716 3297 786 recipit.
3344 716 3496 781 Quid
3542 721 3742 771 autem

2085 804 2286 876 justus
2298 804 2593 869 ?_Omnino
2612 804 2845 859 Davidis
2862 821 3103 860 carmen
3124 805 3393 872 resumit,
3420 810 3480 859 et
3506 805 3741 875 inquit:

2092 894 2153 949 Si
2182 895 2435 949 inimicus
2464 895 2836 950 maledixisset
2864 895 3023 961 mihi,
3046 897 3421 949 sustinuissem
3442 896 3633 965 utique
3653 911 3672 950 :
3693 901 3746 949 et

2092 982 2143 1039 si
2169 984 2401 1053 superbe
2456 984 2595 1038 mihi
2623 986 2668 1039 is
2717 985 3052 1053 insultasset,
3106 987 3204 1055 qui
3250 1002 3333 1040 me
3380 985 3509 1038 odio
3549 998 3746 1053 prose-

2094 1075 2304 1143 quitur,
2337 1074 2405 1127 ab
2445 1074 2563 1143 ejus
2612 1081 2899 1144 conspectu
2946 1089 3030 1128 me
3070 1074 3465 1130 subduxissem.
3520 1074 3747 1128 Domine

2094 1162 2251 1231 Deus,
2286 1179 2353 1216 ne
2383 1168 2599 1217 avertas
2635 1165 2833 1231 faciem
2886 1170 3036 1217 tuam
3083 1180 3117 1217 a
3162 1162 3418 1231 lacrymis
3472 1164 3603 1217 meis
3632 1162 3737 1233 (q).

2093 1253 2180 1307 Ita
2210 1252 2371 1307 enim
2400 1251 2524 1307 fere
2558 1268 2760 1307 secum
2792 1251 3261 1307 ratiocinabatur
3291 1267 3305 1307 :
3353 1252 3401 1307 si
3434 1268 3537 1324 ego
3578 1251 3743 1307 solus

2094 1342 2155 1397 in
2185 1342 2460 1397 universo
2484 1341 2702 1397 Israele
2732 1341 3055 1396 liberorum
3078 1358 3287 1413 expers
3317 1358 3470 1409 sum,
3503 1347 3562 1397 et
3588 1345 3744 1411 (om-

321 1438 513 1509 nium)
544 1436 929 1509 cpprobrium
959 1438 1227 1503 effectus,
1255 1436 1440 1492 satius
1471 1435 1616 1491 mihi
1640 1438 1732 1489 est
1760 1433 1909 1488 mori
1942 1432 2097 1488 fame
2147 1449 2210 1489 ac
2235 1433 2333 1488 siti
2391 1432 2748 1504 confectum,
2781 1449 2960 1504 quam
2991 1438 3057 1488 ut
3086 1432 3238 1487 alius
3269 1432 3460 1488 Semei
3489 1448 3585 1489 me
3633 1448 3742 1489 ceu

322 1528 579 1583 alterum
610 1526 888 1583 Davidem
919 1526 1337 1582 contumeliosi
1365 1525 1557 1581 verbis
1588 1523 2037 1596 opprimat(l‘7).

399 1617 471 1672 Z‘.
515 1613 575 1669 Τί
633 1612 989 1689 χαλεπαίνεις
1025 1659 1038 1683 ,
1101 1616 1145 1668 ὧ
1201 1614 1523 1687 πρωτότοκε
1591 1608 1824 1685 Ῥουϐὶμ
1886 1612 1980 1667 καὶ

322 1704 619 1781 ἂχάριστες
654 1723 666 1771 ;
709 1703 777 1760 Τί
830 1703 1184 1779 προσκρούεις
1216 1704 1243 1758 ὁ
1276 1702 1667 1778 ἀνευλόγητος,
1707 1706 1788 1775 τῶ
1819 1700 1983 1756 εύλο-

317 1795 553 1869 γημὲνῳ
585 1813 598 1864 ;
633 1792 704 1849 Τί
736 1791 821 1859 σὺ,
856 1790 902 1846 ὦ
932 1790 1123 1862 πένης,
1156 1792 1356 1868 κρίνεις
1387 1792 1478 1847 τὸν
1515 1790 1742 1868 βασιλέα
1774 1808 1787 1860 ;
1830 1788 1978 1865 Ούχί

317 1882 591 1939 τελευτῶν
621 1883 651 1937 ὀ
699 1876 895 1937 Ἰακὼϐ
928 1882 956 1936 ὁ
987 1883 1166 1955 πατὴρ
1218 1883 1545 1959 ἀμφοτέρων
1604 1878 1827 1957 ἤλεγξεν
1881 1880 1975 1953 μὲν

2163 1613 2279 1668 VIl.
2314 1612 2463 1679 Quid
2487 1617 2605 1668 tam
2639 1612 2887 1668 immani
2920 1613 3009 1668 ira
3038 1612 3450 1680 commoveris,
3476 1628 3509 1667 ο
3532 1612 3742 1668 Ruben

2089 1703 2484 1775 primogenite
2516 1706 2571 1757 et
2604 1702 2814 1757 acerbe
2841 1703 2867 1759 ‘2
2896 1703 3046 1768 Quid
3080 1707 3142 1758 tu
3175 1702 3609 1758 benedictionis
3641 1719 3740 1758 ex-

2090 1808 2218 1847 sors
2249 1792 2531 1847 adversus
2579 1808 2717 1847 eum
2775 1792 3055 1865 insurgis,
3100 1793 3203 1863 qui
3260 1792 3741 1848 benedictionem

2091 1888 2445 1937 consecutus
2476 1883 2612 1938 est?
2641 1883 2793 1947 Quid
2834 1886 2916 1949 tu,
2970 1898 3216 1953 pauper,
3261 1898 3461 1951 regem
3502 1882 3742 1953 judicas

316 1973 422 2042 τὴν
474 1973 570 2039 σήν
632 1972 839 2043 ἄνοιαν,
898 1972 992 2026 τὸν
1051 1968 1108 2025 δὲ
1166 1968 1375 2027 Ἰούδαν
1431 1970 1775 2048 εύλόγησεν;
1837 1968 1977 2026 Ἰδοὺ

2095 1977 2149 2027 et
2177 1972 2540 2027 condemnas
2570 1974 2677 2042 (18)
2696 1972 2723 2028 ?
2754 1974 2958 2028 Nonne
3000 1973 3265 2028 moriens
3294 1972 3470 2028 Jacob
3518 1973 3743 2028 utrius-

315 2060 424 2137 γὰρ
482 2061 530 2097 36
588 2062 948 2131 ἀποθνήσκων
1030 2062 1176 2116 εἶπεν
1212 2079 1226 2093 ·
1286 2058 1510 2130 Ἰούδα,
1600 2061 1658 2115 σε
1741 2060 1979 2115 αἶνὲσου·

322 2172 407 2206 σιν
467 2153 513 2189 ³⁷
574 2152 626 2206 οἱ
682 2150 911 2226 ἀδελοοί
980 2169 1098 2206 σου’
1160 2152 1215 2206 αἱ
1272 2152 1458 2226 χεῖρές
1516 2170 1612 2206 σου
1660 2151 1745 2205 ἐπὶ
1804 2150 1982 2206 τώτου

316 2246 430 2297 τῶν
520 2240 735 2317 ἐχθρῶν
812 2260 931 2296 σου’
1006 2240 1097 2296 καὶ
1182 2242 1647 2316 προσκυνήσουσίν
1732 2261 1791 2295 σε
1871 2238 1982 2294 υἱοὶ

290 2326 423 2387 ’τοῦ
482 2329 692 2404 Πατρός
749 2351 892 2387 σου.
982 2330 1235 2404 Σκύμνος
1320 2328 1544 2393 λέοντος
1626 2327 1858 2403 Ἰούδα,
1925 2328 1986 2385 ἐκ

324 2420 569 2497 βλαστοῦ
604 2463 618 2491 ,
679 2418 761 2474 υἱὲ
821 2440 958 2493 μου,
1009 2415 1207 2490 ἀνέϐης
1264 2420 1331 2477 ³⁸.
1374 2420 1681 2477 Ἀναπεσὼν
1742 2418 1983 2491 ἐκοιμή-

319 2512 425 2579 θης
455 2510 531 2571 ὡς
589 2508 752 2576 λέων,
802 2508 894 2565 καὶ
952 2507 1030 2572 ὡς
1081 2509 1320 2583 σκύμνος
1368 2508 1612 2571 λὲονττςο
1669 2507 1752 2573 τίς
1809 2506 1984 2585 ἐγερεῖ

324 2597 488 2656 αὐτόν
523 2618 537 2668 ;
571 2596 686 2656 Ούκ
742 2595 985 2673 ἐκλείψει
1044 2596 1233 2675 ἅρχων
1289 2597 1341 2669 ἐξ
1393 2596 1569 2655 Ἰούδα
1600 2643 1618 2665 ,
1666 2598 1756 2653 καὶ
1813 2597 1982 2674 ἡγού-

322 2709 487 2763 μενος
544 2686 604 2743 ἐκ
654 2692 763 2743 τῶν
828 2691 1021 2763 μηρῶν
1077 2685 1266 2760 αὐτοῦ,
1320 2685 1427 2749 ἕως
1485 2686 1545 2743 ἃν
1602 2686 1812 2763 ἔλθῃῷ
1845 2687 1983 2742 ἀπό-

321 2799 547 2848 κειται,
606 2778 699 2833 καὶ
775 2776 939 2840 αὐτὸς
1017 2775 1323 2854 προσδοκία
1398 2777 1565 2841 ἐθνῶν
1602 2820 1616 2836 .
1694 2778 1981 2851 Δεσμεύων

321 2869 460 2945 πρὸς
520 2867 769 2941 ἄμπελον
820 2869 921 2937 τὴν
973 2863 1096 2922 ὄνον
1128 2868 1178 2904 ³9
1236 2865 1421 2935 αὐτοῦ,
1479 2867 1567 2922 καὶ
1618 2870 1687 2941 τῇ
1715 2864 1982 2923 ἓλικιτόν

324 2954 517 3013 πῶλον
579 2962 680 3027 τῆς
736 2951 863 3012 ὄνου
922 2956 1087 3011 αὐτοῦ
1143 2957 1235 3014 ‘0.
1291 2957 1498 3012 Πλυνεῖ
1554 2955 1606 3012 ἐν
1678 2955 1811 3030 ο’ίνῳ
1879 2958 1977 3026 τήν

323 3046 530 3115 στολὴν
568 3091 582 3117 ,
640 3047 728 3101 καὶ
792 3044 843 3101 ἐν
901 3044 1092 3120 αἵματι
1154 3052 1253 3116 τῆς
1311 3045 1593 3124 σταφυλῆς
1658 3047 1759 3116 τὴν
1823 3065 1980 3122 περι-

326 3132 505 3206 ϐολὴν
566 3136 731 3192 αὐτοῦ
765 3179 779 3194 .
835 3138 1135 3212 Χαροποιοὶ
1199 3137 1250 3192 οἱ
1299 3135 1579 3215 ὀφθαλμοὶ
1654 3138 1823 3193 αὐτοῦ
1875 3137 1981 3193 ἀπὸ

326 3223 483 3281 οἷ’νου
518 3245 532 3258 ο
590 3225 683 3281 καὶ
742 3225 928 3281 λευκοὶ
983 3227 1034 3280 οἳ
1096 3223 1313 3288 ὀδόντες
1376 3227 1544 3281 αὐτοῦ
1610 3225 1738 3280 ὡσεὶ
1784 3225 1929 3302 γάλα
1963 3268 1978 3284 .

399 3315 619 3388 Πρῶτον
684 3315 778 3389 μὲν
838 3313 1147 3389 ὀνειδισμὸν
1199 3313 1281 3389 τῷ
1356 3310 1587 3390 Ῥουϐὶμ
1643 3314 1979 3393 ἐπήνεγκεν⁹

312 3404 488 3481 φησὶν
545 3404 671 3480 γὰρ.
751 3400 981 3478 Ῥουϐὶμ
1058 3404 1411 3482 πρωτότοκός
1490 3426 1596 3479 μου
1651 3405 1744 3462 καὶ
1829 3407 1978 3484 ἀρχὴ

306 3491 522 3549 τέκνων
577 3496 620 3532 ⁴¹
684 3514 790 3565 μου
825 3511 840 3528 '
919 3493 1161 3570 σκληρὸς
1215 3496 1264 3532 ⁴²
1320 3495 1613 3574 φέρεσθαι,
1687 3495 1982 3573 σκληρὰς,

315 3578 592 3654 αὐθάδης·
648 3576 929 3657 ἐξυϐρισας
966 3626 981 3653 ,
1041 3583 1117 3645 ὡς
1170 3581 1316 3658 ὕδωρ
1349 3627 1364 3654 ,
1429 3585 1505 3657 μὴ
1557 3584 1780 3661 ἐκζὲσῃς
1814 3604 1829 3619 ο
1889 3585 1982 3641 ἀν-

395 3716 474 3790 (q)
506 3716 663 3774 Psal.
694 3734 803 3787 Liv,
840 3718 928 3790 13,
962 3718 1035 3792 (r)
1070 3719 1211 3776 Gen.
1243 3734 1396 3791 xLix,
1436 3720 1469 3773 8
1509 3736 1701 3793 seqq.,
1736 3736 1853 3777 sec.
1888 3721 2056 3777 LXX.

2090 2078 2204 2131 que
2236 2067 2405 2132 pater
2420 2066 2582 2116 tuam
2610 2061 2851 2132 quidem
2872 2062 3194 2117 amentiam
3224 2062 3545 2134 redarguit,
3577 2060 3743 2116 Judm

2090 2155 2289 2205 autem
2320 2150 2473 2206 bene
2502 2156 2777 2222 precatus
2810 2156 2902 2206 est
2927 2150 2954 2206 ?
2976 2154 3122 2207 Ecce
3150 2152 3311 2206 enim
3341 2152 3518 2206 morti
3541 2151 3740 2223 proxi-

2090 2255 2223 2295 mus
2254 2240 2337 2295 ita
2366 2240 2598 2295 loeutus
2629 2246 2721 2296 est
2738 2241 2847 2312 (r):
2887 2241 3053 2309 Juda,
3088 2248 3141 2296 te
3181 2242 3487 2296 laudabunt
3532 2244 3739 2310 fratres

2091 2331 2218 2386 tui:
2268 2345 2460 2384 manus
2500 2336 2605 2384 tua:
2661 2332 2720 2384 in
2760 2331 2920 2385 dorso
2967 2332 3319 2386 inimicorum
3368 2338 3636 2386 tuorum:
3684 2336 3740 2385 et

2090 2420 2407 2474 adorabunt
2437 2426 2489 2474 te
2516 2419 2624 2491 ﬁlii
2645 2421 2827 2489 patris
2858 2422 2940 2475 tui
2980 2420 3113 2491 (19).
3166 2419 3391 2477 Catulus
3437 2421 3607 2475 leonis
3634 2421 3737 2473 Ju-

2091 2510 2165 2564 da
2192 2526 2213 2573 ;
2243 2526 2312 2564 ea:
2340 2512 2604 2579 germine,
2638 2509 2720 2579 ﬁli
2768 2512 2867 2578 mi,
2915 2512 3224 2565 ascendisti.
3271 2509 3508 2565 Reclinis
3563 2525 3736 2564 accu—

2094 2599 2259 2654 buisti
2290 2606 2351 2653 ut
2385 2598 2488 2664 leo,
2538 2605 2589 2654 et
2626 2605 2687 2653 ut
2735 2600 2949 2654 catulus
3008 2600 3193 2655 leaenas
3222 2616 3245 2663 ;
3273 2616 3397 2670 quis
3451 2598 3742 2655 suscitabit

2090 2705 2211 2744 eum
2231 2688 2259 2743 ‘l
2278 2690 2395 2743 Non
2424 2687 2639 2758 deﬁciet
2660 2691 2922 2758 princeps
2941 2689 3009 2743 de
3035 2690 3203 2756 Juda,
3222 2696 3275 2744 et
3291 2689 3408 2744 diu:
3428 2690 3494 2743 de
3512 2690 3742 2758 femori-

2093 2780 2187 2834 bus
2217 2781 2356 2849 ejus,
2388 2778 2561 2833 donec
2588 2780 2801 2834 uenerit
2830 2781 2920 2834 cui
2947 2782 3247 2849 repositum
3277 2787 3379 2845 est,
3410 2786 3461 2834 et
3490 2781 3605 2850 ipse
3635 2781 3744 2835 erit

2089 2870 2430 2938 exspectatio
2459 2870 2725 2938 gentium.
2758 2868 3008 2938 Alligans
3034 2870 3108 2924 ad
3120 2870 3285 2923 vitem
3315 2871 3544 2925 asimam
3559 2886 3739 2937 suam,

2089 2967 2141 3015 et
2171 2960 2245 3015 ad
2274 2961 2499 3015 helicem
2524 2959 2745 3031 pullum
2770 2963 2943 3017 asina
2960 2975 3098 3017 suae.
3130 2962 3363 3015 Lavabit
3394 2964 3451 3016 in
3479 2964 3605 3017 vino
3635 2968 3741 3017 sto-

2091 3051 2199 3106 lam
2228 3066 2382 3106 suam
2413 3056 2466 3104 et
2496 3052 2556 3104 in
2584 3052 2870 3119 sanguine:
2899 3066 3017 3105 uvw
3055 3051 3297 3120 pallium
3325 3067 3481 3105 suum
3528 3052 3739 3121 Latiti-

2089 3146 2272 3194 cantes
2313 3145 2443 3194 sunt
2473 3139 2620 3194 oculi
2668 3141 2785 3209 ejus
2821 3155 2943 3210 prae
2994 3142 3146 3210 vino,
3191 3145 3241 3195 et
3289 3139 3514 3195 candidi
3556 3140 3741 3195 dentes

2090 3232 2207 3301 ejus
2246 3231 2407 3299 quasi
2438 3228 2542 3286 lae.

2161 3321 2352 3374 Antea
2376 3336 2552 3390 porro
2580 3318 3036 3391 exprobationes
3057 3319 3119 3373 in
3151 3318 3356 3374 Ruben
3386 3318 3738 3390 protulerat.

2091 3409 2292 3480 Inquit
2321 3410 2517 3464 enim:
2551 3410 2738 3465 Ruben
2776 3410 3183 3479 primogenitus
3214 3425 3393 3475 meus,
3427 3414 3480 3463 et
3518 3410 3742 3478 princi—

2082 3502 2245 3571 pium
2274 3499 2519 3570 ﬁliorum
2543 3514 2811 3566 meorum,
2828 3500 3097 3570 pervicere
3121 3500 3285 3553 nimis
3316 3513 3481 3568 qnam
3510 3504 3572 3551 ut
3600 3499 3743 3566 ferri

2082 3591 2306 3661 possit,
2353 3591 2627 3660 pervicaa:
2677 3592 2729 3644 et
2776 3604 2992 3659 procax
3023 3629 3036 3643 .
3097 3589 3295 3644 Fecisti
3359 3588 3743 3643 contumeliam

1692 3864 1928 3921 VARLE
1986 3863 2388 3920 LECTIONES.

396 3978 442 4013 ⁸⁸
474 3979 752 4049 Mendose
776 3978 961 4035 codex
995 3979 1164 4037 Barb.
1198 3976 1379 4049 ὀνειδή

1516 3986 1574 4036 et
1603 3982 1779 4057 Cses.‘
1809 3987 2058 4054 uterque
2116 3976 2374 4057 dveloftaev
2408 3998 2433 4057 :_
2476 3998 2632 4057 nam,
2654 3981 2751 4057 vel
2801 3978 3044 4057 ὠνείδισε
3087 4001 3222 4057 cum
3254 3984 3400 4041 LXX
3430 3983 3748 4057 legendum

396 4000 442 4013 ν’
474 4000 752 4035 mendose
776 4000 961 4035 coaex
995 4000 1164 4037 nam.
1198 4000 1379 4049 ονειοη
1464 4026 1478 4051 ,
1516 4000 1574 4036 et
1603 4000 1747 4037 uses.
1809 4000 2058 4054 uterque
2116 4000 2374 4034 ονειοισεν
2408 4000 2420 4036 :
2476 4000 2614 4036 nam
2654 4000 2745 4037 V01
2801 4000 3044 4037 ωνειοισε
3087 4001 3222 4040 cum
3254 4000 3400 4041 1.2m
3430 4000 3748 4057 legendum

325 4052 562 4126 est,ivel
595 4048 851 4123 ὀνειδίσῃ,
886 4053 971 4107 uti
1004 4051 1326 4126 aliquando
1358 4000 1554 4126 sco-rent
1588 4053 1782 4126 iAttici
1814 4060 1949 4126 post
2004 4052 2359 4126 particulam
2392 4051 2457 4108 εί.
2508 4052 2555 4088 3°
2584 4054 2860 4110 Mendose
2891 4056 3060 4112 Barb.
3090 4056 3398 4126 τικόμενον,
3434 4057 3749 4111 absurdius

323 4125 527 4199 autem
555 4126 706 4199 Caes.
735 4124 1327 4199 υιθιηᾳιιθ-τικόαενος.
1361 4124 1409 4160 ³⁸
1439 4124 1511 4179 Τὸ
1540 4125 1667 4199 γὰρ,
1699 4124 1858 4199 quod
1889 4142 1923 4179 a
1956 4124 2122 4199 Barb.
2159 4125 2476 4199 exciderat,
2512 4126 2851 4199 suppletum
2885 4143 2955 4183 ex
2985 4128 3128 4183 Caes.
3165 4124 3413 4199 utroque
3435 4127 3479 4163 ³⁷
3501 4128 3643 4183 (ἓως.
3679 4131 3747 4186 A.

320 4191 537 4272 αξνεσαν
573 4191 961 4272 laudarunt‘;_
986 4193 1518 4272 ΙιχΧηαίνὲσαισαν,
1555 4191 2012 4272 'Complutensis
2064 4196 2357 4272 αίνέσουσι.
2406 4196 2457 4272 θξ
2502 4191 2602 4251 Τὸ’
2626 4191 2848 4272 ἆνὲϐης,
2904 4199 3060 4272 quod
3093 4199 3259 4255 abest
3282 4191 3541 4261 a'Barbq
3610 4217 3753 4272 sup-

321 4266 554 4338 pletum
587 4284 656 4321 ex
686 4273 884 4337 utroq.
923 4268 1065 4322 Czns.
1127 4268 1173 4301 ³9
1199 4268 1475 4324 Mendose
1509 4270 1677 4324 Barb.

1761 4271 1814 4325 ic
1869 4275 1928 4325 et
1983 4269 2160 4340 paulo
2215 4270 2372 4326 infra
2417 4268 2557 4343 ὥνον
2607 4288 2712 4343 pro
2754 4264 2975 4325 eam.“
3005 4273 3071 4326 In
3094 4272 3237 4329 Caas.
3272 4278 3336 4326 Δ.
3370 4264 3751 4327 desiderntur

323 4353 492 4419 seqq.
533 4354 546 4391 :
579 4344 629 4419 et
658 4339 732 4419 ad
762 4339 988 4419 helz’cem
1024 4339 1244 4409 pullum
1275 4343 1444 4419 asinae
1501 4357 1630 4396 sum.
1664 4344 1765 4419 _Et
1791 4345 1854 4419 in
1883 4339 2151 4419 sanguine
2206 4356 2331 4419 uuae
2365 4339 2830 4419 palliumisuum.
2857 4343 3001 4398 Caes.
3036 4360 3190 4419 _ver_o
3240 4345 3300 4398 B.
3337 4345 3428 4419 sic
3450 4344 3627 4419 verba
3657 4345 3749 4399 in-

320 4411 544 4481 vertit;
578 4416 631 4463 et
660 4411 717 4463 in
748 4411 1019 4481 sanguine
1050 4426 1175 4467 uva?
1198 4412 1439 4481 pallium
1470 4429 1626 4467 suum
1658 4414 1887 4481 laeabit,
1912 4416 1970 4468 in
2000 4416 2126 4469 vino
2154 4414 2348 4469 stolam
2376 4429 2554 4469 suam.
2585 4414 2628 4450 ⁴¹
2664 4414 2855 4471 Mend.
2878 4420 3003 4470 tum
3036 4414 3204 4471 Barb.
3240 4420 3366 4471 tum
3390 4416 3514 4472 Caes
3542 4414 3749 4470 τέκνον.

318 4480 369 4516 ⁸³
402 4480 571 4535 Barb.
607 4480 808 4535 mend.
842 4478 1122 4555 σκληρῶς,
1148 4478 1308 4538 recte
1336 4484 1460 4538 Caes
1483 4481 1750 4558 σκληρός.

1925 4586 2149 4640 ΝΟΤίΕ.

395 4694 507 4765 (16)
564 4697 645 4751 Ea
704 4696 932 4751 scilicet
994 4698 1245 4754 historia
1315 4698 1498 4753 refert
1578 4699 1778 4755 nullos
1836 4700 1985 4755 alios

324 4783 463 4823 eum
497 4768 792 4839 reperisse
823 4769 1130 4842 conjuges,
1165 4771 1264 4842 qui
1293 4788 1537 4843 prorsus
1568 4773 1735 4844 prole
1762 4772 1988 4827 caruis-

326 4844 479 4894 sent.

396 4911 509 4982 (l7)
540 4912 841 4987 Nonnulla
862 4912 957 4967 hic
991 4914 1326 4987 supplenda
1351 4915 1516 4970 fuere
1548 4915 1989 4987 perspicuitatis

325 4982 836 5059 ergo;_siqui_d_em_
883 4982 1175 5059 oratio—ad
1226 4988 1427 5042 minus
1475 4982 1986 5059 typica'prorsus,

324 5052 426 5128 aut
454 5052 627 5107 valde
650 5055 915 5128 elliptica
956 5057 1231 5114 habenda
1279 5064 1425 5128 erat,
1460 5052 1747 5128 οἷ’ἕτεροξ
1795 5059 1985 5113 Semei

321 5118 505 5196 ἕτερον
550 5118 917 5201 postulabat
949 5128 1225 5201 Davidem
1258 5174 1270 5186 .
1329 5118 1516 5196 Quam
1564 5118 1986 5201 pessumdatus

322 5195 521 5250 autem
550 5195 716 5250 locus
748 5198 861 5251 iste
891 5196 1092 5263 fuerit,
1120 5219 1150 5255 e
1182 5195 1653 5257 binisCuzsareis
1680 5202 1985 5257 codicibus

323 5266 717 5345 discas_licet,_
745 5271 1184 5345 quprumalter
1212 5275 1303 5342 (Α)
1332 5272 1671 5345 habet,ml_
1690 5273 1766 5343 μὴ
1799 5268 1982 5345 ἕτερον

318 5340 445 5414 ειτινᾶιΔ
499 5338 578 5414 εἰς
634 5336 732 5410 ἐμὲ
764 5334 1243 5414 ’ὀδυνηρὸςῗβὶίὴ
1282 5334 1387 5414 ’τὸν
1461 5334 1592 5398 Θεὸν
1656 5334 1981 5412 ἐπονιδίζειν

320 5359 440 5392 τινα
499 5359 574 5398 εις
634 5359 732 5410 εμε
789 5359 957 5407 οουνη
1003 5361 1062 5401 ος
1117 5359 1243 5434 (810)
1296 5359 1387 5397 τον
1461 5359 1592 5398 δεον
1656 5359 1981 5412 επονιοιςειν

320 5411 679 5536 gsic):8a'ltter
730 5429 866 5467 vero
899 5359 993 5484 (Βς
1015 5413 1103 5466 καὶ
1168 5435 1244 5486 μη
1296 5411 1479 5490 ἕτερον
1525 5414 1663 5487 πρὸς
1690 5415 1785 5470 τὸν
1817 5414 1982 5470 Δαυίδ

353 5502 506 5535 πονει
554 5504 566 5535 ι
609 5502 705 5536 ειν.

353 5479 705 5549 πονειδίζειν.

392 5556 505 5626 (18)
542 5555 719 5632 Bari):
742 5560 800 5609 et
830 5556 973 5632 C5133.
1124 5559 1412 5614 mendose
1460 5559 1654 5631 κρίνης
1703 5578 1808 5632 pro
1858 5559 1982 5631 κρί-

311 5645 444 5693 νεις,
475 5628 650 5700 pelus
681 5628 825 5700 Caes.
867 5628 927 5681 Β.
960 5626 1184 5700 κρίνειν.
1219 5626 1510 5686 Caeterum
1561 5626 1981 5688 cum-Cznsz.

357 5714 420 5752 ro
457 5696 519 5777 ab
550 5696 846 5777 legathoi,
877 5696 1307 5777 uterque-vero.
1341 5706 1408 5758 A.
1445 5709 1504 5759 et
1533 5705 1594 5759 Β.
1620 5720 1725 5775 pro
1757 5700 1983 5777 βασιλέα

341 5776 525 5842 egunt
550 5768 649 5839 τήν
683 5768 833 5846 ῥίζαν
865 5771 965 5841 τὴν
999 5768 1316 5847 βασιλικὴν,
1350 5792 1564 5832 sensus
1597 5768 1941 5849 exsurgeret
1968 5791 1983 5832 :

2099 4701 2244 4765 Quid
2265 4702 2385 4774 tibi,
2413 4717 2440 4755 ο
2456 4718 2693 4771 pauper,
2725 4705 2952 4773 stirpem
2977 4707 3187 4774 regiam
3205 4702 3470 4758 attribuis
3489 4706 3517 4756 ?
3539 4704 3754 4757 Verum

2099 4774 2146 4846 si
2179 4772 2408 4846 recolas
2441 4774 2772 4846 sterilitatis
2804 4772 3189 4846 opprobrium
3222 4776 3359 4830 inde
3406 4775 3583 4828 etiam
3628 4790 3756 4846 mo:

2097 4843 2307 4919 l_est_ius
2358 4844 2576 4900 Judzeis
2623 4843 3039 4919 fuissefquod
3088 4854 3403 4919 propterea
3434 4862 3537 4915 spe
3592 4845 3754 4919 omni

2096 4914 2449 4971 deciderunt
2482 4933 2511 4970 e
2542 4918 2783 4989 proprio
2818 4914 3044 4973 semine
3077 4914 3349 4974 Messiam
3383 4914 3509 4971 esse
3543 4916 3753 4989 prodi-5

2096 4992 2295 5041 turum
2324 5005 2337 5053 ;
2371 5005 2578 5043 rursus
2610 4987 2673 5043 si
2704 4990 3001 5046 rationem
3032 4991 3252 5045 habeas
3286 4993 3618 5054 contextus,
3652 4987 3753 5058 qui

2094 5075 2222 5113 rem
2270 5076 2337 5114 eo
2388 5059 2730 5115 adduxitut
2779 5062 3115 5129 concludat,
3166 5079 3283 5117 non
3343 5078 3411 5115 ex
3466 5058 3753 5128 Rubenis,

2097 5130 2201 5185 sed
2238 5146 2317 5204 ex
2359 5131 2523 5204 ludas
2587 5131 2771 5204 stirpe
2829 5134 3101 5189 Messiam
3150 5134 3539 5204 nasciturum
3581 5146 3750 5197 esse;

2095 5202 2323 5273 patebit
2350 5201 2523 5277 facile
2568 5201 2951 5277 retinendum
2983 5222 3111 5260 esse
3167 5201 3392 5277 βασιλέα
3427 5219 3440 5255 :
3473 5201 3751 5277 adOptato

2095 5281 2294 5329 autem
2342 5290 2413 5349 ex
2444 5274 2588 5329 Caes.
2637 5276 2699 5331 Β.
2732 5274 2795 5329 τὸ
2827 5274 2934 5343 σοί,
2987 5274 3247 5349 exsurgit
3304 5291 3515 5331 sensus
3564 5274 3754 5345 magis

2095 5345 2399 5401 contextui
2433 5363 2729 5418 congruus
2765 5364 2777 5401 :
2810 5350 2954 5413 Quid
2983 5350 3107 5415 sibi,
3142 5345 3384 5418 o'inops,
3416 5361 3597 5418 regem
3628 5348 3754 5399 vin-

2093 5419 2243 5472 dicas
2272 5422 2300 5472 ?
2328 5420 2448 5491 Rex
2480 5417 2679 5473 tamen
2738 5420 3025 5490 appellari
3079 5421 3270 5491 potuit
3298 5417 3386 5473 iet
3432 5417 3599 5479 Juda,
3648 5434 3753 5471 seu

2095 5491 2273 5561 stirps
2302 5489 2487 5562 Judas,
2540 5490 2634 5544 cui
2685 5489 2985 5562 sceptrum
3016 5509 3051 5547 a
3079 5489 3253 5547 Jacob
3285 5490 3579 5546 moriente
3616 5506 3752 5560 pro-

2092 5560 2343 5616 missum
2376 5560 2588 5618 fuerat.

2164 5634 2275 5702 (19)
2308 5632 2478 5687 Barb.
2522 5633 2783 5707 C._legit
2839 5636 2945 5686 τῶν
2996 5632 3242 5707 πατέρων
3304 5654 3423 5704 σου,
3486 5639 3547 5689 at
3604 5633 3750 5707 Caes.

2094 5708 2287 5775 uterq.
2320 5707 2418 5780 τοῦ
2448 5702 2652 5777 πατρός
2704 5721 2839 5780 eoo:
2900 5721 3079 5777 quam
3136 5702 3458 5763 lectionem
3487 5705 3756 5780 praetuli-

2093 5792 2249 5845 mus,
2282 5776 2369 5831 uti
2405 5776 2572 5833 sacro
2604 5777 2790 5833 textui
2823 5776 3310 5836 consentaneum.
