4074 6414
290 426 459 482 1473

1333 419 1580 477 SEBMO
1614 424 1690 476 IN
1727 422 2287 479 OONCEPTIONBM
2323 426 2685 481 DEIPARB.

3598 424 3739 480 1474

292 547 613 625 χρησμόςς
672 550 778 602 ποῖ’)
830 549 927 602 τοῦ
988 543 1184 601 Ἰεσσαὶ
1235 546 1271 614 ἡ
1333 543 1458 621 ῥίζα
1513 544 1580 614 ⁸³,
1638 547 1745 598 ποῦ
1796 543 1824 598 6
1869 548 1968 600 τοῦ

2095 549 2295 631 ctum?
2323 552 2398 604 At
2426 567 2601 606 nemo
2635 552 2745 616 est,
2778 548 2877 621 qui
2896 548 2971 604 ad
2994 564 3087 603 me
3101 549 3426 615 renuntiet,
3460 552 3619 621 quod
3640 551 3742 607 do-

292 637 482 694 Δαυΐδ
505 632 822 712 πρόϐολοςς

2080 638 2312 693 minum
2342 656 2542 695 meum
2575 640 2811 711 uspiam
2854 638 3086 694 viderit.
3122 638 3283 694 Heul
3328 639 3460 709 quis
3492 640 3605 694 erit
3638 654 3741 711 qui

294 730 466 787 mihi
504 735 709 785 narret
736 728 981 784 ubinam
1013 726 1091 782 sit
1118 727 1337 798 conjux
1369 731 1428 782 et
1457 726 1757 781 convictor
1785 727 2002 782 meus?
2048 726 2150 781 ubi
2202 727 2524 784 Abrahami
2556 745 2741 799 nepos
2774 733 2832 782 et
2862 728 3173 783 aemulator
3197 728 3223 782 ?
3253 726 3353 782 ubi
3388 728 3570 784 lsaaci
3603 746 3743 784 con-

295 821 647 877 tubernalis
667 822 694 876 ‘I
723 821 823 875 ubi
856 820 1094 875 Israelis
1123 817 1401 873 vaticinio
1432 816 1751 888 prmdictus
1772 818 1799 873 ‘2
1828 817 1927 872 ubi
1960 816 2129 872 radix
2157 818 2319 873 Jesse
2340 818 2367 873 ‘2
2396 818 2495 873 ubi
2526 819 2838 891 progenies
2871 818 3049 873 David
3072 818 3099 873 ‘I

378 914 562 964 Ταῦτα
593 906 650 963 δὶ
697 907 906 984 ἐγένετο
962 905 1013 961 ἐν
1072 910 1152 978 τῷ
1210 902 1752 979 πεντακισχιλιοστῷ
1779 904 1967 978 τετρά-

297 1003 587 1070 κοσιοστῷ
642 998 733 1053 καὶ
794 993 1150 1071 ὀγδοηκοστῷ
1206 994 1375 1068 τρίτῳ
1432 992 1539 1049 ἔτει
1568 996 1614 1031 ⁶⁴
1644 993 1750 1051 ἀπὸ
1789 994 1972 1070 ἀρχῆς

299 1086 542 1148 κτίσεως
591 1084 825 1158 κόσμου,
874 1084 927 1139 ἐν
975 1088 1044 1157 τῇ
1090 1084 1316 1159 πέμπτῃ
1373 1083 1464 1139 καὶ
1510 1079 1896 1159 ἑϐδομηκοστῇ
1929 1087 1974 1122 ⁸⁵

300 1180 493 1250 γενεᾷ,
571 1173 751 1236 καθὼς
830 1178 1094 1250 μαρτυρεῖ
1149 1174 1177 1227 6
1236 1170 1477 1247 ἀψευδὴς
1534 1176 1579 1211 ⁵⁸
1636 1173 1972 1253 συγγραφεὺς

300 1270 550 1332 Λουκᾶς,
606 1262 902 1337 ἀρξάμενος
958 1264 1065 1318 ἀπὸ
1116 1266 1213 1317 τοῦ
1272 1263 1492 1337 Ἰωσὴρ,
1566 1262 1657 1318 καὶ
1712 1260 1817 1326 ἕως
1873 1267 1971 1318 τοῦ

303 1357 449 1408 Θεοῦ
481 1348 836 1428 ἀναδραμὼν.

385 1447 459 1499 Θ’.
494 1441 598 1499 Καὶ
629 1439 817 1511 ἐπειδή
872 1441 923 1513 ἐξ
979 1439 1157 1501 Ἰούδα
1210 1439 1441 1517 ἔμελλεν
1475 1440 1788 1498 ἀνατέλλειν
1815 1442 1842 1497 6
1871 1444 1972 1507 τῆς

305 1528 661 1602 δικαιοσύνης
694 1530 912 1603 Ἤλιος,
970 1530 1251 1607 πόρρωθεν
1311 1532 1338 1587 6
1395 1533 1686 1609 προφήτης
1716 1531 1853 1608 πρὸς
1877 1531 1971 1586 αύ-

300 1621 404 1676 τὸν
467 1621 589 1696 βοᾷ’
643 1620 897 1694 Ἑόρταζε
967 1617 1149 1677 Ἰούδα
1203 1620 1300 1683 τὰς
1376 1622 1565 1695 ἑορτάς
1625 1638 1741 1676 σου·
1802 1616 1967 1692 ἀνέϐη

304 1711 416 1785 γὰρ
477 1710 506 1765 6
563 1708 817 1788 ἐμφυσῶν
876 1709 952 1771 εἷς
1007 1709 1070 1764 τὸ
1127 1709 1422 1785 πρόσωπόν
1475 1730 1593 1769 σου.
1642 1711 1739 1773 Τίς
1785 1710 1967 1781 οὗτος,

310 1800 359 1856 ὦ
392 1807 697 1876 προφῆτα,
750 1802 955 1876 φράσον
1010 1802 1172 1873 ἡμῖν.
1230 1802 1291 1859 Ὁ
1347 1800 1537 1863 κλίνας
1589 1800 1851 1878 οὐρανοὺς
1881 1800 1972 1856 καὶ

310 1885 575 1963 καταϐὰς,
635 1889 797 1951 αὐτός
845 1888 987 1945 ἐστιν
1047 1891 1075 1944 6
1131 1895 1554 1961 κατασκηνώσας
1614 1890 1668 1945 ἐν
1708 1891 1755 1925 ⁵⁷
1805 1890 1972 1965 ούρα-

310 1985 450 2043 νοῖς·
485 1981 514 2035 6
546 1981 657 2035 ἂνω
709 1979 801 2033 σὺν
859 1981 1022 2056 πατρὶ
1084 1980 1172 2035 καὶ
1223 1981 1372 2035 κάτω
1431 1980 1483 2035 ἐν
1541 1982 1759 2055 γαστρὶ,
1796 1982 1824 2037 6
1854 1986 1973 2044 τοῖς

313 2064 601 2145 Χερουϐὶμ
657 2065 914 2147 φοϐερὸς,
975 2068 1063 2125 καί
1120 2075 1240 2132 τοῖς
1326 2070 1637 2145 ἀνθρώποις
1690 2075 1886 2144 πρᾷος,
1942 2072 1971 2125 6

314 2156 554 2223 καταϐὰς
584 2161 660 2223 εἷς
694 2159 825 2231 ᾃδου
883 2159 1080 2227 πύλας,
1138 2160 1226 2215 ταὶ
1278 2160 1370 2215 τόν
1425 2181 1559 2216 ποτε
1609 2160 1834 2235 ἰσχυρὸν
1869 2157 1972 2226 δή-

318 2269 437 2318 σας,
468 2250 497 2303 6
525 2254 623 2304 τοῦ
681 2248 911 2304 θανάτου
965 2249 1030 2303 τὸ
1090 2247 1367 2324 βασίλειον
1424 2248 1616 2319 λύσας,
1642 2250 1670 2304 6
1700 2250 1911 2321 ποιμήν
1945 2249 1973 2304 6

314 2336 512 2407 καλὸς,
544 2338 572 2392 6
600 2338 669 2393 τὰ
727 2336 838 2392 ἴδια
892 2332 1142 2413 πρόϐατα
1202 2336 1404 2411 ἐξάγων
1439 2335 1489 2407 ἐξ
1531 2335 1685 2407 ᾇδου,
1736 2339 1826 2392 καὶ
1872 2336 1974 2409 ἔμ-

315 2427 551 2499 προσθεν
632 2425 807 2481 αὐτῶν
892 2426 1290 2500 πορευόμενος,
1364 2428 1620 2504 φωνήσας
1687 2422 1782 2481 ἕνα
1847 2422 1972 2480 ἔκα⁹

320 2535 446 2568 στον
478 2513 656 2570 αὐτῶν
712 2517 831 2571 κατ’
889 2510 1085 2587 ὄνομα.
1146 2517 1213 2572 Ὀ
1262 2509 1523 2589 καταϐὰς,
1578 2514 1742 2593 φησὶν
1799 2515 1975 2572 ’Λπό-

318 2599 539 2675 στολος,
570 2601 729 2665 αὐτός
758 2600 902 2657 ἐστιν
931 2601 1021 2657 καὶ
1053 2603 1081 2656 6
1113 2599 1331 2666 ἀναϐάς.

393 2693 449 2750 1’.
483 2694 653 2755 Ποίας
712 2692 902 2765 ἑορτὰς
960 2692 1236 2767 ἑορτάζειν
1294 2693 1386 2747 τὸν
1439 2689 1640 2762 Ἰούδα,
1673 2689 1719 2746 ὦ
1755 2694 1977 2770 προφῆ-

314 2802 408 2852 τα,
444 2782 611 2857 βοᾷς;
674 2782 805 2838 Εἶτα
860 2782 888 2835 ὁ
946 2779 1167 2839 Βλέπω)
1228 2780 1412 2860 φησίν·
1473 2780 1553 2839 Οὐ
1608 2780 1704 2845 τὰς
1743 2782 1973 2855 νομικὰς

314 2870 509 2947 ἑορτὰς
571 2868 778 2932 Ἰούδας
835 2870 1079 2946 ἑορτάσει
1154 2891 1273 2943 μοι,
1332 2869 1393 2925 ού
1453 2871 1549 2933 τὰς
1603 2870 1655 2925 ἒν
1715 2865 1973 2925 σαϐϐατι-

319 2965 510 3033 σμοῖς,
567 2960 659 3015 καὶ
715 2958 1060 3032 νεομηνίαις,
1119 2957 1210 3013 κιὶ
1270 2957 1583 3034 σάλπιγξιν,
1636 2960 1844 3035 Καιρὸς
1870 2959 1973 3036 γὰρ

314 3053 419 3104 τοῦ
448 3056 679 3119 ποιῆσαι
734 3052 813 3121 τῷ
872 3048 1077 3123 Κυρίῳ,
1132 3045 1476 3103 διασκεδάσαι
1522 3048 1613 3103 τὸν
1655 3050 1825 3122 νόμον
1854 3068 1971 3104 σου·

2157 907 2292 962 Haec
2330 924 2507 979 porro
2558 913 2885 963 evenerunt
2931 924 3091 963 anno
3142 924 3176 963 a
3224 906 3433 962 mundi
3481 907 3739 963 exordiis

2084 998 2406 1070 quinquies
2425 999 2746 1054 millesimo
2769 998 3358 1071 quadringentesimo
3378 999 3739 1070 octogesimo

2084 1087 2258 1143 tertio
2290 1090 2401 1159 (21)
2432 1094 2490 1143 et
2519 1090 2579 1143 in
2613 1089 3052 1161 septuagesima
3082 1088 3292 1160 quinta
3335 1088 3740 1161 generatione,

2082 1178 2167 1231 uti
2200 1178 2441 1233 nescius
2473 1178 2709 1233 errandi
2729 1178 2983 1250 scriptor
3014 1184 3265 1234 testatur
3296 1179 3500 1245 Lucas,
3521 1178 3621 1247 qui
3647 1194 3741 1232 se-

2082 1266 2232 1321 riem
2262 1267 2762 1339 (generationum)
2792 1267 3025 1322 inverso
3072 1266 3282 1322 ordine
3315 1267 3388 1322 ad
3421 1267 3607 1321 Deum
3638 1282 3741 1320 us-

2083 1371 2196 1426 que
2232 1356 2476 1412 inchoat
2505 1374 2540 1413 a
2567 1357 2845 1428 Josepho.

2154 1446 2249 1499 IX.
2283 1446 2575 1511 Quoniam
2608 1446 2788 1519 igitur
2817 1446 2913 1501 Sol
2937 1446 3189 1517 justitiaa
3211 1445 3471 1500 oriturus
3514 1448 3641 1500 erat
3670 1460 3742 1499 ex

2079 1533 2250 1600 Juda,
2284 1535 2574 1606 propheta
2602 1552 2637 1590 a
2667 1535 2839 1606 longe
2871 1534 2946 1589 ad
2978 1534 3173 1605 ipsum
3208 1534 3427 1589 clamat
3454 1550 3467 1588 :
3494 1534 3739 1599 Celebra,

2082 1639 2112 1677 ο
2139 1623 2641 1691 Juda,festivitates
2660 1630 2782 1677 (uas
2810 1623 3160 1693 (u);ascendit
3174 1624 3445 1692 enim,qui
3468 1624 3527 1676 in
3541 1623 3743 1691 faciem

2084 1718 2234 1766 tuam
2259 1716 2419 1782 afﬂat
2442 1713 2538 1783 (υ).
2566 1712 2706 1777 Quis
2738 1718 2824 1767 est
2856 1712 2971 1780 hic,
3000 1729 3033 1765 ο
3055 1712 3347 1784 propheta
3367 1712 3513 1767 ‘IDic
3543 1711 3739 1766 nobis.

2004 1771 2051 1837 Β
2080 1803 2186 1867 Qui
2212 1771 2512 1857 inclinauit,
2536 1771 2694 1867 casias
2729 1808 2780 1856 et
2810 1771 3086 1856 descendit
3116 1771 3216 1868 (ait,
3250 1800 3375 1872 ipse
3407 1799 3742 1871 est,inquit,

2083 1890 2185 1961 qui
2216 1890 2511 1945 inhabitat
2560 1890 2621 1944 in
2671 1891 2873 1956 caelis;
2922 1891 3021 1961 qui
3067 1907 3204 1945 cum
3253 1892 3425 1946 Patre
3478 1890 3540 1945 in
3592 1889 3741 1944 cazlo

2083 1986 2192 2047 est,
2215 1986 2274 2034 et
2295 1980 2354 2034 in
2384 1986 2540 2035 terra
2556 1980 2853 2034 clauditur
2876 1980 2935 2033 in
2955 1985 3145 2047 utero;
3167 1980 3267 2050 qui
3290 1978 3608 2034 Cherubim
3622 1984 3745 2033 tre-v

2083 2069 2358 2136 mendus,
2386 2075 2446 2123 et
2462 2068 2805 2123 hominibus
2824 2074 2909 2123 est
2926 2068 3107 2135 mitis;
3128 2086 3163 2139 q
3176 2069 3230 2122 ui
3247 2067 3641 2124 descenditad
3655 2068 3743 2122 in-

2083 2158 2347 2212 ferorum
2366 2163 2587 2228 portas,
2613 2164 2671 2212 et
2686 2175 2845 2225 eum,
2867 2158 2966 2228 qui
2988 2158 3181 2212 fuerat
3198 2157 3521 2229 aliquando
3544 2156 3738 2225 fortis,

2082 2246 2337 2301 vinculis
2355 2247 2631 2301 astrinxit
2656 2250 2755 2317 (3/);
2772 2247 2871 2317 qui
2887 2248 3095 2301 mortis
3112 2246 3433 2318 imperium
3448 2246 3738 2314 dissolvit;

2086 2340 2288 2406 pastor
2309 2335 2631 2405 bonus,qui
2658 2352 2793 2390 oves
2816 2353 2954 2390 suas
2977 2336 3050 2390 ab
3073 2335 3282 2390 inferis
3303 2336 3742 2403 eduxit,etante

2088 2440 2189 2479 eas
2214 2423 2456 2490 vadens,
2488 2441 2934 2494 unamquamque
2962 2424 3286 2479 nominatim
3327 2431 3485 2480 vocat
3509 2425 3602 2496 (ι).
3636 2426 3745 2489 Qui

2085 2513 2940 2585 descenditdnquntApostolus,
2964 2516 3080 2583 ipse
3096 2521 3171 2568 est
3188 2519 3239 2569 ei
3255 2516 3354 2584 qui
3372 2514 3615 2569 ascendit
3638 2513 3740 2587 (a).

2157 2694 2223 2748 X.
2258 2694 2542 2759 Quanam
2573 2709 2731 2760 vero,
2778 2710 2811 2748 ο
2844 2694 3151 2765 prOpheta,
3205 2698 3348 2749 sunt
3393 2693 3741 2749 festivitates

2087 2799 2234 2853 quas
2257 2783 2482 2838 clamas
2502 2782 2665 2837 Judaa
2689 2783 2945 2854 agendas
2966 2784 2993 2837 ?
3017 2784 3135 2836 Hoc
3160 2782 3377 2837 deinde
3398 2783 3615 2838 Videns
3636 2782 3740 2838 de-

2085 2872 2305 2928 clarat:
2339 2874 2463 2927 Non
2513 2872 2756 2944 legales,
2790 2873 3007 2943 inquit,
3057 2872 3407 2928 festivitates
3435 2873 3614 2928 Judas
3645 2888 3741 2928 ce-

2085 2964 2341 3019 lebrabit
2370 2964 2541 3028 mihi,
2574 2980 2695 3019 non
2717 2980 2816 3019 eas
2845 2980 2976 3034 qum
3008 2963 3069 3018 in
3101 2963 3580 3031 sabbatorum,et
3602 2962 3739 3018 novi

2086 3052 2313 3107 mensis
2346 3052 2732 3124 religionibus
2763 3058 3147 3123 peraguntur,
3178 3057 3235 3106 et
3265 3053 3327 3107 in
3359 3052 3740 3108 solemnitate

314 3141 508 3216 ἑορτὰς
565 3138 624 3195 δὲ
680 3161 825 3218 φημι
879 3138 1177 3213 ἑορτάζειν,
1235 3145 1336 3210 τῆς
1396 3139 1629 3216 χάριτος
1686 3139 1972 3212 ἐλθούσης,

2095 3141 2391 3197 tubarum.
2425 3142 2657 3195 Etenim
2703 3144 2929 3211 Tempus
2976 3142 3219 3210 faciendi
3247 3144 3500 3208 Domino,
3523 3146 3589 3195 ut
3620 3140 3743 3196 dis-

315 3229 378 3286 ἐν
408 3230 675 3304 εὐσήμοις
704 3228 892 3306 ἑορτὰς
923 3226 1071 3288 δέκα.

391 3499 591 3573 Πρώτη
642 3498 688 3533 ⁸⁸
734 3500 920 3551 πασῶν
972 3500 1080 3551 τῶν
1131 3496 1389 3569 εύσήμων
1454 3497 1681 3574 ἑορτῶν,
1714 3495 1767 3553 ἐν
1866 3496 1979 3555 ἒδὲ-

314 3588 475 3659 ξαντο
544 3589 588 3623 ⁶⁹
662 3586 730 3640 τὰ
800 3583 1093 3659 εὐαγγέλια
1148 3586 1412 3659 Ἰωακεὶμ
1481 3587 1570 3641 καὶ
1649 3588 1819 3642 ’Ἄννα
1878 3595 1979 3657 τῆς

2087 3232 2243 3303 sipet
2270 3230 2463 3302 legem
2496 3235 2658 3285 tuam
2692 3230 2829 3301 (22).
2862 3231 3008 3284 Cum
3039 3230 3239 3300 itaque
3271 3230 3461 3302 gratia
3488 3228 3747 3284 advene—

2087 3323 2187 3390 rit,
2232 3321 2437 3377 decem
2474 3321 2888 3377 solemnitates
2921 3320 3186 3394 insignes
3216 3320 3475 3393 agendas
3507 3337 3636 3376 esse
3667 3320 3750 3376 di-

2089 3430 2180 3468 CO.

2163 3501 2365 3556 Prima
2395 3501 2663 3556 omnium
2700 3500 3023 3566 insignium
3059 3500 3505 3555 solemnitatum
3538 3502 3645 3569 (23)
3676 3515 3746 3554 ea

2093 3596 2184 3643 est
2212 3591 2273 3645 in
2305 3607 2422 3660 qua
2450 3590 2789 3644 Joachimus
2824 3594 2881 3643 et
2911 3591 3086 3643 Anna
3114 3589 3374 3644 faustum
3407 3588 3745 3661 generatio-

393 3714 467 3785 (u)
500 3713 749 3768 Nahum.
782 3728 821 3780 ι,
858 3714 942 3766 15.
973 3710 1045 3783 (υ)
1076 3711 1306 3767 Nahum
1337 3729 1400 3781 ιι,
1436 3715 1485 3768 1.
1518 3713 1599 3785 (:c)
1632 3711 1787 3768 Psal.
1822 3730 1957 3781 xvu,

2130 3713 2210 3785 (y)
2260 3713 2395 3769 Luc.
2455 3731 2536 3783 xi,
2588 3716 2676 3781 21,
2729 3713 2815 3766 22.
2849 3712 2917 3783 (z)
2963 3713 3128 3767 Joan.
3161 3730 3218 3780 χ,
3253 3715 3305 3780 3,
3337 3715 3389 3767 4.
3422 3714 3497 3784 (α)
3524 3711 3741 3784 Ephes.

320 3802 399 3855 ιν,
434 3789 517 3839 10.

1691 3900 1927 3955 VARLE
1969 3899 2373 3955 LECTIONES.

397 3996 794 4074 ‘3_Pericopen
828 3998 1063 4074 1103-596
1096 3996 1261 4074 iisut
1314 3996 1350 4066 ἡ
1373 4070 1387 4074 _
1411 3995 1564 4074 ῥίζα-
1588 3996 1982 4074 omittendam
2030 4014 2171 4074 non
2205 3997 2435 4074 censui.
2490 3996 2599 4051 etsi
2638 4012 2783 4074 eam
2825 3994 3229 4074 habeatsolus
3259 3998 3401 4074 βίος»,
3523 3994 3737 4074 ξδ-Οοςί.

328 4069 496 4125 Barb.
530 4064 729 4142 mend.
763 4064 879 4136 ἔτη.
912 4068 959 4142 ‘j”
988 4068 1159 4124 Barb.
1210 4064 1440 4142 meridi
1474 4064 1881 4142 ἑϐδομηκοστῇ.
1938 4069 1984 4104 ⁸⁸
2042 4068 2214 4123 Barb.
2244 4076 2335 4142 _et
2391 4070 2792 4142 Cars._uterq._
2818 4067 3017 4142 mend.
3051 4064 3321 4142 ἀψευδεῖς.
3356 4066 3540 4142 "HUbi
3572 4067 3743 4142 Barb.

325 4142 501 4197 habet
530 4137 580 4193 ἐν
611 4138 886 4212 οὐρανοῖς,
918 4141 1062 4198 Cass.
1096 4145 1161 4195 A.
1198 4142 1377 4197 habet
1424 4139 1478 4195 ἐν
1526 4137 1862 4212 ἀνθρώποις.
1924 4140 2301 4196 Prmferenda
2354 4140 2485 4195 cod.
2549 4139 2716 4212 Barb.
2741 4137 2979 4206 _lectio,
3011 4137 3137 4194 tum

3178 4141 3320 4211 quia
3350 4138 3616 4193 alludere
3646 4138 3743 4191 vi-

327 4212 593 4293 detur_ad
619 4210 776 4293 illud
804 4212 968 4293 .lqan.
998 4229 1077 4293 ni,
1110 4214 1210 4268 l3:
1244 4215 1412 4293 Nemq
1436 4210 1683 4293 ascendit
1723 4213 2041 4293 indc‘celum,
2090 4214 2200 4267 nisi
2236 4213 2345 4293 .qui
2392 4211 2669 4293 descengiit
2716 4212 2781 4265 de
2838 4210 3205 4293 cwlo,.Fil.ias'
3248 4212 3502 4293 hominis,
3522 4212 3635 4293 [qui
3663 4216 3743 4264 est

327 4286 383 4338 in
412 4284 583 4347 calo;
614 4289 739 4355 tum
773 4283 913 4353 quia
943 4284 1158 4339 melius
1196 4286 1415 4340 servari
1445 4286 1677 4341 videtur
1704 4284 2040 4350 antithesis,
2074 4300 2205 4355 quin
2234 4283 2295 4337 in
2326 4282 2717 4354 sequentibus
2748 4299 2984 4355 quoque
3008 4283 3213 4355 incisis
3233 4288 3497 4355 apparet.

327 4356 465 4429 gms.
496 4358 564 4409 A.
598 4354 797 4429 [Lachm
829 4357 1034 4429 πασῶν·
1067 4372 1207 4411 nam
1235 4358 1407 4412 Barb.
1455 4359 1673 4429 πρῶτον
1727 4358 1936 4409 πασῶν·
1990 4354 2136 4412 Caes.
2188 4361 2386 4411 autem

328 4424 491 4481 Barb.
525 4430 584 4480 et
612 4421 756 4480 σωε.
789 4428 857 4480 Α.
890 4421 1128 4497 ἐδὲξατο,
1163 4433 1221 4483 et
1251 4430 1395 4485 Cas.
1430 4421 1819 4498 Βίέδειξαντο.

3594 4283 3743 4335 Cum

2436 4356 2497 4410 Β.
2549 4351 2781 4427 πρῶτον
2818 4351 3035 4408 πάντων
3084 4352 3175 4408 καὶ
3226 4351 3436 4408 πασῶν.
3469 4353 3516 4388 ⁸9
3546 4351 3739 4407 Mend.

1920 4535 2144 4591 NOTAE.

396 4630 499 4701 (21)
531 4631 637 4687 Vix
669 4630 941 4687 dubitare
987 4630 1077 4688 fas
1126 4638 1236 4701 est,
1277 4650 1466 4690 annos
1509 4634 1607 4691 hic
1639 4632 1972 4690 secundum
2003 4639 2049 4703 ι)
2082 4634 2282 4703 Neque
2317 4646 2454 4686 vero
2487 4636 2721 4704 moveat
2750 4631 2930 4704 (quod
2972 4648 3093 4687 non
3124 4648 3307 4704 nemo,
3348 4630 3623 4687 cavillose
3656 4630 3743 4704 dij

331 4704 610 4777 epocham
642 4704 1317 4777 Constantinopolitanis
1347 4714 1695 4762 consuetam
1726 4722 1970 4777 compu-

330 4775 458 4850 tari.
489 4776 693 4850 Itaque
746 4792 881 4831 cum
929 4776 1571 4850 Constantinopolitani
1604 4775 1978 4834 Nativitatem

329 4846 541 4928 Christi
575 4848 963 4929 assignarent
979 4865 1147 4929 anno
1170 4867 1205 4905 a
1231 4846 1771 4929 mundircreatione
1803 4850 1979 4920 quin-

331 4917 495 4988 quies
517 4917 839 4975 millesimo
865 4920 1346 5045 quingentesimo
1370 4917 1978 4992 octavo.consequens

331 4994 435 5045 est.
468 4991 621 5045 hanc
652 5008 888 5045 auoaue
921 4997 1011 5045 tra
1056 4993 1304 5045 itionem
1344 5010 1448 5045 seu
1494 4994 1839 5045 oninionem
1871 4992 1977 5045 ali-

331 4994 435 5056 est,
468 4991 621 5065 hanc
652 5008 888 5062 quoque
921 4991 1304 5065 traditionem
1344 5010 1448 5049 seu
1494 4991 1839 5065 opinionem
1871 4992 1977 5047 ali-

331 5061 562 5144 quando
596 5061 922 5144 _re_cep_ta_m
995 5064 1202 5133 fuisse,
1256 5061 1571 5144 Deiparam
1628 5082 1788 5144 anno
1841 5070 1978 5118 ante

329 5130 537 5184 Christi
596 5130 993 5200 Nativitatem,
1050 5152 1155 5191 seu
1191 5130 1438 5193 ’meli‘us
1494 5136 1978 5191 lncarnationem

325 5201 598 5283 viceSImo
631 5204 839 5283 quinto
888 5214 1237 5278 conceptam
1286 5209 1491 5273 fuisse,
1543 5207 1690 5283 adeo
1722 5214 1788 5262 ut
1815 5207 1973 5283 vice-

328 5275 543 5355 simum
565 5275 841 5355 quintum
864 5275 1094 5355 annum
1112 5287 1492 5355 ageret,_cum
1514 5279 1587 5335 ad
1604 5279 1977 5355 annuntian-

326 5345 461 5400 dum
494 5346 546 5400 ei
578 5346 763 5422 divini
798 5346 969 5401 Verbi
1000 5345 1352 5409 incarnandi
1372 5352 1726 5422 mysterium
1756 5352 1976 5406 missus

326 5422 414 5472 est
440 5418 708 5473 angelus.

387 5489 498 5566 (A22)
529 5489 1363 5566 Habes_accommodationem
1385 5492 1550 5550 illius
1575 5494 1752 5566 (Psal.
1773 5509 1973 5566 cxvni,

321 5558 694 5640 126)]ι1ξιθ.ε.
728 5561 929 5637 Καιρὸς
973 5566 1072 5618 τοῦ
1120 5570 1348 5634 ποιῆσαι
1394 5568 1477 5638 τῷ
1530 5558 1735 5640 Κυρίῳ,
1769 5558 1975 5619 διεσκὲὲ

323 5626 486 5685 δασαν
509 5632 601 5685 τὸν
635 5632 807 5701 νόμον
838 5626 962 5689 σου.

360 5702 500 5785 ’(23)
526 5706 612 5785 En
645 5706 829 5785 habes
861 5707 1127 5785 _Deiparaa
1147 5707 1603 5785 conceptionem
1634 5709 1977 5785 interpre-

324 5779 522 5847 cipuas
552 5783 730 5849 atque
760 5779 1119 5852 insigniores
1150 5779 1560 5838 solemnitates
1590 5779 1969 5838 recensitam.

2081 4701 2350 4775 ctitavit),
2385 4702 2544 4773 quod
2576 4704 2750 4758 unice
2788 4701 2890 4775 agi
2942 4705 3233 4760 memoria
3279 4703 3512 4759 dicatur
3541 4701 3741 4757 nuntii

2090 4776 2163 4828 ab
2190 4775 2493 4828 Joachimo
2526 4780 2584 4828 et
2613 4777 2784 4828 Anna
2804 4776 3029 4828 accenti
3063 4776 3136 4828 de
3160 4776 3395 4828 Vimine
3427 4773 3741 4828 gignenda.

3568 4790 3741 4829 8008.

2090 4776 2163 4831 ab
2190 4775 2493 4830 Joachimo
2526 4780 2584 4829 et
2613 4777 2784 4830 Anna
2804 4792 2941 4830 acce
2990 4776 3029 4829 ti
3063 4776 3136 4831 de
3160 4776 3395 4847 Virgine
3427 4776 3480 4848 gi
3568 4775 3709 4828 enda

2090 4846 2399 4899 Consimili
2428 4862 2570 4899 sane
2612 4846 2789 4899 modo
2836 4793 3014 4899 nauio
3063 4853 3199 4899 post
3227 4847 3450 4899 mentio
3484 4792 3709 4899 grt‘festi

3604 4862 3746 4899 83H-

2090 4793 2163 4831 an
2190 4793 2493 4830 Joacmmo
2526 4793 2584 4829 et
2613 4793 2784 4830 anna
2804 4793 3029 4900 accepti
3063 4793 3136 4831 ue
3169 4793 3395 4847 Virgine
3427 4793 3450 4848 ε

2088 4846 2399 4919 Consimili
2428 4862 2570 4900 sane
2612 4846 2789 4901 modo
2836 4864 2953 4919 pau
2981 4865 3014 4901 o
3063 4853 3199 4919 post
3227 4847 3450 4901 mentio

2089 4918 2286 4975 vitatis
2312 4920 2371 4972 in
2402 4934 2513 4987 qua
2543 4918 2765 4974 Gabriel
2806 4918 2950 4973 illud
3004 4923 3121 4974 Ave
3158 4920 3379 4988 Virgini
3402 4918 3742 4988 pronuntia-

2088 4992 2189 5045 vit.
2226 4992 2300 5043 At
2328 4989 2557 5044 adeone
2604 4988 2861 5061 desipiat
2906 4990 3225 5061 quispiam,
3277 4995 3343 5044 ut
3372 4990 3532 5044 dicat
3560 4992 3743 5042 totam

2088 5007 2189 5045 υιι.
2226 5007 2300 5043 At
2328 5007 2557 5044 adeone
2604 5007 2861 5114 aesnpiat
2906 5007 3225 5061 quispiam,
3277 5007 3343 5044 ut
3372 5007 3532 5044 dicat
3560 5007 3743 5042 Ionam

2088 5062 2223 5117 festi
2255 5061 2550 5116 rationem
2572 5063 2731 5117 Auge
2764 5061 3052 5116 iadventu
3084 5066 3143 5115 et
3162 5061 3325 5115 illius
3346 5063 3461 5115 Ave
3483 5076 3747 5117 pronun-

2090 5079 2223 5117 iesu
2255 5079 2550 5116 rauonem
2572 5079 2778 5187 angIeu
2797 5079 3052 5116 adventu
3084 5079 3143 5115 et
3162 5079 3325 5115 unus
3346 5079 3745 5186 Avefpronuu-

2090 5133 2336 5212 tiatione
2363 5132 2658 5187 contineri
2698 5134 3025 5212 __Cmterum
3049 5132 3435 5212 primahujus
3490 5131 3745 5212 estivita-

2088 5205 2164 5260 tis
2192 5220 2633 5276 qumnamgvera
2665 5204 2741 5259 sit
2769 5205 2939 5266 ratio,
2976 5209 3177 5276 aperte
3208 5203 3270 5257 in
3307 5205 3423 5258 fine
3456 5203 3743 5276 orationis

2087 5276 2160 5331 ab
2192 5274 2433 5332 auctore
2464 5274 2833 5330 declaratum
2854 5274 3138 5346 reperies.
3167 5276 3518 5347 Quanquam
3550 5279 3608 5329 et
3631 5274 3743 5328 hoc

2087 5348 2239 5416 loco,
2274 5348 2442 5420 quasi
2469 5353 2675 5420 auctor
2705 5348 2938 5419 ineptos
2981 5348 3090 5420 hos
3125 5346 3395 5420 cavillos
3430 5346 3741 5420 divinaret,

2087 5416 2311 5494 adjecit
2336 5420 2509 5494 binas
2537 5416 2972 5494 iflasADei'parm
2998 5417 3351 5494 festivitates
3377 5416 3744 5494 _ita_alteram

2087 5489 2381 5547 ab'altera
2410 5490 2715 5563 distingui,
2749 5489 2887 5546 utin
2919 5490 3440 5562 primaConceptio,
3474 5490 3534 5545 in
3556 5489 3747 5563 altera

2086 5565 2361 5644 Natipitas
2420 5560 2774 5644 celebretur.
2849 5560 2975 5644 N911
3063 5579 3198 5644 ergo
3258 5578 3492 5617 merum
3548 5560 3744 5644 angeli

2085 5634 2388 5703 nuntium,
2423 5633 2527 5689 sed
2568 5633 2834 5706 Deiparaa
2881 5632 3225 5706 Conceptio,
3275 5650 3463 5706 eaque
3492 5632 3744 5706 potissi-

2087 5724 2251 5762 mum
2285 5707 2396 5762 hoc
2426 5706 2574 5760 festo
2607 5705 2939 5761 colebatur.
