4074 6434
385 427 528 488 1475

1715 424 2025 482 ,ιοΑΝΝιε
2059 423 2491 480 ΕΠΒΕΕΕΝΒΙΒ

3704 423 3738 478 1
3749 422 3873 478 476

383 556 482 614 nis
507 556 685 628 plane
717 555 1116 612 immaculata
1129 558 1187 610 et
1215 553 1519 628 genitricis
1549 552 1654 609 Dei
1678 552 1872 608 Mariae
1890 567 2040 608 nun-

2166 547 2460 622 γεννήσεως
2498 555 2601 620 τῆς
2662 550 3048 629 παναχράντου
3101 553 3194 610 καὶ
3259 553 3532 610 Θεοτόκου
3590 549 3868 626 Μαρίας.

382 646 534 703 tium
552 650 934 717 acceperunt.
955 647 1100 700 Tum
1118 643 1542 717 augustissima
1557 642 1827 716 ejusdem
1845 642 2040 697 Marias

383 734 703 801 nativitas;
737 735 864 790 illic
904 734 1234 806 conceptio,
1283 733 1378 789 hic
1429 733 1709 789 nativitas
1739 733 1877 804 (24).
1910 731 2042 787 Alia

377 823 596 878 deinde
613 825 959 879 solemnitas
973 823 1352 879 veneratione
1367 823 1650 894 cultuque
1665 822 2038 895 dignissima,

378 913 444 970 in
467 931 585 985 qua
605 915 840 971 Gabriel
870 914 1122 985 pedibus
1154 913 1419 968 materiae
1453 912 1796 985 expertibus
1817 917 2039 968 terram

379 1003 644 1070 calcans,
673 1003 820 1058 illud
851 1005 967 1058 Ave
988 1002 1208 1076 Virgini
1243 1003 1668 1075 pronuntiavit.
1699 1004 1914 1057 Postea
1943 1017 2040 1057 sa—

378 1092 592 1150 lutaris
623 1093 728 1148 illa
756 1092 981 1148 mundo
1013 1093 1289 1150 universo
1320 1093 1492 1165 Regis
1513 1093 1789 1148 omnium
1820 1090 2037 1146 Christi

377 1181 480 1236 Dei
513 1182 702 1237 nostri
739 1198 808 1238 ex
837 1183 1076 1255 Virgine
1097 1182 1395 1239 nativitas.
1421 1181 1646 1237 Deinde
1679 1187 1736 1237 et
1766 1181 2038 1237 ascensio

378 1271 442 1327 in
466 1271 776 1343 templum,
812 1277 871 1326 et
890 1271 954 1327 in
979 1272 1154 1328 ulnas
1180 1271 1475 1327 Simeonis
1499 1271 1786 1344 exceptio.
1811 1274 1892 1327 Ac
1913 1287 2040 1326 rur-

379 1377 480 1416 sus
512 1361 761 1416 lucifera
801 1361 1115 1433 apparitio,
1158 1366 1218 1417 et
1246 1378 1454 1418 rursus
1480 1362 1544 1418 in
1574 1366 1777 1417 monte
1808 1361 2041 1417 Thabor

379 1451 826 1520 transfiguratio
853 1468 866 1520 ;
893 1457 951 1506 et
967 1451 1196 1508 vivifica
1225 1453 1449 1523 passio,
1483 1452 1712 1508 Pascha
1737 1451 2036 1508 immorta-

381 1540 458 1600 lis
486 1542 968 1599 resurrectionis.
998 1543 1067 1597 Et
1096 1559 1304 1598 rursus
1335 1543 1397 1598 in
1441 1542 1620 1598 cmlos
1650 1542 1946 1610 ascensio,
1979 1547 2038 1598 et

381 1629 458 1688 ad
488 1631 790 1688 dexteram
824 1631 1016 1687 Patris
1047 1631 1109 1686 in
1159 1648 1336 1688 carne
1384 1632 1591 1689 sessio.
1640 1632 1904 1688 Tandem
1937 1648 2036 1687 ex-

383 1724 632 1789 tremus,
667 1737 1037 1794 magnusque
1064 1721 1191 1776 dies
1229 1721 1440 1788 festus,
1493 1721 1554 1778 in
1582 1739 1699 1793 quo
1733 1722 2041 1777 sanctissi-

2152 634 2255 692 Καὶ
2313 637 2448 710 μετὰ
2515 642 2685 694 ταῦτα
2758 641 2822 696 τὸ
2900 644 3209 699 πάνσεπτον
3268 643 3444 709 αὐτῆς
3513 637 3870 718 γενέθλιον

2150 723 2264 780 ἐκεῖ
2310 724 2610 802 σύλληψις,
2672 726 2781 784 ὧδε
2836 731 3150 807 γενέθλιον.
3211 733 3362 788 Μετὰ
3415 731 3630 803 ταύτην
3681 729 3870 804 ἕτερα

2149 811 2578 890 πανσεϐάσμιος,
2660 819 2753 875 καὶ
2828 824 3206 897 προαυνητὴ,
3264 822 3317 878 ἐν
3487 823 3516 877 6
3575 814 3868 894 Γαϐριῆλ

2150 905 2340 970 ὀῦλοις
2369 908 2498 962 ποσί
2523 909 2622 977 τὴν
2652 916 2754 983 γῆν
2813 913 3083 983 πατήσας,
3142 911 3206 967 τὸ
3261 917 3426 988 χαῖρε
3454 915 3524 986 τῇ
3561 907 3865 983 Παρθένῳ

2147 996 2597 1074 προσεφώνησεν.
2657 999 2791 1055 Εἶτα
2844 1002 2880 1072 ἡ
2941 1001 3316 1076 σωσικόσμιος
3342 1002 3391 1037 ⁶⁰
3421 1000 3484 1057 ἐκ
3545 997 3863 1076 Παρθένου

2145 1085 2354 1160 γένεσις
2411 1090 2507 1142 τοῦ
2558 1084 2959 1163 παμϐασιλὲως
3013 1095 3258 1164 Χριστοῦ
3305 1095 3402 1146 τοῦ
3454 1094 3598 1146 Θεοῦ
3635 1091 3859 1162 ἡμῶν.

2146 1176 2267 1239 Εἴθ’
2299 1174 2475 1240 οὕτως
2505 1177 2646 1252 πρὸς
2699 1179 2792 1235 τὸν
2853 1181 2978 1237 ναὸν
3039 1179 3257 1254 ἄνοδος,
3294 1181 3387 1236 καὶ
3417 1179 3472 1236 ἐν
3496 1185 3626 1243 ταῖς
3661 1177 3861 1255 ἀγκά-

2148 1261 2273 1330 λαις
2300 1269 2399 1323 τοῦ
2432 1269 2648 1341 Σιμεὼν
2683 1265 2853 1345 δοχή.
2903 1270 3012 1327 Καὶ
3060 1269 3230 1327 πάλιν
3259 1272 3294 1341 ἡ
3330 1269 3669 1349 φωτοφόρος
3709 1267 3853 1323 ἐπι-

2149 1355 2361 1432 φάνεια·
2408 1355 2499 1411 καὶ
2547 1356 2715 1412 πάλιν
2769 1361 2804 1429 ἠ
2865 1359 2917 1415 ἐν
2965 1365 3054 1436 φῷ
3095 1355 3346 1438 Θαόορῖῳ
3387 1356 3503 1435 ὄρει
3537 1360 3856 1435 μεταμόρ-

2149 1463 2341 1520 φωτις,
2399 1443 2493 1500 καὶ
2547 1446 2611 1501 τὸ
2673 1447 2962 1527 ζωηφόρον
3017 1450 3220 1518 πάθος,
3265 1449 3330 1505 τὸ
3373 1450 3420 1488 δι
3473 1449 3685 1524 Πάσχα
3740 1454 3854 1518 τῆς

2149 1532 2383 1602 ἀειζώου
2440 1534 2804 1599 ἀναστάσεως.
2867 1538 2967 1594 Καὶ
3025 1537 3190 1594 πάλιν
3239 1545 3343 1609 τῆς
3402 1538 3481 1603 εἰς
3549 1537 3854 1612 οὐρανοὺς

2147 1621 2368 1697 ἀνόδου,
2417 1625 2509 1680 καὶ
2566 1625 2626 1682 ἐκ
2683 1623 2872 1701 δεξιῶν
2931 1627 3028 1684 τοῦ
3087 1630 3301 1706 Πατρὸς
3349 1629 3404 1686 ἐν
3452 1629 3617 1705 σαρκὶ
3662 1626 3852 1693 καθὲ-

2150 1709 2304 1788 δρας.
2339 1715 2444 1772 Καὶ
2475 1718 2510 1786 ἠ
2541 1714 2748 1793 ἐσχάτη
2781 1720 2967 1794 ἡμέρα
2997 1719 3089 1775 καὶ
3127 1721 3176 1757 ⁶²
3223 1722 3258 1791 ἠ
3310 1720 3526 1796 μεγάλη
3560 1726 3673 1791 τῆς
3709 1719 3849 1795 ἑορ-

380 1826 516 1866 mus
543 1810 798 1881 Spiritus
823 1811 886 1865 in
905 1817 1140 1866 sanctos
1163 1811 1489 1883 discipulos
1513 1817 1571 1867 et
1591 1811 1894 1883 apostolos
1926 1813 2042 1866 Do-

2166 1809 2268 1873 τῆς,
2299 1802 2352 1858 ἐν
2447 1805 2511 1861 τὸ
2561 1805 2825 1884 πανάγιον
2885 1813 3107 1884 Πνεῦμα
3162 1811 3211 1848 ⁸³
3263 1808 3534 1880 κατῆλθεν
3571 1808 3669 1865 ἐπὶ
3705 1808 3850 1872 τοὺς

379 1899 531 2002 mini
580 1900 769 2002 nostri
814 1899 1234 2002 Jesu.Christi.
1275 1901 1606 2002 descendit.
1633 1905 1777 2002 .Age
1808 1918 1839 1956 ο
1867 1903 2034 1968 Iuda,
2071 1931 2117 2002 Β

379 1990 750 2046 solemnitates
781 1996 924 2046 tuas.
977 1991 1108 2046 lstaa
1160 1991 1342 2064 igitur
1395 1991 1824 2059 solemnitates,
1878 1995 2036 2060 sunt,

383 2095 533 2150 quas
562 2079 953 2135 celebrandas
983 2096 1018 2134 a
1041 2080 1192 2136 Juda
1223 2082 1517 2152 propheta
1547 2081 1755 2136 indicit
1775 2082 1910 2152 (2‘5).

452 2257 544 2315 XI.
596 2259 952 2315 Praastitutis
1002 2265 1202 2316 autem
1249 2260 1618 2332 temporibus
1669 2258 2044 2315 adventanti-

382 2348 517 2417 bus,
543 2349 844 2420 justitiam
877 2365 1116 2405 omnem
1130 2350 1261 2422 jam
1283 2350 1594 2422 oportebat
1612 2348 2045 2421 impleri.Unde

383 2454 523 2494 cum
551 2438 898 2494 Joachimus
929 2438 992 2492 in
1026 2445 1231 2494 monte
1281 2456 1490 2511 preces
1540 2439 1837 2507 funderet,
1872 2440 2047 2494 Anna

386 2544 524 2584 vero
556 2527 715 2582 intra
745 2527 1108 2583 domesticos
1138 2528 1400 2600 parietes
1432 2528 1680 2601 lugeret,
1715 2529 1840 2584 haec
1871 2527 2046 2584 domo

389 2633 631 2689 egressa
659 2616 722 2670 in
756 2616 995 2672 hortum
1029 2635 1204 2673 suum
1238 2635 1299 2674 se
1330 2619 1604 2684 contulit,
1635 2636 1750 2690 quo
1783 2625 1902 2674 tam
1924 2635 2050 2692 gra-

396 2706 483 2762 vis
527 2706 800 2763 mmroris
848 2706 1116 2762 levamen
1168 2707 1410 2779 aliquod
1459 2707 1744 2765 hauriret
1794 2711 1865 2765 Et
1913 2725 2046 2764 ecce

396 2797 646 2869 angelus
677 2797 915 2852 Domini
957 2798 1162 2865 astitit,
1213 2799 1327 2870 ipsi
1366 2799 1608 2856 dicens:
1641 2802 1828 2865 Anna,
1860 2801 2048 2868 Anna,

397 2886 687 2943 exaudivit
720 2886 982 2943 Dominus
1014 2889 1454 2959 deprecationem
1477 2897 1649 2959 tuam,
1673 2899 1725 2945 et
1755 2890 2048 2962 concipias,

396 2983 451 3034 et
493 2979 701 3048 paries,
753 2983 806 3033 et
854 2978 1224 3033 celebrabitur
1271 2995 1450 3035 semen
1499 2986 1652 3035 tuum
1692 2982 1752 3035 in
1795 2983 2052 3036 universa

397 3074 568 3125 terra.
600 3070 682 3124 Ne
713 3068 990 3135 tristeris,
1020 3086 1052 3124 ο
1084 3072 1295 3136 Anna;
1331 3071 1555 3126 fructus
1581 3076 1717 3127 tuus
1742 3072 1922 3127 finem
1947 3071 2054 3127 im-

393 3162 580 3230 ponet
606 3173 811 3212 earum
843 3157 1056 3225 dolori,
1090 3175 1222 3229 quae
1250 3159 1312 3215 in
1338 3161 1628 3232 angustiis
1650 3161 1894 3232 pariunt
1914 3162 2048 3234 (26).

393 3250 531 3322 Ipsa
560 3247 724 3303 enim
754 3253 862 3316 est,
889 3264 1068 3318 quam
1097 3249 1402 3321 proqhetm
1435 3267 1643 3306 omnes
1673 3250 1926 3307 salutem
1945 3267 2054 3322 per

394 3338 590 3410 ipsam
619 3342 1029 3408 exspectantes
1050 3339 1536 3409 pramuntiarunt
1555 3342 1689 3412 (27).
1718 3341 1762 3395 Ο
1791 3357 1894 3395 vos
1914 3340 2047 3396 bea—
2077 3326 2120 3393 C

395 3432 508 3497 tos,
541 3426 808 3481 Joachim
855 3432 914 3481 et
958 3427 1168 3482 Anna!
1222 3431 1438 3484 Verum
1482 3429 1714 3485 beatior
1766 3447 1908 3486 sane
1958 3435 2048 3486 est

395 3534 529 3589 qum
557 3532 593 3572 a
624 3516 788 3572 vobis
817 3517 1229 3590 progigniturl
1265 3518 1358 3574 Sic
1389 3518 1463 3575 ad
1495 3536 1597 3575 eos
1627 3520 1913 3593 angelus:

464 3695 606 3766 Age,
639 3711 670 3751 ο
717 3696 884 3762 Juda,
933 3697 1306 3754 solemnitates
1338 3704 1461 3754 tuas
1488 3699 1587 3771 (b),
1619 3715 1741 3755 non
1773 3699 1837 3756 in
1867 3697 2052 3754 veteri

392 3784 777 3852 testamento,
812 3785 914 3841 sed
955 3787 1016 3841 in
1062 3803 1234 3842 novo.
1289 3789 1408 3843 Hoc
1453 3788 1631 3861 igitur
1687 3788 2053 3861 principium

397 3879 490 3930 est
514 3875 650 3930 novi
672 3875 1014 3931 testamenti
1037 3876 1148 3948 (28)
1171 3897 1186 3944 ς
1209 3877 1571 3950 principium
1595 3885 1688 3935 est
1712 3896 1880 3934 novaa
1901 3893 2053 3934 arcas

469 4003 545 4076 (δ)
577 4003 828 4062 Nahum.
863 4021 900 4074 ι,
935 4007 1021 4062 15.

2150 1895 2335 1970 ἁγίους
2385 1898 2631 1970 μαθητὰς
2683 1901 2775 1955 καὶ
2832 1899 3179 1965 ἀποστόλους
3235 1905 3332 1958 τοῦ
3389 1901 3598 1975 Κυρίου
3653 1904 3845 1975 ἡμῶν

2151 1987 2332 2056 Ἰησοῦ
2388 1989 2650 2064 Χριστοῦ⁸
2701 1989 2977 2067 Ἐόρταζε,
3043 1989 3243 2065 Ἰούδα,
3296 1991 3394 2055 τὰς
3452 1989 3652 2067 ἑορτὰς
3711 2011 3844 2046 σου.

2150 2075 2320 2132 Αὗται
2351 2075 2447 2132 οὖν
2499 2077 2633 2134 εἰσιν
2663 2078 2723 2134 αἲ
2749 2079 2797 2118 ⁶⁴
2827 2080 3033 2156 ἑορταὶ,
3096 2079 3158 2144 ἃς
3211 2081 3239 2136 ὁ
3295 2083 3595 2160 προφήτης
3628 2079 3847 2154 ἑορτά-

2153 2170 2261 2234 ζειν
2288 2166 2378 2221 τὸν
2412 2165 2622 2226 Ἰούδαν
2655 2169 2779 2245 βοᾷ.

2226 2256 2331 2314 IA'.
2365 2259 2489 2314 Τῶν
2537 2255 2594 2313 δὶ
2639 2263 2844 2334 καιρῶν
2897 2256 3007 2330 ἢδη
3061 2258 3409 2337 ἐγγιζόντων,
3441 2259 3834 2336 πληρωθῆναι

2155 2342 2238 2401 δεῖ
2283 2351 2457 2402 πᾶσαν
2512 2345 2882 2417 δικαιοσύνην.
2941 2351 3100 2414 Ὅθεν
3159 2354 3254 2404 τοῦ
3317 2351 3411 2424 μὲν
3475 2351 3752 2424 Ἰωακεὶμ
3781 2349 3837 2406 ἐν

2154 2439 2233 2508 τῷ
2288 2438 2402 2512 ὂρει
2453 2437 2760 2514 εὐχομένου
2815 2440 2884 2512 ⁵⁸,
2934 2445 3036 2510 τῆς
3091 2436 3151 2494 δὲ
3206 2440 3407 2511 Ἀννης
3452 2439 3505 2495 ἐν
3549 2445 3637 2514 τῷ
3686 2437 3836 2512 οῗκιῤ

2155 2525 2487 2599 θρηνούσης,
2521 2527 2745 2599 ἐξῆλθεν
2797 2528 2857 2584 ἐκ
2903 2532 3001 2584 τοῦ
3051 2526 3207 2584 οἴκου
3255 2529 3446 2600 αὐτῆς,
3493 2529 3585 2585 καὶ
3619 2530 3832 2600 εἰσῆλ-

2159 2627 2246 2679 θεν
2305 2615 2383 2680 εἷς
2435 2617 2526 2672 τὸν
2587 2615 3190 2694 ἓαυτῆςπαράδεισον,
3249 2617 3332 2693 ἐφ’
3388 2619 3434 2691 ᾧ
3493 2617 3828 2674 ἀνάπαυλαν

2156 2708 2259 2772 τῆς
2289 2702 2418 2783 ἄγαν
2469 2705 2712 2781 θλίψεως
2767 2707 3041 2783 ἀρύσεται.
3101 2707 3199 2764 Καὶ
3261 2707 3379 2764 ἰδοὺ
3439 2704 3678 2784 ἅγγελος
3717 2711 3832 2766 Κυ-

2161 2793 2282 2872 ρίου
2339 2795 2535 2868 ἐπέστη
2593 2795 2732 2870 αὐτῇ
2790 2794 2987 2874 λέγων·
3051 2799 3244 2868 Ἀννα,
3303 2803 3496 2870 νΑννα,
3530 2797 3832 2868 εἲσήκουσε

2161 2886 2357 2959 Κύριος
2431 2893 2532 2957 τῆς
2607 2884 2846 2959 δεήσεώς
2947 2908 3064 2962 σου,
3141 2886 3233 2942 καὶ
3334 2886 3625 2963 συλλήψῃ,
3736 2888 3830 2942 καὶ

2158 2978 2412 3051 γεννήσῃ,
2471 2975 2563 3031 καὶ
2623 2975 3000 3049 λαληθήσεται
3057 2978 3120 3032 τὸ
3181 2978 3397 3053 σπέρμα
3455 2999 3553 3032 σου
3611 2977 3664 3032 ἐν
3716 2975 3826 3053 δλῃ

2160 3068 2231 3140 κῇ
2263 3065 2587 3142 οἰκουμένῃ.
2622 3069 2713 3138 Μή
2763 3066 2962 3138 λυποῦ,
2993 3069 3181 3124 Ἀννα⁸
3229 3068 3257 3123 ὁ
3301 3067 3513 3143 καρπός
3545 3088 3649 3122 σου
3682 3067 3829 3122 παύ-

2162 3174 2240 3209 σει
2270 3156 2316 3193 ⁸⁸
2338 3154 2438 3223 τὴν
2499 3153 2680 3225 λύπην
2736 3160 2856 3218 ταῖς
2905 3154 2956 3209 ἐν
3018 3152 3216 3219 λύπαις
3269 3155 3609 3218 τικτούσαιςο
3679 3155 3822 3224 αὕτη

2161 3242 2262 3318 γὰρ
2303 3241 2464 3314 ἐστιν,
2526 3243 2649 3319 περὶ
2707 3247 2776 3314 ἧς
2831 3244 3314 3320 προκατήγγειλαν
3371 3245 3568 3306 πάντες
3593 3245 3648 3300 οἰ
3674 3264 3824 3321 προ-

2160 3335 2324 3410 φῆται
2365 3332 2464 3401 τὴν
2531 3332 2805 3404 σωτηρίαν
2862 3329 2932 3387 δι’
2981 3331 3150 3402 αὐτῆς
3208 3331 3667 3409 ἀπεκδεχόμενοι.
3705 3335 3827 3390 Μα-

2155 3421 2338 3498 κάριοι
2420 3422 2600 3495 ὑμεῖς,
2679 3421 2940 3497 Ἰωακεὶμ
2994 3423 3085 3478 καὶ
3141 3424 3328 3482 Ἅννα.
3388 3425 3603 3486 ’Όντως
3661 3420 3724 3478 δὲ
3781 3423 3830 3492 ἐξ

2161 3512 2316 3586 ὑμῶν
2401 3513 2700 3587 τικτομένη
2793 3513 3179 3589 μακαριωτέρα
3263 3512 3400 3586 ἐστὶ,
3480 3513 3508 3568 ὁ
3584 3511 3830 3590 ἄγγελος

2159 3603 2300 3680 πρὸς
2329 3601 2547 3665 αὐτούς.

2231 3691 2509 3766 Έόρταζε,
2570 3689 2770 3765 Ἰούδα,
2849 3691 2943 3757 τὰς
3029 3691 3220 3770 δορτάς
3303 3712 3420 3750 σου⁸
3480 3691 3587 3748 οὐκ
3639 3690 3694 3748 ἐν
3754 3697 3821 3766 τῇ

2160 3779 2372 3854 παλαιᾷ
2402 3780 2660 3857 διαθήκῃ,
2696 3779 2824 3838 ἀλλ’
2849 3781 2901 3838 ἐν
2953 3787 3022 3858 τῇ
3079 3786 3259 3857 καινῇ.
3293 3781 3439 3854 Αὕτη
3474 3780 3567 3837 οὖν
3597 3785 3634 3852 ἠ
3668 3783 3820 3858 ἀρχή

2160 3879 2261 3944 τῆς
2290 3871 2484 3942 κάινῆς
2533 3869 2823 3946 διαθήκης,
2879 3879 2977 3944 τῆς
3022 3871 3144 3936 νὲας
3192 3871 3283 3928 καὶ
3333 3869 3607 3948 θεοδόχου
3648 3893 3823 3927 κιοω-

1747 4097 2002 4152 ΝἈΗΙᾹΞ
2045 4092 2448 4150 LECTIONES.

467 4198 515 4233 ⁶⁰
545 4198 1124 4278 Barbgoimdengq.
1152 4202 1196 4278 ξι
1229 4199 1304 4260 Τό
1337 4201 1532 4278 Ποὶσχα
1579 4221 1716 4262 cum
1763 4205 1910 4261 Caes.
1971 4205 2058 4274 B.,
2118 4219 2258 4278 nam
2309 4200 2482 4278 Barb.
2542 4204 2601 4258 et
2655 4200 2798 4278 Cass.
2844 4199 3168 4278 A._habent
3195 4202 3290 4278 τος)
3322 4198 3538 4278 [ξάσχα.
3567 4199 3616 4278 ‘f
3645 4199 3820 4278 Barb.

397 4270 705 4349 abest_xal.
733 4273 850 4349 °'_E
881 4270 1011 4329 cod.
1046 4273 1216 4330 Barb.
1275 4270 1498 4349 excidit
1545 4279 1942 4349 νοΧᾼΗνεῦμα,
1979 4270 2062 4349 Aet

2116 4273 2294 4347 paulo
2344 4273 2502 4347 infra
2560 4271 2809 4344 μαθητὰς
2835 4269 2974 4347 Δκαιὶ.
3014 4271 3062 4347 βδ
3095 4271 3304 4347 ᾼ-οοίὶ.
3341 4269 3509 4347 Bari}.
3544 4271 3818 4347 abest‘ai.

390 4344 448 4424 “_
468 4343 637 4424 Bharb.
667 4349 733 4424 _e_t
761 4344 905 4424 Caes.
939 4351 1131 4418 uterq.
1168 4346 1370 4403 mend.
1402 4350 1596 4419 τῷ.....
1631 4335 1940 4424 εὐχομὲνῳξ
1973 4347 2017 4383 ⁶⁶
2047 4335 2220 4404 Barb.
2252 4342 2413 4400 παύει
2443 4349 2502 4401 et
2529 4335 2666 4402 cum
2696 4335 2770 4400 eo
2819 4345 2963 4402 Caes.
2998 4346 3090 4414 A.,
3119 4344 3260 4403 licet
3286 4344 3596 4410 mendose,
3634 4335 3816 4398 πάϐει·

395 4420 457 4472 at
484 4417 630 4471 Cass.
667 4417 727 4472 Β.
759 4413 973 4473 παύσει.

1999 4511 2222 4567 NOTAE.

474 4603 803 4678 (24)_Verba
832 4606 948 4660 illic
985 4609 1286 4678 conceptio,
1339 4608 1427 4664 hie
1455 4612 1723 4666 nativitas
1773 4609 1992 4666 absunt
2019 4626 2053 4666 a

403 4675 548 4730 Caes.
593 4675 680 4739 B.,
731 4683 792 4731 at
835 4678 1096 4732 retinent
1139 4675 1448 4739 tum'Caes.
1482 4685 1549 4736 Α.
1605 4688 1730 4737 tum
1775 4681 1946 4737 Barb.
1995 4688 2054 4737 et

403 4729 519 4824 ng
575 4729 1264 4824 sll'atigs'(PI-613366;:
1314 4729 1448 4824 E171"
1473 4729 2053 4824 ὄρρῖᾜειιῖιὶὶὲὶὲηῖ
2084 4729 2128 4793 Ι)

400 4821 429 4888 §
751 4822 1000 4876 Damasc.
1023 4819 1254 4898 _per_[_.e
1295 4823 1468 4898 Quin,
1514 4819 1658 4898 tom.
1694 4827 1735 4891 Ι,
1766 4842 1905 4898 pag.
1937 4819 2050 4898 63).

473 4893 588 4961 (25‘,
633 4893 711 4946 Ex
766 4909 882 4964 quo
934 4893 1102 4948 nulla
1154 4893 1250 4948 hic
1300 4895 1404 4950 ﬁat
1451 4897 1675 4951 mentio
1719 4893 2055 4953 festivitatis

399 4962 760 5041 Deﬁnitionis
784 4962 1114 5041 _De_ipara3,_
1152 4965 1442 5041 suspicari
1496 4968 1793 5041 quispiam
1829 4973 2052 5041 posset,

399 5034 669 5089 nondum
700 5035 850 5090 forte
884 5034 1040 5092 idem
1091 5034 1308 5094 festum
1356 5038 1416 5094 in
1446 5034 1760 5096 Eubmensi
1793 5034 2058 5097 Ecclesia

401 5111 712 5180 receptum
743 5108 949 5164 fuisse.
983 5113 1057 5164 At
1104 5126 1225 5164 non
1275 5110 1358 5166 ita
1402 5127 1498 5167 res
1549 5112 1763 5180 habet;
1811 5129 1951 5169 nam
1984 5112 2056 5169 ad

405 5177 587 5261 ﬁnem
618 5179 904 5261 orationis
936 5181 1048 5237 hoc
1080 5198 1315 5254 quoque
1347 5183 1563 5261 festum
1592 5177 1880 5261 celebrari
1914 5202 2058 5261 con-

406 5257 669 5305 suevisse
707 5258 916 5307 auctor
961 5261 1410 5311 commemorat.
1461 5257 1643 5312 Porro
1694 5257 1836 5312 hinc
1884 5257 2056 5313 nobis

403 5320 826 5399 Conceptionis
854 5324 1141 5399 festivitas
1170 5327 1359 5399 magis
1405 5329 1877 5386 commendatur.
1912 5331 2057 5384 Cum

405 5394 565 5447 enim
581 5395 864 5468 mysteria
885 5396 1231 5452 solemniori
1247 5394 1409 5454 cultu
1427 5399 1785 5458 celebranda
1810 5401 2056 5458 denario

402 5480 652 5540 numero
669 5469 1113 5540 comprehensa
1134 5468 1429 5536 dicantur,
1452 5471 1512 5525 in
1545 5471 1706 5529 hunc
1739 5488 2057 5528 numerum

401 5536 866 5619 conceptionem
900 5540 1164 5619 Deiparac
1190 5542 1391 5619 potius
1421 5559 1602 5613 quam
1627 5545 1897 5619 ejusdem
1931 5560 2062 5600 san-

403 5609 730 5664 ctissimam
763 5609 1464 5669 dormitionem‘rclatam
1497 5609 1818 5672 cernimus.

477 5679 586 5754 (26)
622 5681 1039 5752 Vulgatissima
1070 5690 1160 5738 est
1190 5701 1373 5754 penes
1405 5693 1632 5743 veteres
1665 5689 1791 5743 haec
1833 5685 2053 5742 doctri-

404 5761 501 5831 naz
536 5753 712 5831 atque
745 5769 814 5831 eo_
848 5755 1024 5809 etiam
1049 5762 1299 5831 spectat,
1335 5760 1648 5831 sententia)
1690 5756 2058 5831 pariendiuin

406 5815 716 5873 doloribus
745 5822 1023 5880 adversus
1049 5815 1228 5880 Evam
1249 5815 1493 5896 prolatae
1527 5815 1838 5902 Deiparam
1869 5827 2059 5885 nulla-

2165 4614 2336 4663 tenus
2357 4605 2542 4662 fuisse
2567 4605 2912 4662 obnoxium.
2931 4605 2996 4662 Id
3020 4610 3218 4662 autem
3240 4605 3352 4678 ipsi
3376 4621 3616 4678 quoque
3638 4606 3819 4678 Anum

2164 4679 2446 4734 tribuitur
2475 4678 2536 4733 in
2569 4679 2753 4733 sacris
2785 4679 3120 4735 Graecorum
3135 4677 3369 4748 ofﬁciis,
3403 4677 3542 4733 ﬁliae
3573 4677 3822 4742 scilicet,

2205 4767 2343 4805 uam
2378 4755 2546 4805 utero
2576 4750 2863 4822 gestabat,
2921 4751 3111 4818 gratia
3163 4752 3337 4821 (Men.
3371 4749 3466 4805 die
3498 4766 3557 4805 1x
3589 4749 3728 4822 Dec.
3762 4749 3819 4804 in

2205 4770 2343 4805 uam
2378 4770 2546 4805 UICI‘O
2576 4770 2863 4822 gesnanar,
2921 4770 3111 4818 grana
3163 4770 3337 4821 (men.
3371 4770 3466 4805 (ue
3498 4770 3557 4805 ix
3589 4770 3728 4805 uec.
3762 4770 3819 4804 IIl

2162 4770 2347 4878 gtich.
2410 4826 2546 4877 ante
2603 4821 3032 4892 Synaxarium:
3093 4822 3258 4893 Haud
3309 4837 3610 4893 quaquam,
3661 4821 3820 4877 sicuti

2169 4896 2298 4961 Eva,
2333 4900 2392 4947 tu
2427 4909 2664 4965 quoque,
2694 4909 2724 4948 ο
2772 4896 2958 4963 Αηηα,
3003 4896 3193 4966 paries
3237 4892 3297 4966 in
3321 4892 3626 4966 doloribus
3645 4910 3668 4956 ,°
3696 4909 3818 4966 nam

2167 4959 2455 5056 g‘aui‘ii'um-
2490 4959 2567 5019 in—
2606 4959 2772 5050 uturo
2829 4959 3022 5054 gestas"
3049 4964 3212 5056 (οὐχ’
3245 4963 3450 5052 ὥσπερν
3476 4959 3608 5056 Ῑέὕα,
3639 4962 3817 5056 καξνσὺ

2167 5029 2260 5163 ag»
2288 5035 2489 5100 λύπαις
2531 5040 2727 5099 τεκεῖς·
2772 5029 2945 5112 χᾶρὰν
3001 5029 3132 5112 γᾶρ,
3159 5029 3818 5107 ὟΑννα,’ἔνδον’κοιλίας

2167 5131 2202 5163 ιο
2239 5128 2370 5163 eam.

2241 5128 2370 5170 ρεις.

2167 5131 2464 5253 Ne
2497 5179 2771 5254 oratoriae
2817 5180 3256 5254 exaggerationi
3285 5179 3509 5254 tribuas
3529 5178 3702 5254 quod
3731 5178 3822 5236 hic

2169 5251 2408 5321 dicitur,
2443 5253 2757 5325 Deiparam
2787 5251 3128 5325 approphetis
3177 5253 3427 5308 omnibus
3457 5251 3643 5325 fuisse
3676 5268 3821 5325 pra;-

2167 5325 2528 5389 nuntiatam,
2573 5324 2768 5380 facere
2817 5324 2995 5380 debet
3043 5330 3314 5382 veterum
3364 5324 3689 5380 auctoritas
3719 5324 3819 5378 Pa-

2171 5404 2351 5465 trum,
2385 5395 2603 5468 quibus
2633 5395 2787 5450 nihil
2819 5397 3220 5465 communius,
3250 5413 3430 5467 quam
3462 5401 3529 5468 ut
3559 5395 3819 5468 disertis-

2173 5470 2320 5525 sime
2351 5466 2676 5540 afﬁrment,
2709 5469 2951 5524 Mariam
3004 5466 3326 5540 Deiparam
3383 5468 3446 5523 in
3496 5466 3816 5540 ‘Scripturis

2169 5540 2448 5598 omnibus
2477 5539 2810 5612 prmdicari.
2868 5538 3032 5599 Conf.
3086 5537 3217 5612 qua)
3248 5539 3320 5594 de
3353 5539 3445 5595 his
3477 5537 3734 5596 diximus
3761 5538 3815 5594 in

2171 5611 2622 5668 commentario.

2243 5687 2354 5755 (28)
2389 5685 2533 5756 Cum
2561 5682 2803 5756 propria
2837 5684 2977 5756 novi
3009 5682 3518 5756 testamentinota
3549 5697 3653 5737 seu
3683 5679 3812 5756 chaj

2173 5751 2367 5812 raeter
2401 5751 2774 5828 sitoperatio
2833 5755 3059 5828 gratiae,
3119 5754 3481 5828 principium
3529 5769 3663 5828 vero
3697 5751 3815 5807 novi

2173 5825 2513 5883 testamenti
2536 5823 2862 5882 collocetur
2882 5829 2940 5882 in
2962 5829 3082 5898 ipso
3104 5823 3267 5882 initio
3291 5823 3661 5882 e'xstruendaa
3680 5840 3811 5880 arca
