4074 6416
298 430 441 487 1477

1340 426 1583 485 SERMO
1620 432 1699 486 IN
1736 430 2294 488 CONCKPTIONEM
2334 433 2690 485 DEIPARE.

3590 426 3729 486 1478

295 556 417 625 τοῦ,
451 552 503 606 ἓν
561 550 630 626 τῇ
675 549 864 622 κοιλίᾳ
918 553 1020 616 τῆς
1078 550 1278 621 Ἂννης
1333 552 1685 625 κτιζομένης,
1740 558 1844 620 τῆς
1904 550 1957 606 ἐκ

2077 553 2149 611 ad
2172 554 2357 611 Deum
2389 553 2804 625 excipiendum
2836 553 2898 609 in
2945 554 3132 609 Annae
3181 557 3349 609 utero
3409 556 3727 608 exstructa)

297 648 400 712 τῆς
432 639 824 717 ρίζηςἸούδα,
882 640 1111 713 Ἰεσσαὶ,
1171 642 1260 695 καί
1322 639 1507 698 Δαυΐδ.
1570 639 1717 711 Φησὶ
1773 640 1878 715 γὰρ
1931 642 1960 695 ὁ

306 732 621 807 προφήτης
676 732 776 786 Καὶ
834 730 1123 799 ἀναστήσω
1178 730 1280 799 τὴν
1352 730 1560 801 σκηνὴν
1640 727 1803 785 Δαυΐδ
1859 731 1958 798 τήν

300 825 674 890 πεπτωκυῖαν,
733 820 822 875 καὶ
907 817 1263 892 οἰκοδομήσω
1373 818 1441 874 τὰ
1544 819 1963 893 κατεσκαμμένα

303 910 494 981 αὐτῆς.
533 908 674 968 Ἰδοὺ
733 908 1010 966 ἀνίσταται
1063 912 1098 979 ἡ
1154 910 1325 980 σκηνὴ
1370 906 1537 964 Δαυ³ιδ
1591 908 1644 965 ἐν
1702 913 1769 984 τῇ
1828 908 1962 964 συλ-

305 1000 475 1074 λήψει
509 1001 578 1070 67,
609 1000 698 1055 καὶ
730 1001 947 1073 γενήσει
980 1006 1081 1069 τῆς
1112 999 1280 1054 αὐτοῦ
1312 998 1600 1074 θυγατρός.
1657 998 1810 1067 Αύτῆ
1857 1000 1957 1073 γάρ

293 1088 410 1146 ἐστι
471 1090 596 1165 περὶ
649 1092 717 1159 ἧς
773 1093 991 1165 πρῶτος
1051 1090 1266 1145 πάντων
1327 1084 1522 1147 Ἰακὼϐ
1580 1090 1672 1145 τὸν
1752 1087 1957 1146 Ἰούδαν

295 1178 661 1257 προφητεύων
722 1175 1004 1253 ηύλὸγησι
1061 1180 1111 1216 6⁸
1165 1178 1338 1255 λέγων
1398 1178 1594 1242 οὕτως·
1643 1177 1843 1249 Ἰούδα,
1903 1179 1962 1234 σὲ

308 1270 569 1344 ⁴ᾗνέσεσαν
603 1270 654 1324 οἱ
684 1267 913 1349 ἀδελφοί
944 1290 1068 1329 σου.

373 1358 633 1430 ’ἀληθῶς
725 1359 981 1435 μακάριοι
1041 1360 1222 1433 ὑμεῖς,
1281 1360 1543 1434 Ἰωακεῖμ
1608 1359 1699 1415 καὶ
1770 1361 1957 1419 Ἅννα.

302 1449 488 1522 Ὑμεῖς
546 1451 646 1525 γὰρ
707 1448 758 1519 ἐξ
807 1448 1008 1519 Ἰούδα,
1070 1449 1160 1504 καὶ
1222 1449 1440 1519 Ἰεσσαὶ,
1490 1451 1581 1504 καὶ
1630 1447 1817 1518 Δαυΐδ,
1870 1450 1962 1504 καὶ

296 1537 437 1608 αύτή
466 1537 520 1609 ἐξ
551 1538 731 1611 ὑμῶν,
760 1538 850 1594 καὶ
884 1538 935 1609 ἐξ
966 1538 1144 1605 αὐτῆς
1174 1538 1202 1593 ὁ
1233 1544 1329 1596 τοῦ
1357 1540 1534 1613 νόμου
1567 1537 1752 1616 δωτήρ
1782 1540 1853 1611 δν,
1870 1538 1962 1593 καὶ

300 1631 600 1704 προφητῶν
630 1627 852 1703 Κύριος,
882 1628 969 1682 καὶ
1026 1625 1109 1683 ἐπ’
1160 1625 1408 1706 ἐσχάτων
1439 1628 1615 1704 νόμου
1654 1629 1962 1705 πληρωτὴς

311 1717 548 1793 Χριστὸς
570 1715 789 1793 Κύριος.

374 1807 481 1865 1Β“.
513 1810 692 1863 Ταῦτα
721 1810 858 1881 πρὸς
914 1808 1013 1877 τὴν
1062 1807 1437 1884 εύλογημένην
1497 1809 1745 1886 συζυγίαν
1800 1812 1959 1869 Ἰωα-

296 1897 432 1969 κείμ
474 1897 561 1950 καὶ
632 1897 829 1953 Ἀνναν
888 1893 1140 1973 ἄγγελος,
1196 1898 1285 1954 καὶ
1345 1897 1630 1956 ἐπιπλεῖον
1660 1902 1707 1937 ⁷ο
1753 1898 1962 1974 ἐπήγα-

291 2005 409 2061 γεν’
471 1991 747 2061 Θαρσεῖτε,
809 1986 1050 2060 χαίρετε,
1109 1987 1199 2041 καὶ
1252 1990 1296 2024 τί
1355 1985 1709 2063 ἀγαλλιᾶσθε.
1765 1991 1959 2063 Ἤγγι-

294 2096 389 2130 κεν
420 2074 523 2152 γὰρ
556 2073 585 2129 ὅ
624 2074 810 2149 καιρὸς
868 2075 896 2129 ὁ
962 2075 1065 2131 ὑπὸ
1120 2079 1217 2130 τοῦ
1272 2078 1560 2153 προφήτου
1611 2073 1957 2153 κηρυττόμε-

296 2188 412 2237 νος,
447 2166 505 2220 ἐκ
538 2166 798 2239 Βηθλεὲμ
852 2167 942 2220 καὶ
974 2173 1080 2242 γῆς
1138 2165 1317 2223 Ἰούδα
1366 2169 1460 2224 τὸν
1508 2169 1673 2244 μέγαν
1723 2166 1956 2240 ποιμένα

298 2253 693 2325 ἐξελεύσεσθαι,
725 2253 815 2310 καὶ
848 2255 909 2309 οὐ
946 2254 1109 2327 μόνον
1157 2256 1248 2310 τὸν
1310 2255 1534 2331 Ἰσραὴλ
1564 2262 1855 2329 ποιμανεῖν
1884 2256 1956 2327 7³,

297 2343 450 2401 ἀλλὰ
476 2345 567 2400 καὶ
600 2347 773 2401 πάντα
800 2345 867 2401 τὰ
901 2343 1051 2417 ἔθνη.

368 2437 583 2499 Ὄντως
600 2434 862 2509 μακάριοι
893 2435 983 2491 καὶ
1012 2436 1425 2511 τρισμακάριοι,
1449 2435 1708 2509 Ἰωακεῖμ
1728 2437 1817 2492 καὶ
1839 2441 1960 2495 Ἅν-

300 2542 392 2579 να’
428 2524 928 2601 μυριονταπλάσιον
963 2522 1020 2581 δὲ
1043 2526 1428 2602 μακαριωτέρα
1473 2528 1509 2596 ἡ
1570 2526 1837 2601 ἀπόγονος
1866 2527 1957 2582 καὶ

303 2615 549 2690 θυγάτηρ
582 2612 768 2686 Δαυΐδ,
800 2617 835 2684 ἡ
867 2614 918 2685 ἐξ
952 2614 1153 2693 ὀσφύος
1214 2615 1302 2671 καἓ
1342 2617 1571 2693 γαστρὸς
1606 2616 1758 2689 ὑμῶν
1820 2637 1958 2692 προ-

302 2710 612 2781 ερχομένη.
672 2706 857 2780 Ὑμεῖς
917 2707 1023 2782 γὰρ
1079 2713 1152 2781 γῆ
1213 2704 1351 2775 ἐστε,
1396 2707 1537 2775 αὐτή
1598 2704 1656 2762 δὲ
1707 2704 1955 2783 οὐρανός.

309 2800 484 2867 Υμεῖς
515 2794 728 2870 χοϊκοὶ,
754 2792 824 2849 δι’
858 2795 1023 2865 αὐτῆς
1056 2793 1113 2849 δὲ
1161 2795 1213 2849 οἱ
1272 2798 1465 2871 χοϊκοὶ
1515 2796 1829 2869 ἐπουράνιοι
1888 2797 1957 2856 ⁷³.

299 2884 567 2960 μακάριοι
600 2884 827 2956 ἀληθῶς
880 2886 1061 2958 ὑμεῖς,
1118 2885 1199 2939 ὃτι
1256 2885 1312 2939 ὅν
1376 2890 1611 2955 Μωϋσῆς
1663 2884 1796 2941 ἰδεῖν
1859 2887 1961 2942 οὐκ

292 2971 568 3047 ἐδυνήθη,
601 2973 940 3047 ἐπεθύμησεν
976 2974 1005 3028 ὁ
1041 2973 1296 3050 βασιλεὺς
1335 2977 1433 3047 τῆς
1468 2974 1627 3046 δόξης
1683 2979 1781 3031 τοῦ
1811 2975 1956 3031 κά).-

289 3062 437 3126 λους
468 3070 569 3134 τῆς
600 3065 751 3137 ὑμῶν
788 3062 1074 3139 θυγατρός.

378 3184 446 3255 (c)
479 3185 659 3239 Amos
690 3200 768 3251 Ix,
800 3184 886 3239 ll.
920 3183 996 3255 (ά)
1029 3183 1183 3240 Psal.
1218 3201 1365 3254 mv,
1398 3188 1485 3255 ll,
1522 3186 1609 3241 l2.

2071 660 2204 714 qum
2236 650 2327 699 est
2357 661 2427 699 ex
2447 644 2645 700 radice
2675 644 2861 711 ludes,
2893 645 3075 712 Jesse,
3105 648 3164 698 et
3196 642 3451 700 Davidis.
3500 643 3723 713 lnquit,

2073 732 2232 788 enim
2262 733 2554 804 propheta
2581 749 2594 787 ε
2622 735 2687 788 Et
2717 734 2988 789 suscitabo
3033 733 3450 789 tabernaculum
3482 732 3723 799 Davidis,

2072 822 2219 892 quod
2247 823 2454 889 cecidit,
2480 828 2529 877 et
2553 822 2893 892 rewdiﬁcabo
2923 823 3116 877 ruinas
3145 822 3263 891 ejus
3296 821 3387 892 (ο).
3421 822 3566 876 Ecce
3608 820 3728 875 eri-

2071 912 2228 984 gitur
2262 911 2711 968 tabernaculum
2742 910 2927 967 David
2958 912 3020 967 in
3062 911 3457 982 conceptione
3500 915 3559 966 et
3587 926 3726 983 pro-

2072 1002 2372 1058 creatione
2406 1001 2542 1057 ﬁliae
2574 1001 2702 1073 ejus
2730 1004 2863 1072 (29).
2896 1002 3029 1073 Ipsa
3060 1007 3150 1057 est
3176 1001 3336 1057 enim
3368 1000 3440 1057 de
3464 1017 3582 1072 qua
3612 1000 3730 1071 pri-

2069 1108 2203 1147 mus
2231 1090 2499 1147 omnium
2529 1090 2703 1146 lacob
2735 1091 3065 1148 vaticinans
3088 1090 3254 1147 Iudae
3282 1089 3613 1157 benedixit,
3647 1088 3730 1144 ita

2072 1179 2352 1251 inquiens
2383 1182 2593 1248 :Juda,
2624 1180 2927 1237 laudabunt
2959 1186 3009 1236 te
3035 1182 3242 1249 fratres
3269 1181 3352 1235 tui
3380 1177 3493 1250 (30)
3530 1177 3543 1234 ι

2143 1361 2290 1415 Vere
2321 1376 2422 1416 vos
2451 1358 2631 1426 beati,
2662 1358 2964 1417 Joachime
2995 1363 3057 1415 et
3085 1360 3277 1417 Anna.
3312 1360 3425 1415 Vos
3462 1356 3623 1413 enim
3654 1372 3727 1413 ex

2071 1449 2241 1517 Iuda,
2263 1451 2445 1518 Jesse,
2481 1455 2539 1504 et
2568 1450 2804 1517 Davide,
2837 1450 2964 1504 haec
2996 1454 3194 1504 autem
3229 1466 3297 1503 ex
3327 1448 3514 1514 vobis,
3556 1451 3617 1503 et
3655 1462 3727 1504 ex

2070 1539 2203 1611 ipsa
2232 1538 2376 1612 legis
2399 1538 2589 1607 dator,
2620 1545 2677 1595 et
2707 1539 2996 1595 Dominus
3044 1538 3490 1610 prophetarum,
3546 1542 3725 1607 atque

2073 1629 2353 1685 extremis
2388 1629 2753 1701 temporibus
2775 1628 3072 1701 perfector
3120 1627 3266 1700 legis
3314 1627 3581 1685 Christus
3612 1627 3728 1681 Do-

2070 1718 2292 1776 minus.

2142 1809 2263 1864 XII.
2294 1810 2428 1866 Hmc
2458 1807 2704 1881 angelus
2735 1807 2810 1864 ad
2840 1806 3187 1864 benedictos
3245 1806 3383 1863 illos
3437 1806 3725 1878 conjuges

2067 1899 2436 1955 Joachimum
2462 1902 2523 1955 et
2551 1901 2784 1953 Annam
2817 1898 2929 1968 (31)
2948 1914 2961 1963 ;
2981 1902 3159 1967 atque
3182 1896 3432 1953 ulterius
3463 1895 3721 1969 adjecit:

2073 1992 2233 2045 Bono
2264 1990 2464 2044 animo
2496 1993 2704 2053 estote,
2727 1986 3001 2060 gaudete,
3052 1992 3108 2042 et
3162 1986 3475 2042 exsultate.
3538 1988 3728 2042 Instat

2064 2080 2225 2137 enim
2256 2086 2492 2151 tempus
2523 2095 2557 2135 a
2587 2079 2878 2150 propheta
2908 2078 3353 2147 annuntiatum,
3387 2096 3504 2149 quo
3529 2096 3601 2134 ex
3622 2081 3726 2134 Be-

2068 2170 2287 2224 thleem
2314 2175 2371 2223 et
2409 2174 2566 2223 terra
2593 2168 2743 2223 Juda
2773 2185 2875 2223 rex
2905 2185 3157 2240 magnus
3212 2174 3302 2223 est
3343 2169 3628 2235 oriturus,
3663 2174 3722 2224 et

2066 2276 2187 2315 non
2208 2258 2383 2315 modo
2416 2258 2704 2330 populum
2743 2257 3000 2325 Israelis,
3050 2257 3156 2313 sed
3203 2262 3262 2312 et
3315 2262 3519 2329 gentes
3560 2264 3726 2331 reget

2068 2349 2397 2404 universas.

2140 2440 2287 2493 Vere
2317 2436 2476 2493 beati
2500 2453 2567 2493 ac
2599 2442 2689 2492 ter
2716 2436 2897 2502 beati,
2943 2436 3243 2492 Joachime
3278 2441 3336 2492 et
3386 2438 3559 2492 Anna
3591 2452 3605 2505 ;
3666 2442 3728 2493 at

2068 2527 2288 2583 millies
2317 2526 2550 2583 beatior
2579 2526 2816 2583 Davidis
2839 2527 3151 2599 progenies
3188 2543 3256 2582 ac
3306 2526 3453 2593 illia,
3501 2543 3634 2598 qum
3695 2543 3726 2582 e

2065 2619 2291 2675 femore
2324 2624 2501 2689 atque
2526 2624 2696 2673 utero
2739 2623 2932 2673 vestro
2963 2617 3358 2690 progreditur.
3389 2620 3503 2673 Vos
3561 2618 3723 2673 enim

2071 2713 2227 2763 terra
2256 2708 2401 2763 estis
2434 2726 2448 2775 ;
2486 2708 2618 2779 ipsa
2647 2724 2784 2762 vero
2814 2707 3031 2763 coelum
3059 2723 3073 2761 :
3125 2724 3228 2763 vos
3282 2708 3506 2762 terreni
3540 2725 3555 2775 ;
3616 2724 3725 2779 per

2069 2799 2259 2869 ipsam
2288 2814 2423 2851 vero
2456 2797 2753 2869 (evadunt)
2787 2796 3055 2851 cmlestes
3089 2799 3216 2867 (32).
3250 2799 3393 2851 Vere
3420 2814 3519 2851 vos
3537 2796 3718 2864 beati,

2070 2887 2351 2957 quoniam
2376 2904 2478 2941 rex
2504 2886 2603 2939 ille
2634 2886 2858 2957 gloriae,
2892 2902 3068 2956 quem
3099 2888 3324 2956 Moyses
3372 2886 3570 2941 videre
3601 2902 3722 2940 non

2068 2979 2279 3050 potuit,
2342 2976 2480 3032 ﬁliae
2583 2980 2791 3031 vestrm
2846 2975 3360 3048 pulchritudinem
3436 2977 3727 3048 concupi—

2068 3067 2272 3139 vit(d).

1698 3273 1795 3327 VA
2371 3313 2383 3325 .

375 3359 420 3396 ⁸⁷
444 3360 613 3417 Barb.
650 3362 849 3419 mend.
883 3357 1169 3435 συλλήψη.
1198 3363 1243 3401 ⁸⁸
1272 3364 1359 3421 Ita
1389 3362 1594 3431 codex,
1630 3364 1732 3434 qui
1766 3271 2463 3421 ιιιῃάιῗηῐῖὲϐἔάιῗιῇῗθῗιάο
2497 3359 2586 3415 vel
2624 3359 2960 3485 respuendo
2984 3360 3094 3416 hoc
3124 3364 3443 3430 augmento
3478 3360 3729 3416 sibinon

379 3440 557 3485 nstat.
590 3433 637 3467 δυ
670 3434 841 3485 Barb-
877 3430 1067 3485 δοτῆο.
1102 3433 1150 3470 ⁷ο
1182 3436 1354 3485 Bnrb.
1388 3433 1710 3485 ἐπιπλείων-
1744 3442 1803 3485 at
1841 3435 1929 3485 vel
1963 3432 2253 3485 ἐπιπλείω.
2286 3433 2377 3485 vel
2406 3428 2692 3485 ἐπιπλεῖον
2759 3433 3071 3485 eaendum.
3107 3432 3252 3485 Cass.
3279 3434 3345 3485 A.
3380 3431 3465 3485 ἐπὶ
3495 3430 3721 3485 πλοῖον.

289 3440 557 3489 constat.
590 3433 637 3467 δυ
670 3434 841 3491 Barb.
877 3428 1150 3502 δοτήοξἾθ
1182 3436 1354 3493 Barb.
1388 3428 1711 3503 ἐπιπλείοῖν,
1744 3442 1803 3493 at
1841 3435 1929 3491 vel

2077 3432 2253 3501 πλείω,
2286 3433 2377 3488 vel
2406 3428 2692 3503 ἐπιπλεῖον

282 3506 359 3579 ⁷³-
384 3507 543 3579 0‘1"};
560 3507 683 3561 (3395
713 3508 789 3579 A-_
810 3501 1144 3579 ἀγαλλὶάσθε
1179 3531 1193 3573 ;
1222 3507 1423 3564 mend.
1460 3508 1629 3563 Barb.
1657 3501 1957 3579 ἀγαλλιᾶσϐ

2078 3508 2124 3542 ⁷³
2154 3508 2300 3579 Cass.
2334 3501 2767 3579 _1:o¢paivscv'

881 3524 1144 3569 αΛΛιασθε
1179 3531 1193 3573 ;
1222 3524 1423 3564 mena.
1460 3524 1629 3563 nam.
1657 3524 1957 3579 αγαΛΛιασυ

845 3524 879 3632 ζ(
907 3576 1225 3652 ἐπουράνιοι
1264 3604 1278 3647 ;
1307 3584 1369 3635 at
1390 3579 1606 3635 melius
1639 3580 1783 3635 Cass.
1820 3584 1877 3634 Β.
1914 3574 1957 3631 δι

2085 3524 2124 3542 ἰ
2154 3524 2300 3562 uuas.
2334 3524 2401 3560 Α.
2435 3524 2767 3575 ποιμαινειν·
2803 3524 2971 3559 nari).

2077 3579 2183 3646 ιτῆς
2217 3574 2275 3630 δὲ
2335 3576 2388 3630 οὶ
2419 3573 2608 3631 χοῖκοὶ
2643 3572 2986 3649 ἐπουράνιοι.

284 3573 469 3645 αὐτῆς
502 3574 559 3630 δὲ
589 3576 794 3650 χωϊκοὶ
826 3597 854 3631 ο

2759 3433 3071 3488 egendum.
3107 3432 3252 3488 Cass.
3279 3434 3345 3487 A.
3380 3431 3465 3485 ἐπὶ
3495 3430 3721 3486 πλοῖον.

2847 3503 2971 3559 arb.
3030 3507 3306 3574 ποιμενεῖ.
3340 3501 3386 3539 ⁷³
3446 3504 3617 3559 Barb.
3653 3500 3725 3557 δι’

1896 3697 2122 3753 NOTAE.

288 3798 425 3874 ρος)
456 3795 1164 3874 excipiendo__de_stinatze
1213 3795 1444 3874 scilicet
1500 3796 1957 3874 in__conceptione
1987 3802 2031 3865 C
2072 3794 2267 3850 ﬁcatio
2306 3792 2419 3874 (uti
2468 3792 2649 3874 patet)
2699 3792 2780 3847 ita
2810 3791 3037 3874 locum
3077 3790 3287 3874 habuit
3344 3791 3408 3845 in
3460 3792 3727 3874 Deiparaa

290 3867 572 3939 Deiparze
597 3886 763 3940 ;ergo
796 3870 989 3925 Maria)
1020 3870 1328 3940 conceptio
1356 3885 1477 3924 non
1512 3868 1695 3923 solius
1727 3874 1956 3924 naturae

293 3940 412 4013 (sic
443 3940 603 3995 enim
635 3940 715 3995 ad
740 3941 931 4012 legem
985 3942 1211 4012 peccati
1272 3940 1644 4013 spectasset),
1694 3940 1798 3996 sed
1827 3958 1958 4011 gra-

297 4012 404 4068 tim
438 4028 675 4082 quoque
705 4029 855 4084 Opus
882 4014 1015 4068 fuit.

381 4084 529 4139 Hinc
562 4082 824 4139 Ecclesia
844 4086 1045 4140 Graeca
1075 4083 1136 4138 in
1166 4084 1349 4141 sacris
1396 4083 1580 4154 hujus
1612 4082 1956 4139 solemnita-

299 4155 383 4229 tis
414 4156 627 4229 olﬁciis
667 4156 827 4229 canit
860 4164 1090 4229 veteres
1148 4156 1296 4229 legis
1353 4156 1595 4229 umbras
1655 4155 1957 4229 exoriente

303 4227 544 4298 Virgine
606 4228 935 4296 transiisse,
987 4226 1130 4300 quia
1183 4226 1448 4300 splendor
1497 4230 1717 4300 gratiae,
1771 4228 1840 4300 id,
1883 4232 1959 4282 est

303 4299 525 4365 Mariae,
559 4300 783 4355 effulsit
811 4302 982 4367 (Men.
1003 4298 1099 4354 die
1121 4316 1175 4353 ιι
1206 4298 1343 4356 Dec.
1369 4298 1489 4354 Ode
1520 4298 1587 4359 ςἿ
1613 4315 1627 4353 :
1665 4300 1804 4353 Vere
1825 4299 1959 4368 legis

304 4369 520 4426 umbrae
546 4378 887 4439 praetereunt
915 4390 937 4437 ;
964 4386 1084 4426 ecce
1129 4373 1275 4426 enim
1302 4373 1506 4428 divinae
1537 4372 1739 4440 gratia:
1772 4370 1961 4440 splen-

303 4441 406 4496 dor
450 4442 613 4510 Virgo
643 4443 903 4511 refulget,
932 4443 1102 4497 nubes
1131 4443 1232 4497 illa
1282 4460 1311 4499 e
1366 4458 1480 4512 qua
1506 4458 1630 4497 vere
1667 4458 1959 4498 coruscans

302 4512 387 4588 sol
416 4513 641 4569 Deitatis
672 4512 1159 4588 e_.rqritu_r(l_{6gou
1216 4512 1273 4567 αἱ
1321 4511 1486 4588 Δσκιαί
1545 4516 1727 4588 σαφῶς
1781 4532 1956 4588 παρα-

298 4581 612 4659 τρέχουσιν·
647 4583 809 4659 αὐγὴΔ
839 4581 1253 4659 γὰρἾῖδοὺ-μτῆς
1275 4583 1459 4659 ﬂeta:
1513 4581 1957 4659 xciet-{oesypu-

303 4602 612 4656 τρεχουσιν·
647 4602 789 4657 αυγη
839 4603 944 4659 γαρ
981 4602 1098 4638 ιοου
1150 4604 1253 4654 της
1313 4602 1459 4645 veta:
1504 4602 1745 4709 ἔαριτος
1777 4602 1957 4657 εμφα-

303 4655 505 4732 νίζεται
557 4654 923 4732 ἡ-παρθένος,
1009 4652 1210 4732 νεφέλη
1271 4653 1322 4728 ἐξ
1379 4656 1447 4725 ἦς
1574 4652 1802 4732 φαιδρὸς
1858 4663 1960 4732 τῆς

304 4726 564 4801 osor-5:0;
596 4727 808 4801 ἀνίσχει
841 4724 1013 4787 ὅντως
1043 4724 1249 4800 ἣλιος).
1280 4724 1348 4783 Et
1384 4724 1597 4784 rursus
1624 4724 1831 4785 eadem
1863 4729 1958 4785 die

303 4799 571 4857 celebrat
593 4799 794 4856 Graeca
824 4801 1088 4857 Ecclesia
1117 4806 1405 4871 conceptas
1451 4803 1512 4855 in
1554 4804 1739 4857 Anna:
1788 4806 1957 4856 utero

294 4873 583 4943 primitias
657 4888 819 4929 novw
892 4875 1271 4943 aediﬁcationis
1345 4873 1537 4943 (ibid.)
1601 4889 1613 4927 :
1676 4874 1959 4928 Exsultent

300 4950 512 4999 montes
541 4950 593 4999 et
622 4945 803 5012 colles,
834 4947 1014 5016 campi
1047 4950 1095 4999 et
1135 4947 1336 5011 maria,
1386 4944 1683 4999 multitudo
1734 4945 1960 5014 angelo-

298 5030 446 5086 rum,
515 5022 567 5070 et
622 5019 937 5072 universum
988 5017 1308 5071 mortalium
1363 5032 1583 5086 genus;
1615 5018 1770 5071 Anna
1812 5018 1959 5071 enim

298 5085 551 5158 diuinum
600 5088 824 5143 Domini
881 5088 1166 5158 templum,
1222 5104 1375 5158 notae
1412 5088 1799 5158 adiﬁcationis
1840 5089 1959 5155 pri-

297 5157 489 5242 mitias
518 5161 786 5242 concepit.
821 5158 963 5242 Ὅρη
984 5154 1087 5242 *καὶ
1126 5154 1336 5242 βουγοὶ,
1380 5154 1564 5242 πεδία.
1590 5158 1680 5211 καὶ
1700 5154 1956 5242 ⁹θοὶλςιῐσιξά
1984 5179 2034 5242 D

296 5224 555 5305 ἀγγέλων
586 5224 919 5305 πληθὺς-καὶ
952 5224 1135 5305 haud
1176 5224 1336 5305 φύσις
1395 5229 1607 5305 βροτῶν
1662 5227 1950 5305 εύφραινᾴ-

296 5282 511 5378 ,ἀιδίαν
540 5303 639 5378 ςοδ
671 5282 957 5378 agam
980 5301 1045 5355 τε.
1078 5282 1352 5378 satis;
1389 5282 1640 5374 ξιμένος,
1692 5282 1950 5378 nam

297 5367 695 5443 ἀναδομήοεως
719 5369 933 5441 ἐδέξατο
960 5375 1173 5444 ”Αννα.)

372 5445 478 5519 (29)
509 5446 655 5500 Cum
686 5446 1150 5519 haudquaquam
1168 5444 1599 5519 materialiter,
1644 5444 1747 5519 sed
1780 5446 1958 5519 spiri—

293 5515 544 5590 tualiter
571 5515 921 5590 accipienda
937 5515 1015 5573 sit
1038 5516 1335 5590 restitutio
1354 5517 1459 5573 illa
1487 5516 1737 5588 collapsi
1760 5515 1952 5573 taber-

292 5587 520 5661 naculi,
554 5587 983 5661 minarumque
1039 5588 1355 5644 aediﬁcatio
1388 5605 1423 5643 a
1469 5587 1760 5660 propheta
1800 5607 1949 5661 prm-

292 5660 574 5716 nuntiata
599 5681 612 5727 ;
639 5663 711 5717 de
742 5660 1177 5718 restauratione
1207 5661 1387 5731 igitur
1416 5677 1522 5731 per
1553 5660 1846 5718 Christum
1866 5662 1952 5717 fa-

292 5730 529 5801 cienda,
564 5738 621 5787 et
649 5733 722 5787 de
754 5734 1152 5789 aedificatione
1182 5730 1292 5805 per
1315 5730 1565 5805 gratiam
1585 5733 1954 5804 perﬁcienda

292 5818 493 5859 sermo
525 5810 631 5862 est.
664 5807 916 5878 Insuper
946 5804 1240 5879 ejusmodi
1272 5804 1628 5861 restauratio
1651 5811 1711 5861 et
1739 5806 1949 5861 resedi-

2070 3863 2549 3936 conceptione’et
2582 3864 2987 3936 generatione,
3029 3868 3096 3917 ut
3144 3863 3514 3919 tabernaculi
3566 3863 3730 3920 illius

2071 3938 2291 3993 erectio
2323 3936 2553 4007 sitipsa
2608 3936 2873 4007 Deiparas
2932 3937 3263 4007 conceptio,
3297 3936 3498 4005 Atqui,
3563 3936 3611 3989 si
3665 3936 3729 3991 in

2069 4006 2461 4080 conceptione
2495 4007 2748 4077 Virginis
2780 4024 2922 4061 suus
2954 4007 3221 4080 reliquus
3243 4006 3455 4061 fuisset
3480 4012 3727 4080 peccato

2068 4078 2403 4151 locusfjam
2434 4080 2497 4133 in
2528 4080 2658 4150 ipsa
2702 4079 3093 4149 conceptione
3142 4079 3290 4151 jure
3342 4078 3554 4133 merito
3606 4096 3728 4133 non

2069 4149 2311 4226 quidem
2343 4149 3107 4226 tabernaculi_erectionem
3130 4149 3594 4226 suspiceremus,
3622 4151 3728 4205 sed

2068 4221 2274 4280 ruinas
2296 4229 2355 4278 et
2410 4222 2644 4294 lapsum
2704 4221 3176 4293 deploraremus.
3244 4223 3517 4276 lteratam
3590 4238 3727 4294 ergo

2069 4293 2507 4352 confessionem
2589 4294 2873 4348 doctrinm
2929 4311 2964 4349 δ,
3018 4294 3283 4363 Deipara)
3334 4293 3727 4363 conceptione

2068 4367 2302 4441 peccati
2326 4366 2520 4421 omnis
2554 4364 3367 4441 suspicionem‘excludentis
3414 4363 3725 4441 habemus.

2141 4441 2251 4510 (30)
2274 4439 2406 4496 Gen.
2439 4453 2590 4505 χιιι,
2625 4439 2677 4491 8.
2712 4438 2851 4510 Sup.
2884 4440 2911 4505 §
2948 4439 2979 4510 7_
3038 4436 3168 4510 cod.
3238 4436 3409 4491 Barb.
3468 4436 3727 4491 habebat

2068 4505 2389 4575 αἰνὲσουσιν,
2425 4525 2585 4563 nunc
2617 4505 2901 4563 mendose
2959 4505 3255 4575 ἐννὲσεσαν,
3300 4513 3552 4579 uterque
3585 4525 3721 4563 vero

2068 4586 2211 4640 Cass.
2248 4579 2479 4636 αἷ¹νεσαν.
2517 4582 2730 4635 Notum
2771 4585 2861 4635 est
2884 4586 3083 4636 autem
3118 4585 3177 4634 et
3230 4580 3466 4635 codices
3495 4580 3724 4634 versioo

2070 4657 2163 4711 nis
2197 4655 2335 4709 LXX
2368 4653 2461 4707 hic
2493 4652 2681 4707 varias
2714 4652 3000 4707 lectiones
3040 4652 3341 4724 praeferre.
3375 4651 3725 4707 Conf.Scho-

2069 4728 2147 4782 lia
2176 4724 2471 4781 Lamberti
2503 4725 2613 4777 Bos
2644 4725 2705 4778 in
2738 4724 2795 4777 h.
2846 4741 2897 4779 c.

2141 4800 2254 4869 (3t)
2276 4798 2421 4869 Caes.
2458 4796 2516 4869 B_.
2552 4795 2793 4869 reliqua.
2815 4794 3095 4869 amittens
3117 4810 3308 4869 pauca
3330 4794 3455 4849 haec
3474 4793 3720 4869 retinet:

2141 4813 2254 4869 (ὀί)
2276 4813 2421 4852 υεθδ.
2459 4813 2516 4851 15.
2552 4813 2659 4849 l‘ell
2712 4813 2785 4850 ua
2815 4813 3095 4850 omittens
3117 4813 3308 4865 pauca
3332 4813 3455 4849 nwc
3474 4813 3720 4849 retinet:

2067 4872 2253 4926 Ταῦτα
2282 4867 2419 4940 πρὸς
2449 4813 2709 4926 αὐτοὺςίδ
2759 4862 3006 4940 ἄγγελος,
3070 4869 3149 4921 ita
3198 4867 3268 4921 ad
3317 4882 3403 4940 eos
3457 4866 3723 4935 Angelus.

2068 4944 2255 5008 Quam
2288 4938 2605 4995 lectionem
2642 4938 3073 5010 praeferendam
3109 4938 3469 5010 censuerim.

2140 5015 2253 5091 (_32)
2305 5012 2425 5091 Hoc
2483 5011 2671 5091 etiam!
2720 5010 2851 5065 loco
2902 5010 3163 5091 cujusvis
3213 5009 3362 5091 labis
3422 5014 3725 5091 expertem

2068 5080 2379 5156 De‘iparam
2411 5081 2747 5156 luculenter
2803 5080 3137 5156 prmdicari,
3184 5081 3386 5156 nullus
3446 5080 3726 5156 equidem

2067 5152 2294 5213 dubito.
2329 5153 2478 5220 Quid
2509 5154 2669 5208 enim
2700 5152 2841 5209 sunt
2871 5154 2967 5209 hic
2999 5155 3204 5208 terreni
3236 5169 3342 5209 seu
3376 5159 3546 5219 terra,
3604 5152 3724 5207 nisi

2068 5228 2345 5285 homines
2378 5226 2441 5280 in
2466 5225 2745 5297 collapsa;
2787 5230 3013 5297 natura;
3074 5229 3233 5279 statu
3289 5224 3560 5297 spectati,
3623 5224 3725 5295 qui

2066 5318 2176 5374 per
2203 5295 2643 5374 reparationem
2674 5295 3017 5374 dejnde_ad
3075 5300 3295 5374 statum
3325 5295 3529 5367 gratiae
3564 5312 3725 5374 _cum_

2067 5366 2400 5438 transeunt,
2423 5368 2693 5448 cmlestes
2726 5367 2867 5448 ﬁeri
2891 5367 3222 5448 dicuntur?
3235 5367 3299 5422 Id
3330 5384 3473 5448 sane
3486 5366 3731 5448 exigunt

2066 5452 2194 5501 tum
2226 5447 2558 5507 contextus,
2593 5446 2719 5495 tum
2740 5440 2827 5495 rei
2854 5440 3042 5510 ipsius
3096 5446 3332 5506 natura,
3388 5446 3513 5494 tum
3544 5439 3727 5494 tritis-

2068 5519 2257 5573 simus
2283 5514 2462 5596 hujus
2488 5512 2808 5596 locutionis
2837 5512 2895 5565 in
2930 5511 3564 5596 linguanec‘clesiasti-ca
3583 5528 3729 5596 usus

2069 5607 2139 5646 ex
2169 5583 2485 5643 notissima
2514 5584 2779 5654 Apostoli
2814 5583 3169 5653 sententia(l
3197 5585 3319 5638 Cor.
3338 5586 3511 5649 xv,“
3538 5584 3732 5654 seqq.)

2069 5678 2237 5718 suam
2268 5659 2494 5713 ducens
2528 5656 2840 5726 originem.
2872 5656 3125 5726 Deipara
3167 5672 3343 5726 porro
3376 5672 3495 5709 non
3552 5656 3727 5709 modo

2066 5750 2101 5789 a
2132 5741 2282 5787 terra
2304 5731 2406 5784 illa
2437 5734 2615 5798 atque
2656 5730 2951 5799 arterrenis
2966 5743 3214 5799 prorsus
3245 5727 3342 5781 hic
3371 5727 3725 5799 sejungitur,

2065 5812 2133 5862 ut
2162 5802 2342 5860 veluti
2374 5816 2405 5856 θ
2435 5796 2677 5873 regione
2701 5798 2953 5855 istorum
2966 5796 3169 5855 altero
3194 5799 3257 5854 in
3284 5796 3495 5855 ordine
3535 5796 3729 5853 collo-
