4074 6380
353 365 492 422 4481

1395 368 1640 425 ΒΕΒΜΟ
1677 368 1752 422 1N
1790 363 2352 422 CONCEPTIONEM
2384 366 2740 421 DEIPARB.

3645 377 3666 426 1
3677 371 3784 427 482

355 494 446 548 καὶ
479 494 623 548 εἶπεν
667 495 855 550 νΑννα·
914 491 1176 570 Προσάξω
1233 491 1400 562 αὐτὴν
1457 489 1632 566 δῶρον
1694 488 1882 566 Κυρίῳ
1935 492 1987 542 τί

2129 489 2375 546 stetrix:
2411 491 2641 548 Filiam.
2675 493 2745 546 Et
2775 489 3042 548 subdidit
3073 493 3247 549 Anna
3279 511 3292 549 :
3325 496 3584 553 Alteram
3616 497 3782 556 illam

355 587 497 654 Θεῷ,

431 673 534 732 ΙΔ’.
603 669 713 728 Ἴδε
773 671 863 728 οὗν
917 675 1100 748 σαφῶς
1161 667 1616 745 λειτουργοῦντας
1697 672 1766 742 τῇ
1821 663 2012 742 Τριάδι

351 763 590 839 Μαρίαν,
641 765 728 818 καὶ
791 765 1014 830 ”Ανναν,
1085 763 1174 816 καὶ
1231 763 1514 834 ’[ωακειμ·
1567 757 1853 830 τεήθείσης
1908 759 2010 833 γὰρ

345 859 449 922 τῆς
481 850 696 921 παιδὸς,
727 851 818 906 καὶ
849 849 1272 926 προκοπτούσης
1325 849 1540 921 ἡλικίᾳ,
1600 849 1661 902 οὐ
1720 849 2006 923 προσήγα-

345 963 443 1017 γον
475 941 642 1010 αὐτὴν
673 938 846 1010 διετῆ,
882 939 1011 994 οὐδὲ
1067 939 1233 996 παλιν
1290 945 1572 1012 τετραετῆ,
1625 935 1770 993 ἀλλὰ
1818 941 2004 1010 τριετῆ

346 1031 424 1095 ὡς
453 1028 690 1106 Τριάδος
724 1029 1037 1104 ἀχωρίστου
1068 1029 1311 1102 νύμφην,
1361 1027 1452 1082 καὶ
1515 1024 1761 1082 παστάδα
1817 1025 2007 1099 ἀμίαν-

341 1139 458 1174 τον·
487 1119 574 1174 καὶ
607 1123 810 1182 κοινῶς
839 1122 886 1156 ⁷⁷
917 1121 1271 1194 προσήγαγον
1304 1117 1494 1186 αὐτὴν,
1557 1117 1630 1179 ὡς
1689 1115 2004 1190 μελλούσης

341 1209 511 1278 αὐτῆς
571 1207 854 1282 ἀμφότερα
913 1210 1068 1264 εἶναι’
1103 1209 1192 1264 καὶ
1259 1211 1480 1284 πρῶτον
1543 1206 1638 1278 μὲν
1699 1203 1872 1279 δῶρον
1923 1209 2004 1278 τῷ

338 1302 458 1370 Θεῷ
514 1299 899 1374 προσηνέχθη,
959 1293 1144 1354 ἔπειτα
1199 1295 1258 1352 δὲ
1313 1298 1404 1353 καὶ
1462 1297 1584 1358 ναὸς
1640 1295 1731 1350 καὶ
1791 1297 1998 1371 θρόνος.

335 1393 706 1466 Προφητικῶς
763 1389 854 1443 οὗν
912 1389 1268 1464 προσήγαγον
1325 1387 1425 1457 τὴν
1488 1385 1757 1464 Παρθένον
1811 1384 1864 1440 ἐν
1920 1389 2000 1456 τῷ

331 1481 449 1550 ναῷ
475 1481 574 1533 τοῦ
607 1481 828 1554 Κυρῖου.

407 1657 474 1711 ’Ὠ
504 1657 598 1711 τοῦ
631 1655 907 1730 Θαύματος
944 1657 956 1712 ί
989 1657 1050 1714 Ὁ
1083 1649 1329 1730 ἕμψυχοι
1387 1655 1512 1717 ναὸς
1541 1655 1632 1709 καὶ
1678 1654 1871 1728 θρόνος
1908 1671 1998 1728 χε-

337 1741 594 1823 ρουῦικὸς
652 1745 730 1808 εἰς
785 1747 910 1801 ναὸν
964 1745 1023 1800 ἐκ
1079 1745 1251 1810 λίθων
1297 1744 1790 1818 κατεσκευασμένον
1823 1763 1994 1818 προσ-

2125 577 2348 634 donum
2381 581 2629 636 Domino
2663 581 2800 638 Deo.

2195 671 2338 724 XIV.
2373 671 2456 726 En
2489 672 2686 744 palam
2716 672 2894 746 igitur
2911 673 3270 729 sacriﬁcium
3295 675 3490 730 Triadi
3523 679 3778 733 offeren-

2123 762 2210 811 tes
2243 759 2507 826 Mariam,
2543 763 2794 828 Annam,
2843 766 2902 816 et
2955 763 3347 819 Joachimum.
3412 765 3554 820 Cum
3615 766 3774 820 enim

2121 847 2278 902 edita
2309 848 2370 903 in
2397 849 2588 904 lucem
2622 849 2831 905 fuisset
2860 851 3080 922 puella,
3113 857 3290 923 atque
3333 859 3503 908 aetate
3530 871 3774 926 progre-

2120 936 2730 1008 deretur,obtulerunt
2764 957 2892 996 eam
2925 957 3045 995 non
3077 942 3318 1012 quidem
3341 943 3772 1011 bimulam,nec

2117 1027 2258 1081 item
2291 1029 2674 1098 quatrimam,
2704 1031 2806 1084 sed
2839 1031 3142 1086 trimulam
3177 1037 3456 1102 tanquam
3499 1033 3768 1089 indivisaa

2113 1117 2417 1173 Trinitatis
2453 1136 2756 1190 sponsam,
2810 1125 2867 1174 et
2925 1121 3254 1176 thalamum
3287 1121 3764 1180 immaculatum.

2113 1207 2426 1262 Communi
2459 1215 2746 1280 praeterea
2793 1216 2923 1264 voto
2981 1211 3176 1282 ipsum
3209 1211 3600 1280 adduxerunt,
3633 1219 3766 1268 tau-

2113 1313 2292 1366 quam
2326 1314 2457 1368 qua)
2475 1303 2796 1370 utrumque
2825 1300 3024 1354 futura
3055 1305 3275 1366 erat,ac
3305 1302 3498 1372 primo
3521 1303 3765 1373 quidem

2113 1385 2336 1442 donum
2369 1387 2568 1442 oblata
2601 1389 2716 1442 Deo
2751 1393 2859 1456 est,
2891 1388 3106 1444 deinde
3140 1407 3272 1444 vero
3334 1397 3392 1445 et
3439 1393 3766 1464 (tanquam)

2113 1477 2402 1548 templum
2435 1483 2493 1532 et
2525 1478 2796 1534 thronus.
2817 1479 3172 1550 PrOphetico
3201 1479 3381 1552 igitur
3413 1481 3624 1552 spiritu
3647 1483 3766 1536 Vir-

2109 1567 2306 1639 ginem
2339 1568 2401 1622 in
2435 1567 2654 1638 templo
2687 1568 2924 1622 Domini
2967 1568 3333 1624 obtulerunt.

2181 1658 2224 1712 Ο
2255 1675 2381 1713 rem
2413 1657 2589 1730 plane
2621 1659 2835 1714 miram
2863 1659 2875 1712 ί
2927 1661 2990 1714 In
3021 1659 3309 1731 templum
3343 1660 3642 1731 lapidibus
3665 1677 3767 1716 ex-

2108 1747 2468 1804 aediﬁcatum
2501 1749 2746 1804 affertur
2776 1749 3410 1821 animatumtemplum
3434 1757 3492 1804 et
3515 1751 3762 1806 thronus

336 1835 578 1912 φέρεται.
639 1837 754 1912 Πρὸ
808 1835 910 1912 γὰρ
961 1833 1190 1890 πολλῶν
1250 1839 1448 1910 γενεῶν
1527 1833 1555 1888 ὁ
1615 1827 1784 1888 Δαυῗϐ
1869 1831 1987 1908 περί

380 1919 626 1937 .-.ω
725 1924 779 1937 ς.
1448 1924 1462 1937 .
1553 1921 1802 1937 --.η

2106 1833 2492 1890 Cherubicus.
2527 1839 2596 1890 Et
2627 1837 2914 1908 sanejam
2947 1854 2980 1891 a
3023 1837 3228 1892 multis
3255 1845 3392 1892 ante
3423 1841 3760 1911 generatio-

334 1924 508 1994 αὐτῆς
537 1919 666 1980 ἐϐόα
725 1924 921 2001 λέγων·
975 1931 1271 1998 ”Ακουσον,
1334 1924 1491 2003 φησὶ,
1548 1927 1684 1978 Θεοῦ
1743 1921 1992 1998 Θύγατερ,

331 2015 425 2070 καὶ
457 2013 558 2085 ξ’ὃε,
592 2015 678 2070 καὶ
729 2013 914 2070 κλῖνον
965 2014 1026 2070 τὸ
1087 2015 1182 2077 οὗς
1241 2035 1358 2088 σου,
1417 2015 1507 2069 καὶ
1569 2011 1836 2076 ἐπιλάθου
1893 2011 1992 2067 τοῦ

332 2103 471 2160 λαοῦ
515 2126 632 2174 σου,
717 2105 807 2159 καὶ
886 2109 983 2160 τοῦ
1063 2101 1220 2159 οἷόιου
1275 2109 1373 2159 τοῦ
1445 2104 1652 2180 πατρός
1724 2122 1840 2157 σου’
1900 2103 1992 2156 καὶ

329 2191 659 2268 ἐπιθυμήσει
717 2195 744 2249 ὁ
809 2191 1068 2268 βασιλεὺς
1146 2197 1244 2249 τοῦ
1325 2191 1571 2254 κάλλους
1659 2212 1775 2247 σου.
1891 2192 1990 2244 Καὶ

325 2281 517 2338 πάλιν·
605 2284 1104 2358 Ἀπενεχθήσονται
1219 2283 1299 2355 τῷ
1428 2281 1648 2358 βασιλεῖ
1731 2281 1990 2354 παρθένοι

328 2369 506 2428 ὀπίσω
567 2371 758 2442 αὐτῆς.
836 2377 963 2428 Πῶς
1043 2373 1512 2444 ἀπενεχθήσονται
1574 2388 1588 2440 ;
1651 2367 1877 2440 δηλόντι
1937 2369 1988 2425 έν

329 2461 640 2539 εὐφροσύνῃ
697 2461 784 2518 καὶ
833 2462 1180 2538 ἀγαλλιάσει.
1273 2459 1414 2517 Ποία
1489 2459 1646 2530 αὐτὴ,
1725 2461 1770 2514 ὧ
1853 2479 1990 2534 προ-

329 2559 478 2626 φῆτα
514 2549 782 2622 ςἘπειδή
816 2552 918 2607 οὐκ
975 2545 1082 2606 ἔδει
1138 2552 1237 2622 τὴν
1305 2547 1565 2626 βασιλίδα
1617 2551 1661 2586 ⁷⁸
1705 2549 1877 2624 μόνην
1912 2548 1988 2612 εἷς

321 2641 417 2696 τὸν
446 2641 575 2696 ναὸν
605 2641 702 2696 τοῦ
729 2641 1000 2716 βασιλέως
1049 2641 1442 2716 ἀπενεχθηναι,
1491 2643 1652 2693 τοῦτο
1710 2635 1991 2714 πόρρωθεν

327 2726 420 2784 διὰ
451 2731 769 2803 Ηνεύματος
825 2731 982 2804 ἁγίου
1041 2727 1310 2802 ᾀδόμενον
1359 2725 1594 2800 εἴρηται.
1637 2727 1740 2783 Καὶ
1799 2725 1985 2782 πάλιν

323 2819 394 2876 Αἱ
467 2818 706 2890 πλησίον
796 2817 963 2888 αὐτῆς
1055 2815 1524 2894 ἀπενεχθήσονταί
1623 2837 1739 2875 σοι.
1854 2817 1986 2872 Ἀπ-

323 2907 605 2984 ηνέχθηαν
657 2905 838 2963 τοίνυν
903 2907 951 2944 7°
981 2905 1074 2962 σὺν
1107 2909 1174 2982 τῇ
1235 2906 1358 2982 ἁγίᾳ
1415 2904 1669 2982 Παρθένῳ
1695 2903 1786 2960 καὶ
1817 2901 1984 2960 ἄλλαι

319 2997 611 3074 παρθένοι·
663 2995 946 3072 πρόδηλον
1009 2999 1092 3052 ὅτι
1150 2997 1240 3051 καὶ
1305 2995 1464 3050 αὐταὶ
1515 2997 1793 3070 ’μετέσχον
1827 2991 1982 3070 ἅγια-

320 3091 483 3160 σμοῦ.
516 3086 609 3149 Τίς
641 3087 744 3162 γὰρ
805 3087 1126 3160 ἒψιωμένων
1156 3087 1201 3121 ⁸ο
1249 3084 1498 3161 βασιλέα,
1531 3083 1568 3153 ἥ
1628 3081 1885 3160 βασιλίδα
1914 3083 1982 3154 ⁸¹,

317 3173 470 3252 δῶρα
489 3177 578 3232 καὶ
613 3175 822 3252 ὄψῶνια
843 3181 970 3251 παρ’
1007 3174 1183 3230 αὐτῶν
1219 3173 1318 3231 οὐκ
1349 3175 1637 3249 ἀμείψεται
1673 3195 1688 3246 ς

371 3445 546 3520 ,Εῗσὶν
579 3443 638 3501 δὲ
668 3445 760 3501 καὶ
790 3443 957 3501 ἄλλαι
984 3445 1265 3523 παρθένοι·
1293 3443 1420 3502 ἀλλ’
1444 3443 1536 3499 ’ίνα
1560 3445 1651 3499 τὸν
1705 3443 1869 3521 λόγον
1903 3445 1978 3520 μὴ

319 3536 710 3613 μακρύνωμεν,
743 3535 908 3610 ὀλίγα
935 3535 1026 3590 καὶ
1057 3535 1184 3610 περὶ
1239 3533 1451 3590 ἐκείνων
1505 3532 1756 3604 λαλήσω.
1807 3533 1980 3590 Αὐταί

317 3625 452 3682 εἰσιν
510 3627 565 3680 αἱ
611 3625 714 3694 τὴν
782 3623 1072 3700 παρθενίαν
1133 3623 1313 3698 ὥσπερ
1366 3623 1635 3698 Θησαυρὸν
1691 3621 1974 3697 βασιλικὸν

317 3713 622 3793 φυλάξασαι
677 3713 745 3782 ⁸³,
804 3712 1178 3789 προσέχουσαι
1239 3713 1455 3774 ἑαυταῖς
1516 3709 1828 3782 διαπαντὸς,
1883 3708 1976 3765 ’ἱνα

319 3806 398 3880 μή
428 3809 548 3867 ταῖς
581 3803 740 3859 πέντε
775 3807 989 3879 μωραῖς
1029 3802 1495 3875 ὁμοιωθήσονται,
1555 3797 1684 3854 ἀλλ’
1741 3799 1822 3853 ὀιεὶ
1879 3797 1970 3852 τὸν

319 3896 606 3974 βασιλικὸν
641 3897 807 3968 σηκὸν
841 3895 1208 3972 φυλάττουσαι
1266 3894 1355 3948 καὶ
1423 3893 1571 3967 μόνῳ
1627 3895 1708 3964 τῷ
1749 3889 1972 3969 νυμφίῳ

310 3987 493 4043 αὐτῶν
525 3987 573 4022 ⁸³
614 3986 957 4062 ἀρέσκουσαι.
1018 3983 1193 4046 Αὐτὸς
1249 3981 1349 4058 γὰρ
1408 3981 1712 4036 ἐνετείλατο
1769 3979 1968 4056 λέγων’

307 4074 509 4138 Οὐδεὶς
567 4073 788 4132 δύναται
848 4073 966 4130 δυσί
1019 4073 1230 4150 κυρίοις
1293 4069 1606 4146 δομλεόειν.
1663 4071 1765 4127 Καὶ
1819 4067 1970 4126 πολ-

305 4165 403 4224 λαὶ
439 4166 534 4238 μὲν
578 4161 668 4219 διὰ
695 4169 798 4219 τοῦ
833 4163 1130 4240 μαρτυρίου
1159 4165 1222 4216 τὸ
1279 4162 1550 4234 μακάριον
1587 4157 1750 4223 τέλος
1779 4155 1964 4235 ἔσχον·

301 4251 498 4311 ἄλλαν
534 4251 592 4308 δῖε
633 4253 725 4308 καὶ
781 4251 850 4308 δι’
905 4253 1188 4322 ἀσκήσεως
1247 4251 1336 4304 καὶ
1395 4247 1486 4304 διὰ
1537 4253 1646 4304 τῶν
1695 4253 1964 4323 σαρκικῶν

299 4344 682 4418 πειρατηρίων
765 4342 1232 4422 ἐστεφανώθησαν,
1316 4339 1402 4394 καὶ
1491 4333 1569 4394 ἔτι
1638 4343 1966 4418 στεφανοῦν-

301 4453 419 4490 ται.

2105 1923 2282 1979 nibus
2313 1927 2492 1980 David
2545 1925 2616 1980 de
2675 1927 2804 1996 ipsa
2861 1927 3056 1998 palam
3115 1928 3467 1983 vaticinatus
3509 1933 3598 1984 est
3637 1929 3755 2000 (ηε

2103 2015 2275 2082 Audi,
2335 2015 2551 2086 inquit,
2613 2015 2709 2070 Dei
2767 2017 2874 2088 (34)
2929 2016 3073 2085 ﬁlia,
3147 2023 3196 2070 et
3252 2018 3396 2084 ride,
3447 2023 3497 2072 et
3545 2017 3757 2074 inclina

2105 2117 2292 2156 aurem
2326 2109 2498 2168 tuam,
2557 2109 2606 2156 et
2673 2105 2987 2158 obliviscere
3027 2105 3296 2175 populum
3331 2113 3503 2172 tuum,
3544 2113 3596 2160 et
3653 2107 3754 2160 do-

2101 2207 2252 2245 mum
2274 2194 2458 2262 patris
2491 2193 2617 2256 tui;
2648 2199 2700 2246 et
2760 2196 3102 2263 concupiscet
3151 2211 3249 2248 rea:
3283 2195 3756 2264 pulchritudinem

2105 2288 2254 2334 tuam
2287 2282 2374 2351 (f).
2407 2282 2478 2334 Et
2509 2299 2712 2335 rursus
2757 2299 2769 2335 :
2803 2283 3168 2337 Adducentur
3194 2286 3312 2351 regi
3343 2283 3585 2353 virgines
3629 2291 3758 2354 post

2103 2387 2222 2424 eam
2254 2373 2347 2440 (g).
2383 2371 2686 2434 Quomodo
2721 2371 3096 2426 adducentur
3125 2372 3154 2426 ‘t
3181 2375 3236 2426 in
3298 2373 3496 2427 laetitia
3530 2373 3761 2428 scilicet

2101 2465 2152 2514 et
2185 2459 2549 2515 ersultatione
2581 2461 2682 2532 (h).
2717 2461 2918 2525 Qualis
2976 2467 3033 2516 et
3087 2467 3312 2532 quanta
3367 2463 3492 2516 haec
3541 2467 3651 2530 est,
3724 2480 3758 2517 ο

2099 2549 2432 2620 Propheta!
2490 2551 2784 2616 Quoniam
2843 2567 3223 2622 nequaquam
3283 2552 3532 2607 decebat
3585 2553 3758 2606 utin

2101 2637 2390 2710 templum
2425 2639 2579 2711 regis
2612 2640 2736 2694 sola
2769 2641 2896 2694 sine
2937 2641 3226 2696 comitatu
3263 2643 3468 2713 regina
3499 2641 3757 2698 adduce-

2097 2728 2450 2800 retur;jam
2485 2733 2544 2782 et
2585 2729 2680 2784 hic
2733 2731 3049 2784 comitatus
3110 2729 3214 2784 diu
3273 2737 3410 2786 ante
3463 2748 3568 2802 per
3625 2733 3752 2802 Spi-

2099 2817 2276 2870 ritum
2335 2823 2608 2872 sanctum
2669 2819 3104 2890 prmnuntiatus
3147 2819 3282 2874 est!
3343 2821 3413 2874 Et
3467 2837 3674 2874 rursus
3736 2837 3749 2875 :

2093 2907 2377 2963 Procri-ma?
2403 2907 2518 2976 ejus
2546 2909 2853 2977 afferentur
2886 2909 2986 2962 tibi
3025 2909 3109 2978 (i).
3143 2909 3288 2962 Cum
3339 2915 3544 2964 sancta
3574 2910 3754 2981 igitur

2097 2997 2332 3068 Virgine
2365 2997 2497 3052 alim
2530 3015 2768 3068 quoque
2799 2998 3057 3068 virgines
3106 2998 3376 3053 adductm
3407 3017 3420 3065 ;
3453 3005 3653 3070 atque,
3687 3003 3754 3054 ut

2092 3087 2476 3142 manifestum
2511 3093 2620 3154 est,
2653 3093 2710 3142 et
2740 3087 2883 3158 ipsa)
2919 3088 3410 3142 sanctificationis
3431 3089 3752 3160 participes

2092 3175 2356 3230 fuerunt.
2392 3177 2609 3247 Ecquis
2641 3177 2801 3230 enim
2835 3193 3042 3230 eorum
3077 3177 3176 3248 qui
3206 3183 3346 3232 sunt
3377 3178 3438 3232 in
3469 3179 3755 3233 comitatu

2097 3265 2252 3337 regis
2285 3265 2374 3321 vel
2405 3266 2647 3339 reginae,
2685 3282 2939 3322 munera
2969 3265 3041 3322 ab
3075 3267 3222 3339 ipsis
3247 3267 3614 3339 prwmiaque
3633 3283 3754 3324 non

2095 3355 2316 3410 referat
2345 3355 2373 3409 ‘I

2166 3445 2456 3499 Caaterum
2499 3449 2556 3499 et
2586 3444 2717 3498 alia)
2753 3449 2891 3500 sunt
2941 3445 3219 3517 virgines,
3283 3446 3354 3502 de
3413 3446 3628 3517 quibus
3677 3463 3754 3502 ne

2093 3551 2432 3590 sermonem
2467 3535 2701 3607 longius
2735 3537 3096 3606 protraham,
3133 3553 3320 3607 pauca
3381 3543 3612 3592 tantum
3661 3543 3752 3592 at-

2090 3626 2335 3696 tingam.
2373 3625 2470 3678 [1m
2506 3631 2650 3678 sunt
2681 3642 2811 3694 quas
2871 3625 3270 3696 virginitatem
3323 3633 3606 3696 tanquam
3659 3643 3751 3682 re-

2086 3715 2245 3787 gium
2291 3714 2638 3768 thesaurum
2673 3731 2808 3768 cum
2860 3715 3240 3783 servaverint,
3277 3715 3596 3772 sollicitam
3658 3717 3749 3772 sui

2085 3819 2288 3858 curam
2321 3819 2630 3874 nunquam
2665 3820 2784 3857 non
2817 3803 3124 3874 adhibent,
3158 3811 3224 3860 ut
3267 3807 3530 3876 quinque
3563 3807 3742 3862 fatuis

2083 3909 2465 3964 nequaquam
2525 3893 2754 3948 similes
2809 3893 3166 3964 efliciantur,
3229 3895 3330 3949 sed
3379 3896 3604 3968 jugiter
3651 3895 3736 3948 vi-

2081 3981 2228 4054 giles
2275 3981 2520 4036 domum
2577 3982 2800 4054 regiam
2858 3983 3216 4053 custodiant,
3277 3990 3336 4038 et
3390 3985 3565 4040 unico
3627 4001 3734 4040 suo

2081 4071 2342 4143 ipsarum
2376 4087 2592 4142 sponso
2623 4071 2919 4142 placeant.
2965 4073 3052 4128 Ita
3083 4074 3243 4128 enim
3274 4074 3400 4144 ipse
3429 4075 3734 4146 prmcepit,

2081 4161 2362 4232 inquiens
2393 4177 2406 4216 :
2441 4163 2605 4216 Nemo
2641 4169 2828 4232 potest
2883 4163 3093 4218 duobus
3150 4164 3386 4218 dominis
3413 4165 3616 4219 servire
3647 4165 3732 4235 (i).

2078 4253 2150 4305 Et
2179 4251 2382 4304 multa:
2416 4249 2658 4320 quidem
2687 4251 2844 4306 facto
2877 4253 3162 4324 martyrio
3216 4258 3274 4307 et
3321 4251 3562 4308 beatum
3611 4253 3736 4308 exi-

2079 4347 2206 4396 tum
2239 4345 2658 4412 pervenerunt.
2694 4341 2837 4396 Aliae
2874 4347 3074 4396 autem
3107 4359 3213 4414 per
3243 4347 3480 4398 sanctas
3511 4343 3734 4398 exerci-

2080 4431 2338 4486 tationes
2370 4435 2430 4486 et
2458 4431 2656 4486 carnis
2695 4431 3059 4487 tentationes
3116 4439 3412 4488 coronatae
3471 4431 3738 4490 fuerunt.

2079 4539 2146 4578 ac
2181 4537 2358 4593 porro
2381 4525 2762 4576 coronantur.

378 4669 448 4742 (ι’)
479 4667 638 4728 Psal.
670 4683 817 4736 χειν,
854 4671 940 4724 lt.
971 4665 1047 4739 (g)
1069 4665 1196 4722 ibid
1229 4669 1314 4723 15.
1349 4665 1430 4738 (h)
1465 4665 1587 4720 ibid
1621 4667 1706 4723 16.
1739 4665 1796 4736 (i)
1829 4665 1986 4724 Psal.

2105 4683 2165 4734 iV,
2201 4665 2286 4721 15.
2323 4663 2386 4736 (i)
2414 4665 2615 4722 Matth.
2647 4682 2720 4736 γι,
2751 4665 2840 4721 2.5.

1691 4815 1928 4869 VARIE
1969 4783 2370 4868 LECTIONES.

375 4923 420 4990 7?
455 4923 627 4980 Barb.
691 4925 834 4991 πῶς,
893 4939 1030 4978 cum
1088 4922 1235 4978 Caes.
1289 4923 1355 4977 A.
1419 4919 1656 4992 praetuli
1713 4923 1936 4982 κοινῶς.
1984 4921 2027 4955 ⁷⁸
2059 4919 2231 4975 Barb.
2291 4917 2514 4992 mend._
2549 4913 2854 4992 βασιλεῖδα.
2888 4919 2934 4954 7°
2983 4919 3122 4983 Qum
3172 4919 3452 4992 deinceps
3484 4936 3518 4974 a
3557 4919 3740 4974 finem

299 4983 498 5066 usque
525 4983 860 5066 sequuntur
891 4994 1106 5066 desunt
1159 4993 1222 5048 in
1279 4983 1492 5048 muti'lo
1552 4991 1684 5048 cod.
1746 4993 1910 5066 Caes,
1947 4993 2007 5048 Β.
2063 4993 2109 5027 ³ο
2161 4992 2335 5066 C_zes_.__
2367 4992 2470 5066 A.__
2495 4988 2522 5042 ὁ
2551 4983 2834 5066 illiusdva
2867 5007 2981 5066 nec
3011 4991 3212 5066 minus
3243 4983 3531 5046 mendose
3565 4991 3738 5047 Barb.

305 5061 776 5136 ὀψιὶιεύωνῘΤιδοε
806 5083 985 5136 porro
1017 5065 1304 5121 habemus
1335 5081 1532 5128 voces,
1566 5069 1790 5136 quaret
1836 5063 2102 5136 aliquam
2128 5061 2619 5136 _si_mili_tudi_nem
2653 5077 2786 5116 cum
2821 5062 2914 5136 his
2947 5063 3202 5130 mendis,
3237 5068 3296 5116 et
3326 5079 3568 5118 sensum
3597 5080 3741 5118 con-

301 5129 491 5209 textui
549 5129 880 5209 congruum
931 5137 1210 5209 habeant,
1251 5137 1532 5209 videlicet
1571 5129 1872 5209 _'§na826_wv
1907 5129 1978 5209 ab
2011 5129 2286 5209 ὀπαδεύω,
2335 5131 2714 5209 ὀψικέλευθος,
2749 5129 3193 5209 qn_od_estAsero'
3215 5151 3318 5190 seu
3345 5143 3468 5204 post
3493 5138 3740 5202 veniens,

305 5215 368 5266 et
395 5203 719 5281 ἐψιωμένιιῖν
753 5209 826 5264 ab
850 5207 1138 5281 ἒψιάομαι,
1171 5208 1534 5281 quod,_test_e
1569 5207 1744 5281 ljenr.
1767 5206 2294 5281 iStephano,__idexn
2325 5207 2502 5281 etiam
2533 5203 2784 5281 valetac
2811 5203 3152 5281 ἀκολουθέει).
3195 5203 3562 5281 Postremam
3595 5225 3739 5278 prae-

305 5225 368 5266 ει
395 5225 719 5281 εψιωμενων
753 5225 826 5264 an
850 5225 1138 5279 εψιαομαι,
1171 5225 1351 5278 quoa,
1385 5225 1534 5262 teSLe
1569 5225 1744 5260 uenr.
1780 5225 1874 5261 me
1921 5225 2098 5272 nano,
2132 5225 2290 5261 108m
2325 5225 2502 5260 euam
2533 5225 2688 5260 valet.
2716 5225 2784 5260 ac
2811 5225 3152 5262 σκοΛουυεω.
3195 5225 3382 5261 rosm

301 5281 622 5338 ferendam
653 5280 815 5336 duxi.
843 5280 888 5314 ⁸1
913 5279 1082 5336 Barb.
1113 5279 1318 5336 mend.
1355 5273 1665 5350 βασιλεῖδα.
1696 5278 1742 5313 ⁸³
1765 5225 1935 5334 Barg.
1969 5276 2225 5356 φυλάξαι,
2257 5279 2404 5332 Caes.
2436 5279 2502 5332 Α.
2537 5274 2862 5352 φυλάξασαι.
2892 5278 2939 5313 ⁸³
2969 5279 3140 5334 Barb.
3173 5276 3382 5340 αὐταῖς,

1925 5397 2152 5452 NOTAE.

377 5493 490 5566 (34)
521 5499 637 5552 Suo
669 5501 860 5553 marte
916 5497 1172 5568 Joannes
1223 5495 1318 5552 hic
1373 5495 1540 5568 addit
1593 5511 1795 5550 vocem
1828 5495 1972 5560 Dei;
2083 5495 2402 5568 Deiparamﬁ
2429 5511 2536 5568 ceu
2566 5494 2667 5550 Dei
2713 5497 2888 5564 ﬁliam
2917 5495 3310 5568 celebrarent.
3359 5497 3451 5552 Nil
3491 5494 3740 5568 proinde

303 5582 502 5640 neque
526 5571 688 5624 enim
718 5570 780 5624 in
811 5569 1048 5624 Psalmo
1079 5567 1296 5640 legitur
1339 5567 1440 5623 Dei
1481 5567 1623 5640 ﬁlia,
1675 5568 1782 5623 sed
1813 5583 1978 5623 mere
2087 5569 2332 5640 mirum,
2360 5567 2410 5622 si
2441 5567 2596 5622 ultro
2631 5583 2704 5623 ex
2757 5584 2858 5623 ore
2888 5573 2948 5623 et
2985 5567 3214 5624 calamo
3265 5567 3510 5624 Joannis
3551 5568 3612 5622 id
3643 5584 3740 5623 ex-

302 5635 443 5712 ﬁligi.
490 5639 854 5712 Verumjam
881 5639 1034 5696 alias
1063 5635 1424 5711 notavimus,
1461 5635 1733 5712 solemne,
1781 5655 1849 5712 ac
1897 5639 1978 5712 fa-
2089 5639 2252 5696 cidit.

303 5708 542 5769 miliare
581 5711 678 5766 SS.
725 5708 1013 5768 'Patribus
1065 5711 1274 5784 fuisse,
1333 5708 1416 5769 ut'
1450 5710 1741 5784 singulari
1801 5711 1980 5768 laude

591 5831 862 5894 ΡΑι-ιιοι..
911 5831 1020 5894 Gn.
1068 5831 1281 5896 XCVI.
3379 5831 3459 5890 47
