4074 6382
269 425 302 479 1
314 423 421 478 485

271 546 562 604 ἐπετέλουν
599 591 614 605 .

281 635 466 694 λιάσει
501 635 879 712 ἀχθησόμεναι
913 636 988 698 εἷς
1019 636 1146 691 ναὸν
1181 636 1470 712 βασιλέως.
1507 641 1620 690 [Ιοῦ
1651 635 1740 690 καὶ
1774 631 1862 689 διὰ
1889 635 1941 689 τί

273 727 372 783 καὶ
406 729 544 802 πρὸς
573 726 688 782 τίνα
711 729 752 763 ³⁸³
787 747 801 795 ;
833 725 1102 796 Δηλονὸτι
1133 727 1270 802 πρὸς
1302 727 1400 794 τὴν
1433 725 1772 797 ἀμὸλυντον,
1805 723 1939 798 πρὸς

276 817 382 885 τὴν
445 817 711 892 Παρθένον
773 814 1003 891 Μαρίαν.
1064 814 1214 883 Αὐτή
1271 814 1373 890 γὰρ
1427 813 1568 868 ἐστιν
1604 812 1788 874 ὁναὸς
1845 816 1941 866 τοῦ

287 903 538 980 μεγάλου
591 903 862 980 βασιλέως
915 901 1104 973 ἐπειδή
1163 903 1413 977 ἤμελλεν
1457 907 1492 973 ἡ
1553 902 1842 980 βασίλισσα
1896 904 1941 938 9⁸

273 995 374 1056 τὰς
397 994 698 1067 παρθένους
757 993 833 1056 ὡς
881 994 1180 1065 ἀμιάντουν
1213 993 1288 1056 εἷς
1313 994 1440 1048 ναὸν
1479 991 1748 1068 βασιλέως
1806 991 1942 1066 πρὸς

271 1086 446 1158 τιμὴν
473 1083 565 1138 καὶ
611 1081 768 1154 δόξαν
821 1082 990 1152 αὐτῆς
1036 1083 1282 1158 ἀγατεῖν,
1335 1081 1424 1139 διὰ
1463 1087 1626 1139 τοῦτο
1660 1081 1687 1136 6
1719 1084 1940 1160 προφή-

277 1193 382 1244 της
441 1169 572 1228 ἐϐόα
645 1169 868 1249 λέγων·
958 1173 1460 1248 Ἀπενεχθήσονται
1543 1174 1598 1227 αἱ
1682 1171 1942 1246 παρθένοι

280 1261 460 1316 ὀπίσω
508 1260 703 1322 αὖτῖς.
762 1261 894 1316 Τότε
944 1261 1364 1332 ἀπηνέχθησαν·
1425 1259 1572 1316 ἀλλᾶ
1625 1261 1716 1316 καὶ
1773 1259 1938 1316 πάλιν

275 1348 448 1406 ἄλλαι
479 1347 736 1427 παρθένοι
784 1350 1276 1426 άπενεχθήσονται,
1309 1351 1398 1406 ὅτε
1439 1350 1492 1422 ἐξ
1523 1351 1691 1422 αὐτῆς
1725 1352 1752 1406 6
1783 1353 1938 1425 Νυμ-

279 1441 408 1519 φίος
443 1439 575 1515 ἔλθῃ
608 1441 660 1495 ἐν
690 1445 759 1514 τῇ
792 1439 918 1516 δόξῃ
953 1441 1139 1498 αὐτοῦ.

346 1527 538 1602 Ἴδετε,
573 1528 735 1598 ἴδετε,
769 1531 819 1584 οἱ
871 1530 1132 1605 ἀπόγονοι
1189 1525 1420 1603 Ῥουϐἰμ
1447 1529 1538 1584 καὶ
1570 1529 1680 1584 υἱοὶ
1739 1528 1924 1599 αὐτοῦ,

271 1619 360 1672 ὅτι
393 1619 422 1674 6
453 1618 547 1690 μὲν
577 1620 784 1694 Ἰωσὴφ
816 1617 874 1672 ὃν
939 1619 1093 1692 ὑμεῖς
1155 1617 1501 1689 ζηλώσαντες
1555 1618 1608 1674 ἐν
1665 1617 1928 1694 Λῖ’γύπτῳ

269 1703 564 1775 ἆπέδοσθὲ,
621 1708 958 1783 πρόσκαιρον
1021 1707 1298 1783 βασιλείαν
1355 1703 1539 1762 λαϐὼν
1599 1706 1698 1762 οὐκ
1755 1706 1924 1781 έμνη-

277 1795 572 1866 σικάκησεν
600 1797 699 1865 τὴν
757 1799 866 1852 τῶν
929 1798 1178 1870 πατέρῳν
1241 1796 1391 1870 ὑμῶν
1440 1796 1732 1868 πονηρίαν,
1793 1795 1940 1850 ἀλλὰ

1311 424 1560 480 BERMO
1597 427 1674 480 IN
1711 422 2272 480 CONCEPTIONEM
2313 424 2667 479 DEIPABB.

675 551 798 611 Πῶς
853 544 1066 610 πάντως
1126 545 1180 602 ἐν
1235 547 1536 625 εὐφροσύνῃ
1611 547 1704 601 καὶ
1759 545 1926 622 ἀγαλ-

2056 548 2158 604 ιειιθ
2184 549 2436 620 agebant
2475 549 2822 621 tripudium.
2855 551 3160 616 Quomodo
3183 551 3210 606 ‘l
3239 569 3484 623 prorsus
3517 558 3572 609 in
3607 556 3702 610 lae-

3566 428 3706 486 1486

2054 637 2180 690 tilia
2214 643 2262 690 et
2293 637 2660 691 mrsultatione
2691 638 2750 690 in
2785 638 3072 709 templum
3106 641 3259 711 regis
3321 640 3704 698 adducendae.

2051 725 2197 790 Quo,
2233 730 2290 778 et
2319 743 2626 796 quorsum,
2662 732 2721 781 et
2769 728 2842 782 ad
2877 744 3052 798 quem
3083 729 3110 782 ‘I
3149 729 3436 785 Videlicet
3461 732 3536 786 ad
3594 733 3706 786 im-

2053 815 2412 870 maculatam
2446 815 2574 886 (38),
2608 817 2682 870 ad
2719 817 3012 890 Virginem
3065 819 3328 873 Mariam.
3362 821 3498 890 Ipsa
3549 821 3708 876 enim

2055 904 2252 976 magni
2285 905 2437 977 regis
2481 910 2570 960 est
2621 906 2934 977 templum.
2990 909 3060 961 Et
3089 908 3373 978 quoniam
3434 909 3707 982 virgines,

2051 997 2255 1064 utpote
2289 993 2653 1065 impollutas,
2691 995 2764 1050 ad
2819 996 2912 1050 sui
2965 995 3146 1051 decus
3177 1003 3235 1052 et
3279 997 3526 1069 gloriam
3579 998 3710 1068 ipsa

2050 1082 2258 1154 regina
2285 1083 2348 1138 in
2389 1084 2678 1155 templum
2739 1086 2912 1157 Regis
2968 1091 3098 1141 erat
3151 1087 3521 1153 adductura;
3573 1103 3708 1159 pro-

2051 1177 2256 1242 pterea
2304 1172 2598 1228 clamabat
2625 1175 2916 1245 propheta
2961 1175 3239 1246 inquiens
3275 1193 3288 1230 :
3345 1177 3710 1231 Adducentur

2051 1263 2289 1330 virgines
2313 1269 2442 1332 post
2474 1279 2590 1318 eam
2621 1263 2718 1334 (η),
2751 1265 2912 1318 Tunc
2960 1264 3232 1320 adducta:
3271 1270 3448 1334 sunt;
3498 1265 3604 1320 sed
3652 1270 3711 1319 et

2052 1351 2182 1406 alite
2221 1369 2430 1407 rursus
2487 1353 2742 1425 virgines
2799 1353 3166 1410 adducendas
3219 1363 3408 1424 erant,
3469 1372 3604 1410 cum
3639 1372 3708 1410 ex

2050 1441 2178 1512 ipsa
2209 1443 2448 1512 Sponsus
2471 1447 2822 1513 processisset
2853 1445 2916 1498 in
2945 1443 3134 1516 gloria
3171 1462 3276 1500 sua
3309 1449 3438 1512 (39).

2123 1531 2346 1600 Videte,
2399 1532 2608 1601 videte,
2645 1551 2676 1588 ο
2710 1534 2971 1588 Rubenis
3029 1535 3250 1605 posteri
3286 1541 3340 1588 et
3373 1534 3482 1588 filii
3524 1534 3655 1604 ejus
3693 1551 3705 1588 :

2049 1620 2340 1691 Josephus
2399 1623 2672 1692 quidem,
2725 1639 2902 1693 quem
2979 1640 3081 1678 vos
3141 1641 3248 1694 per
3303 1623 3588 1677 invidiam
3645 1623 3708 1678 in

2047 1710 2291 1780 Egypto
2322 1711 2672 1766 vendidistis
2703 1711 2840 1783 (40),
2873 1728 3122 1784 regnum
3175 1717 3510 1783 opportune
3567 1727 3706 1767 nac-

2051 1803 2168 1863 tus,
2203 1815 2324 1853 non
2361 1799 2535 1854 modo
2564 1807 2823 1872 acceptas
2854 1807 3090 1872 patrum
3123 1806 3452 1856 vestrorum
3485 1801 3704 1872 impro-

283 1881 500 1956 μᾶλλον
531 1885 867 1958 τηκομένους
900 1888 944 1922 '9
973 1885 1128 1958 λιμῷ
1159 1883 1422 1961 διέθρεψε·
1457 1887 1486 1940 6
1519 1883 1576 1940 δὲ
1603 1892 1702 1955 τῆς
1738 1884 1941 1940 δικαιο-

2056 1887 2232 1942 bitate
2291 1889 2528 1961 injuriae
2573 1891 2923 1946 memoriam
2981 1891 3218 1958 delevit,
3260 1891 3364 1946 sed
3417 1897 3708 1962 praeterea

279 1971 448 2042 σύνης
495 1972 659 2042 ἥλιος
717 1972 770 2044 ἐξ
801 1971 982 2030 Ἰούδα
1040 1971 1321 2036 ἀνατείλας
1383 1974 1638 2048 βασιλεὺς
1697 1973 1940 2040 αἰώνιος,

281 2061 414 2124 Θεὸς
474 2060 891 2136 ἐνδοξαζόμενος
953 2062 1005 2118 έν
1062 2061 1238 2138 βουλῇ
1321 2063 1510 2140 ἁγίων,
1601 2061 1764 2140 μέγας
1846 2063 1936 2118 καὶ

277 2145 514 2227 φοϐερὸς
569 2149 710 2206 ἐστιν
787 2151 874 2208 ἐπὶ
929 2153 1132 2215 πάντας
1189 2151 1318 2217 τοὺς
1373 2151 1691 2228 περικύκλῳ
1750 2151 1934 2206 αὐτοῦ·

277 2238 442 2304 αὐτὸς
541 2240 764 2316 Κύριος,
857 2243 1116 2317 κραταιὸς
1213 2242 1301 2296 καὶ
1407 2241 1682 2312 δυναντὸς,
1739 2241 1938 2314 Κύριος

277 2325 534 2392 δυναντὸς
589 2330 640 2385 ὲν
703 2329 958 2404 πολέμῳ·
1026 2331 1190 2393 αὐτὸς
1247 2332 1276 2386 6
1335 2333 1688 2406 Δημιουργὸς
1732 2330 1792 2385 ἐκ
1841 2337 1942 2400 τῆς

275 2415 687 2490 παλαιωθείσης
718 2426 821 2496 γῆς
855 2419 1110 2490 ἐποίησεν
1145 2419 1376 2494 οὐρανὸν
1428 2421 1610 2474 καινὸν
1670 2419 1758 2474 καὶ
1809 2418 1939 2492 θρό·

271 2527 366 2561 νον
401 2508 826 2588 ἀκατάφλεκτον,
859 2510 948 2564 καὶ
1007 2509 1098 2564 τὸν
1159 2508 1544 2574 παλαιωθέντα
1600 2509 1796 2584 χοϊκὸν
1858 2508 1938 2570 εἰς

277 2595 600 2674 έπουράνιον
647 2596 895 2654 παστάδα
925 2602 943 2634 ¹
1004 2593 1316 2674 μετέϐαλεν.
1372 2601 1571 2670 ’ᾼσατε
1616 2603 1696 2671 τῷ
1753 2598 1940 2672 Κυρίῳ

279 2688 432 2762 ᾆσμα
457 2690 668 2744 καινόν’
703 2686 860 2761 ᾅσατε
913 2693 994 2761 τῷ
1051 2688 1232 2764 Κυρίῳ
1262 2694 1406 2743 πᾶσα
1438 2691 1472 2758 ἡ
1503 2695 1598 2764 γῆο
1657 2683 1818 2758 ᾅσατε
1861 2692 1940 2760 τῷ

277 2777 509 2852 Κυρίῳ,
597 2777 931 2853 εὐλογήσατε
1003 2779 1065 2832 τὸ
1136 2772 1310 2850 ὄνομα
1385 2777 1550 2832 αὐτοῦ
1631 2773 1715 2831 ὅτι
1798 2777 1936 2850 κόρη

279 2866 550 2941 παρθένος
583 2871 696 2939 ναῷ
746 2868 1134 2944 προσφέρεται,
1180 2867 1268 2920 ἳνα
1317 2867 1344 2921 6
1393 2867 1484 2921 τὸν
1530 2866 1655 2921 ναὸν
1705 2867 1940 2942 ἁγιάζων

278 2954 333 3011 έν
398 2955 532 3030 αὐτῇ
591 2960 942 3032 κατοικήσῃ,
1001 2955 1091 3011 καὶ
1177 2958 1508 3026 κατοικήσας
1583 2957 1680 3025 τὴν
1739 2955 1941 3027 ταύτης

279 3043 516 3122 γαστέρα
550 3047 626 3120 μή
658 3047 988 3122 καταφλέξῃ·
1032 3044 1160 3101 ἀλλ’
1205 3046 1386 3120 ὥσπερ
1442 3045 1529 3100 ἐπὶ
1583 3045 1827 3109 Μωσέως
1859 3050 1940 3119 τῷ

279 3134 415 3211 πυρὶ
445 3137 544 3205 τὴν
583 3135 743 3211 βάτον
775 3133 1058 3211 ἤρδευσεν,
1083 3133 1254 3197 οὕτως
1285 3135 1377 3190 καὶ
1409 3137 1438 3190 ὁ
1469 3136 1519 3190 ἐν
1551 3135 1718 3209 ταύτῃ
1743 3155 1938 3192 κατασ·

271 3225 534 3295 κηνώσας
567 3227 696 3288 Θεὸς
729 3225 890 3280 σώσει
918 3227 1012 3280 τὸν
1042 3225 1276 3298 κόσμον.

350 3407 445 3464 ΙΖ’.
481 3405 652 3469 Οὗτος
678 3407 706 3462 6
737 3409 888 3470 αἶνος
921 3405 1012 3462 καὶ
1048 3405 1117 3462 τὰ
1171 3401 1388 3480 ᾅσματα
1452 3410 1560 3461 τῶν
1615 3405 1937 3482 ἄγαλλομέ-
1970 3365 2013 3432 C

275 3515 388 3552 νων
445 3497 752 3572 θυγατέρων
807 3499 906 3564 τῆς
989 3494 1277 3558 Ἰουδαίας·
1356 3497 1556 3567 ’ᾼσατε
1629 3497 1717 3551 καὶ
1771 3496 1942 3572 ἀγαλ-

278 3582 498 3658 λιᾶσθε,
555 3586 645 3639 καὶ
703 3585 920 3659 ψήλατε
945 3587 986 3640 ³.
1049 3581 1192 3640 Ἰδοὺ
1257 3583 1362 3660 γὰρ
1419 3585 1698 3655 νενίκηται
1757 3588 1786 3640 6
1840 3588 1944 3656 τὴν

274 3674 554 3750 ἡμετέραν
595 3673 753 3752 φ·5σιν
805 3675 1148 3745 τυραννήσας
1209 3667 1493 3735 διάϐολος.
1555 3670 1696 3728 Ἰδοὺ
1755 3676 1949 3751 θρὸνὸς

279 3763 849 3838 θαυμαστότεροςτοῦ
879 3759 1216 3840 Χερουὸικοῦ
1273 3761 1358 3816 ἐπὶ
1415 3769 1520 3837 γῆς
1580 3763 1946 3837 ἑτοιμάζεται,

283 3854 414 3930 περὶ
472 3854 541 3921 ἧς
597 3855 914 3931 γέγραπται·
972 3854 1117 3916 ’Θεὸς
1177 3851 1230 3908 ἔν
1295 3853 1442 3926 μέσῳ
1499 3852 1688 3923 αὐτῆς,
1737 3856 1829 3909 καὶ
1887 3855 1949 3911 οὐ

283 3939 713 4016 σαλευθήσεται.
776 3941 927 4014 Αὕτη
990 3943 1094 4019 γὰρ
1165 3941 1376 4018 θρόνος,
1431 3943 1520 3996 καὶ
1577 3944 1808 4020 χωρίον,
1859 3947 1948 4001 καὶ

2051 1977 2208 2032 fame
2241 1983 2625 2050 consumptos
2657 1979 2806 2034 aluit
2839 1997 2851 2047 ;
2885 1985 2946 2034 at
2993 1980 3091 2035 Sol
3137 1979 3386 2052 justitiae
3440 1985 3605 2034 ortus
3637 1995 3708 2033 ex

2050 2066 2220 2134 Juda,
2273 2069 2394 2122 Rex
2447 2074 2727 2137 aeternus,
2789 2071 2927 2124 Deus
2980 2070 3318 2140 gloriﬁcatus
3361 2072 3420 2124 in
3477 2069 3706 2124 consilio

2047 2163 2380 2224 sanctorum,
2443 2175 2670 2227 magnus
2727 2165 2778 2212 et
2819 2159 3078 2214 terribilis
3139 2160 3246 2230 (41)
3304 2175 3468 2230 super
3523 2175 3706 2214 omnes

2051 2246 2148 2312 qui.
2179 2247 2236 2298 in
2267 2247 2504 2300 circuitu
2535 2248 2654 2315 ejus
2680 2252 2806 2302 sunt
2836 2246 2908 2318 (0)
2941 2265 2962 2310 ;
2995 2249 3107 2317 ipse
3137 2250 3420 2314 Dominus,
3457 2249 3624 2317 fortis
3653 2254 3706 2302 et

2042 2339 2261 2402 potens,
2288 2336 2566 2404 “Dominus
2617 2342 2810 2404 potens
2857 2339 2916 2390 in
2959 2337 3163 2406 praelia
3193 2340 3298 2408 (p),
3330 2337 3454 2408 ipse
3505 2352 3704 2391 rerum

2051 2422 2248 2493 opifex
2279 2439 2308 2478 e
2333 2429 2488 2478 terra
2516 2429 2806 2479 vetustate
2836 2432 3116 2496 corrupta
3145 2443 3360 2480 novum
3393 2426 3608 2480 caelum
3640 2441 3706 2480 ac

2051 2511 2334 2566 thronum
2365 2513 2910 2568 incombustibilem
2947 2515 3182 2584 creavit,
3215 2533 3283 2570 ac
3309 2515 3516 2570 limum
3548 2515 3706 2569 inve-

2051 2606 2306 2656 teratum
2367 2602 2428 2656 in
2499 2603 2828 2658 thalamum
2912 2604 3210 2660 cmlestem
3299 2605 3702 2660 commutavit.

2052 2692 2284 2746 Cantate
2313 2693 2546 2746 Domino
2577 2695 2848 2747 canticum
2897 2711 3114 2764 novum,
3145 2737 3148 2739 λ
3177 2701 3397 2749 cantate
3451 2697 3703 2760 Domino,

2050 2783 2224 2836 omnis
2257 2788 2426 2848 terra,
2450 2788 2669 2837 cantate
2697 2784 2932 2837 Domino
2979 2783 3114 2854 (42),
3163 2785 3463 2838 benedicite
3489 2785 3706 2838 nomini

2051 2870 2260 2942 ejus(q)
2296 2887 2307 2936 ;
2335 2872 2472 2942 quia
2493 2871 2652 2944 virgo
2685 2871 2884 2942 puella
2915 2871 2988 2926 ad
3021 2872 3310 2944 templum
3365 2873 3703 2941 adducitur,

2049 2967 2116 3015 ut
2147 2961 2206 3015 in
2241 2961 2368 3032 ipsa
2406 2961 2454 3016 is
2495 2961 2791 3018 inhabitet
2843 2964 2942 3034 qui
3005 2963 3294 3034 templum
3354 2965 3708 3030 sanctiﬁcat,

2051 3067 2247 3120 neque
2307 3055 2507 3106 tamen
2549 3053 2610 3106 in
2641 3069 2712 3107 ea
2741 3053 3086 3108 inhabitans
3143 3059 3380 3110 uterum
3438 3055 3708 3126 ejusdem

2051 3141 2385 3196 comburat.
2448 3141 2558 3196 Sed
2615 3143 3123 3213 quemadmodum
3181 3149 3447 3216 tempore
3497 3143 3712 3216 Moysis

2051 3231 2266 3286 rubum
2301 3231 2435 3304 igne
2465 3232 2760 3298 irroravit,
2812 3233 2897 3288 sic
2953 3234 3132 3289 etiam
3164 3233 3616 3289 tabernaculum
3649 3233 3714 3288 in

2055 3321 2166 3376 hac
2199 3321 2354 3376 Deus
2386 3321 2672 3394 defigens,
2710 3322 2964 3377 salutem
2995 3323 3217 3378 mundo
3250 3324 3477 3379 aﬂ‘eret.

2123 3411 2292 3466 XVII.
2328 3411 2460 3466 Haec
2493 3416 2630 3466 sunt
2680 3411 2911 3479 laudes,
2943 3413 3072 3466 haec
3103 3411 3532 3468 exsultantium
3563 3411 3716 3468 ﬁlia-

2055 3517 2188 3556 rum
2220 3501 2436 3555 Judaaze
2482 3506 2622 3554 sunt
2668 3501 2917 3556 cantica.
2980 3503 3225 3571 Cantate,
3259 3509 3310 3556 et
3339 3502 3631 3568 exsultate,
3663 3507 3716 3556 et

2051 3591 2281 3661 psallite
2310 3590 2400 3660 (r).
2436 3591 2582 3645 Ecce
2616 3590 2777 3644 enim
2809 3589 3077 3645 devictus
3139 3597 3228 3646 est
3285 3591 3579 3662 diabolus,
3614 3591 3713 3663 qui

2059 3685 2337 3735 naturam
2369 3685 2638 3735 nostram
2671 3681 2984 3752 tyrannide
3035 3697 3142 3735 sua
3189 3681 3515 3752 premebat.
3569 3683 3716 3736 Ecce

2064 3769 2283 3824 solium
2312 3769 2638 3824 Cherubico
2668 3769 3003 3825 mirabilius
3035 3772 3146 3840 (43)
3179 3771 3240 3824 in
3273 3776 3430 3826 terra
3477 3775 3721 3842 paratur

2061 3859 2264 3930 (virgo)
2300 3857 2371 3912 de
2403 3875 2520 3930 qua
2575 3859 2866 3930 scriptum
2924 3865 3050 3914 est:
3087 3862 3222 3915 Deus
3253 3862 3312 3914 in
3341 3861 3519 3914 medio
3577 3861 3719 3930 ejus,

2066 3955 2118 4004 et
2164 3965 2276 4004 non
2329 3950 2756 4005 commovebitur
2811 3951 2925 4022 (44)
2981 3951 3116 4022 Ipsa
3163 3952 3323 4005 enim
3381 3949 3620 4020 solium,
3661 3954 3722 4003 et

362 4053 442 4124 (η)
475 4052 630 4110 Psal.
664 4069 810 4122 XLIV,
847 4055 934 4107 15.
1014 4051 1084 4124 (ο)
1113 4049 1267 4108 Psal.
1303 4068 1568 4120 Lxxxvul,
1603 4053 1656 4109 8.
1733 4053 1819 4126 (ρ)
1846 4057 1941 4112 Psz

2056 4073 2198 4124 mn,
2230 4057 2285 4112 8.
2362 4055 2440 4128 (q)
2471 4055 2626 4112 Psal.
2659 4073 2784 4124 xcv,
2823 4057 2870 4127 1,
2896 4060 2949 4112 2.
3027 4060 3096 4130 (r)
3128 4057 3284 4116 Psal.
3318 4075 3484 4126 xcvn,
3519 4061 3572 4112 5.

1655 4169 1890 4225 VARI/ﬁ
1963 4171 2362 4227 LECTIONES.

367 4257 422 4331 "_
445 4257 614 4314 Barb.
694 4257 841 4330 παρᾶ
863 4255 994 4312 τίνι.
1071 4255 1118 4291 9⁸
1147 4256 1316 4312 Barb.
1351 4255 1552 4331 mend.
1577 4255 1932 4331 βαωλείσσα.
2007 4259 2056 4293 99
2087 4259 2259 4331 Barb.
2293 4259 2495 4314 mend.
2527 4257 2874 4331 τικομένους.
2953 4265 2970 4297 ¹
2999 4262 3182 4317 Abest
3225 4259 3470 4316 παστάδα
3509 4280 3543 4319 a
3587 4261 3719 4320 cod.

287 4329 468 4474 septi.
498 4347 512 4398 ;
546 4331 699 4386 hanc
749 4329 950 4384 tamen
1003 4345 1204 4384 vocem
1262 4329 1504 4400 praefert

345 4420 376 4454 α
459 4421 571 4456 ατε.

345 4420 571 4456 αΛΑατε.

1603 4345 1704 4388 aes.
1737 4333 1831 4402 A.,
1875 4337 1934 4387 et
1984 4330 2254 4403 adoptari
2283 4348 2460 4402 posse
2492 4330 2856 4388 censuimus.
2935 4333 2956 4368 ³
2990 4333 3160 4390 Barb.
3206 4337 3434 4407 ψάΛατι,
3469 4335 3615 4390 Caes.
3649 4338 3718 4390 Α.

1893 4477 1936 4530 Ν
1944 4477 2094 4531 ΟΤιίΕ
2105 4518 2116 4530 .

367 4562 488 4636 (38_)_
515 4559 653 4616 Vide
687 4577 797 4636 usu
829 4565 1162 4636 receptum,
1191 4566 1258 4616 ut
1287 4565 1406 4614 κατ’
1453 4558 1651 4636 ἐξοχὴν
1707 4564 1960 4635 Deipara

291 4633 700 4705 appellaretur
722 4633 1094 4688 immaculata.

367 4703 480 4776 (39)
512 4705 666 4778 Psal.
700 4722 856 4772 xvm,
890 4707 942 4758 6.
986 4706 1131 4760 Caes.
1165 4705 1332 4760 addit
1387 4703 1706 4778 σαρκωθείς,
1765 4708 1952 4763 incar—

290 4783 462 4834 natus
491 4794 513 4840 ;
546 4777 648 4832 sed
680 4778 776 4831 hic
809 4793 1021 4831 sensus
1045 4793 1150 4848 per
1181 4795 1242 4832 se
1274 4777 1626 4832 manifestus
1659 4783 1766 4833 est.

371 4849 484 4918 (40)
517 4851 738 4920 Auctor
769 4849 880 4903 hoc
912 4848 1134 4920 inloco
1167 4849 1370 4920 lapsus
1393 4849 1684 4904 memoria
1705 4850 1955 4906 videtur.

295 4922 466 4994 Nam,
500 4926 566 4974 ut
595 4919 848 4994 legimus
885 4920 946 4994 in
996 4919 1150 4994 libro
1192 4919 1510 4994 Geneseosr
1535 4925 1956 4994 (captxxxvu,

292 5009 350 5046 γ.
381 4993 492 5060 29),
523 4991 730 5064 Ruben
757 4991 914 5047 haud
947 4993 1245 5064 particeps
1287 4993 1402 5047 fuit
1431 4991 1820 5064 iniqui’illius
1850 4995 1958 5049 ad-

291 5079 502 5116 versus
533 5063 854 5133 Josephum
875 5065 1133 5133 consilii:

370 5129 763 5206 (“laudor
821 5135 966 5206 legit
1023 5129 1255 5206 φοϐερός
1311 5131 1489 5206 ἐστιν,
1522 5135 1804 5206 terribilis
1861 5142 1958 5200 est,

295 5205 498 5277 prouti
521 5205 743 5260 habent
775 5205 955 5261 etiam
984 5207 1114 5262 cod.
1139 5205 1305 5262 Alex.
1341 5211 1399 5260 et
1427 5205 1558 5260 Ald.
1589 5207 1800 5260 Verum
1825 5223 1961 5262 con-

299 5275 487 5350 textui
547 5293 897 5350 consonare
922 5277 1109 5350 magis
1160 5279 1397 5350 videtur
1444 5278 1782 5332 communis
1823 5279 1961 5334 LXX

297 5348 500 5420 lectio,
535 5367 666 5420 quas
699 5349 848 5402 illud
879 5345 1293 5420 écttv'omittit.

376 5419 490 5491 (42)
523 5417 668 5476 Cum
701 5421 844 5476 LXX
876 5419 1068 5475 omitt.
1094 5419 1158 5474 τὸ
1189 5427 1262 5490 et,
1297 5417 1454 5490 quod
1487 5419 1584 5474 hic
1613 5419 1793 5476 habet
1823 5421 1959 5476 Vul-

342 5495 494 5547 atus.

342 5507 494 5547 atus.

303 5507 338 5562 Β
375 5561 484 5642 (43)
518 5563 620 5642 Hic
673 5579 879 5642 rursus
921 5581 1049 5642 per,
1081 5563 1260 5642 aliam
1321 5563 1643 5642 imaginem
1675 5563 1848 5642 n__ob_is
1881 5565 1962 5620 si-

295 5633 616 5716 gniﬁcatur
641 5634 788 5716 quid
823 5651 892 5690 ea
921 5633 1092 5690 astate
1142 5635 1214 5716 de
1261 5634 1661 5716 conceptione
1695 5636 1960 5716 D‘eiparze

291 5705 1019 5778 ratum_exploratumque
1052 5713 1230 5763 esset.
1260 5705 1475 5762 Primo
1501 5707 1664 5778 enim
1709 5705 1963 5778 Deipara

297 5775 629 5833 Cherubico
653 5777 803 5834 solio
823 5775 1204 5852 comparatur
1223 5797 1238 5850 ς
1263 5779 1435 5851 cujus
1457 5777 1702 5850 quidem
1720 5775 1962 5852 compa-

2069 4564 2322 4638 rationis
2338 4564 2487 4638 ratio
2511 4566 2826 4636 perspicua
2849 4572 2956 4634 est,
2981 4583 3116 4621 cum
3141 4566 3358 4638 sapius
3385 4568 3444 4621 in
3465 4568 3720 4638 prophe-

1981 4637 2135 4704 Dtis
2184 4639 2354 4710 Deus
2431 4637 2802 4692 describatur
2885 4639 3100 4693 sedens
3185 4637 3364 4710 super
3420 4637 3718 4694 Cherubin

2067 4709 2214 4763 Psal.
2251 4725 2440 4768 LXXIX,
2475 4711 2545 4774 2;
2593 4725 2782 4776 xcvm,
2813 4714 2834 4762 1
2869 4727 2880 4776 ;
2934 4713 3040 4764 Isa.
3093 4709 3308 4776 xxxvii,
3371 4713 3434 4764 16
3465 4729 3478 4778 ;
3527 4711 3720 4764 Ezech.

2065 4798 2124 4847 x,
2155 4783 2193 4852 1,
2219 4797 2343 4848 seq.
2373 4782 2562 4852 ;7Dan.
2595 4797 2676 4844 ιιι,
2893 4782 3114 4836 Deinde
3168 4798 3299 4836 vero
3359 4782 3724 4852 comparatio

2068 4853 2152 4924 ila
2183 4851 2534 4924 instituitur,
2568 4859 2635 4906 ut
2665 4853 2832 4924 Virgo
2875 4853 3045 4908 beata
3075 4870 3196 4908 non
3229 4854 3470 4923 quidem
3497 4851 3724 4908 Cheru-

2069 4923 2190 4976 bim
2223 4923 2644 4992 zequiparetur,
2675 4923 2786 4978 sed
2807 4926 3040 4980 Throno
3073 4925 3399 4980 Cherubico
3443 4926 3615 4990 longe
3638 4923 3725 4978 di-

2069 4995 2240 5068 gnior
2269 5011 2335 5048 ac
2359 4997 2738 5068 praestantior
2767 4997 3018 5052 thronus
3041 4997 3408 5052 exhibeatur.
3435 4999 3580 5068 Ergo
3603 4995 3720 5050 nisi

2071 5066 2370 5139 afﬁrmare
2388 5067 2522 5139 quis
2539 5068 2698 5134 velit,
2725 5069 3004 5122 thronum
3023 5067 3246 5139 peccati
3270 5066 3726 5138 inquinamento

2071 5137 2378 5210 sordidum
2403 5138 2616 5210 throno
2640 5139 2966 5194 Cherubico
3000 5137 3476 5210 praestantiorem
3507 5156 3636 5194 esse
3659 5155 3729 5192 ac

2072 5209 2405 5284 digniorem
2433 5209 2502 5284 in
2532 5228 2648 5280 quo
2682 5213 2835 5265 Deus
2867 5209 3090 5284 sedeat,
3117 5212 3374 5284 fateatur
3393 5217 3626 5284 Oportet
3655 5210 3727 5265 ab

2072 5281 2202 5351 ipsa
2225 5280 2478 5354 Virginis
2505 5285 2892 5354 conceptione
2927 5283 3174 5353 quodvis
3205 5280 3732 5354 peccati'inquina-

2073 5351 2344 5424 mentum
2373 5351 2546 5424 longe
2578 5351 2859 5409 abfuisse.
2901 5351 3016 5408 car
3045 5356 3156 5409 hoc
3191 5351 3380 5424 l'quia
3410 5351 3639 5410 scilicet
3666 5354 3730 5406 in

2073 5424 2203 5498 ipsa
2238 5423 2501 5498 Virginis
2521 5427 2908 5498 conceptione
2933 5426 3183 5480 thronus
3215 5423 3316 5480 ille
3359 5426 3734 5498 prmstantis—

2073 5496 2261 5550 simus
2295 5494 2507 5550 divinae
2539 5494 2836 5569 majestati
2868 5497 3086 5553 dicitur
3115 5494 3440 5554 instructus
3479 5513 3548 5553 ac
3576 5513 3732 5568 pra)-

2071 5573 2333 5638 paratus.

2289 5638 2437 5723 Psal:
2459 5656 2604 5723 λεν,
2639 5643 2690 5695 6.
2721 5641 3049 5723 Coﬂnjunct.
3093 5646 3144 5695 et
3175 5641 3498 5723 praeierunt
3533 5640 3730 5723 .etiain

2073 5711 2367 5837 gditiomlels
2406 5710 2624 5768 Aldina.
2679 5719 2740 5768 et
2781 5710 3243 5784 Cdmplutensis.
3303 5713 3468 5770 Conf.
3529 5710 3731 5768 Lamb.

2122 5799 2188 5837 os
2218 5797 2282 5837 1n
2360 5823 2372 5837 .
2400 5797 2452 5837 c.

2122 5799 2188 5839 08
2218 5797 2282 5837 1n
2311 5797 2372 5838 Π.
2400 5797 2452 5840 Ο.
