4074 6402
254 387 397 443 1489

1290 388 1540 445 SERMO
1576 389 1653 443 IN
1690 385 2248 443 CONCEPTIONEM
2283 392 2640 449 DEIPARB.

3531 395 3672 451 μου

250 513 443 589 τρόμῳ
470 534 563 570 και
589 508 747 591 φὸϐῳ
776 514 880 584 τὴν
912 510 1256 590 λειτουργίαν
1320 512 1705 573 ἐπιτελοῦντας
1740 531 1753 580 ;
1808 510 1898 565 οὐκ

2022 516 2316 571 exercitus
2346 517 2525 574 duces
2556 518 2725 575 ‘Inon
2778 519 2954 576 habet
3015 521 3322 589 satellites,
3373 523 3474 594 qui
3533 539 3667 579 cum

254 604 388 659 εἲσὶν
451 603 599 676 αὐτῷ
644 602 923 680 βασιλικοί
984 623 997 673 ;
1058 603 1168 671 ναὶ,
1224 604 1379 681 φησί,
1437 607 1579 656 πᾶσα
1625 603 1661 670 ἡ

252 692 417 747 αὐτοῦ
476 692 638 748 ἐστιν·
700 691 889 750 Χίλιαι
938 689 1197 755 χιλιάδες
1257 691 1310 747 ἐν
1373 691 1624 765 οὐρανοῖς
1684 690 1707 723 ⁷
1764 688 1911 760 αὐτῴ

248 782 624 857 παρίστανται,
695 784 789 838 καὶ
882 782 1073 859 μύριαι
1158 778 1418 857 μυριάδες
1476 782 1500 817 δ
1555 781 1912 856 λειτουργοῦ-

257 894 337 927 σιν
372 873 540 946 αὐτῷ.

325 965 435 1020 IH'.
461 967 639 1021 Ταῦτα
681 960 857 1023 οὕτως
914 957 1031 1037 ἔχει
1088 960 1183 1017 τὸν
1235 961 1437 1038 τρόπον
1494 967 1596 1030 τῆς
1653 958 1909 1024 θεοτόκου

252 1052 465 1127 Μαρίας
519 1049 999 1127 ἀναστρεφομένης
1055 1050 1133 1113 εἷς
1187 1051 1255 1106 τὰ
1310 1054 1480 1126 ’Ἅγια
1532 1054 1639 1105 τῶν
1702 1047 1899 1124 ἀγίων’

250 1143 419 1212 αὐτὴν
454 1140 511 1197 δὲ
533 1142 714 1212 πάσης
747 1140 1099 1213 δικαιοσύνης
1128 1144 1399 1218 ἀνωτέραν
1438 1140 1746 1216 δειχθῆναι.

318 1328 385 1377 Ὤ
430 1328 533 1392 τῆς
592 1320 875 1379 Ἰουδαίων
934 1323 1295 1397 πωρώσεως⁹
1356 1324 1367 1378 l
1430 1317 1474 1375 ὤ
1530 1323 1629 1391 τῆς
1688 1318 1903 1375 ἐκείνων

245 1411 435 1473 ἀνοίας
472 1413 483 1468 ί
518 1412 584 1465 Ὦ
612 1418 712 1480 τῆς
746 1412 1033 1487 αἷρετικῶν
1083 1409 1465 1487 βλασφημίας,
1498 1406 1541 1464 ὥ
1600 1416 1701 1479 τῆς
1745 1407 1902 1463 ἐσκο-

241 1500 505 1574 τισμένης
566 1500 741 1555 αὐτῶν
802 1498 1048 1577 καρδίας.
1106 1499 1278 1558 Οὐδὲν
1331 1501 1433 1576 γὰρ
1489 1501 1541 1554 οἱ
1620 1496 1757 1575 ἔριδι
1813 1496 1903 1552 καὶ

238 1591 396 1663 ξήλῳ
449 1590 919 1667 προσκρούοντες,
975 1592 1049 1653 ὡς
1097 1590 1276 1667 χύτρα
1335 1585 1552 1661 λέϐητι,
1596 1587 1748 1659 ἥττω
1804 1592 1901 1643 τοῦ

237 1682 597 1759 φρονήματος
648 1685 755 1735 τῶν
813 1678 1095 1738 Ἰουδαίων
1157 1678 1310 1735 είσίν.
1369 1680 1535 1735 Αὐτοὶ
1583 1679 1686 1754 γὰρ
1738 1699 1901 1754 προσ·

228 1773 549 1843 κρούονται,
610 1770 701 1825 καὶ
760 1769 912 1825 αὐτοὶ
978 1765 1377 1845 συντρίϐονται.
1425 1770 1492 1825 Ἥ
1543 1768 1644 1825 οὐκ
1685 1769 1820 1838 ἦσαν
1857 1770 1901 1805 ¹⁰

228 1861 287 1917 o'l
315 1867 593 1938 προφῆται
630 1858 680 1933 ἐξ
713 1859 888 1914 αὐτῶν
922 1880 938 1933 ;
970 1862 1082 1917 Νῦν
1117 1858 1173 1914 δὶ
1204 1859 1333 1923 τοὺς
1388 1857 1711 1935 ὁμοφύλους
1758 1878 1897 1932 προ-

230 1954 410 2030 φήτας
438 1950 830 2027 ὁμολογοῦσιν,
860 1955 977 2012 τοῖς
1011 1947 1069 2004 δὲ
1100 1948 1293 2026 λόγοις
1325 1949 1501 2005 αὐτῶν
1555 1949 1617 2004 οὐ
1677 1948 1892 2003 πείθον-

223 2063 343 2098 ται.
378 2043 492 2098 ΙΙοῦ
532 2041 622 2095 οῦν
659 2037 797 2095 εἶδον
833 2040 911 2103 εἷς
967 2039 1138 2101 πάσας
1184 2039 1369 2117 γενεὰς
1416 2038 1583 2111 κόρην
1620 2042 1660 2076 ¹¹
1696 2038 1773 2099 εἰς
1829 2039 1896 2092 τὰ

223 2134 404 2207 ’Ἅγια
432 2135 541 2185 τῶν
604 2130 773 2206 ἁγίων
833 2130 1246 2207 ἀνατραφεῖσαν,
1306 2130 1340 2198 ἢ
1402 2130 1567 2183 πάλιν
1628 2127 1892 2201 παρθένον

230 2222 376 2292 μετὰ
422 2220 633 2289 τόκον;
690 2220 836 2295 Οὐχὶ
895 2220 1075 2289 αὐτοὶ,
1136 2218 1225 2274 ὅτε
1281 2217 1570 2293 ἀρχιερεὺς
1604 2219 1631 2272 6
1692 2217 1896 2293 Κύριος

224 2308 467 2386 ἐγένετο,
528 2307 691 2372 ἰδίαις
774 2309 964 2384 χερσὶν
1024 2309 1075 2379 ἐξ
1162 2308 1337 2363 αὐτῶν
1400 2328 1541 2369 τινες
1600 2308 1895 2384 γράφοντες

223 2399 609 2474 ὡμολόγησαν
646 2402 690 2439 ¹²
721 2399 991 2473 Παρθένον
1044 2400 1145 2467 τῆν
1205 2397 1357 2473 ἁγίαν
1414 2398 1631 2472 Μαρίαν
1667 2404 1893 2474 ;Ψηφι-

223 2488 442 2545 σάντων
468 2489 569 2565 γάρ
622 2512 785 2545 τινων
843 2490 935 2545 τὸν
995 2488 1196 2562 Κύριον
1259 2488 1311 2560 ἐξ
1369 2487 1544 2543 αὐτῶν
1610 2488 1895 2564 ἀρχιερέα,

216 2577 328 2634 *ίνα
356 2580 629 2655 πληρωθῇ
661 2580 689 2633 ὁ
750 2578 914 2655 λόγος
963 2580 990 2634 ὁ
1035 2581 1438 2655 γεγραμμένος·
1474 2577 1549 2632 Σὺ
1607 2578 1784 2654 ἱερεὺς
1821 2578 1897 2639 είς

219 2672 329 2727 τὸν
415 2670 587 2727 αἰῶνα
659 2674 797 2727 κατὰ
874 2672 972 2739 τήν
1039 2672 1187 2742 τάξιν
1262 2666 1631 2744 Μελχισεδέκ·
1714 2668 1797 2723 ὃτι
1867 2669 1894 2723 6

230 2762 413 2841 σοφίᾳ
492 2765 639 2838 παρὰ
697 2766 831 2817 Θεοῦ
898 2762 990 2816 καὶ
1065 2760 1366 2835 ἀνθρώπων
1438 2758 1505 2827 ἧν
1587 2757 1892 2835 προκόψας·

218 2855 327 2909 καὶ
384 2854 428 2892 ¹³
487 2853 546 2909 ἐκ
604 2853 784 2932 φυλῆς
848 2850 1162 2929 βασιλικῆς,
1218 2849 1307 2905 καί
1382 2849 1775 2925 ἀρχιερατικῆς
1825 2848 1892 2918 ῆν

224 2943 489 3018 Μαρίαὴ
526 2944 651 3019 ἁγία
693 2943 979 3004 Θεοτόκος·
1039 2940 1177 2996 κατά
1231 2940 1295 2995 τὸ
1343 2938 1644 3012 εἰθισμένον
1707 2941 1751 2977 ¹⁸
1804 2937 1893 2993 οῦν

220 3035 427 3096 αὐτοῖς
506 3032 790 3105 ἐποίησαν.
852 3036 977 3090 Τῶν
1067 3032 1170 3107 γὰρ
1223 3025 1634 3105 προϐαινόντων
1706 3027 1892 3105 ἱερέων

226 3123 528 3195 ἐξεζήτουν
554 3124 647 3178 τὸν
680 3122 906 3198 πατέρα,
938 3123 1029 3177 καὶ
1094 3123 1194 3191 τὴν
1255 3122 1484 3197 μητέρα,
1515 3118 1606 3175 καὶ
1664 3116 1897 3196 ἔγραφον

228 3214 310 3269 τὰ
340 3214 585 3288 ὀνόματα
616 3214 793 3268 αὐτῶν
823 3213 901 3277 εἷς
943 3213 1041 3281 τὴν
1079 3213 1124 3249 ¹⁵
1182 3215 1364 3288 ψῆφον
1414 3218 1515 3281 τῆς
1569 3209 1893 3284 ἱερωσύνης·

1741 598 1915 662 κτίσις

1926 1911 1974 1976 Β

2021 604 2234 661 timore
2267 612 2325 661 et
2356 612 2611 663 tremore
2642 614 2903 666 astantes
2935 610 3199 666 ofﬁcium
3231 612 3520 684 explent?
3546 630 3666 669 non

2022 694 2202 750 habet
2231 698 2422 770 regios
2454 699 2763 769 praefectos
2783 701 2810 755 ‘?
2838 702 3017 756 habet
3048 718 3209 769 sane,
3231 703 3425 757 omnis
3448 704 3666 775 quippe

2022 792 2292 841 creatura
2322 788 2509 858 ipsius
2542 794 2672 843 est:
2733 790 2912 845 Millia
2968 792 3204 845 millium
3262 798 3445 847 astant
3502 796 3552 847 ei
3608 792 3668 846 in

2023 878 2191 943 caelis,
2225 884 2276 931 et
2307 878 2479 933 decies
2503 886 2729 934 centena
2760 881 2941 934 millia
2972 883 3080 950 ipsi
3108 884 3429 936 ministrant
3460 884 3558 951 (ας).

2093 966 2286 1019 XVIII.
2324 968 2456 1021 Hrec
2502 969 2584 1022 ita
2628 986 2689 1023 se
2740 970 2963 1024 habent
3020 972 3213 1041 quoad
3273 971 3515 1026 modum
3550 987 3668 1043 quo

2021 1056 2123 1111 Dei
2150 1056 2403 1127 genitrix
2432 1057 2611 1112 Maria
2654 1059 2713 1112 in
2742 1059 2971 1114 Sanctis
3028 1068 3370 1115 sanctorum
3424 1078 3669 1116 conver—

2020 1145 2281 1213 sabatur,
2317 1152 2375 1200 et
2403 1163 2519 1216 quo
2568 1148 2730 1202 omni
2755 1148 2991 1219 justitia
3020 1152 3390 1222 (caeterarum
3436 1156 3666 1206 creatu-

2016 1239 2237 1305 rarum)
2270 1236 2585 1291 sublimior
2614 1243 2855 1294 ostensa
2876 1243 2982 1293 est.

2088 1326 2130 1380 Ο
2149 1325 2489 1381 Judaeorum
2516 1326 2828 1383 duritiem!
2858 1329 2900 1383 Ο
2929 1329 3275 1384 eorumdem
3305 1331 3661 1385 amentiam!

2018 1414 2129 1470 Sed
2165 1433 2197 1470 ο
2232 1415 2647 1471 haareticorum
2680 1433 2917 1488 quoque
2948 1418 3383 1490 blasphemiam
3407 1419 3478 1474 lO
3503 1420 3660 1490 ipso-

2017 1522 2149 1559 rum
2182 1521 2417 1576 quoque
2449 1506 2628 1561 corda
2658 1506 2955 1561 obcaacata
2984 1507 2995 1561 Ξ
3030 1508 3255 1579 Quippe
3287 1507 3385 1578 qui
3418 1513 3661 1563 conten-

2016 1597 2179 1649 tione
2210 1600 2269 1649 et
2326 1596 2704 1651 mmulatione
2736 1596 3154 1669 impingentes,
3181 1604 3463 1667 tanquam
3515 1601 3667 1652 testa

2014 1685 2075 1740 in
2108 1685 2383 1755 lebetem,
2416 1686 2568 1740 nihil
2591 1686 2816 1742 distant
2863 1704 2897 1742 a
2942 1688 3279 1743 Judaaorum
3309 1687 3659 1759 pervicacia.

2014 1775 2131 1847 Ipsi
2165 1776 2326 1829 enim
2357 1775 2742 1843 colliduntur,
2775 1782 2833 1832 et
2863 1777 2977 1849 ipsi
3008 1778 3517 1834 conteruntur.An
3540 1793 3659 1832 non

2011 1870 2180 1919 erant
2210 1882 2280 1920 ex
2311 1865 2432 1920 illis
2474 1868 2779 1939 prophetas
2811 1868 2838 1922 ?
2878 1869 3068 1923 Etiam
3112 1884 3271 1923 nunc
3298 1869 3661 1924 conﬁtentur

2004 1956 2253 2027 (Judaei),
2302 1958 2623 2029 prophetas
2670 1976 2741 2013 ex
2790 1960 3055 2030 ipsorum
3116 1965 3276 2015 ortos
3332 1960 3656 2033 propagine

2002 2045 2186 2101 fuisse
2221 2063 2234 2113 ;
2268 2051 2327 2101 at
2356 2048 2613 2102 oraculis
2646 2064 2850 2103 eorum
2910 2049 3119 2103 cedere
3174 2049 3403 2105 abuunt
3459 2050 3657 2104 incre-

2006 2135 2152 2189 duli.
2186 2137 2575 2201 Quandonam
2626 2137 2804 2209 igitur
2851 2154 2959 2208 per
3008 2140 3275 2194 omnium
3325 2140 3657 2211 generatio-

2008 2241 2151 2278 num
2185 2225 2502 2281 decursum
2532 2226 2811 2281 viderunt
2841 2227 3168 2298 puellulam
3189 2228 3249 2282 in
3284 2229 3511 2283 Sanctis
3531 2245 3664 2284 san-

2008 2318 2237 2368 ctorum
2269 2315 2621 2369 innutritam
2651 2317 2678 2370 ?
2705 2316 2793 2370 vel
2834 2333 3061 2382 rursus,
3104 2318 3350 2372 ubinam
3393 2317 3671 2373 viderunt

2006 2404 2293 2475 virginem
2322 2411 2455 2476 post
2484 2411 2719 2475 partum
2750 2406 2777 2459 ?
2806 2408 3035 2473 Nonne,
3067 2424 3203 2461 cum
3236 2408 3525 2462 Dominus
3557 2407 3662 2463 de-

2007 2494 2264 2549 claratus
2323 2500 2414 2549 est
2456 2511 2726 2549 summus
2782 2495 3089 2563 sacerdos,
3152 2498 3410 2567 propriis
3465 2497 3666 2551 mani-

2006 2584 2115 2640 bus
2176 2601 2245 2640 ex
2300 2586 2446 2656 ipsis
2499 2586 2742 2655 quidam
2804 2587 3132 2641 scribentes
3188 2587 3444 2643 confessi
3522 2592 3666 2642 sunt

2007 2680 2272 2729 sanctam
2306 2676 2547 2729 Mariam
2578 2676 2763 2730 fuisse
2794 2676 3082 2747 virginem
3110 2676 3135 2731 '?
3163 2678 3307 2731 Cum
3340 2678 3500 2731 enim
3529 2677 3661 2748 qui-

2006 2765 2141 2821 dam
2224 2782 2294 2820 ex
2370 2765 2516 2836 ipsis
2571 2765 2891 2819 Dominum
2947 2765 3663 2822 decernerentsummum

2007 2854 2377 2910 sacerdotem
2435 2855 2532 2925 (ut
2584 2854 2937 2925 impleretur
2993 2871 3189 2910 sermo
3240 2856 3340 2926 qui
3400 2856 3659 2927 scriptus

2008 2951 2144 3001 est:
2183 2948 2260 2999 Tu
2296 2960 2349 2999 es
2403 2944 2652 3000 sacerdos
2705 2944 2767 2999 in
2818 2951 3083 2999 (sternam
3150 2946 3448 3000 secundum
3506 2946 3659 3000 ordi-

2005 3052 2127 3090 nem
2158 3035 2545 3090 Melchisedech
2576 3035 2708 3105 (48),
2769 3041 3085 3105 propterea
3143 3035 3299 3105 quod
3349 3035 3475 3106 ipse
3517 3052 3659 3106 pro-

2005 3127 2223 3195 ﬁciebat
2282 3127 2559 3194 sapientia
2619 3140 2801 3178 coram
2860 3127 2969 3179 Deo
3026 3132 3076 3179 et
3124 3125 3433 3181 hominibus
3466 3128 3554 3194 (ἰ),
3603 3129 3665 3179 et

2011 3216 2193 3269 Maria
2229 3219 2429 3269 sancta
2466 3214 2567 3268 Dei
2629 3215 2813 3269 Mater
2862 3218 2990 3269 erat
3047 3232 3111 3269 ex
3163 3215 3346 3286 stirpe
3388 3216 3550 3286 regia
3608 3219 3667 3269 et

222 3304 328 3361 καὶ
362 3273 726 3379 ἐπηρώτησαν
763 3304 809 3342 ¹⁶
838 3273 935 3373 τῆν
989 3273 1142 3378 ἀγίαν
1196 3273 1574 3377 ἰἺἾΙΙαρΘένον
1621 3273 1895 3375 λέγοντές*

2015 3304 2390 3371 sacerdotali,
2426 3303 2676 3375 proinde
2710 3304 3041 3359 secundum
3098 3321 3327 3360 morem
3386 3305 3533 3376 ipsis
3577 3305 3667 3360 fa-

231 3390 367 3457 Υὶός
401 3415 497 3449 σου
530 3393 673 3449 ἐστιν
698 3395 727 3449 6
761 3395 969 3463 Ἰησοῦς
1010 3412 1023 3462 ;
1080 3394 1143 3446 ἹΙ
1202 3388 1260 3445 δὲ
1311 3385 1529 3465 ἔφησεν·
1561 3390 1681 3448 Ναί,
1715 3392 1783 3447 Οἱ
1842 3387 1900 3445 δὲ

230 3487 417 3542 εἶπονο
453 3484 557 3540 Καὶ
616 3485 699 3544 τίς
746 3482 893 3538 ἐστιν
955 3484 983 3537 6
1045 3484 1226 3557 πατὴρ
1276 3481 1445 3535 αὐτοῦ
1478 3502 1492 3551 ;
1528 3482 1591 3537 Ἡ
1652 3477 1710 3535 δὲ
1762 3500 1899 3534 παν-

231 3578 476 3650 άμωμος
517 3571 809 3647 ἀπεκρίθη·
868 3572 1079 3647 Πατέρα
1141 3571 1235 3643 μὶν
1289 3570 1377 3625 ἐπὶ
1437 3578 1540 3646 γῆς
1602 3569 1703 3624 οὐκ
1759 3568 1895 3625 ἔχει·

229 3666 346 3743 ἐγὼ
380 3666 437 3721 δὲ
473 3666 735 3741 ἐγέννησα
792 3664 955 3718 αὐτὸν
990 3663 1065 3724 ὡς
1125 3658 1265 3716 οἶδεν
1318 3659 1498 3722 αὐτός.
1557 3662 1745 3735 Πατὴρ
1797 3659 1899 3735 γὰρ

231 3754 404 3813 αὐτοῦ
437 3757 464 3810 6
495 3755 623 3816 Θεός
654 3754 814 3810 ἐστιν.
846 3754 913 3811 Οἱ
947 3749 1005 3807 δὲ
1062 3752 1238 3806 εἶπονο
1268 3751 1358 3805 καὶ
1414 3751 1709 3827 γράφωμεν
1739 3748 1897 3803 αὐτὸν

231 3847 318 3907 εἷς
348 3848 447 3916 τήν
475 3846 686 3924 γραφὴν
715 3848 811 3899 τοῦ
840 3843 1017 3916 τόμου
1077 3843 1192 3896 υἱὸν
1254 3842 1299 3876 1⁸
1350 3844 1447 3895 τοῦ
1506 3844 1641 3894 Θεοῦ
1674 3860 1688 3909 ς
1721 3841 1783 3895 Ἡ
1844 3836 1902 3893 δὶ

234 3938 702 4011 εἶπενοΓράψατε.
740 3934 844 3990 Καὶ
903 3930 1137 4008 ἔγραψαν
1200 3931 1276 3994 εἷς
1330 3931 1422 3985 τὸν
1482 3931 1653 4004 τόμον
1706 3928 1899 3993 οὕτως·

239 4030 455 4098 Ἰησοῦς
477 4028 505 4080 6
537 4027 655 4087 υἱὸς
679 4030 776 4080 τοῦ
808 4028 969 4092 Θεοῦ,
1000 4023 1089 4077 καὶ
1150 4022 1266 4083 υίὸς
1329 4020 1543 4095 Μαρίας
1569 4024 1638 4093 τῇ
1698 4019 1901 4083 ἄνωθεν

234 4120 411 4195 ψήφῳ
444 4115 523 4178 είς
552 4116 644 4171 τὸν
677 4114 851 4169 αίῶνα
880 4112 1176 4188 ἱερεύσεται
1212 4112 1278 4149 ¹⁹’
1331 4109 1421 4165 καὶ
1483 4108 1782 4185 ἐπληρώθη
1840 4108 1903 4162 τὸ

234 4208 624 4283 γεγραμμένον
660 4206 734 4260 ὠς
766 4203 1021 4280 ἀνωτέρω
1053 4200 1386 4273 δεδήλωταιο
1449 4201 1523 4254 Σὺ
1573 4199 1747 4275 ἱερεὺς
1826 4198 1904 4260 εἷς

228 4299 331 4354 τὸν
385 4297 560 4351 αἲῶνα
614 4297 753 4351 κατά
810 4295 908 4362 τήν
968 4293 1116 4363 τάξιν
1174 4288 1543 4366 Μελχισεδέκ.
1597 4290 1744 4344 Μετά
1799 4288 1903 4364 γὰρ

230 4391 331 4444 τοῦ
378 4386 707 4459 ὑποστρέψαι
764 4386 855 4439 τὸν
916 4383 1117 4457 Κύριον
1178 4381 1238 4437 ἐκ
1281 4384 1382 4446 τῆς
1443 4379 1676 4456 ἐρήμου,
1736 4378 1902 4448 ἦλθεν

230 4478 313 4541 εἷς
368 4478 638 4553 Ναζαρὲτ,
701 4477 763 4530 οὗ
820 4476 887 4543 ἦν
947 4473 1446 4547 ἀνατεθραμμένος·
1504 4470 1596 4525 καὶ
1651 4469 1903 4540 εἰσῆλθεν

232 4570 373 4625 κατὰ
418 4569 479 4623 τὸ
538 4567 733 4628 εἶωθὸς
784 4570 853 4639 τῇ
913 4565 1099 4638 ἡμέρᾳ
1153 4568 1251 4619 τοῦ
1337 4558 1624 4617 Σαϐϐάτου
1672 4560 1749 4624 εἷς
1803 4563 1903 4630 τήν

234 4660 573 4736 συναγωγὴν,
655 4658 744 4711 καὶ
820 4657 1014 4725 ἀνέστη
1096 4655 1392 4730 ἀναγνῶναι

234 4750 386 4823 αὐτῷ
449 4745 671 4827 βιϐλίον
730 4745 956 4805 Ἠσαίου
1014 4749 1109 4801 τοῦ
1158 4747 1463 4824 προφήτον,
1522 4750 1611 4799 καί
1685 4743 1897 4814 ἀνοίξας

314 4887 378 4959 (s)
406 4888 554 4943 Dan.
588 4892 685 4954 vn,
711 4888 795 4941 lO.
831 4884 892 4956 (t)
926 4883 1062 4938 Luc.
1094 4898 1153 4950 ιι,
1186 4884 1275 4936 52.

2009 3395 2264 3451 ciebant.
2311 3394 2567 3449 Proinde
2611 3394 2942 3448 astantibus
2970 3394 3378 3449 sacerdotibus
3409 3395 3667 3449 interro-

2009 3490 2295 3558 gaverunt
2320 3490 2551 3555 patrem
2597 3489 2654 3537 et
2710 3488 2985 3548 matrem,
3039 3488 3096 3537 et
3154 3484 3524 3554 scripserunt
3572 3499 3665 3537 eo-

2009 3592 2141 3629 rum
2176 3574 2420 3629 nomina
2452 3573 2513 3627 in
2562 3589 2747 3627 censu
2814 3572 3130 3626 sacerdotii
3176 3577 3283 3639 ;et
3335 3573 3665 3643 interroga-

2010 3669 2151 3719 runt
2178 3669 2443 3719 sanctam
2491 3663 2590 3716 Dei
2629 3664 2872 3716 Matrem
2934 3661 3244 3716 dicentes:
3295 3664 3471 3717 Estne
3504 3662 3666 3716 filius

2012 3760 2147 3809 tuus
2178 3755 2346 3807 Iesus
2378 3753 2405 3807 ?
2436 3752 2615 3807 Maria
2641 3769 2777 3806 vero
2834 3751 3144 3821 respondit
3180 3770 3191 3807 :
3254 3752 3486 3823 Utique.
3548 3753 3666 3823 Ipsi

2011 3850 2209 3899 autem
2243 3842 2641 3897 addiderunt:
2704 3842 3060 3912 Ecquisnam
3117 3848 3206 3895 est
3262 3848 3431 3913 pater
3477 3843 3608 3913 ejus
3641 3842 3668 3897 ?

2012 3933 2338 4004 Respondit
2385 3931 2746 4003 purissima:
2783 3934 2844 3985 [n
2879 3936 3033 3985 terra
3063 3930 3303 4002 quidem
3336 3949 3457 3986 non
3488 3932 3671 3986 habet

2011 4030 2293 4096 patrem;
2355 4038 2458 4094 ego
2508 4022 2705 4093 ipsum
2755 4022 2930 4093 genui
2990 4026 3057 4074 ut
3114 4021 3276 4075 novit
3322 4022 3470 4093 ipse.
3507 4022 3665 4076 Deus

2015 4115 2173 4169 enim
2206 4118 2295 4166 est
2337 4116 2507 4184 pater
2555 4112 2703 4183 ejus.
2764 4111 2856 4165 Illi
2914 4128 3048 4165 vero
3079 4110 3401 4166 dixerunt:
3435 4111 3666 4165 Scribe—

2016 4220 2227 4259 musne
2261 4203 2321 4256 in
2376 4202 2624 4256 elencho
2684 4201 2925 4267 codicis,
2982 4200 3138 4271 quod
3197 4202 3325 4271 ipse
3374 4200 3451 4255 sit
3508 4201 3666 4255 ﬁlius

2016 4293 2390 4362 Dei?Atque
2436 4292 2563 4361 ipsa
2622 4291 2919 4361 reposuit:
2981 4290 3115 4361 (Sic)
3166 4289 3424 4344 scribite.
3460 4292 3529 4343 Et
3582 4289 3666 4343 sic

2014 4382 2351 4439 retulerunt
2380 4382 2441 4434 in
2475 4380 2737 4435 codicem
2775 4397 2786 4434 :
2846 4381 3013 4434 .lesus
3065 4379 3221 4433 filius
3256 4380 3355 4433 Dei
3415 4384 3473 4433 et
3504 4379 3663 4433 illius

2017 4473 2234 4538 Maria),
2268 4471 2548 4542 suffragio
2581 4486 2611 4525 e
2634 4470 2797 4525 cmlis
2838 4469 2978 4535 lato,
3014 4469 3341 4523 sacerdotio
3390 4468 3669 4537 fungetur

2017 4564 2077 4617 in
2111 4567 2421 4615 aeternum.
2483 4561 2553 4613 Et
2611 4560 2765 4613 sicut
2818 4558 3091 4629 superius
3147 4558 3511 4611 declaratum
3554 4562 3663 4623 est,

1501 4652 1591 4707 καὶ
1667 4650 1900 4721 ἐπεδόθη
1936 4650 1979 4713 D
2013 4651 2469 4723 implementum
2501 4649 2729 4720 accepit
2761 4649 3062 4718 Scriptura
3095 4646 3377 4717 inquiens
3413 4663 3425 4699 :
3463 4649 3539 4700 Tu
3568 4647 3663 4717 (es)

2008 4741 2258 4798 sacerdos
2306 4742 2365 4794 in
2422 4746 2687 4794 aeternum
2742 4738 3036 4793 secundum
3083 4737 3330 4791 ordinem
3388 4737 3667 4791 Melchise-

1612 4978 1849 5032 νΑΒΙίΕ
1893 4975 2293 5032 LECTIONES.

310 5111 330 5145 ’⁷
360 5111 506 5166 Οῶὸ.
552 5112 618 5165 Α.
653 5108 819 5165 addit
844 5112 953 5161 τῶν
986 5104 1254 5181 ἀγγέλων.
1286 5105 1306 5140 ⁸
1334 5106 1477 5159 Cass.
1512 5106 1579 5158 A.
1616 5104 1780 5159 addit
1806 5106 1912 5157 τῶν
1948 5098 2331 5176 ἀρχαγγέλων.
2367 5102 2387 5136 ⁹
2420 5100 2588 5156 Barb.
2636 5097 2986 5175 πορῥώσεως,
3014 5100 3160 5153 Cms.
3196 5100 3261 5154 A.
3294 5096 3662 5226 πωρρώσεως.

310 5182 450 5226 Rnrh
507 5180 554 5226 εἳ
586 5179 684 5226 οὐκ
716 5180 881 5226 εἷσαν-
920 5180 960 5216 ιί
996 5180 1169 5226 Rarh-
1204 5176 1405 5226 mend.
1430 5174 1605 5226 κόριν.
1642 5178 1687 5212 ¹²
1721 5176 1889 5226 Barb.
1916 5174 2291 5226 ὁμολόγησαν.
2322 5174 2365 5209 1³
2423 5176 2567 5226 Tum
2614 5172 2907 5226 particula
2956 5171 3070 5226 καὶ.
3122 5176 3246 5225 tum
3306 5189 3419 5226 nau
3450 5189 3482 5226 0
3534 5178 3662 5226 Dost

228 5185 277 5221 ίο
298 5182 471 5239 Barb.
507 5180 554 5234 εἳ
586 5179 685 5235 οὐκ
716 5180 882 5234 εἷσαν.
920 5180 960 5216 ¹¹
996 5174 1169 5234 Barb.
1204 5176 1405 5232 mend.
1430 5174 1605 5248 κόριν.
1642 5178 1687 5212 ¹¹
1721 5176 1889 5231 Barb.
1916 5174 2291 5248 ὁμολόγησαν.
2322 5174 2365 5248 1-³
2407 5176 2567 5248 WTum

2614 5171 2907 5261 particula
2956 5171 3070 5261 xui,
3122 5176 3246 5261 turn
3306 5171 3482 5261 paulo
3526 5178 3667 5261 post

230 5255 329 5312 καὶ
348 5253 761 5327 ἀρχιερατικῆς,
798 5268 993 5327 quaia
1026 5250 1195 5327 Barb.
1228 5249 1467 5327 absunt,
1500 5242 1586 5327 lex
1614 5250 1758 5327 Caes.
1895 5242 2268 5327 supplentur.
2305 5245 2349 5327 1‘.
2402 5247 2546 5299 Tum
2596 5242 2795 5327 Inlarb.‘
2822 5249 2945 5297 tum
3003 5244 3159 5327 Cius-
3187 5245 3278 5327 'A.
3340 5242 3655 5327 ἡθιςζμξνον.

230 5329 283 5365 ¹⁵
311 5312 479 5381 Barb.
516 5312 575 5382 et
603 5312 759 5381 Caes;
783 5312 849 5379 Ai
881 5321 997 5376 τόν.
1032 5323 1075 5357 1⁸
1106 5321 1383 5376 Mendose
1415 5321 1669 5386 codices,
1705 5320 1874 5374 Barb.
1910 5312 2149 5389 quidem
2184 5316 2555 5387 ἐπερώτησαν,
2590 5318 2733 5389 Caes.
2770 5318 2839 5389 A._
2869 5332 3002 5389 vero
3036 5312 3385 5389 ἐπιρώτισαν.
3438 5314 3481 5350 ‘7
3513 5318 3658 5389 Cms.

230 5398 523 5473 παναγίαν.
558 5397 606 5431 ⁵⁸
634 5399 776 5451 Cum
810 5397 955 5450 Caus.
992 5397 1057 5448 Α.
1095 5392 1399 5473 u'gdv,_nam
1432 5392 1603 5473 Barb.
1638 5392 1838 5446 mend.
1864 5387 2564 5473 plibv.“°‘Codicis'Barb.
2600 5387 3128 5473 lectioniﬂdhaepi,
3184 5402 3525 5473 quamquam
3579 5388 3662 5469 in-

229 5453 468 5530 certdm
502 5487 645 5524 num
676 5465 995 5543 ἱερεύσεται,
1028 5483 1104 5521 an
1136 5453 1418 5538 ἱερωσεται
1452 5464 1531 5518 ibi
1565 5464 1812 5536 legatur.
1848 5464 1993 5516 Cres.
2025 5464 2091 5517 A.
2117 5462 2297 5515 habet
2330 5478 2341 5514 :
2370 5458 2543 5529 ἱερεὺς
2579 5458 2654 5520 εἷς
2683 5459 2773 5513 τὸν
2824 5456 2997 5511 αἰῶνα
3051 5453 3219 5525 ἔσται,
3275 5453 3525 5513 sacerdos
3555 5461 3657 5511 erit

226 5550 297 5602 in
326 5550 616 5600 animum.

1832 5632 2034 5687 NOTAE
2047 5670 2063 5686 .

305 5757 417 5829 (48)
459 5756 612 5813 Psal.
647 5771 759 5824 uix,
792 5758 824 5809 ι
858 5774 870 5823 ;
905 5770 939 5810 a
972 5756 1171 5808 Graeco
1200 5755 1364 5806 textu
1396 5749 1566 5805 abest
1594 5749 1762 5805 verb.
1795 5747 2087 5804 substant.
2124 5744 2451 5801 secundum
2486 5746 2625 5799 LXX
