4074 6392
404 403 546 460 1495

1736 401 2041 459 JOANNIS
2075 400 2505 460 BUBCEENSIS

3746 400 3894 458 1496

406 532 562 598 Quin
596 536 655 588 et
683 531 810 605 ipse
870 530 1136 588 Salvator
1179 530 1525 587 testimonio
1585 546 1691 586 suo
1728 544 2069 585 sermonem

2200 525 2637 603 ιύτὸςὸΣωτήρ
2695 528 2899 604 λέγων.
2957 531 3077 589 Ὀτι
3140 532 3177 601 ἡ
3241 528 3591 606 σωτηρία.
3649 529 3726 584 ὲκ
3784 532 3899 582 τῶν

407 622 756 690 conﬁrmat,
789 622 997 677 dicens
1022 638 1034 676 :
1067 624 1208 688 Quia
1237 622 1384 677 salus
1413 638 1483 676 ea:
1500 620 1707 676 Judwis
1729 625 1803 675 est
1825 620 1907 691 (i),
1935 636 2066 690 quae

410 710 575 767 salus
606 729 705 781 ego
736 714 853 782 ipse
882 729 1021 779 sum,
1053 714 1150 783 qui
1182 713 1378 782 loquor
1409 717 1586 766 tecum
1616 712 1715 779 (k),
1744 713 1922 782 prout
1977 707 2069 763 di—

411 800 499 856 xit
529 802 816 856 Dominus
846 801 922 856 ad
956 801 1272 856 mulierem
1302 800 1762 857 Samaritanam.

483 891 626 947 XXI.
665 893 954 947 Cmterum
977 892 1105 963 jam
1140 898 1375 964 tempus
1408 896 1498 947 est
1529 890 1882 948 inchoandee
1914 890 2068 946 laeti-

412 980 533 1046 tize,
570 987 627 1035 et
656 981 1313 1054 congratulandijustis
1374 982 1655 1037 omnibus
1709 980 1781 1037 ab
1840 980 2068 1036 Adamo

410 1086 600 1141 usque
631 1071 705 1126 ad
733 1072 1099 1140 Zachariam,
1131 1088 1293 1142 quem
1342 1072 1490 1127 inter
1521 1072 1781 1144 templum
1811 1078 1861 1127 et
1894 1072 2070 1126 altare

410 1161 725 1216 occiderunt
756 1163 839 1232 (ι).

482 1251 724 1305 Exsulta
754 1252 977 1321 itaque,
1036 1269 1069 1306 o
1101 1251 1310 1315 Adam,
1374 1256 1617 1324 propter
1683 1251 1925 1307 Mariam
1967 1249 2071 1305 Dei

408 1345 685 1395 matrem.
719 1340 1011 1405 Quoniam
1043 1359 1151 1413 per
1190 1342 1510 1397 mulierem
1554 1357 1589 1396 a
1637 1346 1911 1412 serpente
1958 1339 2069 1395 de-

410 1435 619 1500 ceptus
648 1429 836 1496 fuisti,
870 1435 928 1486 et
979 1448 1087 1502 per
1153 1432 1468 1487 mulierem
1529 1437 1868 1502 serpentem
1927 1447 2074 1485 con-

412 1519 699 1574 culcabis.
739 1520 908 1575 Venit
936 1521 1098 1575 enim
1149 1527 1385 1592 tempus
1442 1526 1509 1575 ut
1556 1523 1774 1590 sagitta:
1824 1522 2072 1590 potentis

414 1614 600 1664 acuta
637 1610 732 1679 (m)
764 1625 834 1663 ex
861 1608 1070 1664 eadem
1103 1609 1206 1666 illa
1236 1615 1450 1665 natura
1502 1610 1873 1680 proveniant,
1912 1608 2073 1664 unde

416 1697 699 1753 inimicus
744 1698 1000 1754 nocendi
1034 1700 1288 1771 sumpsit
1346 1701 1762 1756 instrumenta.
1826 1699 2072 1772 Lignum

418 1788 643 1843 etenim
674 1793 732 1843 et
776 1789 992 1843 mulier
1039 1790 1203 1862 origo
1264 1790 1508 1845 fuerunt
1556 1790 1617 1845 in
1677 1789 1952 1862 paradiso
1985 1789 2071 1844 tui

415 1876 645 1944 exsilii;
680 1893 839 1933 nunc
870 1883 1069 1933 autem
1126 1878 1355 1951 lignum
1406 1885 1465 1933 et
1506 1878 1723 1935 mulier
1776 1878 1887 1933 tibi
1934 1882 2075 1933 sunt
2104 1907 2151 1972 Β

411 1966 731 2023 restitutio.
766 1967 976 2023 Mulier
1001 1968 1255 2039 Equidem
1310 1984 1492 2024 manu
1536 1970 1640 2024 Dei
1690 1968 1984 2024 aediﬁcata
2016 1973 2072 2023 te

412 2056 681 2129 decepit;
715 2061 776 2112 at
821 2057 1039 2112 mulier
1096 2074 1126 2112 e
1178 2058 1400 2113 lumbis
1452 2059 1718 2114 Joachim
1778 2063 1835 2112 et
1883 2060 2072 2113 Annua

412 2152 586 2201 utero
618 2146 949 2218 progenita,
985 2146 1115 2202 sine
1149 2148 1377 2203 semine
1409 2147 1609 2220 gignet
1647 2148 1858 2203 mortis
1889 2148 2072 2202 victo-

411 2254 563 2303 rem,
597 2235 1153 2309 debellatoremque
1186 2237 1351 2292 illius
1382 2238 1482 2308 qui
1526 2255 1635 2293 nos
1665 2238 1927 2310 captivos
1958 2237 2071 2292 ab-

412 2326 601 2382 duxit.
642 2328 713 2380 Et
740 2326 968 2398 lignum
1000 2327 1244 2397 quidem
1276 2327 1498 2382 bonum
1532 2327 1606 2382 ad
1636 2327 1994 2383 vescendum
2017 2331 2077 2381 et

414 2414 736 2487 pulchrum
762 2415 950 2471 oculis
968 2422 1331 2488 aspectuque
1357 2416 1708 2472 delectabile
1754 2419 1869 2488 (52)
1900 2416 2074 2472 nobis

416 2510 674 2560 mortem
694 2504 922 2571 attulit;
947 2505 1176 2578 lignum
1190 2511 1387 2561 autem
1420 2506 1651 2561 aridum
1677 2506 2076 2561 etinfructuo‘

417 2610 554 2648 sum
587 2598 710 2649 tum
744 2592 1066 2651 draconem
1098 2595 1372 2667 perimet,
1410 2600 1536 2652 tum
1595 2596 1907 2669 terrigenis
1936 2596 2071 2651 uni-

416 2686 601 2740 versis
632 2691 920 2741 aaternam
956 2688 1135 2742 vitam
1166 2687 1533 2742 conciliabit.

488 2777 569 2830 Tu
601 2792 839 2847 quoque
895 2782 1088 2832 mater
1135 2782 1418 2846 matrum,
1468 2778 1603 2845 Eva,
1662 2776 1887 2850 gaude;
1930 2795 2074 2851 quo-

416 2865 581 2922 niam
614 2865 722 2921 ﬁlii
755 2865 840 2920 tui
870 2882 990 2922 non
1024 2867 1287 2939 amplius
1330 2867 1405 2923 ad
1460 2868 1910 2939 corruptionem
1965 2885 2075 2926 na-

414 2959 678 3022 scentur,
731 2954 836 3010 sed
867 2954 1318 3027 incorruptione
1364 2956 1686 3028 potientur.
1726 2958 1838 3012 Vos
1870 2958 2071 3027 etiam,

412 3044 562 3099 Abel
584 3049 643 3099 et
665 3044 827 3111 Seth,
857 3044 918 3100 in
940 3045 1176 3101 cantica
1197 3046 1514 3118 erumpite,
1549 3046 1835 3117 quoniam
1881 3047 2072 3102 Altis-

414 3134 602 3189 simus
634 3133 1087 3191 tabernaculum
1120 3152 1293 3191 suum
1324 3136 1434 3207 (53)
1481 3141 1797 3207 praeparat,
1831 3141 1889 3191 et
1915 3136 2076 3193 venit

412 3222 489 3278 ad
520 3222 997 3278 benedicendum
1030 3228 1226 3292 terra),
1255 3225 1348 3279 cui
1408 3224 1818 3282 maledixerat.
1870 3228 1941 3282 Et
1981 3233 2067 3296 tu,

2179 612 2459 673 Ἰουδαίων
2494 618 2657 673 ἐστίν·
2693 617 2752 683 ὅς
2786 619 2902 694 είμὶ
2934 619 3097 684 αὐτὸς
3126 622 3155 677 ὁ
3186 618 3381 677 λαλῶν
3415 641 3541 691 σοι,
3606 620 3642 675 ὁ
3680 617 3901 694 Κύριος

2177 707 2315 783 πρὸς
2344 708 2446 778 τὴν
2478 706 2849 786 Σαμαρείτιδά
2877 732 3019 790 φησι
3049 713 3240 768 ταῦτα.

2252 889 2379 947 KA'.
2414 888 2614 966 Καιρὸς
2643 888 2847 946 λοιπὸν
2907 890 3243 966 ἀπάρξασθαι
3309 899 3417 964 τῆς
3476 890 3903 969 χαρμοφῦνης

2177 976 2267 1033 καὶ
2302 978 2619 1054 συγχαίρειν
2650 986 2780 1036 πᾶσι
2839 986 2961 1043 τοῖς
3012 978 3244 1045 δικαίοις
3289 982 3402 1038 ἀπὸ
3447 981 3664 1055 ’Λδὰμ
3723 979 3828 1035 καὶ
3856 982 3905 1016 ’ν

2182 1067 2350 1142 μέχρι
2384 1068 2680 1145 Ζαχαρίου,
2717 1071 2777 1125 δν
2834 1068 3125 1148 ἐφόνευσαν
3178 1072 3378 1146 μεταξύ
3424 1074 3537 1128 τοῦ
3586 1072 3746 1127 ναοῦ
3807 1067 3903 1123 καὶ

2180 1161 2280 1212 τοῦ
2312 1158 2728 1235 θυσιαστηρίου.

2254 1249 2353 1303 Διὰ
2383 1246 2473 1304 οὖν
2500 1250 2600 1318 τὴν
2634 1251 2948 1327 θεομήτορα
3007 1249 3219 1325 Μαρίαν
3270 1250 3625 1327 εύφράνθητι
3680 1247 3900 1322 Ἀδὰμ,

2181 1336 2264 1392 ὅτι
2299 1336 2389 1393 διὰ
2415 1341 2670 1414 γυναικὸς
2701 1341 2994 1412 ἠπατήθης
3055 1341 3159 1397 ὑπὸ
3204 1344 3305 1397 τοῦ
3357 1336 3579 1421 ὄφεως,
3650 1341 3759 1395 καὶ
3806 1336 3901 1395 διὰ

2180 1429 2439 1503 γυναικὸς
2468 1431 2730 1500 πατήσεις
2790 1429 2976 1487 αὐτὸν.
3034 1437 3192 1488 Ἱ-Ικει
3248 1430 3349 1507 γὰρ
3405 1432 3436 1486 ὁ
3491 1430 3744 1505 καιρὸς,
3803 1426 3899 1483 ἵνα

2182 1516 2302 1581 ὅθεν
2344 1520 2409 1573 τὸ
2466 1517 2637 1574 ὅπλον
2699 1517 2981 1595 ἐχρήσατο
3041 1520 3070 1574 ὁ
3126 1517 3350 1596 ἐχθρὸς,
3409 1517 3463 1591 ἐξ
3530 1518 3730 1589 αὐτῆς
3794 1524 3895 1587 τῆς

2183 1605 2395 1685 φύσεως
2419 1608 2490 1664 τὰ
2552 1607 2687 1684 βέλη
2745 1612 2845 1665 τοῦ
2902 1606 3135 1664 δυνατοῦ
3188 1608 3257 1667 τὰ
3312 1609 3664 1682 ἠκονημένα

2182 1694 2370 1753 Ξύλον
2398 1697 2499 1773 γὰρ
2533 1698 2624 1753 καὶ
2682 1699 2823 1775 γυνή
2881 1695 3129 1775 ἰγένοντο
3188 1699 3414 1778 ἀφορμή
3472 1705 3585 1768 τῆς
3650 1695 3888 1774 ἐξορίας

2183 1807 2281 1841 σου
2307 1784 2358 1841 ἐν
2392 1784 2729 1863 παραδείσῳ,
2760 1791 2851 1844 νῦν
2883 1785 2942 1844 δὲ
2966 1788 3101 1865 γυνὴ
3131 1788 3220 1843 καὶ
3271 1787 3435 1861 ξύλον
3492 1787 3735 1863 γίνεται
3798 1806 3883 1840 σοι

2184 1875 2506 1947 ἀνάκλησις.
2541 1878 2680 1945 Γυνὴ
2717 1877 2813 1952 μὶν
2846 1876 2994 1954 χειρὶ
3026 1881 3161 1933 Θεοῦ
3210 1873 3673 1951 οἲκοδομηθεῖσα
3727 1875 3881 1947 ἧπά-

2182 1967 2346 2037 τησέν
2373 1984 2450 2021 σε’
2483 1968 2622 2042 γυνή
2659 1964 2716 2023 δὲ
2759 1966 2811 2039 ἐξ
2870 1965 3071 2046 ὀσφύος
3131 1965 3413 2041 Ἰωακεὶμ,
3461 1966 3560 2021 καὶ
3624 1966 3879 2042 γαστρὸς

2181 2062 2389 2126 ’Άννης
2464 2058 2891 2135 κυοφορηθεῖσα,
2978 2054 3101 2113 ἄνευ
3180 2062 3387 2133 σπορᾶς
3447 2057 3725 2132 γεννήσει
3787 2056 3882 2110 τὸν

2180 2147 2412 2217 νικητήν
2470 2150 2567 2201 τοῦ
2616 2145 2871 2217 θανάτου,
2948 2147 3036 2202 καὶ
3115 2147 3444 2223 καθαιρὲτην
3529 2149 3642 2201 τοῦ
3733 2145 3880 2219 ὑμᾶς

2183 2234 2729 2312 αίχμαλωτίσαντος.
2764 2235 2866 2294 Καὶ
2891 2236 3052 2307 ξύλον
3084 2238 3195 2309 ’μὲν
3251 2236 3421 2292 καλὸν
3481 2233 3566 2298 εἷς
3632 2235 3877 2311 βρῶσιν,

2181 2327 2272 2381 καὶ
2304 2326 2525 2399 ἀρεστὸν
2554 2332 2672 2391 τοῖς
2707 2324 3042 2406 ὀφθαλμοῖς,
3102 2325 3195 2382 καὶ
3256 2327 3459 2403 ὡραῖον
3508 2329 3619 2381 τοῦ
3699 2346 3878 2380 κατα-

2180 2418 2396 2487 νοῆσαι,
2432 2416 2659 2481 θάνατον
2690 2417 2818 2490 ὑμῖν
2850 2416 3142 2494 ἐπήγαγενο
3203 2414 3366 2490 ξύλον
3418 2413 3475 2471 δὲ
3538 2415 3720 2488 ξηρὸν
3784 2415 3877 2470 καὶ

2182 2503 2425 2582 ἄκαρπον
2453 2506 2545 2562 τὸν
2574 2507 2668 2579 μὶν
2716 2503 2985 2581 δράκοντα
3033 2504 3238 2577 ἀνελεῖ,
3284 2511 3415 2561 πᾶσι
3464 2502 3527 2561 δὶ
3573 2510 3711 2568 τοῖς
3765 2528 3876 2581 γη-

2180 2596 2355 2671 γενέσι
2387 2596 2435 2632 ⁴⁰
2465 2594 2721 2671 πρόξενον
2752 2599 2898 2667 ζωῆς
2928 2594 3157 2652 αἰωνίου
3180 2598 3489 2673 γενήσεται.

2253 2771 2541 2850 Ἀγάλλου
2569 2775 2657 2830 καὶ
2692 2772 2756 2828 σὺ
2782 2780 2957 2851 μῆτερ
2991 2774 3246 2850 μητέρων
3279 2770 3411 2846 Εὕα,
3446 2772 3536 2830 ὅτι
3565 2773 3643 2829 τὰ
3704 2775 3879 2829 τὲκνα

2183 2886 2281 2920 σου
2309 2863 2490 2920 ούκέτι
2520 2864 2597 2926 εἰς
2629 2864 2862 2942 φθορὰν,
2907 2862 3035 2921 ἀλλ’
3088 2861 3141 2919 ἐν
3189 2862 3462 2941 ἀφθαρσίᾳ
3511 2859 3750 2919 ἔσονται
3783 2867 3831 2903 ⁸³
3861 2866 3875 2920 ί

2181 2949 2349 3013 Ἅϐελ
2373 2953 2461 3009 καὶ
2495 2955 2611 3025 Σὴθ
2641 2950 2731 3010 καί
2772 2953 2928 3027 ὑμεῖς
2988 2953 3284 3027 ύμνήσατε,
3343 2951 3430 3009 ὅτι
3488 2950 3791 3024 ἑτοιλάζει
3849 2955 3877 3008 ὁ

2181 3048 2437 3119 Ὕψιστος
2498 3045 2767 3117 σκήνωμα
2824 3042 3015 3114 αὐτοῦ,
3068 3043 3159 3099 καὶ
3245 3038 3471 3119 ἔρχεται
3551 3041 3877 3120 εὐλογῆσαι

2182 3137 2281 3205 τὴν
2316 3141 2446 3210 γῆν,
2477 3133 2543 3203 ἤν
2575 3133 2947 3211 κατηράσατο.
2982 3133 3083 3190 Καὶ
3147 3134 3211 3188 σὺ
3267 3138 3398 3191 Νῶε
3440 3131 3874 3209 εὐχαρίστησον

2184 3226 2268 3280 δτι
2309 3222 2538 3299 ἔρχαται
2598 3222 2819 3299 Κύριος·
2883 3221 3241 3301 ἐπισυνάγαγε
3291 3223 3360 3279 τὰ
3406 3220 3574 3278 τὲκνα
3635 3244 3750 3278 σου
3806 3224 3873 3279 τὰ

414 3314 557 3381 Noe,
600 3312 965 3369 hilaritatem
1015 3288 1263 3385 explica,
1327 3314 1611 3385 quoniam
1656 3315 1825 3371 adest
1870 3288 2069 3372 Domi;

2200 3314 2639 3389 Βιεσκορπισμένα
2665 3312 2755 3368 ἳνα
2783 3314 3236 3388 προσκυνήσωσιν
3269 3315 3316 3350 ⁴²
3346 3314 3443 3368 τὸν
3504 3309 3874 3369 διασώσαντα

415 3417 571 3458 nus:
604 3418 898 3475 congrega
927 3403 1228 3475 dispersos
1262 3403 1419 3460 ﬁlios
1448 3409 1602 3473 tuos,
1634 3409 1702 3461 ut
1745 3421 1881 3460 eum
1930 3405 2076 3462 ado-

413 3496 571 3561 rent,
626 3492 729 3564 qui
780 3509 881 3549 vos
940 3493 1003 3548 in
1061 3493 1281 3549 diluvio
1342 3494 1611 3550 servavit.
1671 3495 1806 3550 Deus
1887 3496 2070 3564 enim,

415 3583 690 3638 ultionum
719 3583 980 3640 Dominus
1023 3584 1127 3656 (η),
1176 3583 1471 3640 Adamum
1529 3583 1795 3653 indutus,
1845 3586 1906 3642 in
1949 3591 2073 3641 ter-

418 3687 516 3727 ras
573 3671 832 3739 advenit,
882 3676 950 3728 ut
1005 3672 1301 3729 Adamum
1345 3674 1543 3744 ipsum
1599 3680 1862 3742 renovet,
1943 3675 2074 3730 vin-

417 3764 663 3831 ctosque
693 3777 903 3816 omnes
947 3778 1020 3817 ex
1076 3760 1286 3818 inferis
1342 3762 1575 3818 educat.
1630 3762 1953 3833 Abraham,
2015 3770 2076 3821 et

414 3849 578 3905 Isaac
610 3855 667 3905 et
696 3850 868 3905 Iacob
900 3868 1036 3906 cum
1065 3851 1405 3924 legislatore
1460 3854 1656 3926 Moyse
1705 3859 1884 3925 atque
1931 3872 2072 3926 pro-

411 3938 609 4010 phetis
640 3939 940 4008 omnibus,
969 3941 1210 4013 utrique
1242 3941 1555 4010 exsultate,
1606 3942 1794 3998 libros
1843 3950 2070 4001 vestros

411 4027 679 4095 evolvite,
713 4030 1004 4099 quoniam
1035 4029 1206 4085 adest
1226 4030 1356 4103 jam
1389 4032 1754 4103 exspectatio
1780 4038 1991 4089 vestra.

482 4120 580 4174 Has
633 4124 774 4175 sunt
822 4120 1252 4176 exsultationes
1308 4121 1569 4177 ﬁliarum
1625 4122 1864 4190 Iudaeae,
1920 4140 2069 4195 quo-

407 4208 571 4265 niam
594 4209 744 4280 justi
778 4209 1045 4265 Joachim
1077 4215 1136 4265 et
1178 4212 1349 4266 Anna
1391 4211 1569 4283 plane
1617 4211 2066 4269 immaculatam

407 4298 510 4353 Dei
544 4302 794 4354 matrem
827 4298 888 4353 in
913 4299 1128 4355 Sancta
1160 4305 1503 4356 sanctorum
1529 4301 1893 4358 detulerunt.
1946 4306 2065 4360 Lae-

409 4394 557 4443 tatus
602 4395 678 4444 est
737 4390 883 4444 enim
939 4406 1092 4445 mons
1143 4390 1297 4461 Sion,
1358 4398 1409 4446 et
1466 4391 1881 4448 exsultaverunt
1933 4393 2064 4464 ﬁlia:

2184 3404 2326 3477 ὑμᾶς
2413 3402 2504 3458 ἐπὶ
2587 3402 3000 3476 κατακλυσμοῦ.
3088 3402 3219 3468 Θεὸς
3290 3404 3399 3479 γὰρ
3486 3398 3870 3477 ἕκδικήσεων,

2183 3492 2390 3568 Κύριος
2421 3491 2508 3548 ἐπὶ
2557 3498 2663 3567 γῆς
2717 3491 3070 3569 παραγίνεται
3128 3492 3222 3549 τὸν
3280 3487 3463 3564 Ἀδάμ
3509 3489 3866 3568 καινουρδῆ-

2182 3602 2269 3637 σαι
2299 3583 2366 3653 ⁵³,
2397 3585 2589 3637 τοῦτον
2624 3577 3005 3655 ἐνδυσάμενος,
3037 3580 3131 3636 καὶ
3162 3580 3368 3643 πάντας
3397 3578 3530 3642 τοὺς
3584 3577 3866 3655 δεσμίους

2181 3672 2242 3728 ἐκ
2268 3675 2365 3727 τοῦ
2397 3666 2530 3743 ᾅδου
2562 3672 2850 3748 ἀναγαγεῖν
2880 3673 2947 3727 ⁵⁸.
3003 3664 3279 3747 ’Λϐραᾶμ,
3336 3667 3426 3724 καί
3485 3670 3709 3741 Ἰσαάκ,
3769 3671 3865 3725 καὶ

2181 3756 2381 3819 Ἰακὼϐ
2415 3761 2508 3815 σὺν
2536 3765 2621 3833 τῷ
2640 3761 2914 3836 νομοθέτῃ
2949 3761 3162 3826 Μωϋσῆ
3218 3759 3309 3815 καὶ
3356 3764 3487 3815 πᾶσι
3532 3764 3660 3822 τοῖς
3716 3781 3865 3836 προ-

2180 3854 2401 3930 φήταις,
2449 3849 2751 3928 ἀμφότεροι
2806 3850 3174 3926 γεραίροντες,
3232 3848 3328 3911 τὰς
3390 3844 3629 3923 βίϐλους
3699 3850 3861 3924 ὑμῶν

2180 3938 2593 4013 ἀναπτύξαντες,
2626 3939 2709 3994 ὅτι
2743 3939 2777 4009 ἠ
2810 3934 3114 4013 προσδοκία
3147 3938 3303 4010 ὑμῶν
3335 3937 3587 4013 πάρεστι.

2250 4117 2434 4178 Ταῦτά
2491 4118 2593 4175 είσι
2651 4119 2720 4174 τὰ
2789 4119 3131 4192 σκιρνήματα
3184 4120 3295 4173 τῶν
3356 4117 3681 4193 θυγατέρων
3756 4125 3861 4189 τῆς

2176 4208 2462 4281 Ἰουδαίας,
2495 4208 2579 4266 ὅτι
2623 4210 3002 4285 προσήνεγκαν
3059 4209 3114 4263 οἱ
3168 4204 3374 4264 δίκαιοι
3430 4209 3708 4283 Ἰωακεὶμ
3763 4211 3859 4266 καὶ

2174 4304 2337 4360 ’Ἄννα
2363 4301 2464 4369 τήν
2518 4297 2862 4373 πανάμωμον
2932 4299 3199 4354 Θεοτόκον
3258 4296 3337 4361 εὶς
3388 4298 3457 4353 τὰ
3512 4300 3695 4374 ’Ἅγια
3742 4304 3857 4355 τῶν

2173 4392 2363 4468 ἁγίων·
2428 4388 2719 4469 Εὐφράνθη
2776 4389 2879 4466 γὰρ
2940 4383 3066 4462 ὄρος
3135 4386 3304 4458 Σιὼν,
3380 4386 3472 4444 καὶ
3553 4387 3856 4465 ἠγαλλιά-

480 4519 544 4592 (i)
573 4522 739 4576 Joan.
774 4538 848 4590 ιν,
875 4525 965 4578 22.
1042 4523 1114 4596 (Ις)
1147 4522 1291 4581 ibid.
1324 4525 1413 4579 26.
1493 4524 1556 4597 (ι)
1590 4524 1798 4580 Matth.
1829 4540 1995 4595 χχιιι,
2027 4529 2115 4582 35.
2192 4527 2290 4599 (m)
2321 4524 2478 4582 Psal.
2512 4541 2667 4592 cxxx,
2699 4525 2732 4578 4
2830 4523 2909 4597 (n)
2936 4523 3092 4580 Psal.
3124 4541 3299 4592 XLVII,
3335 4527 3421 4579 12.

1776 4660 2012 4715 νΑΒΙίΕ
2053 4660 2455 4717 LECTIONES.

477 4760 724 4838 {'7Barb.
758 4761 998 4838 repetit
1039 4763 1135 4818 hic
1195 4762 1391 4838 Αέγων.
1491 4764 1537 4800 ³³
1565 4763 1864 4838 Particula
1915 4764 2028 4838 καὶ,

2097 4782 2275 4837 quam
2329 4765 2511 4821 habet
2566 4768 2626 4837 et
2679 4763 2824 4837 _Caas.
2878 4764 2974 4833 A.,
3032 4764 3372 4822 redundare
3426 4765 3523 4822 hic
3578 4765 3846 4822 videtur.

403 4834 453 4912 ‘_°
482 4834 673 4912 Menti.
709 4839 851 4912 tum_
870 4835 1039 4912 Barb.
1073 4834 1379 4912 γηγενεῖηι,
1415 4840 1540 4891 tum
1572 4836 1718 4912 Cres.
1751 4839 1817 4912 A_.
1849 4834 2132 4912 γηγενέσιὶ
2201 4837 2244 4874 δι
2278 4838 2455 4912 Hanc
2499 4834 2859 4912 periodum,‘
2885 4852 3017 4908 quas
3075 4854 3111 4912 a
3158 4837 3319 4912 cod_._
3339 4839 3579 4912 Barber.
3600 4907 3612 4912 _
3643 4838 3845 4912 abest,

406 4906 681 4984 dedimus
714 4923 782 4984 er
813 4908 957 4962 Cass.
1249 4902 1885 4984 more‘suo_sic_lhabet
1907 4902 2256 4984 corruptam
2285 4902 2540 4984 {6273103
2569 4906 2661 4961 καὶ
2684 4905 2746 4961 σὺ
2783 4902 2954 4984 μῆτὲρ
2990 4910 3225 4984 μιτὲρων
3259 4902 3376 4984 ὶᾲϐα·
3422 4908 3507 4963 ὅτι
3556 4907 3625 4963 τὰ
3676 4902 3846 4964 τέκνά

405 4997 503 5055 σου
535 4976 1051 5055 ούκέτιεξςᾉφθορᾶν
1085 4976 1214 5055 ᾀλῖλ’
1245 4978 1296 5033 ἐν
1348 4978 1618 5055 ᾁφθαρσίᾳ
1652 4977 1900 5055 Ᾱέσονται.
1975 4976 2256 5055 ηιίθιιά.
2308 4976 2478 5037 Barb.
2533 4976 3024 5055 προσκυνήσουσιν,
3070 4976 3206 5039 cum
3262 4982 3407 5038 Caas.
3462 4987 3527 5037 A.
3587 5001 3629 5036 π

3631 4999 3840 5054 ροσκυ-

400 5052 657 5128 γήσωσιν.
734 5052 780 5087 ⁸⁸
806 5038 1213 5128 Κᾷιίνὸυργῆσαι
1246 5070 1316 5128 ex
1346 5038 1502 5109 Cius:
1651 5052 1820 5110 Barb.
1873 5053 2162 5110 mendose
2207 5038 2590 5128 κενουργῆσαιί
2667 5050 2715 5086 ⁴⁴
2745 5038 3060 5128 ’Κναγαγεῖν
3088 5038 3091 5039 ν
3115 5070 3252 5110 cum
3295 5055 3458 5128 _Cms.
3508 5056 3606 5125 A.,
3631 5038 3839 5111 .Barb.

401 5123 582 5181 habet
610 5123 889 5199 ἀναγαγεῖ,
923 5123 1105 5197 quam
1136 5126 1459 5182 lectionem
1490 5126 1539 5181 si
1572 5142 1915 5198 sequamur,
1944 5142 2158 5183 sensus
2190 5126 2337 5183 erit:
2366 5123 2417 5182 et
2448 5128 2656 5181 vinctos
2682 5139 2864 5181 omnes
2890 5123 2971 5181 ea!
2986 5125 3183 5196 inferis
3210 5125 3454 5183 reducet.

1996 5242 2221 5299 ΝΟΤΛΕ.

471 5349 582 5421 (52)
610 5349 758 5424 Gen:
787 5350 958 5424 m,_6_.
1015 5365 1134 5424 sec.
1187 5350 1326 5424 LXX
1384 5348 1586 5424 ὡραῖον
1630 5351 1728 5404 τοῦ
1774 5347 2048 5424 κατάνοῆ-

397 5419 509 5490 σαι,
543 5421 788 5492 optabile
816 5420 891 5476 ad
919 5419 1384 5490 intelligendum:
1416 5419 1594 5493 quem
1643 5438 1886 5478 sensum
1945 5422 2055 5477 ad-

396 5530 583 5585 mittit
612 5529 790 5584 etiam
826 5527 1039 5583 veritas
1071 5527 1356 5585 Hebraica
1383 5514 1605 5591 Βπιυτὼ
1626 5541 1751 5619 vim
1785 5538 1978 5590 ’πλη-ιι
2001 5535 2053 5583 et

400 5635 841 5702 concupiscibilis
891 5635 1057 5689 arbor
1115 5637 1189 5690 ad
1242 5638 1703 5706 intelligendum:
1787 5636 1936 5691 adeo
1989 5640 2056 5690 ut

402 5720 616 5789 sensus
647 5707 1014 5789 esseoppssit,
1047 5706 1179 5789 ideo
1203 5706 2052 5789 etiamlructumdesiderabi-

404 5776 526 5829 lem
558 5774 747 5827 visum
778 5774 983 5841 fuisse,
1019 5776 1178 5844 quod
1208 5779 1324 5832 Eva
1340 5778 1561 5835 diaboli
1588 5778 1904 5834 fallacibus
1925 5793 2054 5833 ver-

2161 5349 2255 5405 bis
2294 5346 2973 5423 credens,_existimare_t
3029 5364 3166 5423 eum
3220 5348 3508 5406 idoneum
3536 5350 3630 5423 _ad
3690 5367 3836 5423 pro-

2164 5423 2409 5478 missam
2439 5421 2581 5478 boni
2604 5436 2672 5476 ac
2702 5418 2845 5492 mali
2877 5420 3191 5476 scientiam
3223 5421 3681 5492 acquirendam.

2235 5495 2346 5565 (53)
2379 5495 2559 5549 Maria
2591 5491 2924 5566 saepissime
2972 5493 3141 5566 apud
3171 5491 3391 5566 ‘Patr’es
3442 5499 3835 5566 comparatur

2165 5564 2572 5632 tabernaculo,
2607 5565 2668 5620 in
2701 5581 2817 5635 quo
2848 5564 3004 5620 Deus
3029 5564 3348 5622 residebat.
3382 5568 3457 5621 At
3486 5564 3827 5632 hic‘habes,

2162 5638 2661 5762 praeparationem
2694 5635 2875 5705 hujus
2943 5636 3312 5693 tabernaculi
3372 5638 3564 5709 ipsam
3629 5637 3824 5694 fuisse

2218 5725 2360 5762 arma
2384 5709 2864 5762 conceptionem.
2898 5724 3072 5762 aaam
3117 5707 3334 5762 deinde
3362 5716 3570 5762 auctor
3600 5726 3822 5762 coone-

2218 5707 2360 5765 ariae
2384 5709 2864 5782 conceptionem,
2894 5724 3072 5782 gaam
3117 5707 3334 5782 deinde
3362 5707 3570 5782 auctor
3600 5726 3822 5782 coape-

2162 5786 2333 5836 rante
2366 5779 2590 5853 Spiritu
2619 5783 2824 5837 sancto
2854 5779 3188 5836 vivificante
3212 5780 3431 5839 factam
3452 5779 3816 5853 afﬁrmabat,
