  <div class='ocr_page' id='page_1' title='image "/cluster/home/n/w/nwhite01/storage/ocr_20150623/96:no.3/coo.31924054870005/762.png"; bbox 0 0 4074 6426; ppageno 0'>
   <div class='ocr_carea' id='block_1_1' title="bbox 241 443 424 500">
    <p class='ocr_par' dir='ltr' id='par_1_1' title="bbox 241 443 424 500">
     <span class='ocr_line' id='line_1_1' title="bbox 241 443 424 500; baseline -0.011 0"><span class='ocrx_word' id='word_1_1' title='bbox 241 443 282 500; x_wconf 90' lang='grc'><strong>1</strong></span> <span class='ocrx_word' id='word_1_2' title='bbox 295 443 424 500; x_wconf 76' lang='grc'>497</span> 
     </span>
    </p>
   </div>
   <div class='ocr_carea' id='block_1_2' title="bbox 239 565 951 648">
    <p class='ocr_par' dir='ltr' id='par_1_2' title="bbox 239 565 951 648">
     <span class='ocr_line' id='line_1_2' title="bbox 239 565 951 648; baseline 0.003 -24"><span class='ocrx_word' id='word_1_3' title='bbox 239 591 441 626; x_wconf 77' lang='grc' dir='ltr'>σοιντο</span> <span class='ocrx_word' id='word_1_4' title='bbox 499 565 788 648; x_wconf 78' lang='grc' dir='ltr'>θυγατέρες</span> <span class='ocrx_word' id='word_1_5' title='bbox 852 576 951 640; x_wconf 84' lang='grc' dir='ltr'>τῆς</span> 
     </span>
    </p>
   </div>
   <div class='ocr_carea' id='block_1_3' title="bbox 243 654 1937 738">
    <p class='ocr_par' dir='ltr' id='par_1_3' title="bbox 243 654 1937 738">
     <span class='ocr_line' id='line_1_3' title="bbox 243 654 1937 738; baseline -0.002 -24"><span class='ocrx_word' id='word_1_6' title='bbox 243 682 392 715; x_wconf 87' lang='grc' dir='ltr'>των</span> <span class='ocrx_word' id='word_1_7' title='bbox 425 681 544 728; x_wconf 89' lang='grc' dir='ltr'>σου,</span> <span class='ocrx_word' id='word_1_8' title='bbox 605 659 788 738; x_wconf 83' lang='grc' dir='ltr'>Κύριε.</span> <span class='ocrx_word' id='word_1_9' title='bbox 851 657 1024 718; x_wconf 73' lang='grc' dir='ltr'>Οὐδὲν</span> <span class='ocrx_word' id='word_1_10' title='bbox 1084 660 1186 736; x_wconf 79' lang='grc' dir='ltr'>γὰρ</span> <span class='ocrx_word' id='word_1_11' title='bbox 1245 661 1394 736; x_wconf 77' lang='grc' dir='ltr'>εἶχον</span> <span class='ocrx_word' id='word_1_12' title='bbox 1457 659 1625 715; x_wconf 81' lang='grc' dir='ltr'>εἰπεῖν</span> <span class='ocrx_word' id='word_1_13' title='bbox 1674 654 1937 733; x_wconf 73' lang='grc' dir='ltr'>ἕτέρωνῆ</span> 
     </span>
    </p>
   </div>
   <div class='ocr_carea' id='block_1_4' title="bbox 251 745 1942 826">
    <p class='ocr_par' dir='ltr' id='par_1_4' title="bbox 251 745 1942 826">
     <span class='ocr_line' id='line_1_4' title="bbox 251 745 1942 826; baseline -0.002 -22"><span class='ocrx_word' id='word_1_14' title='bbox 251 749 707 825; x_wconf 82' lang='grc' dir='ltr'>αἶσχρολογιῶν</span> <span class='ocrx_word' id='word_1_15' title='bbox 743 751 798 804; x_wconf 72' lang='grc' dir='ltr'>αἱ</span> <span class='ocrx_word' id='word_1_16' title='bbox 828 751 1088 826; x_wconf 75' lang='grc' dir='ltr'>παρθένοι</span> <span class='ocrx_word' id='word_1_17' title='bbox 1145 751 1200 804; x_wconf 74' lang='grc' dir='ltr'>αἱ</span> <span class='ocrx_word' id='word_1_18' title='bbox 1259 749 1696 822; x_wconf 77' lang='grc' dir='ltr'>συναμελθοῦσαι</span> <span class='ocrx_word' id='word_1_19' title='bbox 1729 750 1774 784; x_wconf 67' lang='grc'>⁸⁵</span> <span class='ocrx_word' id='word_1_20' title='bbox 1807 745 1942 820; x_wconf 80' lang='grc' dir='ltr'>μετὰ</span> 
     </span>
    </p>
   </div>
   <div class='ocr_carea' id='block_1_5' title="bbox 247 837 1938 918">
    <p class='ocr_par' dir='ltr' id='par_1_5' title="bbox 247 837 1938 918">
     <span class='ocr_line' id='line_1_5' title="bbox 247 837 1938 918; baseline -0.002 -22"><span class='ocrx_word' id='word_1_21' title='bbox 247 848 386 910; x_wconf 80' lang='grc' dir='ltr'>τῆς</span> <span class='ocrx_word' id='word_1_22' title='bbox 439 840 592 918; x_wconf 76' lang='grc' dir='ltr'>ἁγίας</span> <span class='ocrx_word' id='word_1_23' title='bbox 653 841 930 916; x_wconf 83' lang='grc' dir='ltr'>Παρθένου</span> <span class='ocrx_word' id='word_1_24' title='bbox 985 840 1201 916; x_wconf 79' lang='grc' dir='ltr'>Μαρίας</span> <span class='ocrx_word' id='word_1_25' title='bbox 1259 847 1360 910; x_wconf 80' lang='grc' dir='ltr'>τῆς</span> <span class='ocrx_word' id='word_1_26' title='bbox 1418 837 1938 910; x_wconf 77' lang='grc' dir='ltr'>Θεοτόκου,ἆλλ’ἢ</span> 
     </span>
    </p>
   </div>
   <div class='ocr_carea' id='block_1_6' title="bbox 256 927 1939 1005">
    <p class='ocr_par' dir='ltr' id='par_1_6' title="bbox 256 927 1939 1005">
     <span class='ocr_line' id='line_1_6' title="bbox 256 927 1939 1005; baseline -0.003 -20"><span class='ocrx_word' id='word_1_27' title='bbox 256 930 453 1004; x_wconf 77' lang='grc' dir='ltr'>μόνον</span> <span class='ocrx_word' id='word_1_28' title='bbox 509 935 870 1004; x_wconf 69' lang='grc' dir='ltr'>πνευματικὰ,</span> <span class='ocrx_word' id='word_1_29' title='bbox 925 930 1014 985; x_wconf 86' lang='grc' dir='ltr'>καὶ</span> <span class='ocrx_word' id='word_1_30' title='bbox 1073 935 1190 1002; x_wconf 83' lang='grc' dir='ltr'>Θεῷ</span> <span class='ocrx_word' id='word_1_31' title='bbox 1251 929 1567 1005; x_wconf 80' lang='grc' dir='ltr'>ἀρέσκοντα,</span> <span class='ocrx_word' id='word_1_32' title='bbox 1627 927 1762 1003; x_wconf 69' lang='grc' dir='ltr'>ειπερ</span> <span class='ocrx_word' id='word_1_33' title='bbox 1805 927 1939 1000; x_wconf 76' lang='grc' dir='ltr'>αὐτῇ</span> 
     </span>
    </p>
   </div>
   <div class='ocr_carea' id='block_1_7' title="bbox 247 1017 1938 1096">
    <p class='ocr_par' dir='ltr' id='par_1_7' title="bbox 247 1017 1938 1096">
     <span class='ocr_line' id='line_1_7' title="bbox 247 1017 1938 1096; baseline -0.002 -22"><span class='ocrx_word' id='word_1_34' title='bbox 247 1024 346 1094; x_wconf 78' lang='grc' dir='ltr'>τῇ</span> <span class='ocrx_word' id='word_1_35' title='bbox 413 1019 530 1096; x_wconf 75' lang='grc' dir='ltr'>ὣρᾳ</span> <span class='ocrx_word' id='word_1_36' title='bbox 585 1017 900 1096; x_wconf 74' lang='grc' dir='ltr'>ἐδωρήσατο</span> <span class='ocrx_word' id='word_1_37' title='bbox 955 1020 1018 1074; x_wconf 88' lang='grc' dir='ltr'>τὸ</span> <span class='ocrx_word' id='word_1_38' title='bbox 1081 1023 1300 1092; x_wconf 75' lang='grc' dir='ltr'>Πνεῦμα</span> <span class='ocrx_word' id='word_1_39' title='bbox 1359 1020 1538 1093; x_wconf 83' lang='grc' dir='ltr'>ἅγιον.</span> <span class='ocrx_word' id='word_1_40' title='bbox 1600 1018 1668 1078; x_wconf 88' lang='grc' dir='ltr'>Τί</span> <span class='ocrx_word' id='word_1_41' title='bbox 1723 1019 1822 1094; x_wconf 67' lang='grc' dir='ltr'>γὰρ</span> <span class='ocrx_word' id='word_1_42' title='bbox 1873 1017 1938 1085; x_wconf 75' lang='grc' dir='ltr'>ἦν</span> 
     </span>
    </p>
   </div>
   <div class='ocr_carea' id='block_1_8' title="bbox 253 1107 1944 1184">
    <p class='ocr_par' dir='ltr' id='par_1_8' title="bbox 253 1107 1944 1184">
     <span class='ocr_line' id='line_1_8' title="bbox 253 1107 1944 1184; baseline -0.002 -20"><span class='ocrx_word' id='word_1_43' title='bbox 253 1109 476 1170; x_wconf 77' lang='grc' dir='ltr'>αὐταῖς</span> <span class='ocrx_word' id='word_1_44' title='bbox 504 1111 550 1145; x_wconf 80' lang='grc'><strong>⁴⁶</strong></span> <span class='ocrx_word' id='word_1_45' title='bbox 603 1108 796 1184; x_wconf 75' lang='grc' dir='ltr'>ἐτέρων</span> <span class='ocrx_word' id='word_1_46' title='bbox 857 1111 899 1145; x_wconf 72' lang='lat'>‘7</span> <span class='ocrx_word' id='word_1_47' title='bbox 963 1108 1225 1184; x_wconf 74' lang='grc' dir='ltr'>ῥημάτιον</span> <span class='ocrx_word' id='word_1_48' title='bbox 1282 1107 1466 1184; x_wconf 81' lang='grc' dir='ltr'>χρεία,</span> <span class='ocrx_word' id='word_1_49' title='bbox 1499 1107 1633 1164; x_wconf 80' lang='grc' dir='ltr'>ἀλλ’</span> <span class='ocrx_word' id='word_1_50' title='bbox 1662 1107 1696 1177; x_wconf 74' lang='grc' dir='ltr'>ἢ</span> <span class='ocrx_word' id='word_1_51' title='bbox 1730 1108 1944 1168; x_wconf 77' lang='grc' dir='ltr'>πάντως</span> 
     </span>
    </p>
   </div>
   <div class='ocr_carea' id='block_1_9' title="bbox 247 1195 1942 1274">
    <p class='ocr_par' dir='ltr' id='par_1_9' title="bbox 247 1195 1942 1274">
     <span class='ocr_line' id='line_1_9' title="bbox 247 1195 1942 1274; baseline -0.001 -21"><span class='ocrx_word' id='word_1_52' title='bbox 247 1200 382 1266; x_wconf 81' lang='grc' dir='ltr'>τήν</span> <span class='ocrx_word' id='word_1_53' title='bbox 449 1195 706 1272; x_wconf 82' lang='grc' dir='ltr'>βασιλίδα</span> <span class='ocrx_word' id='word_1_54' title='bbox 763 1199 1086 1274; x_wconf 81' lang='grc' dir='ltr'>πρεπόντως</span> <span class='ocrx_word' id='word_1_55' title='bbox 1145 1197 1202 1252; x_wconf 74' lang='grc' dir='ltr'>ἂν</span> <span class='ocrx_word' id='word_1_56' title='bbox 1270 1197 1588 1274; x_wconf 73' lang='grc' dir='ltr'>εὐφημῆσαι</span> <span class='ocrx_word' id='word_1_57' title='bbox 1645 1198 1736 1251; x_wconf 84' lang='grc' dir='ltr'>καὶ</span> <span class='ocrx_word' id='word_1_58' title='bbox 1783 1201 1861 1270; x_wconf 80' lang='grc' dir='ltr'>τῷ</span> <span class='ocrx_word' id='word_1_59' title='bbox 1892 1195 1942 1267; x_wconf 74' lang='grc' dir='ltr'>ἐξ</span> 
     </span>
    </p>
   </div>
   <div class='ocr_carea' id='block_1_10' title="bbox 253 1283 1940 1363">
    <p class='ocr_par' dir='ltr' id='par_1_10' title="bbox 253 1283 1940 1363">
     <span class='ocr_line' id='line_1_10' title="bbox 253 1283 1940 1363; baseline -0.002 -22"><span class='ocrx_word' id='word_1_60' title='bbox 253 1287 456 1354; x_wconf 74' lang='grc' dir='ltr'>αὐτῆς</span> <span class='ocrx_word' id='word_1_61' title='bbox 520 1283 786 1358; x_wconf 83' lang='grc' dir='ltr'>μέλλοντι</span> <span class='ocrx_word' id='word_1_62' title='bbox 849 1287 1103 1362; x_wconf 85' lang='grc' dir='ltr'>ἇσπόρως</span> <span class='ocrx_word' id='word_1_63' title='bbox 1188 1285 1464 1350; x_wconf 79' lang='grc' dir='ltr'>τίκτεσθαι</span> <span class='ocrx_word' id='word_1_64' title='bbox 1547 1284 1766 1363; x_wconf 81' lang='grc' dir='ltr'>βασιλεῖ</span> <span class='ocrx_word' id='word_1_65' title='bbox 1835 1290 1940 1340; x_wconf 77' lang='grc' dir='ltr'>τῶν</span> 
     </span>
    </p>
   </div>
   <div class='ocr_carea' id='block_1_11' title="bbox 255 1374 1942 1455">
    <p class='ocr_par' dir='ltr' id='par_1_11' title="bbox 255 1374 1942 1455">
     <span class='ocr_line' id='line_1_11' title="bbox 255 1374 1942 1455; baseline 0 -26"><span class='ocrx_word' id='word_1_66' title='bbox 255 1376 498 1432; x_wconf 79' lang='grc' dir='ltr'>αἰώνων</span> <span class='ocrx_word' id='word_1_67' title='bbox 533 1375 833 1439; x_wconf 75' lang='grc' dir='ltr'>ἐπινικίους</span> <span class='ocrx_word' id='word_1_68' title='bbox 891 1376 1096 1450; x_wconf 76' lang='grc' dir='ltr'>ὕμνους</span> <span class='ocrx_word' id='word_1_69' title='bbox 1151 1376 1241 1432; x_wconf 75' lang='grc' dir='ltr'>καὶ</span> <span class='ocrx_word' id='word_1_70' title='bbox 1295 1379 1618 1455; x_wconf 79' lang='grc' dir='ltr'>ἀναφωνεῖν,</span> <span class='ocrx_word' id='word_1_71' title='bbox 1649 1376 1739 1432; x_wconf 84' lang='grc' dir='ltr'>καὶ</span> <span class='ocrx_word' id='word_1_72' title='bbox 1772 1374 1942 1448; x_wconf 79' lang='grc' dir='ltr'>ᾅδειν,</span> 
     </span>
    </p>
   </div>
   <div class='ocr_carea' id='block_1_12' title="bbox 251 1464 1946 1546">
    <p class='ocr_par' dir='ltr' id='par_1_12' title="bbox 251 1464 1946 1546">
     <span class='ocr_line' id='line_1_12' title="bbox 251 1464 1946 1546; baseline 0.001 -28"><span class='ocrx_word' id='word_1_73' title='bbox 251 1465 463 1530; x_wconf 77' lang='grc' dir='ltr'>καθὼς</span> <span class='ocrx_word' id='word_1_74' title='bbox 519 1467 582 1520; x_wconf 85' lang='grc' dir='ltr'>τὸ</span> <span class='ocrx_word' id='word_1_75' title='bbox 639 1471 859 1539; x_wconf 79' lang='grc' dir='ltr'>Πνεῦμα</span> <span class='ocrx_word' id='word_1_76' title='bbox 914 1467 975 1521; x_wconf 85' lang='grc' dir='ltr'>τὸ</span> <span class='ocrx_word' id='word_1_77' title='bbox 1036 1467 1188 1542; x_wconf 73' lang='grc' dir='ltr'>ἅγιον</span> <span class='ocrx_word' id='word_1_78' title='bbox 1264 1464 1448 1522; x_wconf 81' lang='grc' dir='ltr'>έδίδου</span> <span class='ocrx_word' id='word_1_79' title='bbox 1505 1467 1946 1546; x_wconf 70' lang='grc' dir='ltr'>ἀποφθέγγεσθαι</span> 
     </span>
    </p>
   </div>
   <div class='ocr_carea' id='block_1_13' title="bbox 257 1563 518 1638">
    <p class='ocr_par' dir='ltr' id='par_1_13' title="bbox 257 1563 518 1638">
     <span class='ocr_line' id='line_1_13' title="bbox 257 1563 518 1638; baseline 0 -20"><span class='ocrx_word' id='word_1_80' title='bbox 257 1563 472 1626; x_wconf 82' lang='grc' dir='ltr'>αὐταῖς</span> <span class='ocrx_word' id='word_1_81' title='bbox 501 1585 518 1638; x_wconf 70' lang='grc' dir='ltr'>ς</span> 
     </span>
    </p>
   </div>
   <div class='ocr_carea' id='block_1_14' title="bbox 355 1653 1944 1730">
    <p class='ocr_par' dir='ltr' id='par_1_14' title="bbox 355 1653 1944 1730">
     <span class='ocr_line' id='line_1_14' title="bbox 355 1653 1944 1730; baseline -0.002 -20"><span class='ocrx_word' id='word_1_82' title='bbox 355 1655 489 1712; x_wconf 87' lang='grc' dir='ltr'>ΚΒ’.</span> <span class='ocrx_word' id='word_1_83' title='bbox 533 1653 914 1727; x_wconf 77' lang='grc' dir='ltr'>Ἐορτάσωμεν</span> <span class='ocrx_word' id='word_1_84' title='bbox 969 1653 1058 1709; x_wconf 84' lang='grc' dir='ltr'>καὶ</span> <span class='ocrx_word' id='word_1_85' title='bbox 1117 1657 1282 1727; x_wconf 80' lang='grc' dir='ltr'>ἡμεῖς</span> <span class='ocrx_word' id='word_1_86' title='bbox 1335 1653 1588 1720; x_wconf 78' lang='grc' dir='ltr'>ἅπαντες,</span> <span class='ocrx_word' id='word_1_87' title='bbox 1647 1653 1944 1730; x_wconf 81' lang='grc' dir='ltr'>ἀγαπητοὶ,</span> 
     </span>
    </p>
   </div>
   <div class='ocr_carea' id='block_1_15' title="bbox 263 1743 1944 1820">
    <p class='ocr_par' dir='ltr' id='par_1_15' title="bbox 263 1743 1944 1820">
     <span class='ocr_line' id='line_1_15' title="bbox 263 1743 1944 1820; baseline 0 -22"><span class='ocrx_word' id='word_1_88' title='bbox 263 1744 381 1808; x_wconf 77' lang='grc' dir='ltr'>τὰς</span> <span class='ocrx_word' id='word_1_89' title='bbox 463 1751 564 1814; x_wconf 85' lang='grc' dir='ltr'>τῆς</span> <span class='ocrx_word' id='word_1_90' title='bbox 644 1744 912 1798; x_wconf 81' lang='grc' dir='ltr'>Θεοτόκὸυ</span> <span class='ocrx_word' id='word_1_91' title='bbox 999 1743 1215 1817; x_wconf 84' lang='grc' dir='ltr'>Μαρίας</span> <span class='ocrx_word' id='word_1_92' title='bbox 1273 1744 1626 1820; x_wconf 78' lang='grc' dir='ltr'>πανηγύρεις,</span> <span class='ocrx_word' id='word_1_93' title='bbox 1697 1764 1944 1816; x_wconf 76' lang='grc' dir='ltr'>πνευμα-</span> 
     </span>
    </p>
   </div>
   <div class='ocr_carea' id='block_1_16' title="bbox 267 1831 1944 1910">
    <p class='ocr_par' dir='ltr' id='par_1_16' title="bbox 267 1831 1944 1910">
     <span class='ocr_line' id='line_1_16' title="bbox 267 1831 1944 1910; baseline 0 -24"><span class='ocrx_word' id='word_1_94' title='bbox 267 1837 456 1895; x_wconf 85' lang='grc' dir='ltr'>τικῶς</span> <span class='ocrx_word' id='word_1_95' title='bbox 515 1831 954 1910; x_wconf 75' lang='grc' dir='ltr'>εὐφραινόμενοι,</span> <span class='ocrx_word' id='word_1_96' title='bbox 1005 1831 1094 1887; x_wconf 86' lang='grc' dir='ltr'>καὶ</span> <span class='ocrx_word' id='word_1_97' title='bbox 1148 1836 1538 1894; x_wconf 74' lang='grc' dir='ltr'>κατανοοῦντες</span> <span class='ocrx_word' id='word_1_98' title='bbox 1569 1833 1631 1889; x_wconf 89' lang='grc' dir='ltr'>τὸ</span> <span class='ocrx_word' id='word_1_99' title='bbox 1671 1837 1768 1887; x_wconf 79' lang='grc' dir='ltr'>τοῦ</span> <span class='ocrx_word' id='word_1_100' title='bbox 1798 1853 1944 1904; x_wconf 89' lang='grc' dir='ltr'>προ-</span> 
     </span>
    </p>
   </div>
   <div class='ocr_carea' id='block_1_17' title="bbox 1315 443 2670 503">
    <p class='ocr_par' dir='ltr' id='par_1_17' title="bbox 1315 443 2670 503">
     <span class='ocr_line' id='line_1_17' title="bbox 1315 443 2670 503; baseline -0.001 0"><span class='ocrx_word' id='word_1_101' title='bbox 1315 445 1564 503; x_wconf 70' lang='grc' dir='ltr'>ΗΕΒ.Μο</span> <span class='ocrx_word' id='word_1_102' title='bbox 1600 447 1676 502; x_wconf 84' lang='lat' dir='ltr'>IN</span> <span class='ocrx_word' id='word_1_103' title='bbox 1711 443 2272 502; x_wconf 79' lang='lat' dir='ltr'>CONCEPTIONEM</span> <span class='ocrx_word' id='word_1_104' title='bbox 2308 446 2670 502; x_wconf 70' lang='lat' dir='ltr'>DEIPARE.</span> 
     </span>
    </p>
   </div>
   <div class='ocr_carea' id='block_1_18' title="bbox 1035 565 1941 644">
    <p class='ocr_par' dir='ltr' id='par_1_18' title="bbox 1035 565 1935 644">
     <span class='ocr_line' id='line_1_18' title="bbox 1035 565 1935 644; baseline -0.008 -17"><span class='ocrx_word' id='word_1_105' title='bbox 1035 567 1304 636; x_wconf 85' lang='grc' dir='ltr'>Ἰουδαίας</span> <span class='ocrx_word' id='word_1_106' title='bbox 1355 569 1508 626; x_wconf 77' lang='grc' dir='ltr'>ἕνεκα</span> <span class='ocrx_word' id='word_1_107' title='bbox 1563 573 1672 624; x_wconf 80' lang='grc' dir='ltr'>τῶν</span> <span class='ocrx_word' id='word_1_108' title='bbox 1729 565 1935 644; x_wconf 75' lang='grc' dir='ltr'>χριμά-</span> 
     </span>
    </p>
   </div>
   <div class='ocr_carea' id='block_1_19' title="bbox 2059 565 3764 644">
    <p class='ocr_par' dir='ltr' id='par_1_19' title="bbox 2059 569 3764 644">
     <span class='ocr_line' id='line_1_19' title="bbox 2059 569 3764 644; baseline 0.001 -20"><span class='ocrx_word' id='word_1_109' title='bbox 2059 569 2211 625; x_wconf 69' lang='lat' dir='ltr'>Iuda:</span> <span class='ocrx_word' id='word_1_110' title='bbox 2261 577 2492 642; x_wconf 78' lang='lat' dir='ltr'>propter</span> <span class='ocrx_word' id='word_1_111' title='bbox 2540 572 2766 642; x_wconf 84' lang='lat' dir='ltr'>judicia</span> <span class='ocrx_word' id='word_1_112' title='bbox 2837 578 2954 640; x_wconf 87' lang='lat' dir='ltr'>tua,</span> <span class='ocrx_word' id='word_1_113' title='bbox 3013 571 3239 627; x_wconf 84' lang='lat' dir='ltr'>Domine</span> <span class='ocrx_word' id='word_1_114' title='bbox 3281 571 3381 642; x_wconf 90' lang='grc' dir='ltr'>(ο).</span> <span class='ocrx_word' id='word_1_115' title='bbox 3436 571 3704 644; x_wconf 82' lang='lat' dir='ltr'>Virgines</span> <span class='ocrx_word' id='word_1_116' title='bbox 3749 589 3764 600; x_wconf 56' lang='grc' dir='ltr'>ι·</span> 
     </span>
    </p>
   </div>
   <div class='ocr_carea' id='block_1_20' title="bbox 3567 443 3708 500">
    <p class='ocr_par' dir='ltr' id='par_1_20' title="bbox 3567 443 3708 500">
     <span class='ocr_line' id='line_1_20' title="bbox 3567 443 3708 500; baseline -0.014 0"><span class='ocrx_word' id='word_1_117' title='bbox 3567 443 3708 500; x_wconf 82' lang='grc'>1498</span> 
     </span>
    </p>
   </div>
   <div class='ocr_carea' id='block_1_21' title="bbox 2053 663 3704 736">
    <p class='ocr_par' dir='ltr' id='par_1_21' title="bbox 2053 663 3704 736">
     <span class='ocr_line' id='line_1_21' title="bbox 2053 663 3704 736; baseline 0.001 -20"><span class='ocrx_word' id='word_1_118' title='bbox 2053 663 2233 730; x_wconf 89' lang='lat' dir='ltr'>enim,</span> <span class='ocrx_word' id='word_1_119' title='bbox 2270 681 2400 734; x_wconf 69' lang='lat' dir='ltr'>qua:</span> <span class='ocrx_word' id='word_1_120' title='bbox 2434 665 2613 720; x_wconf 84' lang='lat' dir='ltr'>simul</span> <span class='ocrx_word' id='word_1_121' title='bbox 2644 671 2780 736; x_wconf 89' lang='lat' dir='ltr'>post</span> <span class='ocrx_word' id='word_1_122' title='bbox 2830 671 3098 720; x_wconf 86' lang='lat' dir='ltr'>sanctam</span> <span class='ocrx_word' id='word_1_123' title='bbox 3131 665 3426 736; x_wconf 74' lang='lat' dir='ltr'>Virginem</span> <span class='ocrx_word' id='word_1_124' title='bbox 3457 664 3704 718; x_wconf 87' lang='lat' dir='ltr'>Mariam</span> 
     </span>
    </p>
   </div>
   <div class='ocr_carea' id='block_1_22' title="bbox 2051 751 3699 823">
    <p class='ocr_par' dir='ltr' id='par_1_22' title="bbox 2051 751 3699 823">
     <span class='ocr_line' id='line_1_22' title="bbox 2051 751 3699 823; baseline 0.001 -20"><span class='ocrx_word' id='word_1_125' title='bbox 2051 751 2152 804; x_wconf 88' lang='lat' dir='ltr'>Dei</span> <span class='ocrx_word' id='word_1_126' title='bbox 2186 757 2436 806; x_wconf 82' lang='lat' dir='ltr'>matrem</span> <span class='ocrx_word' id='word_1_127' title='bbox 2469 753 2846 822; x_wconf 80' lang='lat' dir='ltr'>incedebant,</span> <span class='ocrx_word' id='word_1_128' title='bbox 2883 753 3056 820; x_wconf 88' lang='lat' dir='ltr'>nihil,</span> <span class='ocrx_word' id='word_1_129' title='bbox 3088 751 3244 823; x_wconf 86' lang='lat' dir='ltr'>quod</span> <span class='ocrx_word' id='word_1_130' title='bbox 3287 751 3699 818; x_wconf 87' lang='lat' dir='ltr'>inclamarent,</span> 
     </span>
    </p>
   </div>
   <div class='ocr_carea' id='block_1_23' title="bbox 2051 839 3706 912">
    <p class='ocr_par' dir='ltr' id='par_1_23' title="bbox 2051 839 3706 912">
     <span class='ocr_line' id='line_1_23' title="bbox 2051 839 3706 912; baseline 0.001 -19"><span class='ocrx_word' id='word_1_131' title='bbox 2051 839 2350 894; x_wconf 83' lang='lat' dir='ltr'>habebant</span> <span class='ocrx_word' id='word_1_132' title='bbox 2379 847 2482 896; x_wconf 85' lang='lat' dir='ltr'>aut</span> <span class='ocrx_word' id='word_1_133' title='bbox 2529 843 2792 898; x_wconf 87' lang='lat' dir='ltr'>alienum</span> <span class='ocrx_word' id='word_1_134' title='bbox 2846 847 2948 898; x_wconf 91' lang='lat' dir='ltr'>aut</span> <span class='ocrx_word' id='word_1_135' title='bbox 2993 841 3368 906; x_wconf 84' lang='lat' dir='ltr'>indecorum,</span> <span class='ocrx_word' id='word_1_136' title='bbox 3397 840 3500 896; x_wconf 92' lang='lat' dir='ltr'>sed</span> <span class='ocrx_word' id='word_1_137' title='bbox 3531 841 3706 912; x_wconf 89' lang='lat' dir='ltr'>spiri-</span> 
     </span>
    </p>
   </div>
   <div class='ocr_carea' id='block_1_24' title="bbox 2053 929 3705 1003">
    <p class='ocr_par' dir='ltr' id='par_1_24' title="bbox 2053 929 3705 1003">
     <span class='ocr_line' id='line_1_24' title="bbox 2053 929 3705 1003; baseline 0 -19"><span class='ocrx_word' id='word_1_138' title='bbox 2053 929 2237 985; x_wconf 84' lang='lat' dir='ltr'>tualia</span> <span class='ocrx_word' id='word_1_139' title='bbox 2293 931 2578 986; x_wconf 81' lang='lat' dir='ltr'>duntaxat</span> <span class='ocrx_word' id='word_1_140' title='bbox 2635 949 2703 988; x_wconf 90' lang='lat' dir='ltr'>ac</span> <span class='ocrx_word' id='word_1_141' title='bbox 2763 933 2880 988; x_wconf 91' lang='lat' dir='ltr'>Deo</span> <span class='ocrx_word' id='word_1_142' title='bbox 2953 932 3270 1003; x_wconf 79' lang='lat' dir='ltr'>placentia,</span> <span class='ocrx_word' id='word_1_143' title='bbox 3331 947 3462 1002; x_wconf 67' lang='lat' dir='ltr'>quae</span> <span class='ocrx_word' id='word_1_144' title='bbox 3521 931 3705 1002; x_wconf 88' lang='lat' dir='ltr'>Spiri—</span> 
     </span>
    </p>
   </div>
   <div class='ocr_carea' id='block_1_25' title="bbox 2053 1021 3707 1098">
    <p class='ocr_par' dir='ltr' id='par_1_25' title="bbox 2053 1021 3707 1098">
     <span class='ocr_line' id='line_1_25' title="bbox 2053 1021 3707 1098; baseline 0.001 -22"><span class='ocrx_word' id='word_1_145' title='bbox 2053 1027 2148 1076; x_wconf 87' lang='lat' dir='ltr'>tus</span> <span class='ocrx_word' id='word_1_146' title='bbox 2180 1029 2420 1078; x_wconf 90' lang='lat' dir='ltr'>sanctus</span> <span class='ocrx_word' id='word_1_147' title='bbox 2476 1025 2538 1078; x_wconf 92' lang='lat' dir='ltr'>in</span> <span class='ocrx_word' id='word_1_148' title='bbox 2596 1042 2664 1080; x_wconf 87' lang='lat' dir='ltr'>ea</span> <span class='ocrx_word' id='word_1_149' title='bbox 2719 1025 2864 1080; x_wconf 86' lang='lat' dir='ltr'>hora</span> <span class='ocrx_word' id='word_1_150' title='bbox 2924 1026 3110 1098; x_wconf 83' lang='lat' dir='ltr'>(ipsis)</span> <span class='ocrx_word' id='word_1_151' title='bbox 3167 1024 3444 1078; x_wconf 85' lang='lat' dir='ltr'>donabat.</span> <span class='ocrx_word' id='word_1_152' title='bbox 3481 1021 3707 1094; x_wconf 84' lang='lat' dir='ltr'>Ecquid</span> 
     </span>
    </p>
   </div>
   <div class='ocr_carea' id='block_1_26' title="bbox 2054 1115 3710 1188">
    <p class='ocr_par' dir='ltr' id='par_1_26' title="bbox 2054 1115 3710 1188">
     <span class='ocr_line' id='line_1_26' title="bbox 2054 1115 3710 1188; baseline 0.001 -20"><span class='ocrx_word' id='word_1_153' title='bbox 2054 1115 2214 1170; x_wconf 89' lang='lat' dir='ltr'>enim</span> <span class='ocrx_word' id='word_1_154' title='bbox 2255 1115 2388 1170; x_wconf 88' lang='lat' dir='ltr'>aliis</span> <span class='ocrx_word' id='word_1_155' title='bbox 2441 1117 2680 1172; x_wconf 84' lang='lat' dir='ltr'>vocibus</span> <span class='ocrx_word' id='word_1_156' title='bbox 2731 1135 2880 1188; x_wconf 86' lang='lat' dir='ltr'>Opus</span> <span class='ocrx_word' id='word_1_157' title='bbox 2911 1117 2984 1172; x_wconf 90' lang='lat' dir='ltr'>iis</span> <span class='ocrx_word' id='word_1_158' title='bbox 3017 1121 3142 1172; x_wconf 88' lang='lat' dir='ltr'>erat</span> <span class='ocrx_word' id='word_1_159' title='bbox 3173 1133 3350 1187; x_wconf 86' lang='lat' dir='ltr'>quam</span> <span class='ocrx_word' id='word_1_160' title='bbox 3383 1120 3448 1170; x_wconf 90' lang='lat' dir='ltr'>ut</span> <span class='ocrx_word' id='word_1_161' title='bbox 3477 1116 3710 1170; x_wconf 83' lang='lat' dir='ltr'>ratione</span> 
     </span>
    </p>
   </div>
   <div class='ocr_carea' id='block_1_27' title="bbox 2054 1204 3713 1278">
    <p class='ocr_par' dir='ltr' id='par_1_27' title="bbox 2054 1204 3713 1278">
     <span class='ocr_line' id='line_1_27' title="bbox 2054 1204 3713 1278; baseline -0.001 -20"><span class='ocrx_word' id='word_1_162' title='bbox 2054 1221 2297 1275; x_wconf 83' lang='lat' dir='ltr'>prorsus</span> <span class='ocrx_word' id='word_1_163' title='bbox 2357 1206 2732 1260; x_wconf 86' lang='lat' dir='ltr'>convenienti</span> <span class='ocrx_word' id='word_1_164' title='bbox 2819 1207 3100 1278; x_wconf 75' lang='lat' dir='ltr'>Reginam</span> <span class='ocrx_word' id='word_1_165' title='bbox 3159 1204 3590 1264; x_wconf 86' lang='lat' dir='ltr'>collaudarent.</span> <span class='ocrx_word' id='word_1_166' title='bbox 3653 1207 3713 1260; x_wconf 88' lang='lat' dir='ltr'>et</span> 
     </span>
    </p>
   </div>
   <div class='ocr_carea' id='block_1_28' title="bbox 2055 1293 3708 1367">
    <p class='ocr_par' dir='ltr' id='par_1_28' title="bbox 2055 1293 3708 1367">
     <span class='ocr_line' id='line_1_28' title="bbox 2055 1293 3708 1367; baseline 0 -19"><span class='ocrx_word' id='word_1_167' title='bbox 2055 1295 2194 1366; x_wconf 73' lang='lat' dir='ltr'>Regi</span> <span class='ocrx_word' id='word_1_168' title='bbox 2227 1295 2582 1349; x_wconf 64' lang='lat' dir='ltr'>sazculorum</span> <span class='ocrx_word' id='word_1_169' title='bbox 2641 1313 2712 1349; x_wconf 86' lang='lat' dir='ltr'>ex</span> <span class='ocrx_word' id='word_1_170' title='bbox 2772 1295 2902 1367; x_wconf 88' lang='lat' dir='ltr'>ipsa</span> <span class='ocrx_word' id='word_1_171' title='bbox 2959 1295 3086 1350; x_wconf 86' lang='lat' dir='ltr'>sine</span> <span class='ocrx_word' id='word_1_172' title='bbox 3143 1294 3372 1348; x_wconf 88' lang='lat' dir='ltr'>semine</span> <span class='ocrx_word' id='word_1_173' title='bbox 3403 1293 3708 1348; x_wconf 88' lang='lat' dir='ltr'>nascituro</span> 
     </span>
    </p>
   </div>
   <div class='ocr_carea' id='block_1_29' title="bbox 2054 1385 3706 1456">
    <p class='ocr_par' dir='ltr' id='par_1_29' title="bbox 2054 1385 3706 1456">
     <span class='ocr_line' id='line_1_29' title="bbox 2054 1385 3706 1456; baseline -0.001 -18"><span class='ocrx_word' id='word_1_174' title='bbox 2054 1385 2444 1456; x_wconf 79' lang='lat' dir='ltr'>triumphales</span> <span class='ocrx_word' id='word_1_175' title='bbox 2469 1386 2722 1456; x_wconf 85' lang='lat' dir='ltr'>hymnos</span> <span class='ocrx_word' id='word_1_176' title='bbox 2749 1385 2868 1440; x_wconf 85' lang='lat' dir='ltr'>alta</span> <span class='ocrx_word' id='word_1_177' title='bbox 2891 1386 3217 1441; x_wconf 85' lang='lat' dir='ltr'>clamantes</span> <span class='ocrx_word' id='word_1_178' title='bbox 3237 1399 3378 1438; x_wconf 89' lang='lat' dir='ltr'>voce</span> <span class='ocrx_word' id='word_1_179' title='bbox 3401 1387 3706 1450; x_wconf 86' lang='lat' dir='ltr'>canerent,</span> 
     </span>
    </p>
   </div>
   <div class='ocr_carea' id='block_1_30' title="bbox 2047 1473 3448 1545">
    <p class='ocr_par' dir='ltr' id='par_1_30' title="bbox 2047 1473 3448 1545">
     <span class='ocr_line' id='line_1_30' title="bbox 2047 1473 3448 1545; baseline 0 -17"><span class='ocrx_word' id='word_1_180' title='bbox 2047 1481 2217 1545; x_wconf 81' lang='lat' dir='ltr'>prout</span> <span class='ocrx_word' id='word_1_181' title='bbox 2248 1476 2489 1544; x_wconf 79' lang='lat' dir='ltr'>Spiritus</span> <span class='ocrx_word' id='word_1_182' title='bbox 2519 1482 2735 1530; x_wconf 86' lang='lat' dir='ltr'>sanctus</span> <span class='ocrx_word' id='word_1_183' title='bbox 2766 1476 2933 1530; x_wconf 82' lang='lat' dir='ltr'>dabat</span> <span class='ocrx_word' id='word_1_184' title='bbox 2965 1475 3146 1544; x_wconf 84' lang='lat' dir='ltr'>eloqui</span> <span class='ocrx_word' id='word_1_185' title='bbox 3177 1475 3284 1528; x_wconf 83' lang='lat' dir='ltr'>illis</span> <span class='ocrx_word' id='word_1_186' title='bbox 3306 1473 3395 1544; x_wconf 74' lang='lat' dir='ltr'>(p)</span> <span class='ocrx_word' id='word_1_187' title='bbox 3415 1474 3448 1536; x_wconf 62' lang='lat' dir='ltr'>,‘l</span> 
     </span>
    </p>
   </div>
   <div class='ocr_carea' id='block_1_31' title="bbox 2125 1648 3711 1726">
    <p class='ocr_par' dir='ltr' id='par_1_31' title="bbox 2125 1648 3711 1726">
     <span class='ocr_line' id='line_1_31' title="bbox 2125 1648 3711 1726; baseline -0.002 -20"><span class='ocrx_word' id='word_1_188' title='bbox 2125 1653 2297 1707; x_wconf 82' lang='lat' dir='ltr'><strong>XXII.</strong></span> <span class='ocrx_word' id='word_1_189' title='bbox 2343 1655 2412 1707; x_wconf 89' lang='lat' dir='ltr'>Et</span> <span class='ocrx_word' id='word_1_190' title='bbox 2459 1671 2567 1708; x_wconf 93' lang='lat' dir='ltr'>nos</span> <span class='ocrx_word' id='word_1_191' title='bbox 2631 1653 2828 1726; x_wconf 80' lang='lat' dir='ltr'>igitur,</span> <span class='ocrx_word' id='word_1_192' title='bbox 2887 1651 3286 1718; x_wconf 88' lang='lat' dir='ltr'>dilectissimi,</span> <span class='ocrx_word' id='word_1_193' title='bbox 3338 1655 3536 1706; x_wconf 87' lang='lat' dir='ltr'>mente</span> <span class='ocrx_word' id='word_1_194' title='bbox 3588 1648 3711 1704; x_wconf 88' lang='lat' dir='ltr'>vol-</span> 
     </span>
    </p>
   </div>
   <div class='ocr_carea' id='block_1_32' title="bbox 2054 1741 3708 1814">
    <p class='ocr_par' dir='ltr' id='par_1_32' title="bbox 2054 1741 3708 1814">
     <span class='ocr_line' id='line_1_32' title="bbox 2054 1741 3708 1814; baseline -0.001 -19"><span class='ocrx_word' id='word_1_195' title='bbox 2054 1747 2260 1797; x_wconf 85' lang='lat' dir='ltr'>ventes</span> <span class='ocrx_word' id='word_1_196' title='bbox 2287 1742 2436 1798; x_wconf 88' lang='lat' dir='ltr'>illud</span> <span class='ocrx_word' id='word_1_197' title='bbox 2468 1743 2774 1814; x_wconf 65' lang='lat' dir='ltr'>propheta)</span> <span class='ocrx_word' id='word_1_198' title='bbox 2805 1742 3136 1810; x_wconf 88' lang='lat' dir='ltr'>oraculum,</span> <span class='ocrx_word' id='word_1_199' title='bbox 3162 1759 3277 1812; x_wconf 92' lang='lat' dir='ltr'>quo</span> <span class='ocrx_word' id='word_1_200' title='bbox 3307 1741 3501 1812; x_wconf 86' lang='lat' dir='ltr'>inquit</span> <span class='ocrx_word' id='word_1_201' title='bbox 3526 1757 3538 1794; x_wconf 91' lang='lat'><strong>:</strong></span> <span class='ocrx_word' id='word_1_202' title='bbox 3569 1741 3708 1810; x_wconf 83' lang='lat' dir='ltr'>Age,</span> 
     </span>
    </p>
   </div>
   <div class='ocr_carea' id='block_1_33' title="bbox 2055 1831 3708 1900">
    <p class='ocr_par' dir='ltr' id='par_1_33' title="bbox 2055 1831 3708 1900">
     <span class='ocr_line' id='line_1_33' title="bbox 2055 1831 3708 1900; baseline -0.002 -14"><span class='ocrx_word' id='word_1_203' title='bbox 2055 1848 2084 1886; x_wconf 90' lang='grc' dir='ltr'>ο</span> <span class='ocrx_word' id='word_1_204' title='bbox 2113 1833 2280 1899; x_wconf 71' lang='lat' dir='ltr'>Iuda,</span> <span class='ocrx_word' id='word_1_205' title='bbox 2338 1833 2708 1887; x_wconf 84' lang='lat' dir='ltr'>solemnitatcs</span> <span class='ocrx_word' id='word_1_206' title='bbox 2757 1837 2898 1900; x_wconf 82' lang='lat' dir='ltr'>tuas,</span> <span class='ocrx_word' id='word_1_207' title='bbox 2959 1833 3204 1886; x_wconf 79' lang='lat' dir='ltr'>ascendit</span> <span class='ocrx_word' id='word_1_208' title='bbox 3245 1833 3390 1885; x_wconf 84' lang='lat' dir='ltr'>enim</span> <span class='ocrx_word' id='word_1_209' title='bbox 3420 1831 3518 1900; x_wconf 86' lang='lat' dir='ltr'>qui</span> <span class='ocrx_word' id='word_1_210' title='bbox 3546 1832 3708 1899; x_wconf 65' lang='grc' dir='ltr'>οἶμαι</span> 
     </span>
    </p>
   </div>
   <div class='ocr_carea' id='block_1_34' title="bbox 270 1919 1941 2016">
    <p class='ocr_par' dir='ltr' id='par_1_34' title="bbox 270 1919 1941 2016">
     <span class='ocr_line' id='line_1_34' title="bbox 270 1919 1941 2016; baseline 0 -41"><span class='ocrx_word' id='word_1_211' title='bbox 270 1923 468 2000; x_wconf 76' lang='grc' dir='ltr'>φήτου</span> <span class='ocrx_word' id='word_1_212' title='bbox 521 1921 731 1996; x_wconf 76' lang='grc' dir='ltr'>λόγιονο</span> <span class='ocrx_word' id='word_1_213' title='bbox 811 1921 1071 2016; x_wconf 55' lang='grc' dir='ltr'>’βόρταζε</span> <span class='ocrx_word' id='word_1_214' title='bbox 1155 1922 1283 1997; x_wconf 76' lang='grc' dir='ltr'>γὰρ,</span> <span class='ocrx_word' id='word_1_215' title='bbox 1341 1922 1528 1998; x_wconf 76' lang='grc' dir='ltr'>φησὶν,</span> <span class='ocrx_word' id='word_1_216' title='bbox 1589 1919 1790 1992; x_wconf 84' lang='grc' dir='ltr'>Ἰούδα,</span> <span class='ocrx_word' id='word_1_217' title='bbox 1851 1921 1941 1984; x_wconf 73' lang='grc' dir='ltr'>τὰς</span> 
     </span>
    </p>
   </div>
   <div class='ocr_carea' id='block_1_35' title="bbox 2059 1919 3708 2016">
    <p class='ocr_par' dir='ltr' id='par_1_35' title="bbox 2059 1920 3708 1992">
     <span class='ocr_line' id='line_1_35' title="bbox 2059 1920 3708 1992; baseline -0.001 -17"><span class='ocrx_word' id='word_1_218' title='bbox 2059 1923 2114 1974; x_wconf 87' lang='lat' dir='ltr'>in</span> <span class='ocrx_word' id='word_1_219' title='bbox 2141 1924 2341 1990; x_wconf 85' lang='lat' dir='ltr'>faciem</span> <span class='ocrx_word' id='word_1_220' title='bbox 2373 1929 2549 1990; x_wconf 86' lang='lat' dir='ltr'>tuam,</span> <span class='ocrx_word' id='word_1_221' title='bbox 2587 1929 2638 1976; x_wconf 89' lang='lat' dir='ltr'>te</span> <span class='ocrx_word' id='word_1_222' title='bbox 2667 1940 2693 1977; x_wconf 88' lang='lat' dir='ltr'>e</span> <span class='ocrx_word' id='word_1_223' title='bbox 2725 1921 3083 1976; x_wconf 74' lang='lat' dir='ltr'>tribulatione</span> <span class='ocrx_word' id='word_1_224' title='bbox 3109 1924 3345 1992; x_wconf 78' lang='lat' dir='ltr'>eripiens</span> <span class='ocrx_word' id='word_1_225' title='bbox 3367 1920 3474 1992; x_wconf 86' lang='lat' dir='ltr'>(q),</span> <span class='ocrx_word' id='word_1_226' title='bbox 3499 1935 3708 1974; x_wconf 88' lang='lat' dir='ltr'>omnes</span> 
     </span>
    </p>
   </div>
   <div class='ocr_carea' id='block_1_36' title="bbox 269 2005 1944 2088">
    <p class='ocr_par' dir='ltr' id='par_1_36' title="bbox 269 2005 1944 2088">
     <span class='ocr_line' id='line_1_36' title="bbox 269 2005 1944 2088; baseline 0.001 -24"><span class='ocrx_word' id='word_1_227' title='bbox 269 2009 483 2085; x_wconf 63' lang='grc' dir='ltr'>ἑορτάς</span> <span class='ocrx_word' id='word_1_228' title='bbox 537 2030 654 2064; x_wconf 83' lang='grc' dir='ltr'>σου·</span> <span class='ocrx_word' id='word_1_229' title='bbox 717 2005 883 2080; x_wconf 75' lang='grc' dir='ltr'>ἀνέϐη</span> <span class='ocrx_word' id='word_1_230' title='bbox 961 2010 1063 2086; x_wconf 69' lang='grc' dir='ltr'>γὰρ</span> <span class='ocrx_word' id='word_1_231' title='bbox 1122 2012 1150 2065; x_wconf 83' lang='grc' dir='ltr'>ὁ</span> <span class='ocrx_word' id='word_1_232' title='bbox 1204 2010 1456 2088; x_wconf 71' lang='grc' dir='ltr'>ἐμφυσῶν</span> <span class='ocrx_word' id='word_1_233' title='bbox 1517 2011 1592 2073; x_wconf 78' lang='grc' dir='ltr'>εἷς</span> <span class='ocrx_word' id='word_1_234' title='bbox 1649 2011 1712 2066; x_wconf 84' lang='grc' dir='ltr'>τὸ</span> <span class='ocrx_word' id='word_1_235' title='bbox 1765 2010 1944 2086; x_wconf 80' lang='grc' dir='ltr'>πρόσ-</span> 
     </span>
    </p>
   </div>
   <div class='ocr_carea' id='block_1_37' title="bbox 271 2101 1946 2176">
    <p class='ocr_par' dir='ltr' id='par_1_37' title="bbox 271 2101 1946 2176">
     <span class='ocr_line' id='line_1_37' title="bbox 271 2101 1946 2176; baseline 0.001 -20"><span class='ocrx_word' id='word_1_236' title='bbox 271 2101 444 2156; x_wconf 84' lang='grc' dir='ltr'>ωπόν</span> <span class='ocrx_word' id='word_1_237' title='bbox 533 2123 656 2172; x_wconf 88' lang='grc' dir='ltr'>σου,</span> <span class='ocrx_word' id='word_1_238' title='bbox 739 2101 830 2156; x_wconf 84' lang='grc' dir='ltr'>καὶ</span> <span class='ocrx_word' id='word_1_239' title='bbox 915 2101 1300 2176; x_wconf 71' lang='grc' dir='ltr'>ἰξαιρούμενός</span> <span class='ocrx_word' id='word_1_240' title='bbox 1407 2123 1464 2158; x_wconf 78' lang='grc' dir='ltr'>σι</span> <span class='ocrx_word' id='word_1_241' title='bbox 1543 2102 1602 2157; x_wconf 81' lang='grc' dir='ltr'>ἐκ</span> <span class='ocrx_word' id='word_1_242' title='bbox 1685 2101 1946 2175; x_wconf 79' lang='grc' dir='ltr'>θλίψεων.</span> 
     </span>
    </p>
   </div>
   <div class='ocr_carea' id='block_1_38' title="bbox 268 2189 1951 2268">
    <p class='ocr_par' dir='ltr' id='par_1_38' title="bbox 268 2189 1951 2268">
     <span class='ocr_line' id='line_1_38' title="bbox 268 2189 1951 2268; baseline -0.001 -22"><span class='ocrx_word' id='word_1_243' title='bbox 268 2191 444 2259; x_wconf 83' lang='grc' dir='ltr'>Αύτή</span> <span class='ocrx_word' id='word_1_244' title='bbox 475 2191 576 2268; x_wconf 73' lang='grc' dir='ltr'>γὰρ</span> <span class='ocrx_word' id='word_1_245' title='bbox 607 2194 651 2228; x_wconf 74' lang='grc'>⁴⁸</span> <span class='ocrx_word' id='word_1_246' title='bbox 683 2189 734 2262; x_wconf 79' lang='grc' dir='ltr'>έξ</span> <span class='ocrx_word' id='word_1_247' title='bbox 766 2189 967 2260; x_wconf 83' lang='grc' dir='ltr'>Ἰούδα,</span> <span class='ocrx_word' id='word_1_248' title='bbox 997 2191 1087 2246; x_wconf 79' lang='grc' dir='ltr'>καὶ</span> <span class='ocrx_word' id='word_1_249' title='bbox 1138 2192 1165 2246; x_wconf 87' lang='grc' dir='ltr'>ὁ</span> <span class='ocrx_word' id='word_1_250' title='bbox 1217 2191 1418 2266; x_wconf 88' lang='grc' dir='ltr'>Κύριος</span> <span class='ocrx_word' id='word_1_251' title='bbox 1451 2191 1499 2264; x_wconf 79' lang='grc' dir='ltr'>ἐξ</span> <span class='ocrx_word' id='word_1_252' title='bbox 1532 2191 1698 2256; x_wconf 79' lang='grc' dir='ltr'>αὐτῆς</span> <span class='ocrx_word' id='word_1_253' title='bbox 1725 2191 1788 2246; x_wconf 85' lang='grc' dir='ltr'>τὸ</span> <span class='ocrx_word' id='word_1_254' title='bbox 1814 2193 1951 2246; x_wconf 84' lang='grc' dir='ltr'>κατὰ</span> 
     </span>
    </p>
   </div>
   <div class='ocr_carea' id='block_1_39' title="bbox 271 2300 487 2354">
    <p class='ocr_par' dir='ltr' id='par_1_39' title="bbox 271 2300 487 2354">
     <span class='ocr_line' id='line_1_39' title="bbox 271 2300 487 2354; baseline 0.009 -19"><span class='ocrx_word' id='word_1_255' title='bbox 271 2300 487 2354; x_wconf 83' lang='grc' dir='ltr'>σαρκα.</span> 
     </span>
    </p>
   </div>
   <div class='ocr_carea' id='block_1_40' title="bbox 373 2366 1947 2445">
    <p class='ocr_par' dir='ltr' id='par_1_40' title="bbox 373 2366 1947 2445">
     <span class='ocr_line' id='line_1_40' title="bbox 373 2366 1947 2445; baseline 0 -23"><span class='ocrx_word' id='word_1_256' title='bbox 373 2374 468 2423; x_wconf 90' lang='grc' dir='ltr'>Δεῖ</span> <span class='ocrx_word' id='word_1_257' title='bbox 497 2369 586 2424; x_wconf 81' lang='grc' dir='ltr'>οὗν</span> <span class='ocrx_word' id='word_1_258' title='bbox 621 2367 673 2424; x_wconf 75' lang='grc' dir='ltr'>έν</span> <span class='ocrx_word' id='word_1_259' title='bbox 700 2373 819 2431; x_wconf 91' lang='grc' dir='ltr'>ταῖς</span> <span class='ocrx_word' id='word_1_260' title='bbox 854 2366 1022 2434; x_wconf 82' lang='grc' dir='ltr'>θείαις</span> <span class='ocrx_word' id='word_1_261' title='bbox 1051 2371 1159 2442; x_wconf 73' lang='grc'>(54)</span> <span class='ocrx_word' id='word_1_262' title='bbox 1190 2370 1278 2424; x_wconf 85' lang='grc' dir='ltr'>καὶ</span> <span class='ocrx_word' id='word_1_263' title='bbox 1321 2367 1583 2445; x_wconf 71' lang='grc' dir='ltr'>μεγάλαις</span> <span class='ocrx_word' id='word_1_264' title='bbox 1613 2371 1826 2444; x_wconf 71' lang='grc' dir='ltr'>ἑορταῖς</span> <span class='ocrx_word' id='word_1_265' title='bbox 1857 2367 1947 2423; x_wconf 85' lang='grc' dir='ltr'>καὶ</span> 
     </span>
    </p>
   </div>
   <div class='ocr_carea' id='block_1_41' title="bbox 269 2455 1943 2535">
    <p class='ocr_par' dir='ltr' id='par_1_41' title="bbox 269 2455 1943 2535">
     <span class='ocr_line' id='line_1_41' title="bbox 269 2455 1943 2535; baseline 0.002 -22"><span class='ocrx_word' id='word_1_266' title='bbox 269 2457 384 2520; x_wconf 74' lang='grc' dir='ltr'>τὰς</span> <span class='ocrx_word' id='word_1_267' title='bbox 415 2464 514 2528; x_wconf 85' lang='grc' dir='ltr'>τῆς</span> <span class='ocrx_word' id='word_1_268' title='bbox 567 2459 835 2513; x_wconf 86' lang='grc' dir='ltr'>Θεοτόκου</span> <span class='ocrx_word' id='word_1_269' title='bbox 893 2465 992 2528; x_wconf 79' lang='grc' dir='ltr'>τῆς</span> <span class='ocrx_word' id='word_1_270' title='bbox 1047 2455 1276 2522; x_wconf 69' lang='grc' dir='ltr'>έλπίδος</span> <span class='ocrx_word' id='word_1_271' title='bbox 1329 2461 1490 2532; x_wconf 74' lang='grc' dir='ltr'>ἡμῶν</span> <span class='ocrx_word' id='word_1_272' title='bbox 1531 2458 1943 2535; x_wconf 74' lang='grc' dir='ltr'>πανηγυρίζειν.</span> 
     </span>
    </p>
   </div>
   <div class='ocr_carea' id='block_1_42' title="bbox 271 2545 1945 2624">
    <p class='ocr_par' dir='ltr' id='par_1_42' title="bbox 271 2545 1945 2624">
     <span class='ocr_line' id='line_1_42' title="bbox 271 2545 1945 2624; baseline -0.001 -21"><span class='ocrx_word' id='word_1_273' title='bbox 271 2547 481 2610; x_wconf 82' lang='grc' dir='ltr'>Ἐκτὸς</span> <span class='ocrx_word' id='word_1_274' title='bbox 515 2547 607 2602; x_wconf 84' lang='grc' dir='ltr'>οὗν</span> <span class='ocrx_word' id='word_1_275' title='bbox 633 2549 729 2602; x_wconf 73' lang='grc' dir='ltr'>τοῦ</span> <span class='ocrx_word' id='word_1_276' title='bbox 785 2547 1168 2624; x_wconf 82' lang='grc' dir='ltr'>πληρώματος</span> <span class='ocrx_word' id='word_1_277' title='bbox 1221 2551 1328 2602; x_wconf 81' lang='grc' dir='ltr'>τῶν</span> <span class='ocrx_word' id='word_1_278' title='bbox 1387 2545 1516 2602; x_wconf 73' lang='grc' dir='ltr'>δέκα</span> <span class='ocrx_word' id='word_1_279' title='bbox 1565 2550 1766 2624; x_wconf 79' lang='grc' dir='ltr'>ἒορτῶν</span> <span class='ocrx_word' id='word_1_280' title='bbox 1799 2569 1945 2602; x_wconf 88' lang='grc' dir='ltr'>παν-</span> 
     </span>
    </p>
   </div>
   <div class='ocr_carea' id='block_1_43' title="bbox 275 2635 1942 2714">
    <p class='ocr_par' dir='ltr' id='par_1_43' title="bbox 275 2635 1942 2714">
     <span class='ocr_line' id='line_1_43' title="bbox 275 2635 1942 2714; baseline 0.001 -23"><span class='ocrx_word' id='word_1_281' title='bbox 275 2637 626 2714; x_wconf 84' lang='grc' dir='ltr'>ηγυρίζομεν</span> <span class='ocrx_word' id='word_1_282' title='bbox 660 2636 748 2692; x_wconf 80' lang='grc' dir='ltr'>καὶ</span> <span class='ocrx_word' id='word_1_283' title='bbox 779 2637 878 2706; x_wconf 78' lang='grc' dir='ltr'>τὴν</span> <span class='ocrx_word' id='word_1_284' title='bbox 942 2638 1229 2714; x_wconf 76' lang='grc' dir='ltr'>ζωηφόρον</span> <span class='ocrx_word' id='word_1_285' title='bbox 1281 2635 1447 2706; x_wconf 79' lang='grc' dir='ltr'>αὐτῆς</span> <span class='ocrx_word' id='word_1_286' title='bbox 1481 2637 1761 2709; x_wconf 84' lang='grc' dir='ltr'>κοίμησιν.</span> <span class='ocrx_word' id='word_1_287' title='bbox 1795 2636 1942 2706; x_wconf 80' lang='grc' dir='ltr'>Αὐτῆ</span> 
     </span>
    </p>
   </div>
   <div class='ocr_carea' id='block_1_44' title="bbox 284 2723 1942 2800">
    <p class='ocr_par' dir='ltr' id='par_1_44' title="bbox 284 2723 1942 2800">
     <span class='ocr_line' id='line_1_44' title="bbox 284 2723 1942 2800; baseline -0.001 -18"><span class='ocrx_word' id='word_1_288' title='bbox 284 2729 433 2800; x_wconf 77' lang='grc' dir='ltr'>μετὰ</span> <span class='ocrx_word' id='word_1_289' title='bbox 487 2727 588 2796; x_wconf 81' lang='grc' dir='ltr'>τὴν</span> <span class='ocrx_word' id='word_1_290' title='bbox 649 2725 725 2788; x_wconf 79' lang='grc' dir='ltr'>εἷς</span> <span class='ocrx_word' id='word_1_291' title='bbox 787 2725 1048 2794; x_wconf 76' lang='grc' dir='ltr'>οὐρανοὺς</span> <span class='ocrx_word' id='word_1_292' title='bbox 1107 2723 1298 2780; x_wconf 82' lang='grc' dir='ltr'>ἇίνοδον</span> <span class='ocrx_word' id='word_1_293' title='bbox 1354 2730 1451 2780; x_wconf 74' lang='grc' dir='ltr'>τοῦ</span> <span class='ocrx_word' id='word_1_294' title='bbox 1510 2727 1710 2800; x_wconf 85' lang='grc' dir='ltr'>Κυρίου</span> <span class='ocrx_word' id='word_1_295' title='bbox 1781 2729 1942 2799; x_wconf 81' lang='grc' dir='ltr'>ἡμῶν</span> 
     </span>
    </p>
   </div>
   <div class='ocr_carea' id='block_1_45' title="bbox 277 2814 1946 2890">
    <p class='ocr_par' dir='ltr' id='par_1_45' title="bbox 277 2814 1946 2890">
     <span class='ocr_line' id='line_1_45' title="bbox 277 2814 1946 2890; baseline -0.001 -21"><span class='ocrx_word' id='word_1_296' title='bbox 277 2817 476 2884; x_wconf 82' lang='grc' dir='ltr'>Ἰησοῦ</span> <span class='ocrx_word' id='word_1_297' title='bbox 505 2819 771 2888; x_wconf 79' lang='grc' dir='ltr'>Χριστοῦ.</span> <span class='ocrx_word' id='word_1_298' title='bbox 802 2816 892 2870; x_wconf 85' lang='grc' dir='ltr'>καὶ</span> <span class='ocrx_word' id='word_1_299' title='bbox 945 2816 1043 2884; x_wconf 75' lang='grc' dir='ltr'>τὴν</span> <span class='ocrx_word' id='word_1_300' title='bbox 1104 2818 1200 2870; x_wconf 77' lang='grc' dir='ltr'>τοῦ</span> <span class='ocrx_word' id='word_1_301' title='bbox 1258 2814 1519 2890; x_wconf 86' lang='grc' dir='ltr'>παναγίου</span> <span class='ocrx_word' id='word_1_302' title='bbox 1548 2815 1638 2869; x_wconf 85' lang='grc' dir='ltr'>καὶ</span> <span class='ocrx_word' id='word_1_303' title='bbox 1673 2819 1946 2884; x_wconf 81' lang='grc' dir='ltr'>ζωοποιοῦ</span> 
     </span>
    </p>
   </div>
   <div class='ocr_carea' id='block_1_46' title="bbox 281 2901 1942 2978">
    <p class='ocr_par' dir='ltr' id='par_1_46' title="bbox 281 2901 1942 2978">
     <span class='ocr_line' id='line_1_46' title="bbox 281 2901 1942 2978; baseline -0.001 -18"><span class='ocrx_word' id='word_1_304' title='bbox 281 2904 612 2978; x_wconf 83' lang='grc' dir='ltr'>Ηνεύματος</span> <span class='ocrx_word' id='word_1_305' title='bbox 644 2903 730 2960; x_wconf 76' lang='grc' dir='ltr'>ἐπὶ</span> <span class='ocrx_word' id='word_1_306' title='bbox 771 2903 899 2967; x_wconf 73' lang='grc' dir='ltr'>τοὺς</span> <span class='ocrx_word' id='word_1_307' title='bbox 962 2905 1263 2978; x_wconf 82' lang='grc' dir='ltr'>μακαρίους</span> <span class='ocrx_word' id='word_1_308' title='bbox 1319 2903 1661 2967; x_wconf 81' lang='grc' dir='ltr'>ἀποστόλους</span> <span class='ocrx_word' id='word_1_309' title='bbox 1691 2901 1942 2974; x_wconf 89' lang='grc' dir='ltr'>καθοδον,</span> 
     </span>
    </p>
   </div>
   <div class='ocr_carea' id='block_1_47' title="bbox 277 2993 1942 3070">
    <p class='ocr_par' dir='ltr' id='par_1_47' title="bbox 277 2993 1942 3070">
     <span class='ocr_line' id='line_1_47' title="bbox 277 2993 1942 3070; baseline 0 -22"><span class='ocrx_word' id='word_1_310' title='bbox 277 2995 388 3064; x_wconf 79' lang='grc' dir='ltr'>τὴν</span> <span class='ocrx_word' id='word_1_311' title='bbox 423 2993 513 3048; x_wconf 77' lang='grc' dir='ltr'>καὶ</span> <span class='ocrx_word' id='word_1_312' title='bbox 545 2993 783 3070; x_wconf 78' lang='grc' dir='ltr'>ἐσχάτην</span> <span class='ocrx_word' id='word_1_313' title='bbox 834 2994 924 3048; x_wconf 82' lang='grc' dir='ltr'>καὶ</span> <span class='ocrx_word' id='word_1_314' title='bbox 976 2993 1224 3068; x_wconf 77' lang='grc' dir='ltr'>μεγάλην</span> <span class='ocrx_word' id='word_1_315' title='bbox 1275 2993 1690 3067; x_wconf 72' lang='grc' dir='ltr'>ὀνομαζομένην</span> <span class='ocrx_word' id='word_1_316' title='bbox 1725 2994 1942 3068; x_wconf 73' lang='grc' dir='ltr'>ἑορτὴν,</span> 
     </span>
    </p>
   </div>
   <div class='ocr_carea' id='block_1_48' title="bbox 280 3083 1943 3160">
    <p class='ocr_par' dir='ltr' id='par_1_48' title="bbox 280 3083 1943 3160">
     <span class='ocr_line' id='line_1_48' title="bbox 280 3083 1943 3160; baseline -0.001 -21"><span class='ocrx_word' id='word_1_317' title='bbox 280 3083 578 3158; x_wconf 80' lang='grc' dir='ltr'>πλήρωμα</span> <span class='ocrx_word' id='word_1_318' title='bbox 604 3090 706 3153; x_wconf 84' lang='grc' dir='ltr'>τῆς</span> <span class='ocrx_word' id='word_1_319' title='bbox 762 3083 1144 3158; x_wconf 83' lang='grc' dir='ltr'>χρηστότητος</span> <span class='ocrx_word' id='word_1_320' title='bbox 1201 3085 1246 3120; x_wconf 76' lang='grc'>⁴⁹</span> <span class='ocrx_word' id='word_1_321' title='bbox 1301 3087 1398 3138; x_wconf 67' lang='grc' dir='ltr'>τοῖὸ</span> <span class='ocrx_word' id='word_1_322' title='bbox 1457 3083 1654 3160; x_wconf 86' lang='grc' dir='ltr'>Κυρίου</span> <span class='ocrx_word' id='word_1_323' title='bbox 1684 3083 1777 3138; x_wconf 84' lang='grc' dir='ltr'>καὶ</span> <span class='ocrx_word' id='word_1_324' title='bbox 1808 3088 1943 3139; x_wconf 78' lang='grc' dir='ltr'>Θεοῦ</span> 
     </span>
    </p>
   </div>
   <div class='ocr_carea' id='block_1_49' title="bbox 275 3171 1945 3249">
    <p class='ocr_par' dir='ltr' id='par_1_49' title="bbox 275 3171 1945 3249">
     <span class='ocr_line' id='line_1_49' title="bbox 275 3171 1945 3249; baseline 0 -21"><span class='ocrx_word' id='word_1_325' title='bbox 275 3175 448 3246; x_wconf 76' lang='grc' dir='ltr'>ἡμῶν</span> <span class='ocrx_word' id='word_1_326' title='bbox 481 3171 819 3245; x_wconf 72' lang='grc' dir='ltr'>οῗκονομίας,</span> <span class='ocrx_word' id='word_1_327' title='bbox 866 3172 955 3226; x_wconf 78' lang='grc' dir='ltr'>καὶ</span> <span class='ocrx_word' id='word_1_328' title='bbox 1008 3171 1186 3244; x_wconf 82' lang='grc' dir='ltr'>πάσης</span> <span class='ocrx_word' id='word_1_329' title='bbox 1244 3171 1464 3249; x_wconf 78' lang='grc' dir='ltr'>ὕστερον</span> <span class='ocrx_word' id='word_1_330' title='bbox 1514 3174 1613 3244; x_wconf 73' lang='grc' dir='ltr'>τὴν</span> <span class='ocrx_word' id='word_1_331' title='bbox 1643 3175 1945 3228; x_wconf 84' lang='grc' dir='ltr'>πάνσεπτον</span> 
     </span>
    </p>
   </div>
   <div class='ocr_carea' id='block_1_50' title="bbox 280 3260 1241 3337">
    <p class='ocr_par' dir='ltr' id='par_1_50' title="bbox 280 3260 1241 3337">
     <span class='ocr_line' id='line_1_50' title="bbox 280 3260 1241 3337; baseline 0.003 -20"><span class='ocrx_word' id='word_1_332' title='bbox 280 3260 455 3332; x_wconf 81' lang='grc' dir='ltr'>αὐτῆς</span> <span class='ocrx_word' id='word_1_333' title='bbox 483 3262 746 3335; x_wconf 85' lang='grc' dir='ltr'>κοίμησιν</span> <span class='ocrx_word' id='word_1_334' title='bbox 776 3261 1113 3337; x_wconf 82' lang='grc' dir='ltr'>πανηγυρίζο</span> <span class='ocrx_word' id='word_1_335' title='bbox 1124 3283 1241 3335; x_wconf 85' lang='grc' dir='ltr'>μεν.</span> 
     </span>
    </p>
   </div>
   <div class='ocr_carea' id='block_1_51' title="bbox 361 3525 1942 3604">
    <p class='ocr_par' dir='ltr' id='par_1_51' title="bbox 361 3525 1942 3604">
     <span class='ocr_line' id='line_1_51' title="bbox 361 3525 1942 3604; baseline 0.001 -21"><span class='ocrx_word' id='word_1_336' title='bbox 361 3529 465 3590; x_wconf 75' lang='grc' dir='ltr'>Τὰς</span> <span class='ocrx_word' id='word_1_337' title='bbox 521 3525 581 3583; x_wconf 73' lang='grc' dir='ltr'>δὲ</span> <span class='ocrx_word' id='word_1_338' title='bbox 633 3527 912 3603; x_wconf 79' lang='grc' dir='ltr'>ἀνωτέρω,</span> <span class='ocrx_word' id='word_1_339' title='bbox 971 3528 1061 3584; x_wconf 83' lang='grc' dir='ltr'>καὶ</span> <span class='ocrx_word' id='word_1_340' title='bbox 1147 3530 1750 3604; x_wconf 85' lang='grc' dir='ltr'>προμνημονευομένας</span> <span class='ocrx_word' id='word_1_341' title='bbox 1806 3531 1942 3585; x_wconf 84' lang='grc' dir='ltr'>κατᾶ</span> 
     </span>
    </p>
   </div>
   <div class='ocr_carea' id='block_1_52' title="bbox 287 3615 1937 3692">
    <p class='ocr_par' dir='ltr' id='par_1_52' title="bbox 287 3615 1937 3692">
     <span class='ocr_line' id='line_1_52' title="bbox 287 3615 1937 3692; baseline 0.002 -20"><span class='ocrx_word' id='word_1_342' title='bbox 287 3619 379 3673; x_wconf 84' lang='grc' dir='ltr'>τὸν</span> <span class='ocrx_word' id='word_1_343' title='bbox 413 3615 720 3692; x_wconf 83' lang='grc' dir='ltr'>Δεκάλογον</span> <span class='ocrx_word' id='word_1_344' title='bbox 754 3623 855 3686; x_wconf 82' lang='grc' dir='ltr'>τῆς</span> <span class='ocrx_word' id='word_1_345' title='bbox 906 3638 964 3672; x_wconf 91' lang='grc' dir='ltr'>τε</span> <span class='ocrx_word' id='word_1_346' title='bbox 991 3615 1232 3676; x_wconf 84' lang='grc' dir='ltr'>Παλαιᾶς</span> <span class='ocrx_word' id='word_1_347' title='bbox 1266 3615 1355 3671; x_wconf 64' lang='grc' dir='ltr'>καί</span> <span class='ocrx_word' id='word_1_348' title='bbox 1411 3625 1609 3687; x_wconf 84' lang='grc' dir='ltr'>Καινῆς</span> <span class='ocrx_word' id='word_1_349' title='bbox 1639 3621 1937 3690; x_wconf 74' lang='grc' dir='ltr'>Διαθήκης.</span> 
     </span>
    </p>
   </div>
   <div class='ocr_carea' id='block_1_53' title="bbox 291 3703 1936 3783">
    <p class='ocr_par' dir='ltr' id='par_1_53' title="bbox 291 3703 1936 3783">
     <span class='ocr_line' id='line_1_53' title="bbox 291 3703 1936 3783; baseline -0.001 -20"><span class='ocrx_word' id='word_1_350' title='bbox 291 3709 452 3782; x_wconf 86' lang='grc' dir='ltr'>Τρεῖς</span> <span class='ocrx_word' id='word_1_351' title='bbox 479 3705 581 3782; x_wconf 78' lang='grc' dir='ltr'>γὰρ</span> <span class='ocrx_word' id='word_1_352' title='bbox 623 3703 879 3781; x_wconf 88' lang='grc' dir='ltr'>διαδοχαί</span> <span class='ocrx_word' id='word_1_353' title='bbox 915 3705 1014 3760; x_wconf 87' lang='grc' dir='ltr'>εἶσι</span> <span class='ocrx_word' id='word_1_354' title='bbox 1072 3710 1181 3760; x_wconf 80' lang='grc' dir='ltr'>τῶν</span> <span class='ocrx_word' id='word_1_355' title='bbox 1215 3703 1342 3761; x_wconf 87' lang='grc' dir='ltr'>δέκα</span> <span class='ocrx_word' id='word_1_356' title='bbox 1370 3709 1414 3744; x_wconf 79' lang='grc' dir='ltr'>⁵ο</span> <span class='ocrx_word' id='word_1_357' title='bbox 1447 3705 1647 3780; x_wconf 87' lang='grc' dir='ltr'>λόγων,</span> <span class='ocrx_word' id='word_1_358' title='bbox 1681 3707 1862 3783; x_wconf 84' lang='grc' dir='ltr'>ὥσπερ</span> <span class='ocrx_word' id='word_1_359' title='bbox 1893 3711 1936 3746; x_wconf 80' lang='grc' dir='ltr'>⁵ί</span> 
     </span>
    </p>
   </div>
   <div class='ocr_carea' id='block_1_54' title="bbox 283 3793 1936 3870">
    <p class='ocr_par' dir='ltr' id='par_1_54' title="bbox 283 3793 1936 3870">
     <span class='ocr_line' id='line_1_54' title="bbox 283 3793 1936 3870; baseline 0.001 -19"><span class='ocrx_word' id='word_1_360' title='bbox 283 3793 656 3870; x_wconf 77' lang='grc' dir='ltr'>ἐδιδάχθημεν</span> <span class='ocrx_word' id='word_1_361' title='bbox 738 3795 842 3849; x_wconf 83' lang='grc' dir='ltr'>ὑπὸ</span> <span class='ocrx_word' id='word_1_362' title='bbox 918 3801 1016 3865; x_wconf 85' lang='grc' dir='ltr'>τῆς</span> <span class='ocrx_word' id='word_1_363' title='bbox 1093 3796 1378 3870; x_wconf 77' lang='grc' dir='ltr'>παναγίας,</span> <span class='ocrx_word' id='word_1_364' title='bbox 1466 3795 1786 3869; x_wconf 86' lang='grc' dir='ltr'>ὁμοουσίου,</span> <span class='ocrx_word' id='word_1_365' title='bbox 1844 3799 1936 3852; x_wconf 82' lang='grc' dir='ltr'>καὶ</span> 
     </span>
    </p>
   </div>
   <div class='ocr_carea' id='block_1_55' title="bbox 283 3884 1936 3964">
    <p class='ocr_par' dir='ltr' id='par_1_55' title="bbox 283 3884 1936 3964">
     <span class='ocr_line' id='line_1_55' title="bbox 283 3884 1936 3964; baseline 0.001 -22"><span class='ocrx_word' id='word_1_366' title='bbox 283 3889 579 3957; x_wconf 76' lang='grc' dir='ltr'>ζωοποιοῦ,</span> <span class='ocrx_word' id='word_1_367' title='bbox 638 3885 727 3940; x_wconf 84' lang='grc' dir='ltr'>καὶ</span> <span class='ocrx_word' id='word_1_368' title='bbox 785 3893 1170 3961; x_wconf 79' lang='grc' dir='ltr'>προσκυνητῆς</span> <span class='ocrx_word' id='word_1_369' title='bbox 1221 3884 1478 3962; x_wconf 85' lang='grc' dir='ltr'>Τριάδος.</span> <span class='ocrx_word' id='word_1_370' title='bbox 1539 3887 1604 3942; x_wconf 86' lang='grc' dir='ltr'><em>Ἡ</em></span> <span class='ocrx_word' id='word_1_371' title='bbox 1652 3887 1844 3964; x_wconf 86' lang='grc' dir='ltr'>πρώτη</span> <span class='ocrx_word' id='word_1_372' title='bbox 1876 3886 1936 3943; x_wconf 78' lang='grc' dir='ltr'>ἐκ</span> 
     </span>
    </p>
   </div>
   <div class='ocr_carea' id='block_1_56' title="bbox 276 3973 1930 4052">
    <p class='ocr_par' dir='ltr' id='par_1_56' title="bbox 276 3973 1930 4052">
     <span class='ocr_line' id='line_1_56' title="bbox 276 3973 1930 4052; baseline -0.001 -19"><span class='ocrx_word' id='word_1_373' title='bbox 276 3979 372 4033; x_wconf 75' lang='grc' dir='ltr'>τοῦ</span> <span class='ocrx_word' id='word_1_374' title='bbox 458 3973 652 4050; x_wconf 66' lang='grc' dir='ltr'>νόμοω</span> <span class='ocrx_word' id='word_1_375' title='bbox 747 3976 1077 4050; x_wconf 80' lang='grc' dir='ltr'>Ἀγαπήσεις</span> <span class='ocrx_word' id='word_1_376' title='bbox 1163 3977 1358 4052; x_wconf 80' lang='grc' dir='ltr'>Κύριον</span> <span class='ocrx_word' id='word_1_377' title='bbox 1442 3977 1534 4032; x_wconf 89' lang='grc' dir='ltr'>τὸν</span> <span class='ocrx_word' id='word_1_378' title='bbox 1619 3977 1748 4033; x_wconf 85' lang='grc' dir='ltr'>Θεόν</span> <span class='ocrx_word' id='word_1_379' title='bbox 1812 3999 1930 4050; x_wconf 87' lang='grc' dir='ltr'>σου,</span> 
     </span>
    </p>
   </div>
   <div class='ocr_carea' id='block_1_57' title="bbox 276 4064 1931 4140">
    <p class='ocr_par' dir='ltr' id='par_1_57' title="bbox 276 4064 1931 4140">
     <span class='ocr_line' id='line_1_57' title="bbox 276 4064 1931 4140; baseline 0 -17"><span class='ocrx_word' id='word_1_380' title='bbox 276 4067 363 4123; x_wconf 84' lang='grc' dir='ltr'>καὶ</span> <span class='ocrx_word' id='word_1_381' title='bbox 420 4065 488 4122; x_wconf 77' lang='grc' dir='ltr'>τὰ</span> <span class='ocrx_word' id='word_1_382' title='bbox 544 4064 686 4136; x_wconf 71' lang='grc' dir='ltr'>ἰξῆς.</span> <span class='ocrx_word' id='word_1_383' title='bbox 750 4065 858 4120; x_wconf 84' lang='grc' dir='ltr'>Καὶ</span> <span class='ocrx_word' id='word_1_384' title='bbox 921 4067 1208 4138; x_wconf 85' lang='grc' dir='ltr'>μετέπειτα</span> <span class='ocrx_word' id='word_1_385' title='bbox 1265 4065 1316 4120; x_wconf 81' lang='grc' dir='ltr'>ἐν</span> <span class='ocrx_word' id='word_1_386' title='bbox 1369 4068 1438 4140; x_wconf 78' lang='grc' dir='ltr'>τῇ</span> <span class='ocrx_word' id='word_1_387' title='bbox 1497 4067 1611 4138; x_wconf 82' lang='grc' dir='ltr'>Νέᾳ</span> <span class='ocrx_word' id='word_1_388' title='bbox 1668 4067 1722 4120; x_wconf 77' lang='grc' dir='ltr'>οἱ</span> <span class='ocrx_word' id='word_1_389' title='bbox 1757 4089 1931 4140; x_wconf 81' lang='grc' dir='ltr'>μακα-</span> 
     </span>
    </p>
   </div>
   <div class='ocr_carea' id='block_1_58' title="bbox 2058 2010 3706 2085">
    <p class='ocr_par' dir='ltr' id='par_1_58' title="bbox 2058 2010 3706 2085">
     <span class='ocr_line' id='line_1_58' title="bbox 2058 2010 3706 2085; baseline -0.002 -19"><span class='ocrx_word' id='word_1_390' title='bbox 2058 2012 2310 2082; x_wconf 87' lang='lat' dir='ltr'>spiritali</span> <span class='ocrx_word' id='word_1_391' title='bbox 2363 2013 2574 2068; x_wconf 76' lang='lat' dir='ltr'>lmtitia</span> <span class='ocrx_word' id='word_1_392' title='bbox 2624 2013 2946 2085; x_wconf 82' lang='lat' dir='ltr'>gestientes</span> <span class='ocrx_word' id='word_1_393' title='bbox 3007 2013 3106 2067; x_wconf 91' lang='lat' dir='ltr'>Dei</span> <span class='ocrx_word' id='word_1_394' title='bbox 3168 2011 3480 2066; x_wconf 83' lang='lat' dir='ltr'>Genitricis</span> <span class='ocrx_word' id='word_1_395' title='bbox 3511 2010 3706 2065; x_wconf 76' lang='lat' dir='ltr'>Mariw</span> 
     </span>
    </p>
   </div>
   <div class='ocr_carea' id='block_1_59' title="bbox 2057 2098 3711 2173">
    <p class='ocr_par' dir='ltr' id='par_1_59' title="bbox 2057 2098 3711 2173">
     <span class='ocr_line' id='line_1_59' title="bbox 2057 2098 3711 2173; baseline -0.002 -17"><span class='ocrx_word' id='word_1_396' title='bbox 2057 2119 2226 2156; x_wconf 87' lang='lat' dir='ltr'>sacra</span> <span class='ocrx_word' id='word_1_397' title='bbox 2280 2103 2574 2158; x_wconf 86' lang='lat' dir='ltr'>solemnia</span> <span class='ocrx_word' id='word_1_398' title='bbox 2627 2102 3016 2158; x_wconf 83' lang='lat' dir='ltr'>celebremus.</span> <span class='ocrx_word' id='word_1_399' title='bbox 3069 2104 3204 2173; x_wconf 86' lang='lat' dir='ltr'>Ipsa</span> <span class='ocrx_word' id='word_1_400' title='bbox 3251 2101 3412 2156; x_wconf 91' lang='lat' dir='ltr'>enim</span> <span class='ocrx_word' id='word_1_401' title='bbox 3463 2117 3532 2156; x_wconf 84' lang='lat' dir='ltr'>ex</span> <span class='ocrx_word' id='word_1_402' title='bbox 3561 2098 3711 2154; x_wconf 86' lang='lat' dir='ltr'>luda</span> 
     </span>
    </p>
   </div>
   <div class='ocr_carea' id='block_1_60' title="bbox 2059 2191 3418 2258">
    <p class='ocr_par' dir='ltr' id='par_1_60' title="bbox 2059 2191 3418 2258">
     <span class='ocr_line' id='line_1_60' title="bbox 2059 2191 3418 2258; baseline -0.001 -12"><span class='ocrx_word' id='word_1_403' title='bbox 2059 2196 2166 2258; x_wconf 92' lang='lat' dir='ltr'>est,</span> <span class='ocrx_word' id='word_1_404' title='bbox 2201 2196 2260 2246; x_wconf 90' lang='lat' dir='ltr'>et</span> <span class='ocrx_word' id='word_1_405' title='bbox 2289 2193 2574 2248; x_wconf 88' lang='lat' dir='ltr'>Dominus</span> <span class='ocrx_word' id='word_1_406' title='bbox 2594 2209 2665 2248; x_wconf 81' lang='lat' dir='ltr'>ex</span> <span class='ocrx_word' id='word_1_407' title='bbox 2695 2209 2764 2248; x_wconf 89' lang='lat' dir='ltr'>ea</span> <span class='ocrx_word' id='word_1_408' title='bbox 2795 2191 3124 2248; x_wconf 89' lang='lat' dir='ltr'>secundum</span> <span class='ocrx_word' id='word_1_409' title='bbox 3155 2207 3418 2248; x_wconf 87' lang='lat' dir='ltr'>carnem.</span> 
     </span>
    </p>
   </div>
   <div class='ocr_carea' id='block_1_61' title="bbox 2130 2365 3708 2438">
    <p class='ocr_par' dir='ltr' id='par_1_61' title="bbox 2130 2365 3708 2438">
     <span class='ocr_line' id='line_1_61' title="bbox 2130 2365 3708 2438; baseline -0.002 -15"><span class='ocrx_word' id='word_1_410' title='bbox 2130 2369 2297 2434; x_wconf 91' lang='lat' dir='ltr'>Quod</span> <span class='ocrx_word' id='word_1_411' title='bbox 2350 2371 2506 2426; x_wconf 90' lang='lat' dir='ltr'>circa</span> <span class='ocrx_word' id='word_1_412' title='bbox 2560 2372 2717 2426; x_wconf 91' lang='lat' dir='ltr'>inter</span> <span class='ocrx_word' id='word_1_413' title='bbox 2793 2371 3025 2426; x_wconf 90' lang='lat' dir='ltr'>divinos</span> <span class='ocrx_word' id='word_1_414' title='bbox 3084 2369 3501 2438; x_wconf 86' lang='lat' dir='ltr'>solemnesque</span> <span class='ocrx_word' id='word_1_415' title='bbox 3560 2365 3708 2433; x_wconf 90' lang='lat' dir='ltr'>dies,</span> 
     </span>
    </p>
   </div>
   <div class='ocr_carea' id='block_1_62' title="bbox 2059 2458 3711 2532">
    <p class='ocr_par' dir='ltr' id='par_1_62' title="bbox 2059 2458 3711 2532">
     <span class='ocr_line' id='line_1_62' title="bbox 2059 2458 3711 2532; baseline -0.001 -20"><span class='ocrx_word' id='word_1_416' title='bbox 2059 2458 2323 2530; x_wconf 72' lang='lat' dir='ltr'>Deiparze</span> <span class='ocrx_word' id='word_1_417' title='bbox 2376 2477 2636 2531; x_wconf 89' lang='lat' dir='ltr'>quoque,</span> <span class='ocrx_word' id='word_1_418' title='bbox 2696 2478 2826 2532; x_wconf 65' lang='lat' dir='ltr'>quae</span> <span class='ocrx_word' id='word_1_419' title='bbox 2913 2476 3048 2531; x_wconf 88' lang='lat' dir='ltr'>spes</span> <span class='ocrx_word' id='word_1_420' title='bbox 3131 2465 3222 2514; x_wconf 88' lang='lat' dir='ltr'>est</span> <span class='ocrx_word' id='word_1_421' title='bbox 3276 2458 3542 2512; x_wconf 90' lang='lat' dir='ltr'>omnium</span> <span class='ocrx_word' id='word_1_422' title='bbox 3603 2473 3711 2510; x_wconf 85' lang='lat' dir='ltr'>no-</span> 
     </span>
    </p>
   </div>
   <div class='ocr_carea' id='block_1_63' title="bbox 2057 2545 3709 2618">
    <p class='ocr_par' dir='ltr' id='par_1_63' title="bbox 2057 2545 3709 2618">
     <span class='ocr_line' id='line_1_63' title="bbox 2057 2545 3709 2618; baseline -0.002 -15"><span class='ocrx_word' id='word_1_423' title='bbox 2057 2553 2269 2618; x_wconf 89' lang='lat' dir='ltr'>strum,</span> <span class='ocrx_word' id='word_1_424' title='bbox 2329 2551 2544 2604; x_wconf 88' lang='lat' dir='ltr'>merito</span> <span class='ocrx_word' id='word_1_425' title='bbox 2601 2549 2753 2606; x_wconf 82' lang='lat' dir='ltr'>festa</span> <span class='ocrx_word' id='word_1_426' title='bbox 2810 2548 3167 2604; x_wconf 87' lang='lat' dir='ltr'>celebranda</span> <span class='ocrx_word' id='word_1_427' title='bbox 3234 2553 3388 2602; x_wconf 87' lang='lat' dir='ltr'>sunt.</span> <span class='ocrx_word' id='word_1_428' title='bbox 3451 2545 3709 2616; x_wconf 86' lang='lat' dir='ltr'>Ideoque</span> 
     </span>
    </p>
   </div>
   <div class='ocr_carea' id='block_1_64' title="bbox 2056 2636 3710 2711">
    <p class='ocr_par' dir='ltr' id='par_1_64' title="bbox 2056 2636 3710 2711">
     <span class='ocr_line' id='line_1_64' title="bbox 2056 2636 3710 2711; baseline -0.003 -19"><span class='ocrx_word' id='word_1_429' title='bbox 2056 2643 2221 2694; x_wconf 84' lang='lat' dir='ltr'>extra</span> <span class='ocrx_word' id='word_1_430' title='bbox 2252 2639 2456 2694; x_wconf 90' lang='lat' dir='ltr'>decem</span> <span class='ocrx_word' id='word_1_431' title='bbox 2507 2640 2620 2711; x_wconf 75' lang='grc'>(55)</span> <span class='ocrx_word' id='word_1_432' title='bbox 2670 2639 3118 2695; x_wconf 87' lang='lat' dir='ltr'>solemnitatum</span> <span class='ocrx_word' id='word_1_433' title='bbox 3151 2653 3490 2704; x_wconf 88' lang='lat' dir='ltr'>numerum,</span> <span class='ocrx_word' id='word_1_434' title='bbox 3523 2636 3710 2688; x_wconf 84' lang='lat' dir='ltr'>vivifi-</span> 
     </span>
    </p>
   </div>
   <div class='ocr_carea' id='block_1_65' title="bbox 2057 2722 3708 2800">
    <p class='ocr_par' dir='ltr' id='par_1_65' title="bbox 2057 2722 3708 2800">
     <span class='ocr_line' id='line_1_65' title="bbox 2057 2722 3708 2800; baseline -0.004 -17"><span class='ocrx_word' id='word_1_435' title='bbox 2057 2745 2186 2783; x_wconf 91' lang='lat' dir='ltr'>cam</span> <span class='ocrx_word' id='word_1_436' title='bbox 2219 2745 2456 2800; x_wconf 88' lang='lat' dir='ltr'>quoque</span> <span class='ocrx_word' id='word_1_437' title='bbox 2479 2729 2643 2784; x_wconf 89' lang='lat' dir='ltr'>illius</span> <span class='ocrx_word' id='word_1_438' title='bbox 2673 2728 3092 2784; x_wconf 89' lang='lat' dir='ltr'>dormitionem</span> <span class='ocrx_word' id='word_1_439' title='bbox 3116 2726 3512 2784; x_wconf 87' lang='lat' dir='ltr'>celebramus.</span> <span class='ocrx_word' id='word_1_440' title='bbox 3543 2722 3708 2788; x_wconf 89' lang='lat' dir='ltr'>Quod</span> 
     </span>
    </p>
   </div>
   <div class='ocr_carea' id='block_1_66' title="bbox 2055 2813 3706 2888">
    <p class='ocr_par' dir='ltr' id='par_1_66' title="bbox 2055 2813 3706 2888">
     <span class='ocr_line' id='line_1_66' title="bbox 2055 2813 3706 2888; baseline -0.004 -16"><span class='ocrx_word' id='word_1_441' title='bbox 2055 2817 2297 2888; x_wconf 90' lang='lat' dir='ltr'>quidem</span> <span class='ocrx_word' id='word_1_442' title='bbox 2330 2819 2683 2874; x_wconf 64' lang='lat' dir='ltr'>veneranda</span> <span class='ocrx_word' id='word_1_443' title='bbox 2730 2818 2892 2872; x_wconf 90' lang='lat' dir='ltr'>illius</span> <span class='ocrx_word' id='word_1_444' title='bbox 2921 2817 3296 2872; x_wconf 88' lang='lat' dir='ltr'>dormitionis</span> <span class='ocrx_word' id='word_1_445' title='bbox 3326 2815 3543 2870; x_wconf 82' lang='lat' dir='ltr'>festum</span> <span class='ocrx_word' id='word_1_446' title='bbox 3575 2813 3706 2886; x_wconf 81' lang='lat' dir='ltr'>agi-</span> 
     </span>
    </p>
   </div>
   <div class='ocr_carea' id='block_1_67' title="bbox 2053 2905 3708 2979">
    <p class='ocr_par' dir='ltr' id='par_1_67' title="bbox 2053 2905 3708 2979">
     <span class='ocr_line' id='line_1_67' title="bbox 2053 2905 3708 2979; baseline -0.004 -17"><span class='ocrx_word' id='word_1_447' title='bbox 2053 2924 2186 2962; x_wconf 90' lang='lat' dir='ltr'>mus</span> <span class='ocrx_word' id='word_1_448' title='bbox 2246 2913 2304 2962; x_wconf 89' lang='lat' dir='ltr'>et</span> <span class='ocrx_word' id='word_1_449' title='bbox 2360 2925 2467 2962; x_wconf 91' lang='lat' dir='ltr'>nos</span> <span class='ocrx_word' id='word_1_450' title='bbox 2521 2913 2655 2979; x_wconf 88' lang='lat' dir='ltr'>post</span> <span class='ocrx_word' id='word_1_451' title='bbox 2711 2923 3026 2963; x_wconf 88' lang='lat' dir='ltr'>ascensum</span> <span class='ocrx_word' id='word_1_452' title='bbox 3084 2905 3318 2961; x_wconf 89' lang='lat' dir='ltr'>Domini</span> <span class='ocrx_word' id='word_1_453' title='bbox 3351 2905 3539 2958; x_wconf 88' lang='lat' dir='ltr'>nostri</span> <span class='ocrx_word' id='word_1_454' title='bbox 3566 2908 3708 2957; x_wconf 88' lang='lat' dir='ltr'>Jesu</span> 
     </span>
    </p>
   </div>
   <div class='ocr_carea' id='block_1_68' title="bbox 2054 2993 3710 3053">
    <p class='ocr_par' dir='ltr' id='par_1_68' title="bbox 2054 2993 3710 3053">
     <span class='ocr_line' id='line_1_68' title="bbox 2054 2993 3710 3053; baseline -0.004 -1"><span class='ocrx_word' id='word_1_455' title='bbox 2054 2997 2270 3052; x_wconf 89' lang='lat' dir='ltr'>Christi</span> <span class='ocrx_word' id='word_1_456' title='bbox 2329 2999 2390 3052; x_wconf 90' lang='lat' dir='ltr'>in</span> <span class='ocrx_word' id='word_1_457' title='bbox 2448 2998 2662 3053; x_wconf 65' lang='lat' dir='ltr'>malum</span> <span class='ocrx_word' id='word_1_458' title='bbox 2721 3003 2780 3052; x_wconf 91' lang='lat' dir='ltr'>et</span> <span class='ocrx_word' id='word_1_459' title='bbox 2837 2997 3192 3052; x_wconf 88' lang='lat' dir='ltr'>descensum</span> <span class='ocrx_word' id='word_1_460' title='bbox 3253 2993 3616 3050; x_wconf 88' lang='lat' dir='ltr'>sanctissimi</span> <span class='ocrx_word' id='word_1_461' title='bbox 3649 2997 3710 3046; x_wconf 91' lang='lat' dir='ltr'>et</span> 
     </span>
    </p>
   </div>
   <div class='ocr_carea' id='block_1_69' title="bbox 2055 3081 3709 3158">
    <p class='ocr_par' dir='ltr' id='par_1_69' title="bbox 2055 3081 3709 3158">
     <span class='ocr_line' id='line_1_69' title="bbox 2055 3081 3709 3158; baseline -0.002 -19"><span class='ocrx_word' id='word_1_462' title='bbox 2055 3087 2400 3142; x_wconf 83' lang='lat' dir='ltr'>viviﬁcantis</span> <span class='ocrx_word' id='word_1_463' title='bbox 2456 3087 2706 3158; x_wconf 86' lang='lat' dir='ltr'>Spiritus</span> <span class='ocrx_word' id='word_1_464' title='bbox 2766 3087 2828 3141; x_wconf 90' lang='lat' dir='ltr'>in</span> <span class='ocrx_word' id='word_1_465' title='bbox 2886 3086 3091 3140; x_wconf 88' lang='lat' dir='ltr'>beatos</span> <span class='ocrx_word' id='word_1_466' title='bbox 3168 3083 3492 3156; x_wconf 86' lang='lat' dir='ltr'>apostolos,</span> <span class='ocrx_word' id='word_1_467' title='bbox 3549 3081 3709 3152; x_wconf 87' lang='lat' dir='ltr'>quod</span> 
     </span>
    </p>
   </div>
   <div class='ocr_carea' id='block_1_70' title="bbox 2053 3173 3705 3248">
    <p class='ocr_par' dir='ltr' id='par_1_70' title="bbox 2053 3173 3705 3248">
     <span class='ocr_line' id='line_1_70' title="bbox 2053 3173 3705 3248; baseline -0.003 -18"><span class='ocrx_word' id='word_1_468' title='bbox 2053 3181 2423 3246; x_wconf 89' lang='lat' dir='ltr'>postremum</span> <span class='ocrx_word' id='word_1_469' title='bbox 2455 3191 2853 3248; x_wconf 79' lang='lat' dir='ltr'>magnumque</span> <span class='ocrx_word' id='word_1_470' title='bbox 2903 3176 3120 3229; x_wconf 88' lang='lat' dir='ltr'>festum</span> <span class='ocrx_word' id='word_1_471' title='bbox 3175 3173 3531 3246; x_wconf 87' lang='lat' dir='ltr'>appellatur,</span> <span class='ocrx_word' id='word_1_472' title='bbox 3565 3177 3705 3226; x_wconf 88' lang='lat' dir='ltr'>tan-</span> 
     </span>
    </p>
   </div>
   <div class='ocr_carea' id='block_1_71' title="bbox 2053 3261 3710 3337">
    <p class='ocr_par' dir='ltr' id='par_1_71' title="bbox 2053 3261 3710 3337">
     <span class='ocr_line' id='line_1_71' title="bbox 2053 3261 3710 3337; baseline -0.004 -17"><span class='ocrx_word' id='word_1_473' title='bbox 2053 3283 2232 3336; x_wconf 88' lang='lat' dir='ltr'>quam</span> <span class='ocrx_word' id='word_1_474' title='bbox 2265 3266 2425 3337; x_wconf 88' lang='lat' dir='ltr'>quod</span> <span class='ocrx_word' id='word_1_475' title='bbox 2455 3265 2636 3321; x_wconf 83' lang='lat' dir='ltr'>fuerit</span> <span class='ocrx_word' id='word_1_476' title='bbox 2663 3265 2949 3320; x_wconf 88' lang='lat' dir='ltr'>bonitatis</span> <span class='ocrx_word' id='word_1_477' title='bbox 2981 3263 3215 3320; x_wconf 88' lang='lat' dir='ltr'>Domini</span> <span class='ocrx_word' id='word_1_478' title='bbox 3248 3268 3304 3318; x_wconf 91' lang='lat' dir='ltr'>et</span> <span class='ocrx_word' id='word_1_479' title='bbox 3341 3263 3554 3317; x_wconf 65' lang='lat' dir='ltr'>divinae</span> <span class='ocrx_word' id='word_1_480' title='bbox 3586 3261 3710 3315; x_wconf 90' lang='lat' dir='ltr'>dis-</span> 
     </span>
    </p>
   </div>
   <div class='ocr_carea' id='block_1_72' title="bbox 2053 3351 3709 3428">
    <p class='ocr_par' dir='ltr' id='par_1_72' title="bbox 2053 3351 3709 3428">
     <span class='ocr_line' id='line_1_72' title="bbox 2053 3351 3709 3428; baseline -0.004 -17"><span class='ocrx_word' id='word_1_481' title='bbox 2053 3357 2424 3428; x_wconf 89' lang='lat' dir='ltr'>pensationis</span> <span class='ocrx_word' id='word_1_482' title='bbox 2468 3356 2784 3426; x_wconf 89' lang='lat' dir='ltr'>omnisque</span> <span class='ocrx_word' id='word_1_483' title='bbox 2835 3354 3086 3426; x_wconf 72' lang='lat' dir='ltr'>justitiaa</span> <span class='ocrx_word' id='word_1_484' title='bbox 3148 3355 3258 3424; x_wconf 77' lang='grc'>(56)</span> <span class='ocrx_word' id='word_1_485' title='bbox 3304 3351 3709 3423; x_wconf 89' lang='lat' dir='ltr'>complemen-</span> 
     </span>
    </p>
   </div>
   <div class='ocr_carea' id='block_1_73' title="bbox 2053 3449 2203 3501">
    <p class='ocr_par' dir='ltr' id='par_1_73' title="bbox 2053 3449 2203 3501">
     <span class='ocr_line' id='line_1_73' title="bbox 2053 3449 2203 3501; baseline -0.007 -1"><span class='ocrx_word' id='word_1_486' title='bbox 2053 3449 2203 3501; x_wconf 89' lang='lat' dir='ltr'>tum.</span> 
     </span>
    </p>
   </div>
   <div class='ocr_carea' id='block_1_74' title="bbox 2123 3529 3703 3604">
    <p class='ocr_par' dir='ltr' id='par_1_74' title="bbox 2123 3529 3703 3604">
     <span class='ocr_line' id='line_1_74' title="bbox 2123 3529 3703 3604; baseline -0.003 -15"><span class='ocrx_word' id='word_1_487' title='bbox 2123 3537 2279 3600; x_wconf 89' lang='lat' dir='ltr'>Quas</span> <span class='ocrx_word' id='word_1_488' title='bbox 2337 3549 2474 3588; x_wconf 90' lang='lat' dir='ltr'>vero</span> <span class='ocrx_word' id='word_1_489' title='bbox 2525 3531 2796 3604; x_wconf 89' lang='lat' dir='ltr'>superius</span> <span class='ocrx_word' id='word_1_490' title='bbox 2846 3531 3472 3598; x_wconf 87' lang='lat' dir='ltr'>commemoravimus,</span> <span class='ocrx_word' id='word_1_491' title='bbox 3538 3529 3703 3584; x_wconf 85' lang='lat' dir='ltr'>cele—</span> 
     </span>
    </p>
   </div>
   <div class='ocr_carea' id='block_1_75' title="bbox 2050 3618 3704 3694">
    <p class='ocr_par' dir='ltr' id='par_1_75' title="bbox 2050 3618 3704 3694">
     <span class='ocr_line' id='line_1_75' title="bbox 2050 3618 3704 3694; baseline -0.004 -16"><span class='ocrx_word' id='word_1_492' title='bbox 2050 3623 2294 3678; x_wconf 87' lang='lat' dir='ltr'>britates</span> <span class='ocrx_word' id='word_1_493' title='bbox 2348 3623 2576 3694; x_wconf 78' lang='lat' dir='ltr'>agimus</span> <span class='ocrx_word' id='word_1_494' title='bbox 2637 3621 2966 3676; x_wconf 90' lang='lat' dir='ltr'>secundum</span> <span class='ocrx_word' id='word_1_495' title='bbox 3027 3621 3253 3675; x_wconf 86' lang='lat' dir='ltr'>Veteris</span> <span class='ocrx_word' id='word_1_496' title='bbox 3302 3623 3361 3674; x_wconf 90' lang='lat' dir='ltr'>et</span> <span class='ocrx_word' id='word_1_497' title='bbox 3413 3618 3552 3674; x_wconf 88' lang='lat' dir='ltr'>Novi</span> <span class='ocrx_word' id='word_1_498' title='bbox 3593 3619 3704 3672; x_wconf 82' lang='lat' dir='ltr'>Te-</span> 
     </span>
    </p>
   </div>
   <div class='ocr_carea' id='block_1_76' title="bbox 2049 3707 3705 3780">
    <p class='ocr_par' dir='ltr' id='par_1_76' title="bbox 2049 3707 3705 3780">
     <span class='ocr_line' id='line_1_76' title="bbox 2049 3707 3705 3780; baseline -0.003 -13"><span class='ocrx_word' id='word_1_499' title='bbox 2049 3712 2328 3768; x_wconf 89' lang='lat' dir='ltr'>stamenti</span> <span class='ocrx_word' id='word_1_500' title='bbox 2360 3711 2737 3780; x_wconf 75' lang='lat' dir='ltr'>Decalogum.</span> <span class='ocrx_word' id='word_1_501' title='bbox 2785 3711 2923 3764; x_wconf 87' lang='lat' dir='ltr'>Tres</span> <span class='ocrx_word' id='word_1_502' title='bbox 2982 3709 3142 3764; x_wconf 89' lang='lat' dir='ltr'>enim</span> <span class='ocrx_word' id='word_1_503' title='bbox 3205 3713 3343 3763; x_wconf 89' lang='lat' dir='ltr'>sunt</span> <span class='ocrx_word' id='word_1_504' title='bbox 3385 3707 3705 3779; x_wconf 80' lang='lat' dir='ltr'>Decalogo—</span> 
     </span>
    </p>
   </div>
   <div class='ocr_carea' id='block_1_77' title="bbox 2045 3796 3698 3869">
    <p class='ocr_par' dir='ltr' id='par_1_77' title="bbox 2045 3796 3698 3869">
     <span class='ocr_line' id='line_1_77' title="bbox 2045 3796 3698 3869; baseline -0.004 -13"><span class='ocrx_word' id='word_1_505' title='bbox 2045 3818 2181 3856; x_wconf 90' lang='lat' dir='ltr'>rum</span> <span class='ocrx_word' id='word_1_506' title='bbox 2213 3799 2416 3867; x_wconf 89' lang='lat' dir='ltr'>series,</span> <span class='ocrx_word' id='word_1_507' title='bbox 2453 3815 2600 3869; x_wconf 88' lang='lat' dir='ltr'>quas</span> <span class='ocrx_word' id='word_1_508' title='bbox 2657 3815 2692 3853; x_wconf 79' lang='grc' dir='ltr'>θ,</span> <span class='ocrx_word' id='word_1_509' title='bbox 2749 3798 3148 3867; x_wconf 88' lang='lat' dir='ltr'>sanctissima,</span> <span class='ocrx_word' id='word_1_510' title='bbox 3177 3796 3698 3864; x_wconf 83' lang='lat' dir='ltr'>consubstantiali,</span> 
     </span>
    </p>
   </div>
   <div class='ocr_carea' id='block_1_78' title="bbox 2043 3886 3692 3959">
    <p class='ocr_par' dir='ltr' id='par_1_78' title="bbox 2043 3886 3692 3959">
     <span class='ocr_line' id='line_1_78' title="bbox 2043 3886 3692 3959; baseline -0.004 -13"><span class='ocrx_word' id='word_1_511' title='bbox 2043 3891 2374 3946; x_wconf 86' lang='lat' dir='ltr'>viviﬁcante</span> <span class='ocrx_word' id='word_1_512' title='bbox 2406 3894 2584 3959; x_wconf 87' lang='lat' dir='ltr'>atque</span> <span class='ocrx_word' id='word_1_513' title='bbox 2605 3887 2912 3944; x_wconf 88' lang='lat' dir='ltr'>adoranda</span> <span class='ocrx_word' id='word_1_514' title='bbox 2935 3887 3218 3943; x_wconf 86' lang='lat' dir='ltr'>Trinitate</span> <span class='ocrx_word' id='word_1_515' title='bbox 3241 3886 3432 3941; x_wconf 90' lang='lat' dir='ltr'>edocti</span> <span class='ocrx_word' id='word_1_516' title='bbox 3465 3902 3692 3941; x_wconf 87' lang='lat' dir='ltr'>sumus.</span> 
     </span>
    </p>
   </div>
   <div class='ocr_carea' id='block_1_79' title="bbox 2043 3978 3696 4049">
    <p class='ocr_par' dir='ltr' id='par_1_79' title="bbox 2043 3978 3696 4049">
     <span class='ocr_line' id='line_1_79' title="bbox 2043 3978 3696 4049; baseline -0.002 -13"><span class='ocrx_word' id='word_1_517' title='bbox 2043 3981 2243 4036; x_wconf 86' lang='lat' dir='ltr'>Prima</span> <span class='ocrx_word' id='word_1_518' title='bbox 2272 3979 2612 4035; x_wconf 87' lang='lat' dir='ltr'>continetur</span> <span class='ocrx_word' id='word_1_519' title='bbox 2643 3979 2704 4033; x_wconf 93' lang='lat' dir='ltr'>in</span> <span class='ocrx_word' id='word_1_520' title='bbox 2753 3978 2906 4049; x_wconf 74' lang='lat' dir='ltr'>lege,</span> <span class='ocrx_word' id='word_1_521' title='bbox 2941 3979 3141 4048; x_wconf 85' lang='lat' dir='ltr'>Diliges</span> <span class='ocrx_word' id='word_1_522' title='bbox 3202 3982 3494 4034; x_wconf 84' lang='lat' dir='ltr'>Dominum</span> <span class='ocrx_word' id='word_1_523' title='bbox 3525 3979 3696 4032; x_wconf 89' lang='lat' dir='ltr'>Deum</span> 
     </span>
    </p>
   </div>
   <div class='ocr_carea' id='block_1_80' title="bbox 2043 4066 3694 4138">
    <p class='ocr_par' dir='ltr' id='par_1_80' title="bbox 2043 4066 3694 4138">
     <span class='ocr_line' id='line_1_80' title="bbox 2043 4066 3694 4138; baseline -0.004 -12"><span class='ocrx_word' id='word_1_524' title='bbox 2043 4077 2216 4138; x_wconf 88' lang='lat' dir='ltr'>tuum,</span> <span class='ocrx_word' id='word_1_525' title='bbox 2251 4073 2309 4124; x_wconf 89' lang='lat' dir='ltr'>et</span> <span class='ocrx_word' id='word_1_526' title='bbox 2338 4073 2572 4124; x_wconf 69' lang='lat' dir='ltr'>caetera.</span> <span class='ocrx_word' id='word_1_527' title='bbox 2631 4069 2701 4122; x_wconf 91' lang='lat' dir='ltr'>Et</span> <span class='ocrx_word' id='word_1_528' title='bbox 2759 4066 2821 4122; x_wconf 91' lang='lat' dir='ltr'>in</span> <span class='ocrx_word' id='word_1_529' title='bbox 2873 4068 3026 4122; x_wconf 89' lang='lat' dir='ltr'>Novo</span> <span class='ocrx_word' id='word_1_530' title='bbox 3073 4067 3288 4123; x_wconf 88' lang='lat' dir='ltr'>deinde</span> <span class='ocrx_word' id='word_1_531' title='bbox 3319 4070 3694 4123; x_wconf 88' lang='lat' dir='ltr'>Testamento</span> 
     </span>
    </p>
   </div>
   <div class='ocr_carea' id='block_1_81' title="bbox 345 4181 2072 4255">
    <p class='ocr_par' dir='ltr' id='par_1_81' title="bbox 345 4181 2072 4255">
     <span class='ocr_line' id='line_1_81' title="bbox 345 4181 2072 4255; baseline 0.002 -17"><span class='ocrx_word' id='word_1_532' title='bbox 345 4193 365 4223; x_wconf 86' lang='grc' dir='ltr'><strong>ο</strong></span> <span class='ocrx_word' id='word_1_533' title='bbox 393 4181 550 4239; x_wconf 91' lang='lat' dir='ltr'>Psal.</span> <span class='ocrx_word' id='word_1_534' title='bbox 584 4199 745 4254; x_wconf 76' lang='lat' dir='ltr'>xcux,</span> <span class='ocrx_word' id='word_1_535' title='bbox 777 4185 826 4239; x_wconf 86' lang='grc'>1.</span> <span class='ocrx_word' id='word_1_536' title='bbox 856 4181 938 4255; x_wconf 88' lang='lat' dir='ltr'>(p)</span> <span class='ocrx_word' id='word_1_537' title='bbox 970 4183 1098 4240; x_wconf 84' lang='lat' dir='ltr'>Act.</span> <span class='ocrx_word' id='word_1_538' title='bbox 1134 4200 1198 4252; x_wconf 77' lang='grc' dir='ltr'>ιι,</span> <span class='ocrx_word' id='word_1_539' title='bbox 1225 4185 1279 4240; x_wconf 83' lang='grc'>4.</span> <span class='ocrx_word' id='word_1_540' title='bbox 1308 4185 1382 4255; x_wconf 90' lang='lat' dir='ltr'>(q)</span> <span class='ocrx_word' id='word_1_541' title='bbox 1410 4184 1660 4240; x_wconf 87' lang='lat' dir='ltr'>Nahum.</span> <span class='ocrx_word' id='word_1_542' title='bbox 1697 4201 1736 4254; x_wconf 78' lang='grc' dir='ltr'>ι,</span> <span class='ocrx_word' id='word_1_543' title='bbox 1774 4188 1837 4240; x_wconf 76' lang='grc'>15</span> <span class='ocrx_word' id='word_1_544' title='bbox 1866 4204 1880 4253; x_wconf 92' lang='lat'><strong>;</strong></span> <span class='ocrx_word' id='word_1_545' title='bbox 1922 4203 1986 4254; x_wconf 81' lang='grc' dir='ltr'>ιι,</span> <span class='ocrx_word' id='word_1_546' title='bbox 2021 4190 2072 4241; x_wconf 90' lang='grc'><strong>1.</strong></span> 
     </span>
    </p>
   </div>
   <div class='ocr_carea' id='block_1_82' title="bbox 1653 4305 2328 4362">
    <p class='ocr_par' dir='ltr' id='par_1_82' title="bbox 1653 4305 2328 4362">
     <span class='ocr_line' id='line_1_82' title="bbox 1653 4305 2328 4362; baseline 0.006 -6"><span class='ocrx_word' id='word_1_547' title='bbox 1653 4305 1888 4360; x_wconf 66' lang='grc' dir='ltr'>νΑῐίΙίΕ</span> <span class='ocrx_word' id='word_1_548' title='bbox 1927 4306 2222 4362; x_wconf 78' lang='lat' dir='ltr'><strong>LECTION</strong></span> <span class='ocrx_word' id='word_1_549' title='bbox 2227 4307 2328 4360; x_wconf 92' lang='lat' dir='ltr'>ES.</span> 
     </span>
    </p>
   </div>
   <div class='ocr_carea' id='block_1_83' title="bbox 350 4385 3695 4521">
    <p class='ocr_par' dir='ltr' id='par_1_83' title="bbox 350 4385 3695 4521">
     <span class='ocr_line' id='line_1_83' title="bbox 350 4385 3695 4516; baseline 0 -72"><span class='ocrx_word' id='word_1_550' title='bbox 350 4389 394 4424; x_wconf 79' lang='grc'>⁴⁵</span> <span class='ocrx_word' id='word_1_551' title='bbox 423 4389 563 4445; x_wconf 90' lang='lat' dir='ltr'>Cod.</span> <span class='ocrx_word' id='word_1_552' title='bbox 599 4389 770 4455; x_wconf 86' lang='lat' dir='ltr'>Bard,</span> <span class='ocrx_word' id='word_1_553' title='bbox 803 4389 984 4445; x_wconf 84' lang='lat' dir='ltr'>habet</span> <span class='ocrx_word' id='word_1_554' title='bbox 1011 4407 1024 4444; x_wconf 92' lang='lat'><strong><em>:</em></strong></span> <span class='ocrx_word' id='word_1_555' title='bbox 1059 4385 1214 4443; x_wconf 75' lang='grc' dir='ltr'>οὐδὲν</span> <span class='ocrx_word' id='word_1_556' title='bbox 1245 4387 1349 4516; x_wconf 78' lang='grc' dir='ltr'>γὰρ</span> <span class='ocrx_word' id='word_1_557' title='bbox 1383 4391 1534 4466; x_wconf 75' lang='grc' dir='ltr'>εἶχον</span> <span class='ocrx_word' id='word_1_558' title='bbox 1567 4390 1736 4445; x_wconf 77' lang='grc' dir='ltr'>εἰπεῖν</span> <span class='ocrx_word' id='word_1_559' title='bbox 1761 4388 1942 4467; x_wconf 71' lang='grc' dir='ltr'>ἕτερον</span> <span class='ocrx_word' id='word_1_560' title='bbox 1975 4393 2011 4462; x_wconf 75' lang='grc' dir='ltr'><strong>ἢ</strong></span> <span class='ocrx_word' id='word_1_561' title='bbox 2044 4393 2132 4447; x_wconf 85' lang='grc' dir='ltr'>αἷσ</span> <span class='ocrx_word' id='word_1_562' title='bbox 2183 4392 2456 4470; x_wconf 84' lang='grc' dir='ltr'>ρολογίαν,</span> <span class='ocrx_word' id='word_1_563' title='bbox 2491 4393 2544 4447; x_wconf 76' lang='grc' dir='ltr'>αἱ</span> <span class='ocrx_word' id='word_1_564' title='bbox 2577 4390 3076 4447; x_wconf 81' lang='grc' dir='ltr'>συναπελθοῦσαι...</span> <span class='ocrx_word' id='word_1_565' title='bbox 3112 4397 3171 4446; x_wconf 85' lang='lat' dir='ltr'>at</span> <span class='ocrx_word' id='word_1_566' title='bbox 3202 4407 3412 4447; x_wconf 85' lang='lat' dir='ltr'>sensus</span> <span class='ocrx_word' id='word_1_567' title='bbox 3451 4406 3695 4462; x_wconf 83' lang='lat' dir='ltr'>prorsus</span> 
     </span>
     <span class='ocr_line' id='line_1_84' title="bbox 355 4413 3692 4521; baseline 0 -3"><span class='ocrx_word' id='word_1_568' title='bbox 355 4461 566 4518; x_wconf 90' lang='lat' dir='ltr'>surdus</span> <span class='ocrx_word' id='word_1_569' title='bbox 593 4467 768 4517; x_wconf 87' lang='lat' dir='ltr'>esset.</span> <span class='ocrx_word' id='word_1_570' title='bbox 803 4461 948 4516; x_wconf 72' lang='lat' dir='ltr'>Caes.</span> <span class='ocrx_word' id='word_1_571' title='bbox 983 4463 1049 4517; x_wconf 85' lang='lat' dir='ltr'>A.</span> <span class='ocrx_word' id='word_1_572' title='bbox 1083 4479 1217 4517; x_wconf 88' lang='lat' dir='ltr'>vero</span> <span class='ocrx_word' id='word_1_573' title='bbox 1267 4463 1464 4519; x_wconf 73' lang='lat' dir='ltr'>labet:</span> <span class='ocrx_word' id='word_1_574' title='bbox 1499 4462 1590 4518; x_wconf 83' lang='grc' dir='ltr'>καὶ</span> <span class='ocrx_word' id='word_1_575' title='bbox 1620 4464 1721 4521; x_wconf 71' lang='grc' dir='ltr'>γὰρ</span> <span class='ocrx_word' id='word_1_576' title='bbox 1755 4465 1905 4521; x_wconf 78' lang='grc' dir='ltr'>εἷγον</span> <span class='ocrx_word' id='word_1_577' title='bbox 1941 4465 2110 4520; x_wconf 83' lang='grc' dir='ltr'>εἰπεῖν</span> <span class='ocrx_word' id='word_1_578' title='bbox 2137 4413 2338 4521; x_wconf 55' lang='grc' dir='ltr'>ξτέοων</span> <span class='ocrx_word' id='word_1_579' title='bbox 2371 4465 2782 4521; x_wconf 75' lang='grc' dir='ltr'>αἷσνοολογιῶν</span> <span class='ocrx_word' id='word_1_580' title='bbox 2816 4465 2870 4517; x_wconf 75' lang='grc' dir='ltr'>αἱ</span> <span class='ocrx_word' id='word_1_581' title='bbox 2900 4464 3178 4521; x_wconf 73' lang='grc' dir='ltr'>παρθένοι·</span> <span class='ocrx_word' id='word_1_582' title='bbox 3202 4463 3292 4516; x_wconf 85' lang='grc' dir='ltr'>καὶ</span> <span class='ocrx_word' id='word_1_583' title='bbox 3320 4459 3692 4521; x_wconf 80' lang='grc' dir='ltr'>συναπελθού·</span> 
     </span>
    </p>
   </div>
   <div class='ocr_carea' id='block_1_84' title="bbox 282 4461 2110 4540">
    <p class='ocr_par' dir='ltr' id='par_1_84' title="bbox 282 4461 2110 4540">
     <span class='ocr_line' id='line_1_85' title="bbox 282 4461 2110 4540; baseline 0.002 -23"><span class='ocrx_word' id='word_1_584' title='bbox 282 4461 566 4518; x_wconf 81' lang='lat' dir='ltr'>absurdus</span> <span class='ocrx_word' id='word_1_585' title='bbox 593 4467 768 4517; x_wconf 87' lang='lat' dir='ltr'>esset.</span> <span class='ocrx_word' id='word_1_586' title='bbox 803 4461 948 4516; x_wconf 72' lang='lat' dir='ltr'>Caes.</span> <span class='ocrx_word' id='word_1_587' title='bbox 983 4463 1228 4540; x_wconf 10' lang='lat' dir='ltr'>A.rvero_</span> <span class='ocrx_word' id='word_1_588' title='bbox 1253 4461 1473 4540; x_wconf 54' lang='lat' dir='ltr'>habet?</span> <span class='ocrx_word' id='word_1_589' title='bbox 1499 4462 1590 4540; x_wconf 78' lang='grc' dir='ltr'>καὶ</span> <span class='ocrx_word' id='word_1_590' title='bbox 1617 4464 1721 4540; x_wconf 70' lang='grc' dir='ltr'>γὰρ</span> <span class='ocrx_word' id='word_1_591' title='bbox 1755 4461 1905 4540; x_wconf 78' lang='grc' dir='ltr'>εἶχον</span> <span class='ocrx_word' id='word_1_592' title='bbox 1941 4461 2110 4520; x_wconf 82' lang='grc' dir='ltr'>εἰπεῖν</span> 
     </span>
    </p>
   </div>
   <div class='ocr_carea' id='block_1_85' title="bbox 2171 4459 3692 4540">
    <p class='ocr_par' dir='ltr' id='par_1_85' title="bbox 2171 4459 3692 4540">
     <span class='ocr_line' id='line_1_86' title="bbox 2171 4459 3692 4540; baseline -0.005 -20"><span class='ocrx_word' id='word_1_593' title='bbox 2171 4459 2342 4540; x_wconf 63' lang='grc' dir='ltr'>τέρων</span> <span class='ocrx_word' id='word_1_594' title='bbox 2371 4459 2782 4540; x_wconf 73' lang='grc' dir='ltr'>αἷσχρολογιῶν</span> <span class='ocrx_word' id='word_1_595' title='bbox 2816 4465 2870 4517; x_wconf 74' lang='grc' dir='ltr'>αἱ</span> <span class='ocrx_word' id='word_1_596' title='bbox 2900 4464 3178 4540; x_wconf 80' lang='grc' dir='ltr'>παρθένοι·</span> <span class='ocrx_word' id='word_1_597' title='bbox 3202 4463 3292 4516; x_wconf 85' lang='grc' dir='ltr'>καὶ</span> <span class='ocrx_word' id='word_1_598' title='bbox 3320 4459 3692 4540; x_wconf 46' lang='grc' dir='ltr'>συναπελθ-ού-</span> 
     </span>
    </p>
   </div>
   <div class='ocr_carea' id='block_1_86' title="bbox 285 4523 3698 4624">
    <p class='ocr_par' dir='ltr' id='par_1_86' title="bbox 285 4523 3698 4624">
     <span class='ocr_line' id='line_1_87' title="bbox 285 4523 3698 4624; baseline 0.001 -38"><span class='ocrx_word' id='word_1_599' title='bbox 285 4553 451 4624; x_wconf 42' lang='grc' dir='ltr'>Ξαιζ...</span> <span class='ocrx_word' id='word_1_600' title='bbox 486 4549 626 4624; x_wconf 61' lang='lat' dir='ltr'>quae</span> <span class='ocrx_word' id='word_1_601' title='bbox 649 4549 892 4624; x_wconf 60' lang='lat' dir='ltr'>sensum</span> <span class='ocrx_word' id='word_1_602' title='bbox 924 4535 1150 4615; x_wconf 79' lang='lat' dir='ltr'>pariter</span> <span class='ocrx_word' id='word_1_603' title='bbox 1178 4535 1502 4624; x_wconf 68' lang='lat' dir='ltr'>absurdum</span> <span class='ocrx_word' id='word_1_604' title='bbox 1535 4523 1780 4624; x_wconf 76' lang='lat' dir='ltr'>habent.</span> <span class='ocrx_word' id='word_1_605' title='bbox 1806 4523 2026 4624; x_wconf 48' lang='lat' dir='ltr'>“ﬁCaas.</span> <span class='ocrx_word' id='word_1_606' title='bbox 2051 4542 2156 4624; x_wconf 33' lang='lat' dir='ltr'>lA.‘</span> <span class='ocrx_word' id='word_1_607' title='bbox 2190 4523 2626 4624; x_wconf 48' lang='lat' dir='ltr'>mendoseh‘bic</span> <span class='ocrx_word' id='word_1_608' title='bbox 2661 4523 2850 4624; x_wconf 60' lang='lat' dir='ltr'>habet</span> <span class='ocrx_word' id='word_1_609' title='bbox 2879 4523 3038 4624; x_wconf 60' lang='grc' dir='ltr'>αύτῆξ</span> <span class='ocrx_word' id='word_1_610' title='bbox 3074 4542 3130 4590; x_wconf 92' lang='lat' dir='ltr'>et</span> <span class='ocrx_word' id='word_1_611' title='bbox 3159 4537 3446 4624; x_wconf 63' lang='lat' dir='ltr'>mendose</span> <span class='ocrx_word' id='word_1_612' title='bbox 3477 4535 3698 4624; x_wconf 47' lang='lat' dir='ltr'>pagiter</span> 
     </span>
    </p>
   </div>
   <div class='ocr_carea' id='block_1_87' title="bbox 273 4605 2322 4681">
    <p class='ocr_par' dir='ltr' id='par_1_87' title="bbox 273 4605 2322 4681">
     <span class='ocr_line' id='line_1_88' title="bbox 273 4605 2322 4681; baseline 0.002 -20"><span class='ocrx_word' id='word_1_613' title='bbox 273 4605 674 4681; x_wconf 57' lang='lat' dir='ltr'>Barb._u61§o&#39;i;.</span> <span class='ocrx_word' id='word_1_614' title='bbox 707 4606 1028 4681; x_wconf 65' lang='lat' dir='ltr'>contextus</span> <span class='ocrx_word' id='word_1_615' title='bbox 1057 4605 1237 4679; x_wconf 78' lang='lat' dir='ltr'>exigit</span> <span class='ocrx_word' id='word_1_616' title='bbox 1267 4605 1477 4681; x_wconf 67' lang='grc' dir='ltr'>αὐταῖς,</span> <span class='ocrx_word' id='word_1_617' title='bbox 1513 4615 1580 4664; x_wconf 91' lang='lat' dir='ltr'>ut</span> <span class='ocrx_word' id='word_1_618' title='bbox 1605 4611 1805 4681; x_wconf 89' lang='lat' dir='ltr'>reipsa</span> <span class='ocrx_word' id='word_1_619' title='bbox 1836 4611 1980 4666; x_wconf 65' lang='lat' dir='ltr'>Caes.</span> <span class='ocrx_word' id='word_1_620' title='bbox 2033 4613 2098 4666; x_wconf 79' lang='grc' dir='ltr'>Α.</span> <span class='ocrx_word' id='word_1_621' title='bbox 2143 4612 2322 4666; x_wconf 89' lang='lat' dir='ltr'>habet</span> 
     </span>
    </p>
   </div>
   <div class='ocr_carea' id='block_1_88' title="bbox 2377 4605 3696 4683">
    <p class='ocr_par' dir='ltr' id='par_1_88' title="bbox 2377 4605 3696 4683">
     <span class='ocr_line' id='line_1_89' title="bbox 2377 4605 3696 4683; baseline -0.005 -18"><span class='ocrx_word' id='word_1_622' title='bbox 2377 4611 2554 4683; x_wconf 89' lang='lat' dir='ltr'>paulo</span> <span class='ocrx_word' id='word_1_623' title='bbox 2613 4611 2788 4683; x_wconf 76' lang='lat' dir='ltr'>infra,</span> <span class='ocrx_word' id='word_1_624' title='bbox 2825 4609 2940 4683; x_wconf 81' lang='lat' dir='ltr'>ubi</span> <span class='ocrx_word' id='word_1_625' title='bbox 2971 4605 3176 4683; x_wconf 80' lang='lat' dir='ltr'>rursus</span> <span class='ocrx_word' id='word_1_626' title='bbox 3209 4607 3376 4683; x_wconf 83' lang='lat' dir='ltr'>Barb.</span> <span class='ocrx_word' id='word_1_627' title='bbox 3413 4605 3696 4683; x_wconf 66' lang='lat' dir='ltr'>mendose</span> 
     </span>
    </p>
   </div>
   <div class='ocr_carea' id='block_1_89' title="bbox 287 4675 3696 4754">
    <p class='ocr_par' dir='ltr' id='par_1_89' title="bbox 287 4675 3696 4754">
     <span class='ocr_line' id='line_1_90' title="bbox 287 4675 3696 4754; baseline -0.001 -21"><span class='ocrx_word' id='word_1_628' title='bbox 287 4675 718 4754; x_wconf 60' lang='lat' dir='ltr'>repetitgﬁtpic.</span> <span class='ocrx_word' id='word_1_629' title='bbox 751 4677 793 4711; x_wconf 69' lang='grc'><strong>⁸⁷</strong></span> <span class='ocrx_word' id='word_1_630' title='bbox 830 4676 1086 4754; x_wconf 68' lang='grc' dir='ltr'>Ἑτέρων,</span> <span class='ocrx_word' id='word_1_631' title='bbox 1135 4675 1294 4754; x_wconf 60' lang='grc' dir='ltr'>(ξιιοά</span> <span class='ocrx_word' id='word_1_632' title='bbox 1344 4675 1512 4754; x_wconf 81' lang='lat' dir='ltr'>abest</span> <span class='ocrx_word' id='word_1_633' title='bbox 1556 4697 1590 4737; x_wconf 90' lang='lat' dir='ltr'>a</span> <span class='ocrx_word' id='word_1_634' title='bbox 1639 4675 1832 4754; x_wconf 77' lang='lat' dir='ltr'>Barb.,</span> <span class='ocrx_word' id='word_1_635' title='bbox 1887 4682 2228 4754; x_wconf 79' lang='lat' dir='ltr'>suppletum</span> <span class='ocrx_word' id='word_1_636' title='bbox 2289 4675 2557 4739; x_wconf 47' lang='lat' dir='ltr'>ex-Caes.</span> <span class='ocrx_word' id='word_1_637' title='bbox 2595 4685 2660 4736; x_wconf 87' lang='lat' dir='ltr'>A.</span> <span class='ocrx_word' id='word_1_638' title='bbox 2693 4675 2871 4754; x_wconf 16' lang='grc' dir='ltr'>ιθγΓάρ</span> <span class='ocrx_word' id='word_1_639' title='bbox 2905 4681 3494 4754; x_wconf 69' lang='lat' dir='ltr'>cum_Cazs._A.,nam</span> <span class='ocrx_word' id='word_1_640' title='bbox 3525 4677 3696 4754; x_wconf 68' lang='lat' dir='ltr'>Barb.</span> 
     </span>
    </p>
   </div>
   <div class='ocr_carea' id='block_1_90' title="bbox 291 4748 3692 4829">
    <p class='ocr_par' dir='ltr' id='par_1_90' title="bbox 291 4748 3692 4829">
     <span class='ocr_line' id='line_1_91' title="bbox 291 4748 3692 4829; baseline 0 -28"><span class='ocrx_word' id='word_1_641' title='bbox 291 4748 469 4829; x_wconf 41' lang='lat'>969,.”</span> <span class='ocrx_word' id='word_1_642' title='bbox 503 4749 670 4806; x_wconf 85' lang='lat' dir='ltr'>Barb.</span> <span class='ocrx_word' id='word_1_643' title='bbox 733 4748 964 4806; x_wconf 54' lang='lat' dir='ltr'>mend.&#39;</span> <span class='ocrx_word' id='word_1_644' title='bbox 993 4748 1382 4824; x_wconf 75' lang='grc' dir='ltr'>χριστότητος.</span> <span class='ocrx_word' id='word_1_645' title='bbox 1433 4752 1479 4788; x_wconf 76' lang='grc' dir='ltr'>⁸ο</span> <span class='ocrx_word' id='word_1_646' title='bbox 1540 4753 1735 4808; x_wconf 87' lang='lat' dir='ltr'>Mend.</span> <span class='ocrx_word' id='word_1_647' title='bbox 1795 4748 1979 4808; x_wconf 55' lang='lat' dir='ltr'>Barbf</span> <span class='ocrx_word' id='word_1_648' title='bbox 2003 4748 2235 4808; x_wconf 81' lang='grc' dir='ltr'>’δωδέκα</span> <span class='ocrx_word' id='word_1_649' title='bbox 2287 4755 2437 4829; x_wconf 85' lang='lat' dir='ltr'>(sic).</span> <span class='ocrx_word' id='word_1_650' title='bbox 2472 4755 2511 4790; x_wconf 83' lang='lat'><strong>&quot;</strong></span> <span class='ocrx_word' id='word_1_651' title='bbox 2547 4755 2658 4809; x_wconf 88' lang='lat' dir='ltr'>Leo</span> <span class='ocrx_word' id='word_1_652' title='bbox 2685 4748 2939 4808; x_wconf 79' lang='lat' dir='ltr'>Allatius</span> <span class='ocrx_word' id='word_1_653' title='bbox 2971 4751 3150 4808; x_wconf 88' lang='lat' dir='ltr'>habet</span> <span class='ocrx_word' id='word_1_654' title='bbox 3186 4750 3344 4822; x_wconf 81' lang='grc' dir='ltr'>ἅπερ,</span> <span class='ocrx_word' id='word_1_655' title='bbox 3385 4749 3514 4806; x_wconf 93' lang='lat' dir='ltr'>cod.</span> <span class='ocrx_word' id='word_1_656' title='bbox 3548 4751 3692 4803; x_wconf 80' lang='lat' dir='ltr'>Caes.</span> 
     </span>
    </p>
   </div>
   <div class='ocr_carea' id='block_1_91' title="bbox 286 4819 576 4897">
    <p class='ocr_par' dir='ltr' id='par_1_91' title="bbox 286 4819 576 4897">
     <span class='ocr_line' id='line_1_92' title="bbox 286 4819 576 4897; baseline -0.01 -18"><span class='ocrx_word' id='word_1_657' title='bbox 286 4825 343 4879; x_wconf 84' lang='lat' dir='ltr'>A.</span> <span class='ocrx_word' id='word_1_658' title='bbox 376 4819 576 4897; x_wconf 84' lang='grc' dir='ltr'>ὥσπερ.</span> 
     </span>
    </p>
   </div>
   <div class='ocr_carea' id='block_1_92' title="bbox 1874 4917 2097 4972">
    <p class='ocr_par' dir='ltr' id='par_1_92' title="bbox 1874 4917 2097 4972">
     <span class='ocr_line' id='line_1_93' title="bbox 1874 4917 2097 4972; baseline 0 -1"><span class='ocrx_word' id='word_1_659' title='bbox 1874 4917 2097 4972; x_wconf 67' lang='lat' dir='ltr'>NOTAE.</span> 
     </span>
    </p>
   </div>
   <div class='ocr_carea' id='block_1_93' title="bbox 344 5017 3693 5102">
    <p class='ocr_par' dir='ltr' id='par_1_93' title="bbox 344 5017 3693 5102">
     <span class='ocr_line' id='line_1_94' title="bbox 344 5017 3693 5102; baseline -0 -22"><span class='ocrx_word' id='word_1_660' title='bbox 344 5027 446 5102; x_wconf 78' lang='grc'>(54)</span> <span class='ocrx_word' id='word_1_661' title='bbox 479 5027 661 5102; x_wconf 87' lang='lat' dir='ltr'>_Paulo</span> <span class='ocrx_word' id='word_1_662' title='bbox 693 5025 868 5102; x_wconf 79' lang='lat' dir='ltr'>aliter</span> <span class='ocrx_word' id='word_1_663' title='bbox 914 5027 1070 5102; x_wconf 67' lang='lat' dir='ltr'>Caes.</span> <span class='ocrx_word' id='word_1_664' title='bbox 1105 5027 1164 5102; x_wconf 80' lang='grc' dir='ltr'><strong>ᾼ.</strong></span> <span class='ocrx_word' id='word_1_665' title='bbox 1200 5033 1274 5096; x_wconf 86' lang='grc' dir='ltr'>Δῆ</span> <span class='ocrx_word' id='word_1_666' title='bbox 1333 5028 1587 5102; x_wconf 81' lang='lat' dir='ltr'>(scilicet</span> <span class='ocrx_word' id='word_1_667' title='bbox 1616 5024 1720 5098; x_wconf 85' lang='grc' dir='ltr'>δεῖ)</span> <span class='ocrx_word' id='word_1_668' title='bbox 1751 5029 1844 5082; x_wconf 79' lang='grc' dir='ltr'>οὗν</span> <span class='ocrx_word' id='word_1_669' title='bbox 1873 5026 1926 5083; x_wconf 85' lang='grc' dir='ltr'>έν</span> <span class='ocrx_word' id='word_1_670' title='bbox 1957 5017 2004 5081; x_wconf 86' lang='grc' dir='ltr'>Ι)</span> <span class='ocrx_word' id='word_1_671' title='bbox 2037 5031 2292 5087; x_wconf 82' lang='lat' dir='ltr'>Allatius</span> <span class='ocrx_word' id='word_1_672' title='bbox 2325 5031 2386 5086; x_wconf 92' lang='lat' dir='ltr'>in</span> <span class='ocrx_word' id='word_1_673' title='bbox 2417 5031 2772 5102; x_wconf 72' lang='lat' dir='ltr'>fragmento,</span> <span class='ocrx_word' id='word_1_674' title='bbox 2835 5031 3004 5102; x_wconf 77' lang='lat' dir='ltr'>cujus</span> <span class='ocrx_word' id='word_1_675' title='bbox 3065 5031 3124 5085; x_wconf 91' lang='lat' dir='ltr'>in</span> <span class='ocrx_word' id='word_1_676' title='bbox 3169 5029 3384 5084; x_wconf 90' lang='lat' dir='ltr'>Monito</span> <span class='ocrx_word' id='word_1_677' title='bbox 3415 5025 3693 5102; x_wconf 61' lang='lat' dir='ltr'>meminif</span> 
     </span>
    </p>
   </div>
   <div class='ocr_carea' id='block_1_94' title="bbox 283 5095 1924 5171">
    <p class='ocr_par' dir='ltr' id='par_1_94' title="bbox 283 5095 1924 5171">
     <span class='ocr_line' id='line_1_95' title="bbox 283 5095 1924 5171; baseline 0.004 -22"><span class='ocrx_word' id='word_1_678' title='bbox 283 5100 386 5171; x_wconf 78' lang='grc' dir='ltr'>ταῖς</span> <span class='ocrx_word' id='word_1_679' title='bbox 413 5095 584 5171; x_wconf 74' lang='grc' dir='ltr'>θείαις</span> <span class='ocrx_word' id='word_1_680' title='bbox 640 5095 730 5149; x_wconf 82' lang='grc' dir='ltr'>καὶ</span> <span class='ocrx_word' id='word_1_681' title='bbox 795 5095 1058 5171; x_wconf 77' lang='grc' dir='ltr'>μεγάλαις</span> <span class='ocrx_word' id='word_1_682' title='bbox 1115 5095 1348 5171; x_wconf 69' lang='grc' dir='ltr'>ἑορταῖς</span> <span class='ocrx_word' id='word_1_683' title='bbox 1387 5099 1477 5153; x_wconf 85' lang='grc' dir='ltr'>καὶ</span> <span class='ocrx_word' id='word_1_684' title='bbox 1534 5099 1629 5161; x_wconf 73' lang='grc' dir='ltr'>τὰς</span> <span class='ocrx_word' id='word_1_685' title='bbox 1661 5095 1762 5168; x_wconf 74' lang='grc' dir='ltr'>τῆς</span> <span class='ocrx_word' id='word_1_686' title='bbox 1791 5122 1924 5155; x_wconf 83' lang='grc' dir='ltr'>παν-</span> 
     </span>
    </p>
   </div>
   <div class='ocr_carea' id='block_1_95' title="bbox 285 5167 1923 5243">
    <p class='ocr_par' dir='ltr' id='par_1_95' title="bbox 285 5167 1923 5243">
     <span class='ocr_line' id='line_1_96' title="bbox 285 5167 1923 5243; baseline 0.003 -22"><span class='ocrx_word' id='word_1_687' title='bbox 285 5167 422 5243; x_wconf 76' lang='grc' dir='ltr'>αγίας</span> <span class='ocrx_word' id='word_1_688' title='bbox 448 5169 540 5222; x_wconf 76' lang='grc' dir='ltr'>καὶ</span> <span class='ocrx_word' id='word_1_689' title='bbox 569 5167 928 5243; x_wconf 79' lang='grc' dir='ltr'>πανυμνήτὸυ</span> <span class='ocrx_word' id='word_1_690' title='bbox 978 5167 1280 5243; x_wconf 79' lang='grc' dir='ltr'>Δεσποίνης</span> <span class='ocrx_word' id='word_1_691' title='bbox 1311 5172 1471 5243; x_wconf 78' lang='grc' dir='ltr'>ἡμῶν</span> <span class='ocrx_word' id='word_1_692' title='bbox 1503 5167 1794 5243; x_wconf 75' lang='grc' dir='ltr'>Θεοτόκου,</span> <span class='ocrx_word' id='word_1_693' title='bbox 1827 5176 1923 5242; x_wconf 73' lang='grc' dir='ltr'>τῆς</span> 
     </span>
    </p>
   </div>
   <div class='ocr_carea' id='block_1_96' title="bbox 291 5237 1923 5317">
    <p class='ocr_par' dir='ltr' id='par_1_96' title="bbox 291 5237 1923 5317">
     <span class='ocr_line' id='line_1_97' title="bbox 291 5237 1923 5317; baseline 0.001 -21"><span class='ocrx_word' id='word_1_694' title='bbox 291 5237 492 5317; x_wconf 73' lang='grc' dir='ltr'>ἰλπίδος</span> <span class='ocrx_word' id='word_1_695' title='bbox 573 5240 758 5317; x_wconf 69' lang='grc' dir='ltr'>ᾑμζον,</span> <span class='ocrx_word' id='word_1_696' title='bbox 845 5237 1250 5317; x_wconf 55' lang='grc' dir='ltr'>πανηγυρίζεινλ</span> <span class='ocrx_word' id='word_1_697' title='bbox 1330 5237 1466 5317; x_wconf 58' lang='grc' dir='ltr'>αὐτὴ</span> <span class='ocrx_word' id='word_1_698' title='bbox 1528 5243 1632 5317; x_wconf 77' lang='grc' dir='ltr'>γὰρ</span> <span class='ocrx_word' id='word_1_699' title='bbox 1689 5237 1831 5298; x_wconf 79' lang='grc' dir='ltr'>ἐστιν</span> <span class='ocrx_word' id='word_1_700' title='bbox 1882 5237 1923 5313; x_wconf 64' lang='grc' dir='ltr'>’ἠ</span> 
     </span>
    </p>
   </div>
   <div class='ocr_carea' id='block_1_97' title="bbox 291 5261 1922 5387">
    <p class='ocr_par' dir='ltr' id='par_1_97' title="bbox 291 5261 1922 5387">
     <span class='ocr_line' id='line_1_98' title="bbox 291 5261 1922 5366; baseline 0.001 -70"><span class='ocrx_word' id='word_1_701' title='bbox 291 5261 492 5303; x_wconf 80' lang='grc' dir='ltr'>ιΛπιοος</span> <span class='ocrx_word' id='word_1_702' title='bbox 573 5261 758 5310; x_wconf 87' lang='grc' dir='ltr'>ημων,</span> <span class='ocrx_word' id='word_1_703' title='bbox 845 5261 1250 5366; x_wconf 74' lang='grc' dir='ltr'>πανηγυριςειν·</span> <span class='ocrx_word' id='word_1_704' title='bbox 1330 5261 1466 5310; x_wconf 86' lang='grc' dir='ltr'>αυτη</span> <span class='ocrx_word' id='word_1_705' title='bbox 1528 5263 1632 5317; x_wconf 88' lang='grc' dir='ltr'>γαρ</span> <span class='ocrx_word' id='word_1_706' title='bbox 1689 5261 1831 5298; x_wconf 87' lang='grc' dir='ltr'>εστιν</span> <span class='ocrx_word' id='word_1_707' title='bbox 1888 5261 1922 5313; x_wconf 81' lang='grc' dir='ltr'>η</span> 
     </span>
     <span class='ocr_line' id='line_1_99' title="bbox 291 5309 1922 5387; baseline 0.002 -20"><span class='ocrx_word' id='word_1_708' title='bbox 291 5311 511 5387; x_wconf 67' lang='grc' dir='ltr'>σωτηρία</span> <span class='ocrx_word' id='word_1_709' title='bbox 562 5313 724 5387; x_wconf 79' lang='grc' dir='ltr'>ἡμῶν</span> <span class='ocrx_word' id='word_1_710' title='bbox 778 5309 868 5387; x_wconf 60' lang='grc' dir='ltr'>καί</span> <span class='ocrx_word' id='word_1_711' title='bbox 959 5311 1054 5365; x_wconf 87' lang='grc' dir='ltr'>ἀντ</span> <span class='ocrx_word' id='word_1_712' title='bbox 1083 5311 1292 5387; x_wconf 64' lang='grc' dir='ltr'>ληψιςΔ</span> <span class='ocrx_word' id='word_1_713' title='bbox 1345 5315 1419 5376; x_wconf 89' lang='grc' dir='ltr'>ὡς</span> <span class='ocrx_word' id='word_1_714' title='bbox 1476 5317 1780 5387; x_wconf 66' lang='grc' dir='ltr'>γεννήσασα</span> <span class='ocrx_word' id='word_1_715' title='bbox 1829 5317 1922 5371; x_wconf 87' lang='grc' dir='ltr'>τὸν</span> 
     </span>
    </p>
   </div>
   <div class='ocr_carea' id='block_1_98' title="bbox 292 5382 1924 5458">
    <p class='ocr_par' dir='ltr' id='par_1_98' title="bbox 292 5382 1924 5458">
     <span class='ocr_line' id='line_1_100' title="bbox 292 5382 1924 5458; baseline 0.004 -20"><span class='ocrx_word' id='word_1_716' title='bbox 292 5382 464 5458; x_wconf 79' lang='grc' dir='ltr'>Κύριον</span> <span class='ocrx_word' id='word_1_717' title='bbox 522 5383 612 5436; x_wconf 86' lang='grc' dir='ltr'>καὶ</span> <span class='ocrx_word' id='word_1_718' title='bbox 670 5382 910 5458; x_wconf 72' lang='grc' dir='ltr'>ποιητὴν</span> <span class='ocrx_word' id='word_1_719' title='bbox 971 5388 1068 5458; x_wconf 62' lang='grc' dir='ltr'>τού</span> <span class='ocrx_word' id='word_1_720' title='bbox 1121 5382 1342 5444; x_wconf 82' lang='grc' dir='ltr'>παντός.</span> <span class='ocrx_word' id='word_1_721' title='bbox 1427 5382 1784 5451; x_wconf 63' lang='grc' dir='ltr'>Οιὶαηιόὸνείηι</span> <span class='ocrx_word' id='word_1_722' title='bbox 1866 5392 1924 5444; x_wconf 80' lang='lat' dir='ltr'>in</span> 
     </span>
    </p>
   </div>
   <div class='ocr_carea' id='block_1_99' title="bbox 289 5455 1924 5527">
    <p class='ocr_par' dir='ltr' id='par_1_99' title="bbox 289 5455 1924 5527">
     <span class='ocr_line' id='line_1_101' title="bbox 289 5455 1924 5527; baseline 0.002 -14"><span class='ocrx_word' id='word_1_723' title='bbox 289 5455 479 5527; x_wconf 74' lang='lat' dir='ltr'>magnis</span> <span class='ocrx_word' id='word_1_724' title='bbox 530 5455 970 5524; x_wconf 83' lang='lat' dir='ltr'>solemnibusque</span> <span class='ocrx_word' id='word_1_725' title='bbox 1022 5457 1214 5514; x_wconf 87' lang='lat' dir='ltr'>diebus</span> <span class='ocrx_word' id='word_1_726' title='bbox 1263 5465 1478 5527; x_wconf 73' lang='lat' dir='ltr'>oportet</span> <span class='ocrx_word' id='word_1_727' title='bbox 1531 5461 1730 5515; x_wconf 82' lang='lat' dir='ltr'>habere</span> <span class='ocrx_word' id='word_1_728' title='bbox 1760 5463 1924 5516; x_wconf 81' lang='lat' dir='ltr'>etiam</span> 
     </span>
    </p>
   </div>
   <div class='ocr_carea' id='block_1_100' title="bbox 287 5529 1926 5608">
    <p class='ocr_par' dir='ltr' id='par_1_100' title="bbox 287 5529 1926 5608">
     <span class='ocr_line' id='line_1_102' title="bbox 287 5529 1926 5608; baseline 0.003 -23"><span class='ocrx_word' id='word_1_729' title='bbox 287 5533 594 5608; x_wconf 72' lang='lat' dir='ltr'>festivitates</span> <span class='ocrx_word' id='word_1_730' title='bbox 612 5529 979 5608; x_wconf 42' lang='lat' dir='ltr'>sanctissima</span> <span class='ocrx_word' id='word_1_731' title='bbox 1013 5534 1180 5608; x_wconf 73' lang='lat' dir='ltr'>atque</span> <span class='ocrx_word' id='word_1_732' title='bbox 1211 5532 1359 5584; x_wconf 85' lang='lat' dir='ltr'>omni</span> <span class='ocrx_word' id='word_1_733' title='bbox 1390 5531 1552 5586; x_wconf 85' lang='lat' dir='ltr'>laude</span> <span class='ocrx_word' id='word_1_734' title='bbox 1580 5532 1926 5608; x_wconf 65' lang='lat' dir='ltr'>dignissimae</span> 
     </span>
    </p>
   </div>
   <div class='ocr_carea' id='block_1_101' title="bbox 289 5600 1925 5673">
    <p class='ocr_par' dir='ltr' id='par_1_101' title="bbox 289 5600 1925 5673">
     <span class='ocr_line' id='line_1_103' title="bbox 289 5600 1925 5673; baseline 0 -14"><span class='ocrx_word' id='word_1_735' title='bbox 289 5600 470 5671; x_wconf 66' lang='lat' dir='ltr'>regina:</span> <span class='ocrx_word' id='word_1_736' title='bbox 501 5607 724 5666; x_wconf 66' lang='lat' dir='ltr'>nostrae,</span> <span class='ocrx_word' id='word_1_737' title='bbox 759 5601 856 5652; x_wconf 85' lang='lat' dir='ltr'>Dei</span> <span class='ocrx_word' id='word_1_738' title='bbox 912 5600 1130 5665; x_wconf 82' lang='lat' dir='ltr'>Matris,</span> <span class='ocrx_word' id='word_1_739' title='bbox 1186 5619 1248 5656; x_wconf 89' lang='lat' dir='ltr'>ac</span> <span class='ocrx_word' id='word_1_740' title='bbox 1305 5609 1505 5657; x_wconf 75' lang='lat' dir='ltr'>nostra:</span> <span class='ocrx_word' id='word_1_741' title='bbox 1533 5607 1666 5673; x_wconf 83' lang='lat' dir='ltr'>spei.</span> <span class='ocrx_word' id='word_1_742' title='bbox 1703 5607 1925 5660; x_wconf 87' lang='lat' dir='ltr'>Etenim</span> 
     </span>
    </p>
   </div>
   <div class='ocr_carea' id='block_1_102' title="bbox 289 5673 1924 5747">
    <p class='ocr_par' dir='ltr' id='par_1_102' title="bbox 289 5673 1924 5747">
     <span class='ocr_line' id='line_1_104' title="bbox 289 5673 1924 5747; baseline 0.001 -18"><span class='ocrx_word' id='word_1_743' title='bbox 289 5678 390 5746; x_wconf 84' lang='lat' dir='ltr'>ipsa</span> <span class='ocrx_word' id='word_1_744' title='bbox 419 5679 494 5727; x_wconf 87' lang='lat' dir='ltr'>est</span> <span class='ocrx_word' id='word_1_745' title='bbox 522 5673 891 5747; x_wconf 75' lang='lat' dir='ltr'>salusnostra</span> <span class='ocrx_word' id='word_1_746' title='bbox 941 5677 992 5725; x_wconf 85' lang='lat' dir='ltr'>et</span> <span class='ocrx_word' id='word_1_747' title='bbox 1051 5673 1368 5743; x_wconf 85' lang='lat' dir='ltr'>opitulatio,</span> <span class='ocrx_word' id='word_1_748' title='bbox 1427 5676 1632 5745; x_wconf 82' lang='lat' dir='ltr'>quippe</span> <span class='ocrx_word' id='word_1_749' title='bbox 1661 5692 1782 5747; x_wconf 70' lang='lat' dir='ltr'>quae</span> <span class='ocrx_word' id='word_1_750' title='bbox 1817 5677 1924 5731; x_wconf 88' lang='lat' dir='ltr'>Do—</span> 
     </span>
    </p>
   </div>
   <div class='ocr_carea' id='block_1_103' title="bbox 291 5745 1565 5815">
    <p class='ocr_par' dir='ltr' id='par_1_103' title="bbox 291 5745 1565 5815">
     <span class='ocr_line' id='line_1_105' title="bbox 291 5745 1565 5815; baseline 0.002 -16"><span class='ocrx_word' id='word_1_751' title='bbox 291 5745 480 5804; x_wconf 78' lang='lat' dir='ltr'>minum</span> <span class='ocrx_word' id='word_1_752' title='bbox 511 5750 562 5797; x_wconf 86' lang='lat' dir='ltr'>et</span> <span class='ocrx_word' id='word_1_753' title='bbox 593 5745 850 5815; x_wconf 78' lang='lat' dir='ltr'>Opiﬁcem</span> <span class='ocrx_word' id='word_1_754' title='bbox 877 5759 1062 5798; x_wconf 80' lang='lat' dir='ltr'>rerum</span> <span class='ocrx_word' id='word_1_755' title='bbox 1088 5747 1332 5800; x_wconf 88' lang='lat' dir='ltr'>omnium</span> <span class='ocrx_word' id='word_1_756' title='bbox 1353 5749 1565 5815; x_wconf 82' lang='lat' dir='ltr'>genuit.</span> 
     </span>
    </p>
   </div>
   <div class='ocr_carea' id='block_1_104' title="bbox 348 5814 1924 5892">
    <p class='ocr_par' dir='ltr' id='par_1_104' title="bbox 348 5814 1924 5892">
     <span class='ocr_line' id='line_1_106' title="bbox 348 5814 1924 5892; baseline 0.004 -22"><span class='ocrx_word' id='word_1_757' title='bbox 348 5817 451 5888; x_wconf 80' lang='grc'>(55)</span> <span class='ocrx_word' id='word_1_758' title='bbox 509 5815 680 5871; x_wconf 89' lang='lat' dir='ltr'>Barb.</span> <span class='ocrx_word' id='word_1_759' title='bbox 739 5814 905 5883; x_wconf 91' lang='lat' dir='ltr'>Cod.,</span> <span class='ocrx_word' id='word_1_760' title='bbox 967 5821 1024 5870; x_wconf 91' lang='lat' dir='ltr'>et</span> <span class='ocrx_word' id='word_1_761' title='bbox 1082 5833 1152 5872; x_wconf 83' lang='lat' dir='ltr'>ex</span> <span class='ocrx_word' id='word_1_762' title='bbox 1211 5814 1480 5890; x_wconf 26' lang='lat' dir='ltr'>ipso’(ut</span> <span class='ocrx_word' id='word_1_763' title='bbox 1529 5819 1781 5892; x_wconf 87' lang='lat' dir='ltr'>videtur)</span> <span class='ocrx_word' id='word_1_764' title='bbox 1811 5821 1924 5878; x_wconf 82' lang='lat' dir='ltr'>Leo</span> 
     </span>
    </p>
   </div>
   <div class='ocr_carea' id='block_1_105' title="bbox 2037 5098 3698 5172">
    <p class='ocr_par' dir='ltr' id='par_1_105' title="bbox 2037 5098 3698 5172">
     <span class='ocr_line' id='line_1_107' title="bbox 2037 5098 3698 5172; baseline -0.005 -13"><span class='ocrx_word' id='word_1_765' title='bbox 2037 5120 2193 5172; x_wconf 89' lang='lat' dir='ltr'>mus,</span> <span class='ocrx_word' id='word_1_766' title='bbox 2231 5103 2452 5172; x_wconf 86' lang='lat' dir='ltr'>habent</span> <span class='ocrx_word' id='word_1_767' title='bbox 2499 5098 2806 5164; x_wconf 81' lang='lat' dir='ltr'>duodecim,</span> <span class='ocrx_word' id='word_1_768' title='bbox 2870 5098 3079 5156; x_wconf 77' lang='grc' dir='ltr'>δῶδεκα</span> <span class='ocrx_word' id='word_1_769' title='bbox 3108 5120 3120 5156; x_wconf 94' lang='lat'><strong>:</strong></span> <span class='ocrx_word' id='word_1_770' title='bbox 3153 5109 3214 5156; x_wconf 88' lang='lat' dir='ltr'>at</span> <span class='ocrx_word' id='word_1_771' title='bbox 3242 5103 3386 5156; x_wconf 73' lang='lat' dir='ltr'>Caes.</span> <span class='ocrx_word' id='word_1_772' title='bbox 3421 5102 3484 5154; x_wconf 84' lang='lat' dir='ltr'>A.</span> <span class='ocrx_word' id='word_1_773' title='bbox 3520 5098 3698 5153; x_wconf 87' lang='lat' dir='ltr'>habet</span> 
     </span>
    </p>
   </div>
   <div class='ocr_carea' id='block_1_106' title="bbox 2037 5171 3698 5245">
    <p class='ocr_par' dir='ltr' id='par_1_106' title="bbox 2037 5171 3698 5245">
     <span class='ocr_line' id='line_1_108' title="bbox 2037 5171 3698 5245; baseline -0.005 -14"><span class='ocrx_word' id='word_1_774' title='bbox 2037 5171 2242 5240; x_wconf 87' lang='lat' dir='ltr'>decem,</span> <span class='ocrx_word' id='word_1_775' title='bbox 2276 5171 2422 5242; x_wconf 73' lang='grc' dir='ltr'>δέκα,</span> <span class='ocrx_word' id='word_1_776' title='bbox 2457 5181 2514 5230; x_wconf 89' lang='lat' dir='ltr'>et</span> <span class='ocrx_word' id='word_1_777' title='bbox 2543 5191 2788 5245; x_wconf 87' lang='lat' dir='ltr'>prorsus</span> <span class='ocrx_word' id='word_1_778' title='bbox 2841 5175 3284 5245; x_wconf 70' lang='lat' dir='ltr'>congruentius.</span> <span class='ocrx_word' id='word_1_779' title='bbox 3319 5175 3463 5226; x_wconf 85' lang='lat' dir='ltr'>Nam</span> <span class='ocrx_word' id='word_1_780' title='bbox 3491 5176 3698 5225; x_wconf 87' lang='lat' dir='ltr'>auctor</span> 
     </span>
    </p>
   </div>
   <div class='ocr_carea' id='block_1_107' title="bbox 2035 5245 3693 5316">
    <p class='ocr_par' dir='ltr' id='par_1_107' title="bbox 2035 5245 3693 5316">
     <span class='ocr_line' id='line_1_109' title="bbox 2035 5245 3693 5316; baseline -0.004 -14"><span class='ocrx_word' id='word_1_781' title='bbox 2035 5247 2382 5303; x_wconf 84' lang='lat' dir='ltr'>festivitates</span> <span class='ocrx_word' id='word_1_782' title='bbox 2409 5247 2686 5316; x_wconf 89' lang='lat' dir='ltr'>superius</span> <span class='ocrx_word' id='word_1_783' title='bbox 2710 5263 3197 5313; x_wconf 87' lang='lat' dir='ltr'>enumerans,eas</span> <span class='ocrx_word' id='word_1_784' title='bbox 3215 5246 3420 5299; x_wconf 85' lang='lat' dir='ltr'>decem</span> <span class='ocrx_word' id='word_1_785' title='bbox 3445 5245 3693 5309; x_wconf 84' lang='lat' dir='ltr'>dixerat,</span> 
     </span>
    </p>
   </div>
   <div class='ocr_carea' id='block_1_108' title="bbox 2035 5317 3693 5389">
    <p class='ocr_par' dir='ltr' id='par_1_108' title="bbox 2035 5317 3693 5389">
     <span class='ocr_line' id='line_1_110' title="bbox 2035 5317 3693 5389; baseline -0.004 -15"><span class='ocrx_word' id='word_1_786' title='bbox 2035 5337 2156 5374; x_wconf 91' lang='lat' dir='ltr'>non</span> <span class='ocrx_word' id='word_1_787' title='bbox 2189 5325 2386 5374; x_wconf 84' lang='lat' dir='ltr'>autem</span> <span class='ocrx_word' id='word_1_788' title='bbox 2448 5319 2783 5373; x_wconf 89' lang='lat' dir='ltr'>duodecim.</span> <span class='ocrx_word' id='word_1_789' title='bbox 2845 5318 2910 5372; x_wconf 91' lang='lat' dir='ltr'>Id</span> <span class='ocrx_word' id='word_1_790' title='bbox 2964 5319 3162 5389; x_wconf 89' lang='lat' dir='ltr'>ipsum</span> <span class='ocrx_word' id='word_1_791' title='bbox 3205 5317 3445 5388; x_wconf 78' lang='lat' dir='ltr'>exigunt</span> <span class='ocrx_word' id='word_1_792' title='bbox 3475 5321 3534 5369; x_wconf 90' lang='lat' dir='ltr'>et</span> <span class='ocrx_word' id='word_1_793' title='bbox 3563 5331 3693 5384; x_wconf 67' lang='lat' dir='ltr'>quas</span> 
     </span>
    </p>
   </div>
   <div class='ocr_carea' id='block_1_109' title="bbox 2036 5389 3067 5461">
    <p class='ocr_par' dir='ltr' id='par_1_109' title="bbox 2036 5389 3067 5461">
     <span class='ocr_line' id='line_1_111' title="bbox 2036 5389 3067 5461; baseline -0.002 -15"><span class='ocrx_word' id='word_1_794' title='bbox 2036 5391 2250 5446; x_wconf 89' lang='lat' dir='ltr'>deinde</span> <span class='ocrx_word' id='word_1_795' title='bbox 2281 5390 2620 5446; x_wconf 88' lang='lat' dir='ltr'>subduntur</span> <span class='ocrx_word' id='word_1_796' title='bbox 2653 5389 2722 5442; x_wconf 92' lang='lat' dir='ltr'>de</span> <span class='ocrx_word' id='word_1_797' title='bbox 2762 5389 3067 5461; x_wconf 77' lang='lat' dir='ltr'>Deealogo.</span> 
     </span>
    </p>
   </div>
   <div class='ocr_carea' id='block_1_110' title="bbox 2109 5453 3691 5534">
    <p class='ocr_par' dir='ltr' id='par_1_110' title="bbox 2109 5453 3691 5534">
     <span class='ocr_line' id='line_1_112' title="bbox 2109 5453 3691 5534; baseline -0.001 -18"><span class='ocrx_word' id='word_1_798' title='bbox 2109 5464 2219 5534; x_wconf 79' lang='grc'>(56)</span> <span class='ocrx_word' id='word_1_799' title='bbox 2251 5466 2332 5517; x_wconf 84' lang='lat' dir='ltr'><strong>Ex</strong></span> <span class='ocrx_word' id='word_1_800' title='bbox 2363 5464 2508 5516; x_wconf 70' lang='lat' dir='ltr'>Cms.</span> <span class='ocrx_word' id='word_1_801' title='bbox 2541 5464 2609 5534; x_wconf 66' lang='grc' dir='ltr'>Αἷ</span> <span class='ocrx_word' id='word_1_802' title='bbox 2635 5453 3042 5534; x_wconf 73' lang='lat' dir='ltr'>supplevimiis</span> <span class='ocrx_word' id='word_1_803' title='bbox 3074 5453 3691 5534; x_wconf 36' lang='lat' dir='ltr'>vocemMSmaioqévnc,</span> 
     </span>
    </p>
   </div>
   <div class='ocr_carea' id='block_1_111' title="bbox 2036 5529 3690 5604">
    <p class='ocr_par' dir='ltr' id='par_1_111' title="bbox 2036 5529 3690 5604">
     <span class='ocr_line' id='line_1_113' title="bbox 2036 5529 3690 5604; baseline -0.006 -16"><span class='ocrx_word' id='word_1_804' title='bbox 2036 5529 2168 5604; x_wconf 66' lang='lat' dir='ltr'>qua}</span> <span class='ocrx_word' id='word_1_805' title='bbox 2191 5529 2224 5590; x_wconf 72' lang='grc' dir='ltr'>ἐι</span> <span class='ocrx_word' id='word_1_806' title='bbox 2249 5535 2416 5589; x_wconf 85' lang='lat' dir='ltr'>Barb.</span> <span class='ocrx_word' id='word_1_807' title='bbox 2448 5529 2897 5588; x_wconf 51' lang='lat' dir='ltr'>excideratLHoc</span> <span class='ocrx_word' id='word_1_808' title='bbox 2924 5533 3222 5596; x_wconf 87' lang='lat' dir='ltr'>codice,ut</span> <span class='ocrx_word' id='word_1_809' title='bbox 3243 5531 3388 5604; x_wconf 85' lang='lat' dir='ltr'>alias</span> <span class='ocrx_word' id='word_1_810' title='bbox 3411 5529 3690 5604; x_wconf 80' lang='lat' dir='ltr'>diximus,</span> 
     </span>
    </p>
   </div>
   <div class='ocr_carea' id='block_1_112' title="bbox 2035 5599 3692 5676">
    <p class='ocr_par' dir='ltr' id='par_1_112' title="bbox 2035 5599 3692 5676">
     <span class='ocr_line' id='line_1_114' title="bbox 2035 5599 3692 5676; baseline -0.005 -16"><span class='ocrx_word' id='word_1_811' title='bbox 2035 5599 2178 5662; x_wconf 79' lang='lat' dir='ltr'>usus</span> <span class='ocrx_word' id='word_1_812' title='bbox 2203 5608 2314 5661; x_wconf 88' lang='lat' dir='ltr'>Leo</span> <span class='ocrx_word' id='word_1_813' title='bbox 2339 5605 2612 5676; x_wconf 81' lang='lat' dir='ltr'>Allatius,</span> <span class='ocrx_word' id='word_1_814' title='bbox 2638 5605 2712 5676; x_wconf 85' lang='lat' dir='ltr'>ad</span> <span class='ocrx_word' id='word_1_815' title='bbox 2735 5621 2862 5659; x_wconf 89' lang='lat' dir='ltr'>rem</span> <span class='ocrx_word' id='word_1_816' title='bbox 2886 5603 3358 5676; x_wconf 67' lang='lat' dir='ltr'>componendam</span> <span class='ocrx_word' id='word_1_817' title='bbox 3382 5599 3692 5676; x_wconf 77' lang='lat' dir='ltr'>conjunxit</span> 
     </span>
    </p>
   </div>
   <div class='ocr_carea' id='block_1_113' title="bbox 2033 5669 3692 5748">
    <p class='ocr_par' dir='ltr' id='par_1_113' title="bbox 2033 5669 3692 5748">
     <span class='ocr_line' id='line_1_115' title="bbox 2033 5669 3692 5748; baseline -0.004 -19"><span class='ocrx_word' id='word_1_818' title='bbox 2033 5677 2212 5746; x_wconf 74' lang='grc' dir='ltr'>πάσης</span> <span class='ocrx_word' id='word_1_819' title='bbox 2246 5695 2380 5733; x_wconf 91' lang='lat' dir='ltr'>cum</span> <span class='ocrx_word' id='word_1_820' title='bbox 2412 5669 2746 5748; x_wconf 77' lang='grc' dir='ltr'>οἰκονομίας,</span> <span class='ocrx_word' id='word_1_821' title='bbox 2773 5683 2832 5731; x_wconf 90' lang='lat' dir='ltr'>at</span> <span class='ocrx_word' id='word_1_822' title='bbox 2853 5669 3052 5748; x_wconf 76' lang='lat' dir='ltr'>minus</span> <span class='ocrx_word' id='word_1_823' title='bbox 3083 5675 3354 5748; x_wconf 67' lang='lat' dir='ltr'>feliciter,</span> <span class='ocrx_word' id='word_1_824' title='bbox 3380 5669 3520 5748; x_wconf 79' lang='lat' dir='ltr'>quia</span> <span class='ocrx_word' id='word_1_825' title='bbox 3551 5669 3692 5748; x_wconf 78' lang='lat' dir='ltr'>dum</span> 
     </span>
    </p>
   </div>
   <div class='ocr_carea' id='block_1_114' title="bbox 2034 5743 3690 5820">
    <p class='ocr_par' dir='ltr' id='par_1_114' title="bbox 2034 5743 3690 5820">
     <span class='ocr_line' id='line_1_116' title="bbox 2034 5743 3690 5820; baseline -0.004 -16"><span class='ocrx_word' id='word_1_826' title='bbox 2034 5743 2254 5806; x_wconf 86' lang='lat' dir='ltr'>retinet</span> <span class='ocrx_word' id='word_1_827' title='bbox 2283 5743 2773 5820; x_wconf 78' lang='lat' dir='ltr'>coniunctionem</span> <span class='ocrx_word' id='word_1_828' title='bbox 2803 5747 2914 5817; x_wconf 83' lang='grc' dir='ltr'>καὶ,</span> <span class='ocrx_word' id='word_1_829' title='bbox 2945 5746 3100 5803; x_wconf 87' lang='lat' dir='ltr'>haud</span> <span class='ocrx_word' id='word_1_830' title='bbox 3135 5747 3404 5818; x_wconf 79' lang='lat' dir='ltr'>exiguam</span> <span class='ocrx_word' id='word_1_831' title='bbox 3441 5745 3558 5798; x_wconf 85' lang='lat' dir='ltr'>vim</span> <span class='ocrx_word' id='word_1_832' title='bbox 3593 5743 3690 5798; x_wconf 91' lang='lat' dir='ltr'>in-</span> 
     </span>
    </p>
   </div>
   <div class='ocr_carea' id='block_1_115' title="bbox 2033 5821 2429 5895">
    <p class='ocr_par' dir='ltr' id='par_1_115' title="bbox 2033 5821 2429 5895">
     <span class='ocr_line' id='line_1_117' title="bbox 2033 5821 2429 5895; baseline 0 -17"><span class='ocrx_word' id='word_1_833' title='bbox 2033 5821 2150 5878; x_wconf 88' lang='lat' dir='ltr'>fert</span> <span class='ocrx_word' id='word_1_834' title='bbox 2175 5823 2429 5895; x_wconf 84' lang='lat' dir='ltr'>syntaxi.</span> 
     </span>
    </p>
   </div>
  </div>
