4074 6404
291 399 428 456 1501

1029 553 1370 560 m.

1395 409 1640 466 SERMO
1675 411 1752 464 IN
1789 408 2110 466 SANCPOB
2145 406 2620 464 INNOCENTES.

1805 553 2024 562 Μ

3577 407 3717 464 1502

3285 531 3687 544 m-

3287 549 3686 562 —.———-o————-—n—

3071 553 3278 561 —-—..—_—

2271 554 2558 562 η--ρ-μ-ν

2027 555 2140 562 ψ..
2157 555 2230 560 ___

417 659 996 760 ΙΩΑΝΝΟΥ
1078 665 1692 764 ΜΟΝΑΧΟΥ
1769 667 1986 763 ΚΑΙ
2066 663 2980 763 ΠΡΕΣΒΥΤΕΡΟΥ
3059 665 3598 761 ΕΥΒΟΙΑΣ

837 837 928 894 ΛΟ
941 838 1066 894 ΓΟΣ

1133 839 1245 895 ΕΙΣ
1301 845 1394 894 ΤΑ
1451 843 1616 897 ΔΓΙΑ
1673 843 1896 898 ΝΗΙῙῘΑ
1955 841 2048 896 ΤΑ
2103 845 2190 893 ΕΝ
2249 839 2584 895 ΒῘΙΘΛΕΕΜ
2639 837 3132 894 ΛΝΑΙΡΕΘΕΝΤΑ

1613 968 1734 1023 ΚΑΙ
1789 967 1902 1022 ΕΙΣ
1963 967 2102 1022 ΤΗΝ
2155 967 2390 1022 ΡΑΧΙΙΑ

429 1227 963 1327 JOANNIS
1019 1233 1612 1329 MONACHI
1677 1235 1840 1330 ET
1910 1233 2730 1329 PRESBYTERI
2799 1233 3555 1328 EUBCEENSIS

716 1396 950 1454 SERMO
989 1399 1063 1454 IN
1095 1399 1192 1454 SS.
1235 1401 1670 1454 INNOCENTES
1709 1402 1778 1454 ΙΝ
1821 1401 2194 1456 BETHLEEM
2245 1400 2719 1455 INTERFECTOS
2761 1400 2846 1452 ET
2887 1401 2957 1454 ΙΝ
2999 1399 3280 1454 BACHEL

1472 1525 1623 1584 (Anc.
1653 1525 1772 1585 MAI,
1809 1523 1888 1574 Cl.
1915 1525 2068 1574 Auct.
2119 1528 2158 1584 t,
2205 1523 2269 1582 Χ,
2303 1539 2354 1588 p.
2387 1525 2520 1584 570.)

355 1765 420 1822 α’.
459 1767 624 1838 [Cod.
661 1785 717 1838 p.
749 1768 808 1820 21
853 1769 928 1838 b.]
985 1765 1156 1823 Πάλιν
1214 1770 1241 1823 6
1301 1768 1471 1832 τάλας
1531 1767 1640 1845 ἐγὼ
1679 1771 1771 1825 τὸν
1801 1774 1913 1824 voi'n

2117 1773 2181 1826 In
2201 1771 2502 1827 Bethleem
2522 1773 2738 1827 iterum
2761 1787 2864 1842 ego
2889 1771 3072 1825 miser
3091 1770 3360 1825 animum
3379 1769 3691 1824 intendere

275 1851 370 1908 ἐπὶ
427 1855 527 1922 τήν
589 1855 842 1928 Βηθλεὲμ
899 1855 1184 1912 έκπετάσαι
1251 1857 1548 1934 βούλομαι,
1601 1859 1692 1913 καὶ
1750 1858 1818 1914 τὰ
1875 1859 1928 1914 έν

271 1941 414 2015 αὐτῇ
446 1940 532 1996 ἐπὶ
565 1939 816 2015 ἸΙρώδου
845 1947 942 1997 τοῦ
1001 1943 1364 2000 παιδοκτόνου
1417 1946 1750 2022 παρανόμως
1781 1945 1930 2002 ἐκτε-

273 2030 533 2087 λεσθέντα
555 2035 626 2104 τῇ
659 2030 838 2104 έννοίᾳ
891 2039 990 2102 τῆς
1052 2036 1282 2098 θεωρίας
1341 2033 1768 2108 πηλιτειόσομαι
1802 2034 1930 2112 δόγ-

277 2143 442 2195 ματα.
513 2118 700 2178 Φόϐου
758 2123 860 2200 γὰρ
916 2124 1006 2178 καὶ
1065 2122 1312 2196 δακρύων
1360 2129 1395 2196 ἡ
1454 2127 1682 2196 τοια-Ζιτη
1743 2123 1932 2196 ἔρευνα

269 2212 450 2286 γέμει·
486 2211 586 2266 οὐκ
631 2211 888 2288 ἡμετέρῳ
942 2209 1122 2291 φόϐῳ,
1155 2213 1301 2272 ἀλλά
1351 2221 1458 2270 τῶν
1491 2216 1614 2271 τότε
1649 2217 1926 2292 μητέρων,

269 2305 382 2356 τῶν
429 2301 708 2376 μακαρίων
743 2302 964 2358 ἐκείνων
1012 2301 1246 2375 παίδων,
1296 2306 1370 2360 ὧν
1403 2307 1431 2360 6
1462 2303 1717 2379 Ἡρώδης
1749 2309 1924 2376 ζητῶν

268 2390 363 2444 τὸν
417 2391 742 2465 γεννηθέντα
833 2391 1081 2466 βασιλέα,
1165 2393 1296 2457 τοὺς
1359 2392 1529 2468 μηδὲν
1591 2394 1926 2464 ἠδικηκότας

267 2477 488 2548 παῖδας,
549 2481 730 2555 ἄωρος
786 2477 987 2543 ἀδίκως
1058 2479 1296 2557 δρέπάνη
1359 2483 1688 2558 έξεθέρησεν,
1750 2489 1926 2540 Τοῦτο

267 2570 374 2642 γάρ
410 2591 520 2640 μου
548 2570 641 2624 τὸν
673 2573 796 2624 νοῦν
847 2572 1240 2646 προετρέψατο,
1289 2575 1378 2628 καὶ
1429 2575 1502 2635 ὡς
1533 2572 1584 2628 έν
1615 2573 1926 2652 ὀφθαλμοῖς

269 2656 478 2731 ἀρτίως
537 2659 650 2732 ὁρῶ
701 2659 792 2712 τὸν
846 2660 1164 2734 παράνομον
1224 2659 1474 2736 Ἡρώδην
1519 2662 1806 2735 μεμηνότα
1833 2663 1924 2716 καὶ

273 2747 618 2822 σκυθρωπὸν,
677 2745 762 2801 έπῖ
810 2752 908 2802 τοῦ
965 2746 1154 2804 ἀδίκου
1205 2749 1370 2806 αὐτοῦ
1402 2751 1596 2826 θρόνου
1626 2753 1922 2825 καθεζόμε-

267 2855 383 2902 νον,
434 2836 524 2890 καί
579 2834 838 2898 πλείονος
889 2837 1074 2914 ξίφους
1131 2839 1230 2908 τὴν
1282 2840 1481 2894 τούτου
1527 2837 1754 2914 καρδίαν
1783 2842 1922 2910 ἠκοο

265 2947 334 2995 νη
347 2927 534 2997 μένην,
563 2926 654 2980 καὶ
687 2927 824 3000 πρὸς
867 2926 1154 3002 ἀνταρσίαν
1202 2927 1654 3002 εὐτρεπιζόμενον
1685 2933 1782 2984 τοῦ
1811 2932 1919 2986 Βα-

265 3013 468 3076 σιλέως
500 3019 606 3070 τῶν
666 3015 1068 3092 βασιλευόντων
1121 3018 1212 3072 καὶ
1270 3017 1468 3092 Κυρίου
1500 3023 1609 3073 τῶν
1639 3017 1918 3092 κυριευόν-

2041 1859 2402 1931 volo,ibique
2425 1861 2618 1916 edicta
2637 1860 2709 1916 ab
2733 1860 3051 1914 infantium
3075 1859 3452 1914 interfectore
3473 1857 3702 1912 Herode

2033 1950 2216 2020 impie
2257 1950 2376 2005 lata
2427 1949 2616 2004 vivida
2665 1950 3032 2020 expositione
3065 1955 3292 2003 notare.
3337 1948 3570 2002 Timore
3611 1951 3704 2002 et-

2041 2039 2202 2094 enim
2219 2039 2567 2110 etlacrymis
2581 2039 2758 2110 plena
2771 2045 2860 2094 est
2873 2039 3007 2093 talis
3021 2037 3561 2110 indagatio,timore
3573 2053 3696 2090 non

2041 2133 2265 2194 nostro,
2315 2128 2417 2182 sed
2450 2129 2690 2182 illorum
2725 2127 3034 2182 beatorum
3065 2127 3402 2192 infantium,
3432 2129 3694 2180 matrum

2041 2231 2296 2284 quarum
2321 2216 2669 2270 innocentes
2689 2232 2905 2287 pueros
2927 2215 3158 2287 gladius
3183 2215 3400 2286 injuste
3422 2214 3693 2281 messuit,

2040 2319 2176 2358 cum
2203 2311 2410 2360 natum
2443 2321 2640 2376 regem
2675 2311 2968 2375 quaareret
3009 2305 3287 2359 Herodes.
3323 2305 3440 2358 lloc
3473 2304 3696 2359 etenim

2039 2393 2308 2448 animum
2343 2410 2540 2448 meum
2595 2394 2948 2464 provocavit,
3010 2399 3068 2448 et
3125 2394 3294 2463 quasi
3327 2393 3514 2448 oculis
3545 2393 3698 2448 meis

2035 2481 2204 2538 video
2237 2483 2488 2554 impium
2523 2483 2814 2537 Herodem
2865 2483 3266 2536 insanientem
3297 2482 3578 2552 vultuque
3607 2485 3697 2536 te-

2037 2572 2208 2638 trico,
2241 2572 2446 2642 iniquo
2481 2573 2694 2627 throno
2737 2571 3122 2639 insidentem,
3157 2577 3215 2626 et
3243 2571 3448 2626 multis
3477 2570 3690 2642 gladiis

2035 2659 2212 2716 corde
2235 2661 3058 2732 exagitato,festinantemque
3083 2667 3289 2716 contra
3311 2659 3694 2715 insurrectio-

2035 2766 2172 2804 nem
2205 2750 2379 2822 Regis
2421 2767 2626 2822 regum
2687 2755 2746 2804 et
2799 2750 3030 2805 Domini
3086 2750 3548 2816 dominantium,
3583 2765 3692 2818 per

2033 2855 2210 2909 quem
2227 2855 2394 2910 reges
2415 2845 2671 2910 regnant
2693 2845 2752 2893 et
2767 2839 3064 2910 principes
3085 2845 3256 2893 terra)
3273 2839 3684 2893 dominantur.

2033 2930 2156 2982 Non
2183 2928 2484 2982 Bethleem
2503 2927 2700 2994 modo,
2727 2927 2832 2983 sed
2855 2934 2914 2982 et
2939 2927 3267 2983 Jerusalem
3295 2927 3682 2982 turbaverunt

2032 3017 2357 3088 impiorum
2405 3017 2707 3072 calumnia
2748 3017 3108 3082 Judazorum,
3161 3023 3220 3071 et
3275 3015 3680 3072 inimicissimi

263 3125 399 3174 των,
461 3101 532 3158 δι’
589 3105 650 3159 οὗ
729 3103 974 3180 βασιλεῖς
1062 3105 1465 3182 βασιλεύουσιν,
1521 3109 1610 3162 καὶ
1668 3107 1913 3180 τύραννοι

2033 3105 2618 3176 prwvaricatorisque
2651 3106 2896 3160 Herodis
2935 3105 3120 3161 furor.
3151 3109 3471 3176 Postquam
3501 3105 3681 3176 igitur

262 3197 526 3268 κρατοῦσι
557 3197 682 3268 γῆς.
714 3195 776 3248 Ἦ
809 3190 1044 3264 διαϐολὴ
1103 3197 1206 3272 γὰρ
1264 3201 1369 3251 τῶν
1415 3197 1749 3273 παρανόμων
1781 3199 1922 3255 Ἰου-

264 3280 460 3350 δαίων,
519 3283 610 3338 καὶ
665 3284 693 3338 6
743 3284 914 3357 θυμὸς
985 3289 1084 3339 τοῦ
1157 3285 1414 3361 ἐχθίστου
1463 3285 1556 3342 καὶ
1613 3287 1920 3343 ἀποστάτου

259 3367 534 3445 ἹΙρώδου,
568 3371 631 3426 οὗ
694 3373 858 3445 μόνον
910 3373 1011 3442 τὴν
1068 3375 1348 3448 Βηθλεεμ,
1391 3372 1538 3430 ἀλλᾶ
1566 3375 1656 3430 καὶ
1684 3377 1784 3446 τὴν
1817 3377 1918 3432 Ἰε-

258 3458 559 3537 ρουσαλὴμ
613 3459 972 3536 έμόχλευσεν.
1031 3463 1283 3520 ”Οτιοῦν
1335 3465 1362 3520 6
1413 3461 1654 3528 δείλαιος
1715 3463 1917 3528 ἐκεῖνος

257 3547 558 3625 ἐνεπαίχθη
646 3551 748 3604 ὑπὸ
807 3555 916 3606 τῶν
999 3556 1180 3630 σοφῶν
1269 3554 1496 3628 Μάγων,
1565 3553 1772 3628 ίλιγγιᾷ
1825 3557 1916 3610 καὶ

257 3635 612 3712 ἀλλοιοῦται,
665 3637 980 3713 ταράττεται
1045 3645 1114 3714 τῇ
1178 3645 1386 3718 μορφῇ,
1445 3642 1534 3695 καὶ
1593 3645 1662 3716 τῇ
1721 3640 1918 3718 καρδίᾳ

255 3726 460 3798 Bst/uir
523 3727 804 3804 ῥητορεύει
865 3729 998 3804 πρὸς
1053 3729 1180 3792 τοὺς
1241 3729 1538 3806 ἀρχιερεῖς,
1569 3731 1662 3786 καὶ
1693 3753 1916 3809 φρατρι-

255 3818 376 3886 άζει
439 3816 572 3890 μετᾶ
627 3821 736 3872 τῶν
801 3821 1139 3894 Φαρισαίων·
1217 3819 1386 3892 νόμον
1448 3822 1909 3896 ἀναγινώσκεσθαι

251 3905 562 3982 ἐπιτρέπει,
620 3907 710 3961 καὶ
770 3910 1056 3985 προφήτας
1117 3909 1502 3984 ἑρμηνεύεσθαι
1565 3913 1910 3985 προστάττει.

251 4003 504 4075 ”Αφρων,
539 3997 627 4052 καὶ
658 3999 946 4076 κακοῦργε,
987 3999 1076 4054 καὶ
1141 3997 1447 4076 ῥᾳδιουργὲ,
1503 4002 1550 4056 εί
1600 4002 1774 4074 νόμος
1820 4005 1910 4058 καὶ

251 4095 542 4165 προφῆται
597 4087 691 4142 τὸν
747 4091 1074 4166 γεννηθέντα
1127 4089 1362 4146 Βασιλέα
1419 4090 1618 4147 ἄνωθεν
1653 4089 1908 4168 ἔρχεσθαι

253 4179 660 4252 προεκήρυξαν,
721 4179 784 4232 σὺ
841 4180 891 4233 τί
957 4181 1132 4252 μάτην
1189 4178 1470 4255 ταράττῃς
1505 4183 1756 4256 Ταράττῃ
1790 4184 1908 4255 μὲν,

249 4265 360 4322 οὐκ
389 4263 600 4342 ἰσχύεις
631 4263 708 4324 δέ.
755 4265 1022 4342 Ταράττῃ,
1083 4267 1209 4323 ἀλλ’
1267 4268 1340 4330 εἷς
1398 4269 1584 4324 ἑαυτὸν
1619 4267 1906 4345 συντριϐή-

247 4376 392 4417 σεις.
454 4355 568 4412 Οὐκ
618 4353 854 4425 ἤκουσας
911 4355 962 4410 ἐν
1022 4361 1090 4430 τῇ
1153 4353 1334 4431 βίϐλῳ
1380 4363 1488 4413 τῶν
1521 4359 1793 4433 Ψαλμῶν,
1824 4361 1908 4417 ὅτι

2031 3195 2276 3250 timidus
2307 3196 2408 3250 ille
2459 3197 2737 3266 princeps
2785 3211 2818 3249 a
2859 3195 3228 3266 sapientibus
3260 3195 3436 3266 Magis
3467 3195 3682 3250 illusus

2031 3291 2139 3352 est,
2173 3285 2456 3357 vertigine
2489 3283 2741 3352 laborat,
2791 3285 3160 3350 immutatur,
3213 3285 3486 3340 turbatur
3528 3289 3586 3337 et
3617 3283 3678 3336 in

2029 3374 2204 3430 corde
2237 3375 2424 3430 timet.
2479 3374 2737 3428 Summis
2791 3373 3197 3430 sacerdotibus
3242 3389 3484 3429 causam
3515 3371 3678 3438 dicit,

2028 3464 2138 3518 init
2170 3481 2302 3520 cum
2327 3463 2641 3518 Pharisaais
2667 3463 3046 3529 societatem;
3081 3463 3271 3536 legem
3293 3463 3406 3536 legi
3431 3461 3680 3533 permit-

2027 3553 2118 3620 tit,
2141 3553 2580 3624 prophetasque
2603 3553 2980 3623 interpretari
3001 3553 3192 3622 jubet.
3217 3553 3532 3622 Insipiens,
3567 3551 3680 3606 im-

2025 3641 2208 3712 probe
2242 3647 2298 3696 et
2325 3641 2892 3705 maleﬁcentissime,
2927 3641 2974 3695 si
3007 3641 3102 3696 lex
3134 3647 3186 3696 et
3219 3641 3522 3712 prophetae
3553 3641 3676 3695 nati

2023 3731 2179 3802 regis
2211 3730 2530 3784 adventum
2551 3729 2978 3802 prmdixerunt,
3002 3747 3108 3785 cur
3129 3731 3347 3785 frustra
3369 3730 3626 3784 turbaris
3645 3729 3673 3784 ?

2023 3820 2300 3874 Turbaris
2332 3819 2594 3890 quidem.
2632 3820 2734 3876 sed
2756 3819 2906 3874 nihil
2957 3821 3134 3874 vales.
3155 3819 3452 3878 Turbaris.
3478 3819 3578 3874 sed
3613 3821 3674 3874 in

2021 3909 2278 3980 teipsum
2311 3909 2657 3964 contereris.
2713 3911 2916 3964 Nonne
2966 3909 3184 3964 audisti
3231 3910 3288 3962 in
3325 3907 3476 3963 libro
3509 3908 3674 3963 Psal-

2025 4017 2258 4056 morum
2293 4001 2452 4071 quod
2483 4001 2544 4056 in
2575 4017 2790 4056 vanum
2841 4002 3232 4056 conturbatur
3267 4003 3462 4056 omnis
3495 4003 3670 4055 homo

2019 4087 2218 4142 vivens
2241 4087 2268 4142 ?
2299 4089 2368 4142 Et
2397 4087 2540 4158 quid
2570 4089 2758 4160 magis
2779 4103 2994 4143 vanum
3017 4105 3194 4160 quam
3227 4089 3504 4160 persequi
3537 4105 3674 4143 eum

2021 4177 2122 4248 qui
2185 4177 2610 4248 comprehendi
2669 4178 2894 4248 nequit.
2961 4179 3171 4248 Inique
3232 4183 3290 4232 et
3358 4177 3670 4248 insipiens,

2021 4267 2254 4322 etiamsi
2287 4267 2544 4322 infantes
2566 4267 2874 4334 occideris,
2897 4284 3098 4337 regem
3127 4283 3250 4322 non
3279 4267 3670 4338 comprehen-

2021 4356 2144 4411 des.
2180 4357 2236 4410 Si
2295 4355 2390 4412 lex
2447 4361 2504 4411 et
2561 4358 2864 4428 prophetas
2919 4374 3118 4428 regem
3176 4357 3574 4412 immortalem
3607 4357 3668 4412 in

249 4443 432 4520 μάτην
496 4445 813 4520 ταράσσεται
901 4451 1006 4508 πᾶς
1088 4443 1372 4520 ἅνθρωπος
1463 4453 1607 4516 ζῶνς
1669 4449 1774 4505 Καὶ
1846 4453 1898 4505 τί

2025 4447 2322 4502 Bethleem
2347 4449 2714 4502 nasciturum
2737 4449 3086 4519 praedicant,
3113 4455 3171 4504 tu
3194 4467 3376 4520 quare
3402 4449 3670 4502 insontes

239 4531 452 4588 τούτου
493 4533 846 4608 ματαιότερον
904 4535 986 4588 δτι
1045 4531 1262 4598 διώκεις
1315 4537 1408 4590 τὸν
1465 4535 1898 4610 ἀκατάληπτον;

241 4625 458 4696 Ἀνομε
511 4624 601 4678 καὶ
657 4621 980 4702 παράφρων,
1041 4623 1130 4680 καὶ
1187 4625 1317 4688 τοὺς
1383 4623 1577 4688 παῖδας
1633 4627 1898 4704 έκκόφεις,

241 4713 342 4768 τὸν
376 4711 615 4768 Βασιλέα
647 4713 716 4767 οὗ
749 4711 1068 4790 καταλήψῃ.
1105 4713 1165 4772 Ei
1199 4714 1226 4769 6
1259 4715 1432 4788 νόμος
1486 4717 1574 4770 καὶ
1609 4717 1660 4771 οἱ
1693 4724 1912 4795 πρνφῆ..

243 4819 340 4853 ται
371 4797 422 4852 ἒν
453 4797 710 4872 Βηθλεὲμ
763 4795 1004 4857 Βασιλέα
1057 4799 1317 4856 ἀθάνατον
1376 4803 1653 4876 γεννᾶσθαι
1686 4822 1908 4877 χρημα-

243 4888 514 4961 τίζουσιν,
574 4885 636 4942 σὺ
723 4886 816 4951 οὺς
899 4889 1220 4954 ἀνευθύνους
1277 4889 1474 4952 παῖδας
1540 4891 1592 4946 τί
1653 4891 1904 4962 ἆνελεῖςς

247 4978 351 5034 Καὶ
391 4980 427 5046 ἡ
463 4977 558 5049 μὲν
593 4977 658 5045 σὴ
694 4973 910 5032 διάνοια
940 4979 1348 5057 προγέγραπται
1379 4977 1470 5035 διὰ
1493 4985 1590 5036 τοῦ
1615 4984 1904 5058 προφήτου

247 5067 516 5141 Ἰερεμίου
621 5063 898 5140 λέγοντος·
1008 5071 1172 5138 Φωνή
1253 5067 1303 5124 έν
1381 5069 1555 5142 Ῥαμᾷ
1629 5071 1898 5142 ἠκούσθη,

243 5159 466 5230 θρῆνος,
519 5153 610 5207 καὶ
666 5149 972 5227 κλαυθμὸς,
1003 5154 1092 5209 καὶ
1150 5153 1389 5230 ὀδυρμὸς
1442 5153 1640 5217 πολύςο
1687 5155 1896 5232 Ῥαχὴλ

241 5241 514 5299 κλαίουσα
567 5241 635 5296 τὰ
691 5239 852 5294 τέκνα
932 5246 1122 5314 αὖτῆς,
1201 5245 1291 5298 καὶ
1372 5243 1472 5298 οὐκ
1545 5241 1740 5313 ἤθελεν
1799 5267 1898 5301 πα-

245 5332 609 5411 ρακληθῆναι,
696 5329 778 5385 ὅτι
859 5329 955 5385 οὐκ
1030 5331 1186 5388 εἰσίν.
1267 5335 1356 5404 Μή
1445 5332 1531 5388 ἐὰν
1601 5335 1892 5413 ἀποκτείνῃ

237 5423 367 5486 τοὺς
424 5419 618 5482 παῖδας
677 5421 704 5474 δ
759 5418 1024 5484 Βασιλεδς
1080 5420 1444 5490 στρατόπεδον
1494 5421 1602 5498 οὐχ
1647 5419 1892 5495 ἕξει;”Η

2017 4555 2232 4609 pueros
2257 4537 2550 4592 interimis
2569 4538 2596 4592 ‘I
2619 4539 3012 4592 lntentionem
3037 4545 3196 4593 tuam
3213 4539 3338 4610 jam
3363 4545 3500 4592 ante
3523 4537 3674 4591 scri-

2013 4627 2434 4698 psitleremias
2463 4627 2754 4698 propheta
2783 4627 2988 4682 dicens
3015 4645 3026 4682 :
3061 4630 3180 4682 V0.7:
3201 4629 3258 4680 in
3285 4630 3454 4682 Rama
3475 4627 3672 4681 audita

2019 4723 2114 4783 est,
2169 4717 2424 4786 ploratus
2487 4722 2537 4770 et
2584 4717 2827 4770 ululatus
2883 4717 3124 4784 multus;
3191 4715 3394 4772 Rachel
3437 4716 3670 4786 plorans

2015 4806 2163 4875 ﬁlios
2197 4821 2337 4874 suos,
2364 4813 2414 4860 et
2446 4807 2626 4860 noluit
2657 4807 2932 4862 consolari
2962 4809 3096 4877 quia
3135 4823 3245 4862 non
3283 4811 3409 4862 sunt
3441 4809 3480 4858 ί.
3515 4807 3666 4860 Num

2016 4896 2064 4950 si
2095 4911 2310 4966 pueros
2343 4895 2712 4951 interfeceris
2745 4896 3068 4951 exercitum
3100 4913 3220 4952 non
3251 4895 3494 4951 habebit
3523 4893 3665 4950 rex?

2017 4984 2118 5039 Vel
2145 4985 2206 5039 in
2241 4985 2425 5056 impio
2448 4985 2623 5040 corde
2649 4989 2746 5040 tuo
2775 4987 3044 5059 cogitasti
3066 4986 3224 5058 quod
3255 4985 3327 5040 ad
3359 5001 3662 5040 summum

2011 5089 2167 5129 unus
2201 5089 2270 5128 ex
2301 5075 2501 5145 pueris
2531 5073 2862 5130 interfectis
2909 5075 3022 5130 erit
3077 5075 3224 5130 rex?
3271 5075 3387 5130 Nec
3419 5075 3468 5130 si
3499 5073 3662 5129 orbis

2009 5163 2272 5218 universi
2321 5179 2540 5234 pueros
2600 5164 2910 5232 occideris,
2944 5165 3066 5219 nati
3127 5165 3283 5237 regis
3341 5163 3662 5235 imperium

2011 5251 2192 5306 ﬁnem
2226 5251 2483 5308 habebit.
2519 5253 2562 5307 Ο
2593 5252 2950 5308 amentiam!
2985 5253 3028 5308 Ο
3075 5253 3268 5324 iniqui
3299 5253 3453 5326 regis
3483 5253 3663 5306 inhu-

2007 5357 2246 5396 manam
2275 5341 2634 5396 sententiam
2659 5341 2670 5395 !
2697 5343 2739 5397 Ο
2761 5343 2914 5415 regis
2939 5343 3305 5415 impietatem
3328 5343 3338 5397 ι
3369 5343 3457 5398 Ad
3479 5357 3658 5414 quem

2007 5430 2350 5503 confugient
2379 5431 2426 5486 si
2459 5431 2531 5485 ab
2589 5447 2658 5486 eo
2719 5431 2834 5486 vim
2885 5433 3187 5504 patiantur
3217 5449 3252 5489 a
3281 5449 3396 5504 quo
3423 5433 3656 5504 justum

241 5514 293 5569 ἂν
352 5517 420 5586 τῇ
479 5508 784 5582 παρανόμῳ
841 5529 937 5564 σου
995 5507 1194 5584 καρδίᾳ
1249 5511 1510 5587 λογίζεις,
1564 5513 1646 5568 ὅτι
1677 5516 1894 5580 πάντως

2027 5519 2291 5576 udicium
2320 5521 2590 5591 accipere
2622 5520 2908 5577 deberent
2937 5523 3232 5595 injustitia
3270 5522 3464 5578 affecti
3486 5523 3514 5576 ?

237 5602 298 5659 ἐκ
341 5607 448 5657 τῶν
499 5599 969 5672 ἀποκτεινομένων
1027 5597 1236 5655 παίδων
1285 5603 1362 5664 εἷς
1412 5601 1552 5658 ἐστιν
1613 5605 1640 5658 6
1699 5603 2003 5676 Βασιλεύς;
2061 5608 2126 5662 Εἰ
2182 5609 2382 5670 παντὸς
2410 5611 2512 5663 τοῦ
2541 5607 2750 5683 κόσμου
2777 5609 2903 5673 τοὺς
2933 5609 3129 5672 παῖδας
3173 5610 3526 5682 ἀποκτείνεις,
3555 5613 3655 5665 τοῦ

309 5750 326 5785 ¹
357 5750 570 5806 Jerem.
603 5763 760 5817 xxxx,
795 5749 858 5802 l5
889 5763 902 5816 ;
938 5747 1138 5803 Matth.
1167 5763 1225 5818 ιι,
1261 5749 1346 5804 18.
