4074 6394
371 381 511 439 1503

1694 392 2000 449 JOANNIB
2033 392 2463 449 BUBGENBIB

3702 382 3857 438 1504

365 505 653 583 τεχθέντος
685 507 968 574 Βασιλέως
1023 514 1057 582 ἡ
1123 512 1373 587 βασιλεία
1423 513 1585 577 τέλος
1643 514 1743 570 ούκ
1792 510 1931 590 ἔχει.
1987 516 2054 569 Ὠ
2103 520 2204 584 τῆς
2263 513 2481 574 ἀνοίαςί
2540 514 2586 568 ὦ
2636 509 2940 589 παραδίκου
2976 509 3249 588 βασιλέως
3291 508 3560 582 ἀνήλέως
3593 505 3856 582 κρίσιςι

367 598 412 651 ὦ
467 601 786 675 παρανομία
848 599 1168 677 βασιλέωςί
1246 605 1374 678 παρ’
1431 605 1493 660 οὗ
1550 603 1789 679 ἔμελλον
1850 601 2202 680 ἀδικούμενοι
2275 603 2450 681 κρίσιν
2528 600 2735 659 δικαίαν
2813 595 3139 676 λαμϐάνειν,
3208 597 3661 677 τυραννούμενοι
3732 600 3854 651 ποῦ

368 687 760 746 ἀπελεύσονται
790 712 804 761 ;

441 846 484 900 Ο
517 845 819 902 Bethleem
853 852 1076 916 sancta,
1111 865 1229 904 non
1289 865 1394 921 per
1447 851 1620 924 Regis
1653 851 2020 907 nativitatem
2055 853 2102 918 Α

370 939 602 990 tantum
636 952 697 990 es
731 938 1119 1004 sanctiﬁcata,
1153 939 1255 993 sed
1311 941 1487 995 etiam
1535 958 1641 1013 per
1671 943 2025 1013 sanguinem

370 1041 690 1096 puerorum
715 1026 937 1098 injuste
964 1027 1460 1100 interemptorum
1485 1030 1785 1102 duplicem
1819 1049 2024 1102 repor-

371 1115 505 1168 tasti
539 1116 1096 1171 sanctiﬁcationem.
1160 1119 1437 1189 Recogito
1498 1121 1656 1174 enim
1710 1121 2022 1189 Herodem,

370 1204 570 1275 copias
594 1205 952 1271 mittentem,
975 1207 1236 1262 militum
1262 1209 1444 1263 duces
1472 1215 1748 1265 caventes
1771 1228 1844 1264 ne
1866 1211 2026 1265 ullus

369 1293 565 1349 infans
597 1295 757 1364 ipsos
787 1296 1031 1364 celetur,
1060 1303 1280 1352 matres
1303 1305 1714 1370 exspectantes
1735 1300 1876 1355 dum
1899 1317 2024 1355 cer-

370 1390 587 1438 nerent
630 1384 950 1440 infantium
1011 1387 1488 1444 crudelissimam
1546 1407 1777 1456 necem,
1823 1395 2024 1461 portas

371 1473 610 1527 urbium
642 1473 931 1543 occlusas,
963 1475 1122 1529 vicos
1162 1492 1196 1530 a
1245 1476 1536 1532 militibus
1566 1478 2022 1546 circumventos,

370 1563 681 1635 exitusque
741 1564 1071 1635 platearum
1133 1572 1470 1638 occupatos,
1532 1568 1754 1623 milites
1810 1569 2023 1640 gladiis

369 1652 678 1720 districtis,
698 1658 765 1707 ut
781 1670 977 1722 canes,
1000 1655 1163 1709 rabie
1185 1657 1440 1726 percitos
1463 1657 2020 1726 circumcurrentes,

363 1741 622 1813 privatos
652 1743 805 1797 cives
837 1743 1120 1812 inclusos,
1154 1751 1213 1800 et
1245 1762 1734 1820 unumquemque
1765 1749 2019 1803 interro-

363 1836 565 1903 gatum
597 1849 857 1902 quonam
891 1833 1018 1888 loco
1044 1841 1266 1904 essent,
1291 1836 1384 1891 cui
1415 1853 1640 1906 eorum,
1669 1843 1727 1894 et
1757 1838 1854 1893 ubi
1880 1844 2022 1893 tunc

367 1921 650 1991 temporis
683 1938 831 1992 puer
876 1928 1053 1978 natus
1113 1928 1311 1993 esset;
1369 1933 1648 1997 parentes
1679 1927 2020 1998 inscriptos,

362 2027 439 2066 ne
469 2027 597 2065 mas
628 2027 658 2066 e
691 2019 1014 2084 conspectu
1049 2013 1499 2086 subriperetur;
1533 2017 1838 2072 irruerunt
1861 2018 2019 2072 enim

362 2105 430 2155 ut
459 2101 659 2172 aquila
686 2101 747 2155 in
771 2102 1034 2172 praadam
1086 2103 1411 2173 cadaveris,
1446 2123 1522 2161 ne
1572 2123 1700 2161 mas
1727 2107 1800 2162 ab
1833 2107 2019 2162 oculis

362 2191 642 2246 tolletur:
690 2197 1008 2264 patresque
1057 2200 1283 2250 metum
1333 2195 1488 2268 regis
1538 2197 2017 2265 reformidantes,
2052 2235 2100 2300 Β

363 2281 534 2352 quasi
567 2297 637 2336 ex
666 2282 800 2337 vino
830 2283 1140 2337 temulenti
1175 2284 1466 2356 ebriique,
1498 2287 1844 2342 nesciebant
1877 2287 2020 2358 quid

362 2376 643 2441 agerent;
679 2377 900 2426 matres
956 2378 1155 2428 autem
1213 2391 1385 2430 suum
1446 2393 1696 2446 quaeque
1728 2376 2017 2431 infantem

362 2461 783 2532 suscipientes,
817 2461 966 2516 iram
999 2463 1190 2534 iniqui
1212 2465 1367 2536 regis
1399 2465 1600 2537 fugere
1631 2466 2016 2534 festinabant,

361 2550 688 2622 multaeque
719 2552 879 2606 inter
900 2567 1021 2617 eas,
1041 2552 1220 2608 veluti
1245 2555 1654 2624 passerculum
1688 2573 1859 2611 suum
1880 2558 2017 2612 uni-

363 2657 503 2695 cum
533 2657 785 2712 puerum
820 2641 978 2696 inter
996 2641 1171 2698 ulnas
1194 2649 1488 2714 tenentes,
1515 2646 1647 2701 aliae
1679 2664 1814 2702 vero
1847 2646 2016 2719 duos,

361 2734 429 2785 ut
484 2730 750 2798 agnellos
805 2738 1112 2802 gementes
1177 2734 1618 2806 vagientesque,
1679 2736 2019 2809 bajulantes

359 2819 714 2892 fugitabant,
736 2837 909 2877 enses
931 2822 1290 2894 aspicientes
1312 2841 1610 2894 coruscos,
1635 2827 1815 2881 istum
1836 2827 2020 2900 fugie-

363 2909 529 2979 bant,
557 2909 780 2981 aliique
806 2912 1224 2968 occurrebant.
1254 2913 1590 2986 Aliquando
1617 2933 1752 2972 vero
1785 2922 2019 2972 tentant

360 2999 576 3054 offerre
609 3001 900 3056 militibus
924 3003 1238 3074 pecuniam
1268 3024 1282 3070 ;
1312 3004 1713 3061 lamentantes
1745 3007 1830 3062 sic
1857 3007 2016 3062 dice-

357 3089 538 3144 bant:
571 3090 797 3161 Adjuro
831 3096 886 3145 te
932 3109 1038 3163 per
1089 3092 1280 3166 legem
1313 3095 1511 3164 Mosis,
1543 3097 2021 3152 commiseratio-

356 3194 500 3235 nem
530 3177 800 3246 induere,
829 3181 971 3251 quia
1001 3181 1181 3236 etiam
1212 3189 1268 3238 te
1313 3189 1506 3239 mater
1528 3186 1752 3257 genuit,
1785 3185 2019 3242 forsan-

358 3283 475 3340 que
506 3283 751 3322 uxorem
784 3273 842 3324 et
889 3269 1112 3325 liberos
1161 3271 1366 3327 babes.
1402 3273 1574 3328 Nulla
1603 3275 1721 3330 alia
1749 3275 1897 3330 mihi
1931 3281 2021 3330 est

357 3373 495 3429 spes
553 3357 644 3412 vel
701 3374 818 3428 res,
876 3359 972 3414 hic
1043 3365 1133 3415 est
1191 3361 1354 3417 solus
1427 3363 1574 3418 mihi
1633 3363 1853 3432 infans,
1911 3381 2016 3420 ac-

355 3447 537 3518 cipito
560 3463 808 3502 aureum
831 3456 1255 3506 ornamentum
1281 3453 1630 3525 parcitoque
1653 3471 1785 3510 meo
1809 3471 2014 3527 puero.

2213 850 2278 925 β’.
2311 851 2378 902 Ὦ
2408 845 2668 920 Βηθλεὶμ
2712 845 2856 923 ἁγία,
2917 847 3001 901 δτι
3060 845 3123 901 ού
3184 845 3350 918 μόνον
3387 843 3495 900 ὑπὸ
3532 847 3643 898 τοῦ
3679 861 3845 918 τεχ-

2134 939 2318 1001 θέντος
2351 937 2630 1000 Βασιλέως
2684 934 2976 1011 ἡγιάσθης,
3035 933 3183 991 ἀλλά
3239 934 3328 990 καὶ
3360 934 3471 988 ἀπὸ
3502 937 3611 988 τοῦ
3650 932 3848 1006 αἳμα-

2133 1050 2225 1090 τος
2276 1032 2383 1082 τῶν
2441 1025 2640 1089 ἀδίκως
2717 1024 3055 1081 ὶκκοπέντων
3117 1021 3349 1096 παίδων,
3412 1021 3671 1078 διπλοῦν
3740 1023 3843 1076 τὸν

2135 1118 2398 1193 ὁγιασμὸν
2459 1115 2723 1189 έκομίσωο
2782 1117 3032 1170 κατανοῶ
3086 1113 3188 1190 γὰρ
3246 1113 3338 1168 τὸν
3397 1110 3712 1189 Ἡρώδην,
3768 1113 3848 1166 τὰ

2134 1207 2510 1282 στρατεύματα
2569 1205 3002 1274 ἀποστέλλοντα,
3083 1202 3216 1265 τοὺς
3275 1200 3844 1279 στρατοπαιδάρχας

2139 1303 2576 1374 μηχανωμένους
2614 1298 2688 1369 μή
2713 1317 2831 1357 πως
2854 1295 3080 1350 πώποτε
3101 1299 3228 1355 παῖς
3252 1287 3550 1369 ἀποκρυόῇ
3580 1291 3840 1364 αὐτοὺς,

2131 1389 2228 1450 τὰς
2264 1388 2506 1461 μητέρας
2564 1383 2932 1461 ἐκδεχομένας
2990 1385 3264 1460 θεωρῆσαι
3311 1387 3421 1438 τῶν
3456 1381 3692 1452 νηπίων
3729 1383 3837 1437 τὸν

2133 1471 2386 1553 ἔχθιστον
2420 1474 2673 1546 θάνατον,
2702 1471 2882 1536 πύλας
2923 1477 3031 1528 τῶν
3076 1470 3295 1528 πόλεων
3329 1469 3832 1544 ἀποκλειομένοις,

2131 1566 2226 1628 τάς
2284 1567 2477 1639 κώμας
2537 1566 2640 1620 ὑπὸ
2718 1569 2829 1620 τῶν
2913 1560 3332 1637 στρατευμάτων
3389 1559 3830 1636 κυκλουμένας,

2130 1655 2227 1719 τάς
2285 1653 2342 1710 δὶ
2398 1651 2612 1727 ἐξόδους
2668 1657 2776 1708 τῶν
2837 1650 3112 1707 πλατειῶν
3173 1649 3620 1729 φρουρουμένας,
3671 1650 3825 1713 τοὺς

2133 1745 2468 1820 στρατιώτας
2527 1743 2771 1820 ξιφήρεις
2846 1740 3028 1817 ὥσπερ
3111 1739 3274 1802 κύνας
3334 1738 3660 1802 λυττῶντας
3721 1741 3824 1795 καὶ

2131 1837 2580 1913 περιτρέχοντας,
2640 1832 2865 1898 ἰδιώτας
2930 1831 3384 1898 έναποκλείστους
3438 1829 3819 1909 γενομένους,

2129 1928 2219 1982 καὶ
2252 1925 2506 1988 ἑκάστους
2537 1925 2713 1981 αὐτῶν
2772 1923 3236 1999 ἐπερωτωμένους
3290 1922 3418 1998 περὶ
3463 1927 3578 1978 τῶν
3609 1923 3818 1979 τόπων

2131 2017 2270 2073 ὅπου
2327 2017 2487 2087 ἦσαν,
2546 2015 2626 2078 τίς
2681 2015 2772 2071 καὶ
2827 2018 2935 2070 ποῦ
2992 2012 3044 2069 ἐν
3101 2018 3223 2077 ταῖς
3278 2013 3514 2088 ἡμέραις
3564 2010 3818 2076 ἐκείναις

2130 2104 2299 2162 παῖδα
2356 2105 2630 2181 ἐγέννησε,
2685 2104 2818 2167 τοὺς
2894 2107 3076 2178 γονεῖς
3132 2101 3657 2178 ἀπογραφομένους,
3732 2103 3818 2176 μή

2130 2218 2249 2258 πως
2280 2195 2439 2272 ἄρρεν
2494 2188 2782 2268 ἀποκρυϐᾖ
2842 2192 2893 2264 ἐξ
2951 2190 3254 2272 ὀφθαλμῶν
3289 2190 3491 2249 αὐτῶν.
3523 2192 3818 2262 Ἐξῆλθον

2130 2285 2236 2360 γὰρ
2263 2285 2444 2359 ὥσπερ
2496 2284 2649 2346 ἀετὸς
2708 2282 2796 2337 ἐπὶ
2859 2280 3022 2358 βορὰν
3082 2281 3404 2352 πτώματος,
3435 2278 3590 2342 ὅπως
3620 2301 3690 2334 τε
3727 2281 3812 2353 μή

2130 2369 2416 2449 ἀποκρυϐῇ
2473 2372 2524 2444 ἐξ
2585 2368 2888 2450 ὀφθαλμῶν
2949 2369 3130 2447 ἄρρεν.
3190 2370 3290 2424 Καὶ
3339 2369 3528 2441 οἱμὲν
3563 2369 3814 2446 πατέρες

2125 2465 2216 2520 τὸν
2251 2459 2422 2543 φόϐον
2451 2467 2548 2518 τοῦ
2597 2459 2866 2539 βασιλέως
2925 2457 3188 2527 δεδιότες,
3244 2457 3427 2532 ὥσπερ
3459 2457 3510 2532 ἐξ
3545 2457 3715 2514 οἴνου
3750 2459 3814 2515 ἐκ

2126 2555 2327 2616 παντὸς
2400 2554 2613 2627 τρόμου
2691 2547 3111 2625 μεμεθυσμὲνοι,
3172 2547 3273 2604 οὐκ
3338 2544 3561 2624 ᾔδεισαν
3621 2549 3692 2604 τὸ
3753 2550 3810 2604 τί

2127 2641 2531 2719 διαπράξονται·
2595 2642 2650 2696 αἱ
2712 2638 2770 2696 δέ
2840 2640 3072 2714 μητέρες
3147 2633 3416 2694 λαϐοῦσαι
3474 2639 3680 2710 ἑκάστη
3741 2639 3806 2694 τὸ

2126 2730 2271 2789 ἴδιον
2327 2734 2565 2804 νήπιονἰ
2608 2731 2700 2786 τὸν
2763 2731 2934 2802 θυμὸν
2989 2731 3091 2784 τοῦ
3147 2729 3471 2804 παρανόμου
3518 2727 3802 2796 βασιλέως

2129 2819 2433 2899 ἀποδράσαι
2489 2817 2770 2876 ἔσπευδον·
2853 2819 2941 2874 καὶ
3030 2815 3242 2873 πολλαὶ
3321 2818 3418 2892 μὲν
3476 2816 3528 2888 ἐξ
3585 2817 3802 2888 αὐτῶν,

2129 2911 2311 2988 ὥσπερ
2343 2910 2624 2988 στρουθίον
2672 2911 2779 2965 ἀπὸ
2836 2909 2955 2971 ἑνὸς
3011 2904 3204 2970 παιδὸς
3262 2906 3314 2962 έν
3368 2913 3490 2970 ταῖς
3520 2906 3799 2983 ἀγκάλαις

2126 3002 2480 3078 κατέχουσαι,
2541 2999 2707 3057 ἄλλαι
2768 2997 2828 3055 δὶ
2895 2998 2987 3054 καὶ
3055 2996 3162 3053 ἀπὸ
3215 2993 3334 3068 δύο,
3389 2996 3572 3070 ὣσπερ
3635 2998 3800 3070 ἀρνία

2128 3089 2529 3168 ἀποδυρώμενα
2614 3091 2702 3145 καὶ
2809 3086 3315 3165 κλαυθμυρίζοντα,
3425 3087 3804 3163 βαστάζουσαι

2127 3181 2459 3258 ἀποτρέχειν
2549 3177 2830 3236 ἔσπευδον·
2914 3179 3005 3235 καὶ
3093 3179 3302 3256 ὁρῶσαι
3377 3177 3444 3233 τὰ
3498 3177 3628 3255 ξίφη
3689 3177 3802 3233 ἀπ-

2128 3273 2526 3349 αστράπτοντα,
2583 3274 2776 3326 τοῦτον
2837 3266 3142 3348 διέφευγον,
3173 3268 3266 3323 καὶ
3315 3265 3392 3330 εἲς
3422 3265 3596 3322 ἄλλον
3635 3288 3798 3340 περι-

2129 3364 2380 3422 έπιπτον.
2415 3363 2569 3426 Ἔσθ’
2599 3362 2689 3416 ὅτε
2745 3357 2804 3416 δὲ
2862 3359 2952 3415 καὶ
2996 3360 3262 3435 χρήματα
3291 3363 3590 3434 πειρῶνται
3640 3356 3798 3414 διδό-

2126 3473 2212 3508 ναι
2265 3452 2405 3527 πρὸς
2485 3449 2615 3513 τοὺς
2700 3449 3057 3527 στρατιώτας·
3137 3445 3560 3525 ἀποδυρώμεναι
3618 3453 3795 3504 ταῦτα

353 3532 570 3610 ἔλεγον·
603 3535 838 3611 Ὁρκίζω
867 3558 925 3592 σε
955 3538 1088 3594 κατά
1117 3543 1212 3594 τοῦ
1242 3540 1416 3613 νόμου
1465 3545 1757 3614 Μωυσέως,
1801 3549 1998 3613 κτῆσαι
2057 3543 2352 3619 σπλάγχνα
2408 3540 2737 3617 οἷκτιρμῶν,
2787 3539 2870 3595 ὅτι
2902 3538 2993 3595 καὶ
3024 3542 3083 3594 σὶ
3115 3540 3300 3614 μήτηρ
3333 3538 3641 3614 ἐγέννησεψ
3675 3534 3792 3602 ἔσθ’

351 3623 444 3680 ὅτε
474 3622 532 3680 δὲ
559 3626 649 3680 καὶ
678 3633 907 3701 γυναῖκα
935 3629 1026 3683 καὶ
1057 3627 1255 3693 παὶδας
1287 3629 1456 3695 ἔχεις·
1487 3633 1590 3688 ούκ
1617 3629 1760 3689 ἔστιν
1821 3655 1914 3708 μοι
1964 3631 2110 3705 ὂίλλη
2173 3632 2330 3696 έλπὶς
2387 3631 2424 3704 ἥ
2488 3631 2799 3701 ὑπόστασις,
2836 3629 2872 3700 ἢ
2909 3628 3074 3704 μόνον
3105 3629 3170 3685 τὸ
3198 3630 3396 3700 νήπιον
3428 3631 3616 3684 τοῦτο’
3650 3623 3791 3682 Λάϐε

352 3716 529 3785 ὁλκὴν
558 3717 792 3792 χρυσίου
820 3717 912 3772 καὶ
943 3719 1123 3796 φεῖσαί
1156 3742 1260 3793 μου
1289 3725 1388 3777 τοῦ
1418 3721 1632 3788 παιδός.

429 3869 652 3936 Quibus
684 3889 803 3928 non
835 3889 904 3929 ea
934 3875 1284 3946 ferentibus,
1329 3879 1432 3934 sed
1481 3880 1671 3937 instar
1708 3881 2010 3954 accipitris
2041 3907 2084 3973 ε

357 3959 912 4019 immisericorditer
976 3965 1447 4039 irrumpentibus
1496 3971 1559 4026 in
1609 3977 1870 4027 turtures
1928 3971 2020 4025 vel

360 4055 597 4106 teneras
627 4051 958 4123 columbas,
985 4061 1088 4110 aut
1116 4057 1295 4112 veluti
1328 4059 1484 4131 lupis
1516 4076 1700 4134 agnos
1731 4060 2018 4133 diripien-

363 4137 544 4210 tibus,
569 4140 820 4197 vclutive
843 4142 1118 4201 leonibus
1144 4151 1380 4204 teneros
1403 4149 1618 4206 vitulos
1641 4168 1712 4206 ex
1732 4150 2020 4206 uberibus

351 4226 745 4299 juvencarum
763 4231 1135 4303 rapientibus
1153 4240 1213 4291 et
1226 4253 1346 4292 non
1364 4239 2019 4310 parcentibus,necesse

364 4320 455 4370 est
474 4322 696 4373 matres
719 4320 1131 4394 circumplecti
1173 4326 1453 4382 manibus
1484 4332 1542 4383 et
1571 4328 1733 4384 ulnis
1763 4329 2020 4384 cervices

364 4418 709 4473 puerorum,
746 4406 1010 4480 is‘tosque
1043 4428 1226 4467 saavos
1249 4415 1536 4470 satellites
1557 4416 1871 4487 adjurare:
1903 4415 2022 4470 Ad—

355 4493 499 4565 juro
532 4499 608 4561 te,
643 4496 748 4564 vir,
781 4514 888 4569 per
919 4515 1055 4555 eum
1087 4503 1187 4574 qui
1221 4519 1289 4559 ex
1321 4504 1700 4562 incunabulis
1733 4506 1936 4562 eduxit
1965 4511 2020 4562 te

365 4579 843 4654 adolescentem;
882 4590 1112 4646 trucida
1140 4609 1234 4648 me
1265 4595 1548 4665 primum,
1574 4596 1712 4651 dein
1744 4596 1902 4650 hunc
1926 4596 2020 4650 in-

360 4675 590 4727 fantem
623 4672 684 4728 in
717 4673 878 4731 ulnis
900 4680 1070 4735 meis.
1092 4681 1198 4737 Ille
1219 4698 1356 4739 vero
1380 4684 1621 4756 iniquus
1643 4685 1866 4741 invidia
1895 4701 2023 4741 me-

363 4764 547 4833 tuque
581 4763 878 4836 impotens
928 4768 1208 4843 princeps
1261 4774 1664 4844 speculatores
1694 4791 1847 4847 pone
1879 4776 2018 4830 mit-

361 4852 770 4924 tens,jubebat
787 4873 1054 4928 quaarere
1072 4865 1557 4935 utrum,pecunia
1574 4865 2019 4937 accepta,alicui

361 4943 806 5014 pepercissent;
832 4963 906 5003 ne
928 4955 1208 5020 parentes
1230 4953 1353 5008 nati
1377 4954 1531 5026 regis
1557 4955 1732 5011 donis
1753 4955 2020 5011 allicien-

362 5036 454 5086 tes
486 5032 708 5090 milites
731 5035 1046 5110 impellant
1065 5041 1140 5095 ad
1163 5042 1682 5100 insurrectionem.
1715 5046 1761 5101 Ii
1793 5063 1926 5101 vero
1952 5062 2023 5100 ex

364 5121 666 5178 mandatis
725 5127 1063 5185 excitabant
1118 5131 1254 5188 illos
1308 5133 1723 5192 interfectores
1773 5137 1896 5208 qui,
1928 5135 2022 5191 his

365 5210 606 5281 auditis,
637 5216 825 5288 magis
857 5234 924 5273 ac
972 5221 1160 5293 magis
1215 5223 1412 5280 studio
1444 5224 1833 5283 ebulliebant.
1864 5227 2024 5282 Licet

365 5306 563 5357 autem
595 5303 706 5359 isto
741 5310 1079 5378 spectaculo
1111 5329 1230 5368 non
1261 5313 1580 5385 adfuerim,
1612 5316 1828 5372 abhinc
1861 5318 2020 5372 enim
2055 5285 2098 5348 θ

365 5392 726 5464 septingenti
788 5399 1180 5472 quadraginta
1239 5408 1298 5456 et
1345 5410 1597 5474 quatuor
1644 5407 1787 5462 anni
1834 5406 2020 5479 elapsi

365 5487 526 5550 sunt,
561 5498 629 5536 ex
663 5490 795 5539 ortu
826 5488 1042 5544 Christi
1075 5491 1432 5563 septingenti
1467 5495 1607 5550 anni
1639 5502 1699 5550 et
1728 5501 2017 5566 quatuor;

367 5567 440 5656 ab
474 5569 791 5627 infantium
823 5582 1022 5631 autem
1046 5579 1208 5634 caade
1233 5583 1592 5654 septingenti
1625 5583 2020 5656 quadraginta

371 5655 489 5709 duo
521 5659 706 5723 anni;
756 5666 922 5729 quasi
980 5682 1115 5720 vero
1176 5669 1292 5724 huc
1349 5672 1656 5739 assistens,
1698 5673 1781 5727 sic
1815 5673 1927 5727 ista
1958 5674 2019 5726 in

373 5747 637 5796 mentem
665 5745 938 5821 subeunt,
963 5759 1023 5808 et
1046 5755 1242 5811 videre
1268 5758 1412 5812 mihi
1444 5760 1645 5815 videor
1676 5761 1854 5817 istum
1883 5776 2018 5817 cru-

2191 3879 2259 3954 γ’.
2288 3879 2412 3934 Τῶν
2463 3873 2520 3931 δὲ
2583 3875 2659 3948 μὴ
2719 3872 3094 3949 ἀνεχομένων,
3151 3870 3281 3928 ἀλλ’
3335 3871 3520 3948 ὥσπερ
3552 3872 3791 3945 ἱεράκων

2129 3965 2379 4038 ἀνηλεῶς
2412 3965 2724 4038 ἱπταμένων
2769 3963 2906 4019 κατὰ
2951 3967 3183 4019 νεοττῶν
3233 3967 3567 4037 περιστερῶν
3595 3961 3633 4032 ἢ
3660 3983 3794 4036 τρυ-

2127 4056 2324 4131 γόνων,
2358 4057 2394 4126 ἢ
2437 4054 2619 4129 ὥσπερ
2674 4052 2858 4109 λύκων
2915 4051 3079 4130 ἄρνας
3137 4051 3573 4128 διαρπαζόντων,
3605 4053 3642 4122 ἢ
3677 4052 3791 4108 ὥσ-

2129 4165 2230 4222 περ
2263 4145 2502 4202 λεόντων
2563 4141 2750 4199 ἀπαλά
2809 4143 3093 4218 μοσχάρια
3149 4141 3212 4198 έκ
3269 4145 3488 4216 μασθῶν
3532 4141 3788 4218 μητέρων

2131 4233 2542 4310 διαρπαζόντων
2601 4235 2693 4289 καὶ
2751 4234 2827 4308 μὴ
2887 4230 3250 4312 φειδομένων,
3309 4233 3516 4307 ἀνάγκη
3549 4232 3644 4294 τάς
3677 4255 3792 4305 μη-

2127 4325 2287 4402 τέρας
2316 4325 2692 4398 περιπλέκειν,
2754 4324 2865 4397 ἅμα
2921 4327 3125 4398 χειρῶν
3183 4324 3283 4386 τάς
3341 4320 3552 4385 ώλένας
3608 4321 3790 4378 αὐτῶν

2127 4420 2244 4477 τοῖς
2275 4413 2470 4490 αὐχέσι
2525 4419 2635 4470 τῶν
2693 4413 2932 4485 νηπίων,
2981 4414 3072 4467 καὶ
3131 4410 3472 4486 κατορκίζειν
3501 4410 3630 4474 τοὺς
3663 4412 3792 4467 ἀνό-

2135 4525 2269 4578 μους
2329 4501 2569 4566 ἐκείνους
2645 4503 3000 4578 στρατιώταςο
3077 4500 3313 4578 Ὁρκίζω
3368 4522 3447 4573 σε,
3509 4501 3788 4575 ἄνθρωπε,

2130 4593 2206 4655 εἷς
2235 4594 2328 4648 τὸν
2362 4591 2666 4666 αύξήσαντά
2712 4612 2769 4646 σε
2813 4589 2873 4646 ἐκ
2921 4591 3155 4669 βρέφους
3187 4588 3356 4667 ἄνδρα
3382 4588 3616 4645 τέλειον·
3649 4590 3790 4645 ἀπό-

2127 4703 2338 4738 κτεινον
2373 4678 2439 4752 δὴ
2474 4682 2571 4756 ἐμὲ
2607 4685 2851 4758 πρῶτον,
2904 4679 2997 4735 καὶ
3051 4680 3174 4735 τότε
3231 4680 3292 4735 τὸ
3350 4681 3550 4751 νήπιον
3586 4678 3637 4734 ὲν
3669 4685 3791 4744 ταῖς

2129 4771 2399 4848 ἀγκάλαις
2427 4793 2559 4844 μου.
2621 4771 2854 4846 Ἐχθρὸς
2913 4777 3015 4841 τῆς
3075 4766 3425 4841 δικαιοσύνης
3479 4768 3684 4832 ἐκεῖνος
3709 4773 3789 4841 τῷ

2132 4860 2287 4935 ζήλῳ
2344 4861 2436 4917 καὶ
2495 4858 2672 4934 δειλίᾳ
2732 4858 3126 4935 ὑπερμεθύσας.
3189 4859 3487 4922 σκοπευτὰς
3531 4862 3788 4915 κατώπι-

2131 4963 2252 5016 σθεν
2309 4948 2688 5022 ἀποστέλλων,
2749 4947 3135 5026 παρήγγελλεν
3189 4948 3292 5026 ἆρα
3331 4951 3408 5023 μή
3439 4971 3492 5006 τι
3523 4951 3788 5026 χρήματα

2131 5036 2396 5103 λαϐόντες
2424 5040 2529 5096 τινὶ
2562 5040 2861 5120 ἐφείσαντο·
2926 5041 3002 5113 μὴ
3063 5039 3116 5094 οἱ
3172 5044 3353 5116 γονεῖς
3381 5043 3478 5094 τοῦ
3502 5040 3785 5114 γεννηθέν-

2130 5153 2226 5195 τος
2285 5129 2564 5194 Βασιλέως
2644 5128 2844 5206 δώροις
2933 5129 3336 5203 έκμειΛίξαντες
3421 5129 3548 5192 τοὺς
3625 5149 3782 5202 στρα-

2129 5224 2350 5295 τιώτας,
2407 5225 2495 5279 καὶ
2557 5223 2694 5299 πρὸς
2752 5220 3034 5298 ἀνταρσίαν
3095 5220 3218 5294 ἐμοὶ
3280 5221 3682 5296 αἱρεθήσουσιν.
3716 5221 3783 5277 Οἱ

2133 5311 2189 5369 δὲ
2221 5311 2694 5386 ἀποστελλόμενοι
2733 5311 2802 5366 τὰ
2847 5309 2982 5366 αύτά
3026 5307 3410 5386 παρενόχλουν
3441 5315 3560 5375 τοῖς
3588 5330 3779 5386 φονευο

2127 5407 2249 5464 ταῖς
2310 5401 2558 5465 ἐκείνοις·
2613 5421 2851 5456 κακεινοι
2907 5404 3074 5456 ταῦτα
3135 5399 3422 5462 ἀκούοντες
3483 5401 3616 5477 ὑπὲρ
3677 5419 3778 5454 πε·-

2129 5496 2318 5567 ρισσοῦ
2374 5497 2453 5565 τῷ
2515 5491 2673 5565 ζήλῳ
2730 5492 3115 5564 κατεμέθυσαν.
3177 5490 3273 5545 Καὶ
3327 5494 3419 5544 νῦν
3475 5491 3521 5546 εἰ
3569 5490 3658 5547 καὶ
3685 5488 3780 5544 οὐκ

2129 5581 2284 5652 ἦμην
2316 5582 2543 5655 περιὼν,
2604 5579 2745 5636 ἐστὶν
2804 5582 2908 5656 γὰρ
2962 5579 3070 5634 ἀπὸ
3123 5577 3246 5634 τότε
3287 5576 3380 5650 ἔτη
3414 5576 3523 5650 ἢδη
3554 5576 3776 5652 τέσσαρα

2129 5669 2220 5725 καὶ
2305 5671 2704 5745 τεσσαράκοντα
2787 5672 2875 5726 καὶ
2968 5668 3283 5738 ἑπτακόσια,
3360 5669 3466 5724 ἀπὸ
3527 5670 3624 5743 μὶν
3680 5673 3774 5736 τῆς

2129 5759 2429 5835 παρουσίας
2513 5764 2750 5838 Χριστοῦ
2850 5757 2943 5830 ἔτη
3012 5759 3307 5815 δπτακόσια
3388 5757 3775 5834 τεσσαράκοντα
