4074 6410
310 403 455 460 1505
1411 393 1658 451 ΒΕΒΜΟ
1692 394 1776 448 IN
1807 394 1919 449 εΑι

2125 425 2126 438 ι
2161 393 2640 484 ΙΝΝΟΟΕΝΤΕΒ.
3597 397 3734 453 1506

303 528 662 605 τέσσαραῌ),
694 523 802 580 ἀπὸ
857 519 916 577 δὲ
970 527 1072 591 τῆς
1125 517 1510 580 παιδοκτονίας
1547 516 1641 585 ἔτη
1673 517 1910 572 ἐπτακόσ

2128 519 2276 577 elem
2289 519 2786 594 regemHerodem
2803 519 3211 576 stimulantem
3227 522 3316 577 sui
3330 523 3516 594 ipsius
3530 540 3636 596 pro
3645 542 3737 581 ce-

309 617 720 693 τεσσαράκοντα
751 611 868 668 δύο·
904 610 1029 667 ἀλλ’
1091 610 1167 672 ὡς
1220 611 1405 684 παρὼν
1439 608 1570 677 ἐκεῖ,
1605 607 1778 669 οὕτως
1805 612 1918 662 ταῦτ

2124 628 2175 665 es
2193 612 2585 677 consiliarios,
2607 611 3019 666 interfectores
3039 611 3330 682 lacrymas
3351 620 3587 683 patrum
3614 633 3733 670 non

314 731 412 784 μοι
441 707 579 764 κατά
608 710 732 761 νοῦν
769 703 1042 775 πάρεισιν,
1074 699 1164 754 καὶ
1224 699 1299 760 ὡς
1357 700 1574 772 θεωρῶν
1608 697 1722 770 εἶμι
1749 697 1838 752 τὸν
1875 696 1923 771 ἔ)

2127 702 2455 769 Iiserantes,
2481 719 2589 758 nec
2614 703 2813 774 pueris
2838 703 3281 773 parcentes,sed
3304 704 3557 759 aliorum
3581 705 3736 760 colla

311 811 493 864 θιστον
532 794 760 872 βασιλέα
816 789 1070 868 Ἡρώδην
1126 793 1205 861 τῷ
1265 790 1424 861 θυμῷ
1477 786 1682 856 ζέοντα,
1713 785 1840 848 τοὺς
1877 808 1917 858 μ

2129 793 2403 857 edentes,
2425 793 2682 847 aliorum
2708 792 2994 847 matribus
3018 792 3738 866 resistentibus,neganti-

305 893 564 964 γιστᾶνας
625 884 790 940 αὐτοῦ
847 880 1378 956 παραμυθουμένους
1437 876 1622 946 αὐτὸν,
1680 876 1808 938 τοὺς
1869 898 1914 954 φ

2128 899 2313 954 usque
2339 882 2668 948 abire,cum
2695 882 2962 936 viderent
2986 882 3244 937 infantes
3277 883 3337 936 in
3366 883 3525 938 ulnis
3552 901 3737 940 caesos

307 986 417 1041 νεῖς
446 979 514 1034 τά
545 975 753 1051 δάκρυα
779 978 888 1028 τῶν
923 972 1170 1044 πατέρων
1231 971 1306 1043 μή
1363 967 1674 1036 ἐλεοῦντας,
1706 968 1771 1021 τὰ
1801 969 1914 1037 νήπ

2129 971 2314 1026 ladiis.
2341 971 2454 1024 Alii
2480 971 2700 1025 milites
2723 970 3142 1041 discerpebant
3163 989 3265 1026 eos
3288 973 3395 1027 sub
3421 973 3610 1028 oculis
3633 991 3738 1045 pa-

310 1072 389 1145 μὴ
424 1066 812 1140 οἴκτείροντας,
874 1061 1020 1117 ἀλλά
1075 1065 1184 1116 τῶν
1244 1058 1340 1132 μὶν
1393 1058 1487 1120 τάς
1543 1055 1784 1132 κεφαλὰς
1834 1056 1919 1111 ἀπε

2131 1066 2318 1114 tntum
2348 1080 2360 1126 ;
2396 1059 2519 1126 alii,
2554 1059 2702 1130 pede
2727 1076 2828 1115 eos
2853 1060 3268 1132 corripientes,
3288 1061 3348 1116 in
3378 1068 3576 1132 petras
3607 1063 3740 1117 alli-

302 1159 626 1232 τέμνοντας,
681 1158 788 1210 τῶν
851 1150 908 1207 δὲ
963 1157 1080 1212 ταῖς
1143 1147 1410 1225 μητράσιν
1470 1152 1846 1222 κατεχουσῶν,
1878 1168 1911 1202 κ

2130 1147 2323 1214 ebant,
2357 1148 2560 1217 sicque
2596 1148 2963 1218 temporibus
2997 1165 3203 1202 eorum
3230 1149 3396 1203 humi
3429 1149 3739 1221 dispersis,

311 1250 391 1322 μή
428 1243 787 1323 βουλομένων
817 1238 1029 1316 ἀφιέναι
1089 1237 1138 1294 έν
1199 1243 1322 1302 ταῖς
1351 1235 1616 1314 ἀγκάλαις
1645 1235 1822 1292 αὐτῶν
1847 1242 1920 1290 Td

2129 1237 2248 1292 ulla
2277 1242 2407 1291 erat
2445 1236 2736 1290 matribus
2760 1236 2970 1291 solatio
2997 1254 3010 1301 ;
3045 1237 3348 1307 quodnam
3379 1239 3540 1293 enim
3573 1239 3738 1294 sola-

307 1322 613 1412 μαχαίραις
646 1330 1035 1391 ἀναλίσκοντας
1087 1327 1265 1383 αὐτῶν
1327 1328 1396 1381 τά
1453 1328 1645 1396 νήπια.
1681 1323 1916 1382 ’Ἄλλοιι

2131 1343 2228 1381 um
2260 1326 2458 1381 afferri
2491 1325 2784 1396 potuisset
2813 1325 2934 1379 illis
2966 1342 3175 1380 necem
3223 1327 3572 1382 continuam
3603 1344 3737 1383 cer-

303 1426 666 1502 κατεμέριζον
719 1421 855 1476 αὐτά
926 1415 1230 1492 ἔμπροσθεν
1307 1420 1428 1478 τοῖς
1483 1416 1826 1489 γεννήσασιν,
1880 1435 1912 1467 κ

2128 1416 2404 1470 entibus?
2423 1417 2784 1470 Vestimenta
2803 1429 3013 1470 cruore
3037 1415 3096 1468 in
3115 1415 3452 1485 pectoribus
3473 1433 3737 1488 aspersa;

303 1513 483 1591 ἕτεροι
514 1515 840 1588 κρατοῦντες
867 1514 985 1571 τοῖς
1019 1506 1148 1563 ποσὶ
1202 1505 1254 1561 ἐν
1308 1511 1427 1567 ταῖς
1473 1503 1701 1578 πέτραις
1731 1501 1912 1580 ἐξεδάς

2132 1511 2440 1576 ectoraque
2471 1505 2823 1560 contusione
2869 1520 3268 1559 mammarum
3299 1505 3444 1560 laasa
3473 1522 3484 1558 :
3520 1511 3741 1561 matres

309 1611 428 1675 ζον,
458 1604 548 1659 καὶ
581 1601 756 1665 οὕτως
808 1603 916 1655 τῶν
978 1596 1268 1674 κροτάφων
1326 1595 1502 1650 αὐτῶν
1544 1597 1612 1667 τῇ
1643 1597 1715 1667 γῇ
1745 1613 1918 1666 σκορπ

2131 1601 2235 1649 ιοιθ
2264 1595 2619 1649 vestimenta
2640 1611 2963 1666 puerorum
2982 1593 3308 1666 tingentes;
3335 1611 3587 1664 quarum
3610 1594 3740 1650 aliae

307 1693 581 1770 ζομένων,
609 1697 727 1752 ταῖς
756 1687 1016 1750 ἐλεειναῖς
1069 1686 1336 1761 μητράσιν
1397 1683 1496 1739 οὒκ
1553 1681 1616 1757 ᾖν
1673 1683 1916 1757 παράκλι

2136 1700 2302 1739 ueros
2334 1683 2584 1739 biennes
2609 1683 2911 1756 lugebant,
2947 1683 3080 1738 alia)
3107 1701 3243 1738 vero
3274 1683 3608 1751 anniculos,
3641 1689 3745 1739 aut

305 1765 414 1847 σις’
474 1787 634 1838 ποῖαν
723 1780 826 1855 γὰρ
907 1777 995 1832 καὶ
1081 1773 1427 1849 παραμυθίαν
1496 1773 1648 1847 ε’ίχον
1711 1765 1858 1848 ἔχειν

2129 1773 2317 1827 imidii
2351 1773 2655 1844 temporis,
2675 1772 2934 1844 denique
2957 1772 3152 1827 adhuc
3172 1773 3424 1827 minoris
3449 1794 3464 1840 ;
3497 1773 3737 1828 biennio

306 1875 530 1937 ἑαυταῖς
602 1872 809 1947 ὁρῶσαι
894 1867 948 1922 έν
1037 1864 1348 1942 ὀφθαλμοῖς
1409 1863 1584 1917 αὐτῶν
1644 1861 1736 1916 τὸν
1797 1859 1910 1947 ἅωρ

2127 1863 2247 1916 nim
2279 1862 2767 1933 proficiscebatur
2791 1862 3097 1917 decretum
3129 1862 3242 1916 diri
3293 1867 3351 1916 et
3393 1862 3584 1933 iniqui
3617 1866 3736 1917 He-

307 1912 527 1937 ὐινυυδδει
603 1912 809 1947 Vf'WV'"
894 1912 944 1922 "
1041 1912 1348 1942 'Tv'"'r"'1
1411 1912 1576 1917 ν--ννν-
1658 1912 1727 1916 νν-
1802 1912 1905 1934 ν--Ἶ-

307 1962 585 2030 θάνατον;
643 1959 710 2015 τά
763 1958 957 2030 ἱμάτια
1013 1953 1202 2018 αὐταῖς
1277 1957 1394 2014 τοῖς
1453 1950 1674 2024 αἳμασιν
1734 1945 1916 2006 καταϐε

2127 1912 2247 1916 _____
2280 1912 2757 1933 r____-__--_____
2797 1912 3097 1917 _---_-____
3135 1912 3242 1916 τ---
3300 1912 3348 1916 --
3393 1912 3584 1933 ____1__
3618 1912 3695 1917 ﬂ

2127 1954 2269 2021 odis,
2307 1959 2365 2008 et
2389 1953 2460 2008 ab
2494 1953 2622 2008 istis
2671 1953 2773 2024 qui
2816 1970 3006 2008 unum
3056 1958 3192 2008 ante
3224 1952 3383 2008 diem
3414 1959 3585 2009 erant
3615 1953 3736 2010 nati

308 2051 482 2126 φέντα
511 2050 699 2120 στήθει
752 2044 1017 2114 διανοίας,
1068 2043 1134 2098 τά
1185 2043 1379 2116 στέρνα
1429 2044 1511 2112 τῷ
1559 2038 1710 2110 πόνῳ
1739 2043 1847 2094 τῶν
1876 2061 1917 2116 γι

1579 2038 1710 2110 τόνῳ
1739 2043 1847 2094 τῶν
1876 2061 1974 2116 γα-
2089 2048 2225 2097 ante
2253 2041 2619 2098 horrendum
2652 2043 2832 2098 istum
2865 2042 3188 2098 decretum.

307 2139 665 2215 λακτοροίων
719 2136 1076 2212 τρυχώμενα,
1132 2137 1254 2194 ταῖς
1305 2129 1503 2202 θηλαῖς
1556 2131 1624 2185 τὰ
1679 2129 1873 2202 ἱμάτια
1930 2128 2115 2195 αὐτοῖς
2168 2126 2628 2206 καταϐρέχουσαι’
2687 2131 2776 2186 καὶ
2836 2131 2891 2185 αἱ
2963 2131 3055 2204 μὶν
3144 2129 3195 2200 ἐξ
3281 2131 3461 2186 αὐτῶν
3545 2132 3741 2193 διετεῖς

305 2228 516 2292 παῖδας
573 2227 855 2304 ἐθρήνουν,
913 2225 1000 2279 καὶ
1060 2221 1226 2279 ἄλλαι
1288 2219 1675 2285 ἐνιαυσιαίους,
1737 2218 1828 2273 καὶ
1884 2216 2049 2274 ἄλλαι
2109 2225 2302 2292 καιροῦ
2375 2221 2464 2275 καὶ
2537 2219 2803 2293 ἡμίσεως,
2863 2221 2952 2274 καὶ
3013 2218 3209 2274 λοιπὸν
3260 2219 3573 2296 κατωτέρω.
3634 2221 3742 2276 ἀπὸ

309 2318 538 2381 διετοῦς
565 2319 668 2394 γάρ
697 2316 766 2386 ἦν
789 2313 852 2369 τὸ
884 2312 1212 2388 πρόσταγμα
1238 2313 1336 2365 τοῦ
1366 2306 1612 2364 δειλαίου
1642 2307 1734 2363 καὶ
1765 2307 2088 2383 παρανόμου
2117 2306 2386 2384 Ἡρώδου,
2418 2308 2508 2363 καὶ
2542 2308 2664 2364 ὅσοι
2694 2309 3056 2384 ἐγεννήθησαν
3089 2308 3195 2384 πρὸ
3245 2315 3371 2381 μιᾶς
3411 2309 3622 2382 ἡμέρας
3649 2310 3748 2365 τοῦ

314 2408 554 2485 ἐναγοῦς
581 2404 784 2461 ἐκείνου
804 2403 1246 2480 προστάγματος.

395 2495 460 2557 δ’.
518 2501 586 2550 ’Ὠ
641 2492 851 2556 ἐννοίας
908 2489 1155 2566 δακρύων
1212 2487 1708 2563 πεπληρωμένηςί
1767 2489 1834 2541 ’Ὦ
1876 2507 1982 2559 μα-

2163 2489 2206 2544 Ο
2264 2489 2563 2544 sententia
2584 2488 2866 2559 lacrymis
2899 2488 3077 2560 plena
3106 2487 3118 2542 !
3153 2504 3185 2542 ο
3217 2487 3480 2543 infantes
3506 2505 3749 2560 prorsus

307 2586 523 2664 καρίων
555 2581 763 2640 παίδων
830 2578 998 2656 μηδὲν
1057 2576 1430 2650 ἠδικηκότων,
1462 2579 1549 2632 καὶ
1589 2576 1664 2640 ὡς
1693 2574 1916 2664 πολεμίι

2140 2584 2464 2646 mocentes,
2497 2584 2682 2650 utque
2712 2577 2948 2633 barbari
2973 2579 3172 2633 hostes
3201 2578 3509 2633 trucidati!
3544 2595 3577 2633 o
3604 2595 3749 2634 san-

315 2661 616 2754 ﬁa'peépmv
647 2669 1184 2748 κατασφαζομένωνί
1242 2665 1286 2722 ὣ
1345 2667 1592 2754 αἱμάτων
1650 2662 1850 2754 ἀδίκως

2142 2669 2221 2723 ais
2253 2685 2431 2740 super
2461 2674 2619 2724 terra
2678 2661 2976 2740 profusus,
3037 2674 3096 2722 et
3149 2668 3304 2723 sicut
3349 2668 3547 2739 pluvia
3588 2669 3649 2722 in
3682 2684 3751 2722 ea

313 2749 426 2834 ίτῆς
482 2749 589 2839 γῆς
641 2761 1011 2838 ἐκχεομένων,
1074 2756 1164 2814 καὶ
1223 2755 1405 2832 ὥσπερ
1468 2749 1692 2830 ὄμϐρων
1731 2752 1784 2809 ἐν
1845 2752 1922 2808 αὖε

2139 2757 2503 2830 inguefactus
2525 2757 2536 2812 ι
2562 2775 2594 2812 o
2617 2758 2916 2812 funestam
2945 2757 3157 2812 falcem
3181 2773 3313 2827 qum
3345 2762 3482 2812 ante
3514 2762 3748 2827 tempus

318 2855 661 2910 πιανθέντων
691 2853 702 2909 l
738 2849 782 2905 ὣ
840 2847 1110 2925 δρεπάνης
1167 2844 1419 2919 ὀλεθρίου
1471 2844 1580 2920 πρὸ
1635 2847 1833 2918 καιροῦ
1885 2864 1927 2897 τι

2139 2851 2308 2904 iessis
2340 2850 2553 2905 mediis
2598 2850 2797 2905 choris
2856 2866 2992 2904 arva
3045 2849 3390 2921 occupasti!
3425 2865 3457 2903 ο
3489 2853 3748 2903 matrum

321 2943 523 3018 θέρους
555 2941 605 2998 ἐν
638 2941 790 3015 ἀκμῇ
820 2943 918 2995 τοῦ
966 2940 1142 3013 χοροῦ
1196 2935 1294 2996 τάς
1344 2933 1579 3010 ἀρούρας
1611 2929 1930 3008 αἱχμαλωτι

2137 2945 2290 2994 ictus
2324 2945 2382 2994 et
2429 2939 2687 3010 suspiria
2738 2939 3081 3009 multusque
3127 2939 3398 3010 plangor,
3433 2939 3494 2992 in
3529 2937 3746 3008 quibus

322 3034 538 3104 σάσηςί
573 3031 617 3087 ὦ
653 3031 905 3105 μητέρων
939 3034 1137 3103 θρῆνος
1195 3024 1288 3080 καὶ
1347 3024 1646 3098 στεναγμὸς
1697 3021 1788 3077 καὶ
1823 3019 1931 3097 ὀδυι

2140 3029 2329 3083 ullum
2358 3035 2483 3083 erat
2513 3028 2793 3084 solatium
2820 3027 2830 3082 !
2859 3029 3078 3083 Harum
3111 3028 3270 3083 enim
3315 3027 3584 3082 omnium
3618 3045 3747 3082 ma-

327 3123 437 3198 μὸς
470 3122 670 3192 πολὺς,
703 3119 754 3175 ἐν
787 3120 833 3191 ᾧ
864 3117 963 3172 οὐκ
993 3117 1062 3186 ἦν
1093 3113 1437 3191 παράκλησις
1474 3110 1721 3184 οὐδεμία.
1767 3110 1936 3166 Τούτυ

2144 3136 2276 3184 ⁵11111,
2331 3119 2390 3172 in
2437 3119 2615 3172 unius
2676 3119 3104 3174 lamentatione
3157 3119 3444 3190 propheta
3501 3118 3753 3171 obscure

322 3215 434 3290 γὰρ
467 3214 653 3267 πάσῶν
685 3211 792 3265 τῶν
831 3208 1107 3283 μητέρων,
1135 3205 1211 3268 εἷς
1248 3210 1376 3278 μιᾶς
1411 3201 1649 3278 όδυρμὸν
1694 3203 1931 3277 προφήτι

2140 3207 2409 3274 rmdixit;
2444 3207 2588 3262 dicit
2614 3207 2772 3262 enim
2805 3224 2816 3260 :
2864 3207 3121 3261 Ploratus
3143 3214 3195 3260 et
3226 3207 3474 3261 ululatus
3505 3208 3709 3261 multus
3737 3224 3749 3262 :

321 3298 742 3378 αἱνιγματοδῶς
823 3299 1250 3376 προεφήτευσεν.
1310 3296 1516 3368 Θρῆνος
1601 3293 1724 3368 γὰρ,
1801 3291 1926 3362 θησὶ

2147 3297 2301 3351 achel
2325 3297 2556 3366 plorans
2590 3297 2732 3364 ﬁlios
2788 3313 2912 3351 suos
2977 3303 3028 3351 et
3077 3297 3259 3351 noluit
3316 3296 3590 3350 consolari
3619 3297 3753 3365 quia

321 3393 421 3448 καὶ
458 3359 495 3378 Η
532 3359 878 3462 κλαυθμὸς,ι
952 3359 1041 3442 δὲαὲ
1158 3359 1421 3459 ὀδυρμδς-
1484 3359 1716 3444 πολόςίῂ
1768 3359 1930 3455 Ῥαχῦ

2141 3403 2207 3440 οη
2237 3392 2406 3448 sunt;
2434 3390 2510 3453 et,
2545 3401 2618 3438 ne
2671 3386 2848 3440 unius
2897 3391 3126 3440 tantum
3169 3385 3412 3440 nomine
3446 3385 3556 3438 hoc
3582 3385 3750 3456 pueri

320 3481 598 3538 κλαίουσα
679 3479 747 3534 τά
823 3477 980 3533 τέκνα
1061 3474 1250 3544 αὐτῆς,
1327 3472 1416 3528 καὶ
1475 3472 1574 3526 οὐκ
1630 3467 1824 3540 ἤθελεν
1883 3491 1923 3524 π

2142 3475 2537 3541 cciderentur,
2570 3475 2852 3542 minime;
2878 3475 2995 3530 imo
3025 3475 3225 3530 multa;
3259 3475 3500 3529 fuerunt
3531 3479 3751 3528 matres

327 3570 704 3649 ρακληθῆναι,
763 3567 846 3622 ὅτι
907 3565 1005 3621 οὐκ
1063 3563 1216 3620 εἰσίν·
1277 3562 1367 3616 καὶ
1431 3562 1507 3634 μή
1556 3566 1681 3632 μιᾶς
1719 3561 1936 3632 μόνοντ

2153 3565 2322 3620 achel
2346 3565 2708 3629 nominata);
2743 3563 2848 3619 sed
2883 3564 3370 3635 quandoquidem
3406 3568 3598 3618 mater
3629 3580 3756 3618 ma-

331 3647 566 3735 όνόματι
617 3657 798 3730 τούτῳ
854 3657 920 3711 τά
974 3655 1134 3709 τέκνα
1189 3652 1629 3729 κατεσφάγησαν,
1663 3648 1812 3723 οὐχί·
1848 3647 1940 3704 ἀλ)

2146 3671 2262 3709 ὐῐῖὶ
2316 3659 2440 3709 erat
2491 3653 2666 3710 Jacob
2725 3654 2965 3722 Rachel,
3027 3653 3158 3708 ideo
3214 3654 3505 3724 propheta
3537 3670 3755 3708 nomen

329 3747 545 3807 ποΑΑαῖ
572 3747 782 3824 Ῥαχὴλ
838 3744 1153 3801 ἐκαλοῦντο⁸
1215 3741 1342 3797 ἀλλ’
1399 3737 1586 3809 ἐπειδὴ
1649 3740 1834 3813 μήτηρ
1883 3743 1938 3792 τῦ

2142 3745 2312 3799 eteris
2346 3743 2564 3799 Rachel
2638 3743 2710 3798 ob
2787 3760 3108 3814 puerorum
3167 3743 3431 3798 futuram
3492 3760 3751 3798 messem

334 3838 592 3914 μητέρων
625 3837 691 3906 ἦν
726 3838 761 3905 ἡ
793 3839 890 3890 τοῦ
918 3827 1120 3890 Ἰακὼϐ
1149 3827 1392 3906 Ῥαχὴλ,
1452 3826 1544 3884 διὰ
1597 3833 1760 3883 τοῦτο
1795 3829 1823 3882 ὁ
1853 3848 1943 3902 πρι

2143 3833 2298 3904 bque
2326 3833 2397 3888 de
2431 3833 2550 3888 illis
2592 3832 3070 3899 lamentationes,
3119 3839 3294 3887 antea
3344 3832 3749 3904 proclamavit.

333 3927 516 4005 φήτης
573 3926 636 3980 τὸ
695 3921 872 3998 ὄνομα
927 3931 1028 3994 τῆς
1087 3920 1258 3977 πάλαι
1316 3918 1530 3994 Ῥαχὴλ
1563 3915 1652 3972 διὰ
1687 3919 1750 3972 τὸ
1786 3915 1942 3991 μέλλε

2140 3922 2446 3977 Ἰδυοιὶὺιιε
2503 3922 2682 3993 igitur
2735 3922 3127 3992 suspiriisque
3180 3921 3359 3992 plena
3403 3927 3529 3976 erat
3558 3939 3749 3977 mens.

335 4021 495 4092 θέρος
548 4020 656 4071 τῶν
707 4013 944 4085 νηπίων,
1003 4013 1092 4068 καὶ
1167 4012 1268 4080 τήν
1330 4008 1454 4085 περὶ
1512 4007 1720 4063 τοὺτων
1783 4006 1944 4080 θλίψιί

2157 4012 2244 4066 uis
2279 4013 2438 4067 enim
2496 4029 2615 4065 non
2675 4012 2815 4066 fleat
2871 4028 2990 4066 una
3039 4028 3173 4066 cum
3233 4012 3353 4065 illis
3411 4011 3757 4066 matribus?

333 4100 618 4181 πόρῥωθεν
679 4102 1010 4178 ἀνήγγειλεν.
1076 4104 1327 4157 Κοπετῶν
1382 4098 1560 4154 τοίνυν
1627 4099 1718 4152 καὶ
1780 4117 1942 4151 στενα·

2149 4101 2332 4156 uodve
2353 4119 2454 4155 cor
2479 4118 2596 4155 non
2622 4101 2681 4154 in
2707 4101 2964 4172 ejulatus
2988 4106 3260 4171 erumpat
3277 4118 3381 4172 pro
3408 4101 3624 4155 talibus
3647 4100 3755 4155 ini-

342 4198 460 4267 μῶν
492 4192 718 4269 πλήρης
749 4195 782 4262 ἡ
816 4187 1026 4247 ἔννοιαο
1088 4189 1172 4252 τίς
1227 4189 1332 4264 γάρ
1397 4189 1472 4260 μή
1507 4187 1826 4261 θρηνήσειεν
1862 4207 1951 4258 μετ

2149 4190 2239 4244 uis
2263 4190 2517 4244 ictibus?
2538 4190 2626 4245 vel
2653 4191 2786 4260 quis
2805 4190 2876 4244 de
2900 4189 3162 4245 balbutie
3183 4190 3423 4244 illorum
3447 4189 3755 4245 beatorum

337 4289 450 4340 τῶν
479 4285 730 4358 μητέρων
764 4281 1022 4350 έκείνων;
1079 4278 1115 4350 ἤ
1173 4279 1254 4342 τίς
1319 4277 1614 4352 σπλάγχνα
1662 4278 1946 4351 οἱκτειρμῦ

2149 4279 2426 4334 ifantium
2473 4281 2738 4352 cogitans
2787 4297 2907 4334 non
2959 4279 3430 4350 lacrymabitur?
3481 4280 3758 4334 Videntes

339 4373 443 4428 οὐκ
499 4373 763 4444 ἐκτήσατο
822 4371 910 4426 ἐπὶ
967 4374 1036 4444 τῇ
1092 4367 1321 4442 τοιαύτῃ
1377 4363 1552 4438 ἀδίκῳ
1581 4365 1879 4441 πληγῇςῆ
1912 4385 1941 4419 τ

2150 4369 2266 4425 nim
2300 4386 2473 4424 enses
2504 4375 2715 4424 contra
2760 4370 2920 4440 ipsos
2972 4370 3248 4436 vibratos,
3283 4376 3465 4440 utque
3497 4387 3532 4424 a
3559 4369 3701 4424 feris
3731 4387 3759 4424 e

332 4467 436 4520 τοῦ
485 4461 802 4538 ψελλισμοῦ
858 4465 968 4515 τῶν
1033 4457 1309 4532 μακαρίων
1340 4454 1556 4510 ἐκείνων
1591 4453 1941 4528 ἐνθυμούμενι

2150 4477 2241 4513 .nu
2274 4465 2528 4514 matrum
2557 4460 2777 4530 arrepti
2811 4459 2885 4514 ad
2913 4461 3057 4514 istos
3082 4458 3427 4514 clamabant
3456 4457 3759 4514 dicebant-

336 4551 402 4608 οὐ
429 4551 856 4626 πληρωθήσεται
890 4547 1137 4625 δακρύων
1165 4566 1179 4618 ;
1214 4548 1426 4624 ὁρῶντα
1473 4546 1578 4619 γὰρ
1623 4545 1692 4599 τὰ
1720 4543 1846 4618 ξίφη
1877 4564 1944 4597 κα

2149 4565 2256 4603 ue:
2291 4549 2530 4602 Dimitte
2565 4566 2681 4615 me,
2733 4549 2852 4614 vir;
2905 4566 3019 4620 quo
3070 4565 3165 4604 me
3216 4548 3512 4604 abducis?
3554 4565 3675 4602 non
3705 4553 3758 4602 te

335 4641 517 4697 αὐτῶν
578 4641 992 4714 ἀκοντιζόμενα,
1051 4637 1142 4693 καὶ
1217 4637 1292 4700 ὡς
1353 4635 1457 4690 ὑπὸ
1519 4631 1725 4710 θηρίωθ
1785 4631 1944 4709 ἀγρία

2149 4655 2436 4710 cgnosco;
2494 4639 2698 4710 ignoro
2757 4639 2889 4709 quis
2948 4639 3067 4706 sis;
3125 4656 3244 4694 non
3290 4643 3350 4692 tu
3387 4638 3532 4693 mihi
3564 4655 3626 4693 es
3657 4653 3758 4708 pa-

335 4732 398 4789 ἒκ
449 4736 556 4787 τῶν
611 4731 835 4787 κόλπων
917 4733 1022 4784 τῶν
1112 4727 1361 4801 μητέρων
1421 4723 1799 4796 ἀποσπώμενα
1855 4744 1944 4798 πρι

2150 4744 2210 4795 :r,
2245 4733 2346 4782 aut
2375 4726 2577 4796 frater,
2612 4731 2714 4782 aut
2755 4727 3101 4791 avunculus,
3155 4732 3258 4782 aut
3288 4732 3573 4798 patruus;
3608 4741 3759 4780 non-

334 4821 534 4884 αὐτοὺς
593 4821 1004 4899 ἀπεφθέγγοντο
1088 4818 1177 4872 καὶ
1257 4813 1462 4890 ἔλεγοψ
1522 4817 1690 4892 ’Ἄφες
1753 4834 1838 4888 με,
1901 4811 1943 4867 ἄη

2147 4834 2246 4872 um
2277 4823 2682 4888 cognoverunt
2707 4833 2812 4871 cur
2863 4833 2893 4870 e
2944 4821 3103 4871 terra
3150 4821 3352 4888 surgat
3380 4832 3584 4871 eorum
3616 4815 3756 4870 vita.

333 4923 541 4986 θρωπε,
590 4916 697 4966 ποῦ
757 4931 824 4984 με
881 4909 1146 4984 ἀπάγειςς
1207 4905 1270 4962 οὐ
1325 4903 1576 4981 γνωρίζω
1627 4924 1703 4957 σε·
1741 4900 1841 4957 οὐκ
1872 4901 1942 4957 οἶί

2145 4923 2148 4948 ι
2171 4906 2365 4960 scelus
2383 4905 2664 4977 aquatilis
2682 4905 3418 4977 serpentis,innocentium
3437 4920 3754 4976 puerorum

329 5000 418 5064 τίς
474 5002 538 5056 εἷ’
600 5000 700 5056 οὐκ
757 5000 805 5055 εἶ
848 4999 911 5054 σὺ
970 4996 1096 5054 οὔτε
1150 4999 1331 5069 πατήρ
1396 5016 1522 5069 μου,
1582 4990 1706 5049 οὔτε
1735 4991 1938 5072 ἀδεΑφὸ

2152 5012 2346 5051 ΠῚΙΘΠΙ
2380 4994 2821 5062 devorantis,ac
2854 5011 2974 5049 non
3008 4995 3202 5049 satiati
3233 4993 3244 5047 !
3279 4995 3424 5049 Cum
3458 4993 3616 5048 enim
3645 5009 3761 5047 caa-

332 5089 462 5150 οὕτε
495 5089 905 5169 μητράδελφος,
951 5091 1010 5146 οὐ
1055 5086 1462 5166 πατράδελφος,
1493 5085 1580 5140 καὶ
1617 5085 1720 5139 οὐκ
1750 5083 1941 5161 ἔγνωσε

2148 5102 2208 5140 es
2231 5084 2552 5140 infantium
2576 5090 2816 5156 peracta
2832 5085 3043 5139 fuisset
3064 5083 3193 5138 sine
3216 5082 3757 5145 commiseratione,

335 5181 514 5252 ὅπως,
549 5179 679 5239 οὐδὲ
709 5179 799 5236 διὰ
852 5181 904 5236 τί
953 5179 1012 5236 ἐκ
1065 5187 1166 5250 τῆς
1218 5186 1318 5255 γῆς
1376 5175 1653 5251 ἐπαίρεται
1679 5176 1714 5244 ἡ
1751 5176 1863 5244 ζωὴ
1894 5173 1944 5228 αὖ

2152 5181 2267 5230 tetu
2297 5180 2475 5246 atque
2509 5175 2744 5230 insania
2793 5173 3101 5246 quwrebat
3128 5173 3321 5228 adhuc
3353 5173 3618 5246 genitum
3668 5187 3761 5226 re-

327 5277 464 5331 τῶν.
496 5277 561 5328 Ὢ
590 5271 912 5349 παρανομία
966 5274 1064 5325 τοῦ
1127 5268 1319 5344 βυθίου
1374 5265 1690 5340 δράκοντος,
1740 5264 1834 5327 τὰς
1866 5264 1936 5339 σοί4

2149 5285 2256 5335 em,
2290 5284 2357 5322 ac
2389 5267 2804 5322 indesinenter
2861 5265 3198 5337 suspirabat
3245 5282 3313 5321 ac
3345 5263 3758 5330 tremescebat,

329 5382 433 5426 κας
482 5367 592 5418 τῶν
644 5360 902 5416 ἀναιτίων
945 5357 1153 5414 παίδων
1208 5352 1574 5432 βεϐρωκότος,
1635 5351 1724 5407 καὶ
1764 5355 1840 5426 μὴ
1900 5353 1938 5427 ἐι

1764 5355 1840 5426 μὴ
1900 5353 1991 5427 ἐμ·
2104 5357 2247 5411 dum
2279 5358 2478 5412 anima
2503 5357 2633 5426 ejus
2665 5356 2736 5412 ab
2778 5357 2907 5427 ipso
2938 5356 3138 5411 ablata
3167 5363 3341 5411 esset.

327 5449 698 5522 πλησθέντος.
754 5452 873 5508 1Ἐτι
933 5450 1037 5526 γὰρ
1089 5448 1176 5502 καὶ
1236 5453 1337 5516 τῆς
1396 5441 1777 5504 παιδοκτονίας
1834 5441 2083 5513 ἀνηλεῶς
2139 5443 2460 5519 γενομένης,
2521 5442 2700 5514 δειλίᾳ
2756 5444 2847 5498 καὶ
2907 5445 3137 5515 ἀπονοίᾳ
3192 5440 3269 5498 ἔτι
3333 5447 3511 5515 ζητῶν
3567 5443 3634 5511 ἦν
3665 5442 3756 5496 τὸν

325 5539 593 5616 τεχθέντα
653 5539 899 5616 βασιλέα·
960 5537 1052 5595 καὶ
1110 5538 1213 5594 οὐκ
1261 5534 1530 5592 ἐπαύσατο
1586 5531 1783 5588 στένων
1842 5533 1930 5587 καὶ
1991 5531 2232 5609 τρέμων,
2286 5529 2392 5595 ἕως
2453 5532 2514 5587 οῦ
2570 5535 2604 5602 ἡ
2667 5535 2821 5608 ψυχὴ
2883 5531 3047 5588 αὐτοῦ
3105 5531 3368 5609 ἀφαιρέθη
3421 5531 3512 5590 ἀπ’
3572 5529 3760 5587 αὐτοῦ.

1940 5652 2162 5707 ΝΟΤᾹΞ.

407 5762 487 5836 (1)
519 5761 623 5818 Hic
654 5760 828 5816 docet
855 5765 1062 5817 auctor
1093 5776 1155 5814 se
1178 5759 1393 5816 vixisse
1424 5756 1622 5814 medio
1655 5755 1874 5812 saeculo
1904 5753 2120 5812 Christi
2155 5759 2377 5810 octavo.
