4074 6394
266 208 466 270 1525

349 343 831 411 Evangelistarum
862 344 1227 411 discrepantia
1258 350 1309 397 in
1348 348 1584 398 texendo
1618 347 1837 411 Josephi
1872 363 1967 411 ge-

264 420 457 462 nere,
496 408 1008 465 274.Conciliantur,
1044 410 1196 469 ibid.,
1234 417 1282 460 et
1315 426 1443 460 ann.

350 470 701 519 Eucharistia
733 471 796 519 ad
830 474 1021 521 animus
1044 479 1094 522 ct
1119 477 1357 531 corporis
1378 474 1775 531 vegetationem
1803 473 1964 529 cedit,

264 532 420 599 2⁸72ἱ
451 538 507 599 et
534 547 661 581 ann.
696 536 866 599 Panis,
901 534 1153 594 ἐπιούσιος,
1179 514 1303 584 ibid.
1340 514 1673 585 Eucbaristia
1702 552 1807 599 quo
1843 514 1968 584 seu:

266 609 353 643 au
391 594 659 644 ἀντίτυπον
691 598 834 645 dicta
865 604 961 652 est.
1000 602 1107 655 273,
1143 604 1190 647 et
1222 614 1347 647 ann.
1377 604 1492 659 Quo
1526 614 1683 647 sensu
1718 594 1967 647 commu-

269 660 394 706 nio
433 665 481 707 et
516 661 865 719 participatio,
902 660 1035 710 ibid.
1056 663 1405 711 Eucharistiaa
1436 664 1721 718 institutio,
1750 662 1969 711 268.Αὸ-

274 724 454 769 serta
492 722 838 771 Eucharistim
871 725 1085 779 veritas.
1123 724 1249 771 ibid.

359 783 626 833 Euclietee
658 791 709 833 et
745 786 1049 835 Massaliani
1082 786 1263 843 iidem.
1299 789 1375 837 98.
1410 785 1772 836 Entbusiastaa
1805 787 1967 835 etiam

278 850 671 909 appellantur,
711 847 842 895 ibid.

362 911 642 969 Engenius
675 909 957 958 haereticus
989 911 1270 966 Tritheita.
1308 912 1413 967 103,
1448 926 1573 960 ann.

362 974 579 1029 Eulogii
607 973 1260 1036 Alexandrinifragmenta
1292 975 1416 1035 duo,
1450 976 1526 1029 44,
1560 988 1687 1022 ann.
1712 974 1969 1033 Eulogius

279 1034 707 1083 Alexandrinus
741 1036 883 1083 litem
912 1034 1115 1085 dirimit
1158 1038 1618 1085 Samaritanorum
1668 1044 1719 1085 et
1751 1038 1967 1085 ,106ωο-

280 1110 447 1153 rum,
479 1097 558 1157 79,
597 1112 722 1145 ann.
755 1099 950 1148 Contra
985 1100 1339 1149 Dositheanos
1390 1102 1601 1163 scripsit
1631 1100 1695 1149 de
1726 1114 1967 1149 resurre-

281 1162 507 1208 ctione.
543 1159 675 1208 ibid.

281 1162 507 1213 ctione.
543 1160 675 1208 ibid.

362 1222 690 1287 Eunomiani
716 1225 879 1287 Deum
903 1223 1003 1272 sibi
1024 1223 1409 1285 perfectissime
1434 1225 1706 1287 cognitum
1730 1223 1964 1279 aiebant.

280 1283 418 1349 123,
452 1300 581 1333 ann.
614 1285 935 1349 Eunomiani
971 1283 1129 1349 unica
1178 1283 1546 1335 mersitatiorfc
1602 1286 1966 1349 baptizabant,

279 1346 419 1411 260,
454 1361 581 1396 ann.
616 1348 814 1396 Horum
853 1348 1153 1411 baptismus
1190 1350 1542 1411 improbatus,
1578 1346 1706 1399 ibid.
1731 1351 1967 1399 Trinita-

282 1408 372 1458 tis
392 1410 791 1458 invocationem
812 1425 901 1459 eos
924 1408 1165 1460 omisisse
1180 1408 1472 1461 verisimile
1489 1426 1596 1461 non
1615 1412 1963 1470 est,261,ann.

365 1472 599 1535 Europis
629 1474 901 1533 trajectus.
943 1478 1047 1522 172.

364 1534 565 1589 Eurus,
599 1541 809 1595 ventus,
839 1539 944 1585 169.

366 1596 685 1646 Eustathius
716 1598 1087 1655 Massalianus,
1124 1599 1230 1647 109.

367 1660 641 1719 Eutyches
674 1660 815 1709 unde
842 1675 1079 1709 errorem
1111 1662 1454 1719 contraxerit,
1516 1661 1623 1717 100,
1674 1675 1799 1710 ann.
1838 1661 1965 1710 Car-

286 1734 432 1771 nem
466 1723 674 1786 Domini
701 1724 836 1770 coelo
860 1724 1131 1785 delapsam
1158 1738 1265 1772 non
1299 1724 1522 1786 putavit,
1545 1724 1963 1773 ibid.Christum

290 1797 427 1848 esse
454 1785 745 1847 perfectum
770 1786 936 1833 Deum
969 1792 1021 1835 et
1056 1785 1351 1848 perfectum
1378 1787 1649 1835 hominem
1670 1788 1962 1847 dixit,ibid.

288 1847 423 1895 Non
458 1853 636 1895 tamen
674 1849 1189 1898 consubstantialem
1223 1850 1377 1898 matri
1411 1856 1464 1898 et
1486 1852 1658 1905 nobis,
1682 1850 1809 1897 ibid.
1840 1850 1962 1906 Cur,

287 1908 443 1959 ibid.
476 1910 604 1971 Ejus
640 1915 908 1966 genuinus
939 1927 1129 1960 sensus
1161 1926 1223 1960 ex
1259 1913 1595 1968 (Iombeﬁsio,
1630 1911 1757 1960 ibid.

364 1973 683 2033 Eutychiani
718 1974 972 2029 haeretici.
1009 1975 1116 2024 100.
1151 1975 1352 2024 Horum
1386 1988 1611 2029 errores,
1646 1974 1797 2031 ibi/1.,
1832 1988 1958 2023 ann.

289 2035 617 2146 ‘86Entyehii
648 2036 996 2085 Alexandrini
1038 2052 1187 2087 error
1220 2040 1283 2086 de
1328 2039 1567 2087 Maronis
1618 2039 1961 2095 monasterio.

406 2135 421 2146 .
456 2113 581 2145 ann.

406 2135 421 2157 ,
456 2113 581 2145 ann.

366 2161 663 2223 Entychius
695 2161 939 2209 Eunomii
978 2163 1176 2215 socius,
1207 2162 1288 2217 9t,
1309 2176 1437 2211 ann.
1468 2163 1699 2209 Ternam
1726 2163 1777 2209 in
1798 2163 1965 2222 bapti-

290 2237 421 2271 smo
454 2224 741 2284 supprimit
775 2225 1119 2283 mersionem,
1151 2224 1283 2272 ibid.

364 2285 831 2349 Exemplaialiqna
854 2294 1000 2349 parte
1023 2288 1334 2349 discrepant
1356 2287 1421 2334 ab
1443 2287 1507 2334 iis
1528 2300 1648 2348 quas
1674 2300 1967 2347 reprimen-

293 2351 444 2400 tant.
478 2348 585 2396 410.
620 2348 877 2409 Exempla
913 2350 1060 2397 nulla
1107 2348 1421 2411 mysterium
1458 2350 1852 2397 incarnationis
1885 2362 1965 2411 re-

292 2416 634 2473 praesentare
670 2417 914 2473 possunt.
940 2412 1049 2461 565.
1083 2410 1339 2472 Exempla
1364 2425 1629 2473 nusquam
1659 2425 1751 2473 per
1781 2410 1967 2460 omnia

294 2471 639 2537 conveniunt
657 2471 777 2521 cum
812 2476 892 2522 his
922 2488 1043 2537 quas
1066 2471 1327 2529 referunt,
1352 2474 1461 2523 250.
1489 2471 1868 2523 Nulla‘exacta
1890 2473 1964 2537 di-

295 2534 557 2583 vinarum
582 2549 759 2584 rerum
785 2534 1043 2599 exempla,
1063 2537 1190 2584 ibid.
1210 2537 1729 2599 Exemplaihominis
1747 2551 1808 2584 ex
1844 2535 1962 2599 ani-

297 2611 392 2646 ma
421 2602 473 2646 et
500 2612 724 2660 corpore
756 2600 1057 2659 compositi,

292 2660 684 2709 Incarnatione
721 2661 777 2709 ﬂt
810 2676 1003 2715 sermo.
1032 2666 1084 2710 41

367 2722 639 2787 Expositio
671 2724 791 2787 fidei
838 2725 1049 2773 Justino
1100 2725 1315 2787 martyri
1360 2724 1589 2786 ascripta
1638 2724 1793 2773 tertia
1836 2737 1960 2787 pars

298 2788 388 2833 est
419 2786 725 2848 prolixioris
756 2788 950 2849 operis,
984 2787 1091 2843 420,
1128 2786 1255 2835 ann}

1106 2882 1155 2945 F

365 2974 565 3041 Fabula
595 2976 660 3023 de
687 2976 1013 3041 draconibus
1060 2976 1270 3025 incubis
1319 2975 1648 3041 exploditur,
1697 2975 1805 3026 471.
1848 2974 1960 3025 Alia

297 3037 367 3085 de
401 3036 677 3097 strigibus,
709 3040 820 3089 473.

365 3100 575 3164 Facere,
609 3102 759 3164 quid,
794 3102 872 3150 67.

363 3162 812 3224 Facultas'altrix,
850 3164 954 3214 180.

363 3226 588 3291 Faisitas
619 3227 882 3289 ignoratio
905 3232 985 3276 est
1018 3230 1070 3275 et
1102 3225 1337 3291 privatio
1368 3227 1712 3290 cognitionis,
1754 3226 1862 3275 429.

362 3287 588 3351 Falsum.
622 3287 772 3351 quid,
804 3295 849 3338 7.

363 3349 551 3398 Fatum
586 3349 911 3412 exploditur.
947 3352 1035 3402 166
1068 3357 1120 3401 et
1156 3366 1281 3401 ann.
1320 3353 1598 3411 Quomodo
1650 3351 1959 3400 confutatur

301 3412 368 3475 ab
397 3412 631 3473 Origine,
669 3413 797 3463 ibid.
828 3418 862 3463 Α
894 3414 1156 3475 Procopio
1214 3418 1414 3474 Gazam,
1456 3413 1668 3472 Basilio,
1725 3419 1777 3462 et
1822 3414 1955 3475 aliis,

304 3474 432 3523 ibid.
466 3475 655 3525 Fatum
686 3477 879 3533 Tullio.
915 3474 1268 3538 providentia,
1308 3476 1408 3533 197,
1431 3492 1558 3525 ann.

366 3538 646 3598 Favonius,
682 3545 891 3593 ventus.
928 3539 1032 3588 169.

366 3600 585 3664 Femina
618 3610 837 3664 propter
862 3603 1272 3651 subsecutnram
1305 3600 1541 3649 hominis
1566 3602 1774 3663 culpam
1811 3614 1957 3649 crea—

308 3666 375 3718 ta.
409 3663 502 3711 200
532 3668 583 3711 et
613 3663 740 3713 ann.

362 3725 577 3774 Ferrum
610 3727 848 3775 candens
878 3729 999 3774 actu
1038 3724 1239 3786 duplici

368 3786 519 3835 Fides
542 3788 712 3838 virtus
736 3794 832 3845 est,
859 3788 1182 3838 263.Donum
1208 3786 1454 3849 Spiritus,
1478 3787 1953 3837 ibid.Circumcisio

310 3851 611 3911 spiritualis,
641 3853 767 3900 ibid.
792 3852 1010 3913 Duplex,
1040 3850 1169 3899 ibid.
1195 3851 1319 3900 Fide
1344 3854 1523 3900 omnia
1544 3849 1953 3913 constant,ibid.

301 3913 453 3977 Fides
482 3913 599 3962 sine
631 3914 887 3977 operibus
938 3920 1167 3970 mortua,
1201 3918 1255 3962 et
1302 3929 1493 3977 Opera,
1517 3915 1630 3962 sine
1665 3912 1788 3969 fide.
1840 3912 1951 3961 261.

305 3975 585 4040 Perrﬁdem
619 3975 690 4040 ini
712 3978 846 4026 ﬁlios
876 3978 964 4025 Dei
1000 3977 1336 4040 adoptamur,
1372 3976 1510 4025 ibid.

367 4038 557 4102 Figura
593 4045 644 4087 et
674 4039 861 4095 forma,
903 4040 982 4087 56.

368 4100 664 4166 Fiiiationis
695 4102 1001 4166 proprietas
1035 4102 1321 4166 immobilis
1352 4106 1449 4157 est.
1476 4101 1589 4166 3_15.

369 4162 481 4227 Filii
514 4160 711 4227 imago;
748 4160 981 4225 spiritus,
1035 4165 1119 4212 151
1160 4171 1211 4213 et
1246 4178 1371 4213 ann.
1410 4164 1528 4213 Filli
1558 4162 1794 4219 nomine.
1842 4160 1950 4227 477.

454 4224 786 4293 solius—sunt
811 4242 929 4290 quae
951 4227 1026 4293 Aad
1051 4227 1481 4293 Incarnationem
1508 4229 1809 4293 pertinent.
1844 4224 1950 4293 144.

316 4288 467 4352 Filius
493 4288 748 4343 Verbum.
775 4288 1052 4352 splendor,
1073 4290 1240 4345 ﬁgura
1260 4290 1473 4345 dicitur,
1502 4290 1608 4338 135.
1630 4288 1953 4352 Unigenitus

311 4351 584 4413 multiplici
609 4354 672 4399 de
691 4351 867 4413 causa,
889 4352 1038 4405 ibim,
1072 4357 1123 4400 et
1144 4366 1271 4400 ann.
1300 4354 1462 4401 Filius
1480 4359 1531 4400 et
1565 4351 1795 4413 Spirilus
1827 4364 1952 4396 san-

308 4418 420 4476 ctus
448 4415 717 4475 quomodo
752 4420 971 4476 propter
1002 4415 1234 4470 Patrem.
1269 4416 1356 4464 138
1388 4420 1441 4463 et
1474 4429 1599 4462 ann.
1622 4413 1784 4476 Filius
1809 4415 1952 4476 prin-7

309 4474 424 4539 cipii
457 4474 646 4539 expers
676 4474 815 4539 quod
851 4484 1061 4535 tempus
1091 4482 1315 4538 spectat,
1370 4478 1476 4526 140.
1524 4480 1593 4525 De
1640 4475 1769 4525 Filio
1822 4475 1950 4539 quid

308 4537 750 4595 Ecclesia'doceat,
778 4540 883 4589 134.
912 4540 1074 4588 Filius
1097 4537 1309 4588 medius
1342 4542 1481 4589 inter
1516 4541 1716 4588 Patrem
1751 4541 1803 4586 et
1834 4537 1952 4599 Spi-

308 4600 477 4654 ritum.
514 4605 618 4658 151,
652 4617 781 4651 ann.
803 4604 974 4661 Quare
1008 4603 1169 4651 Filius
1199 4604 1526 4655 incarnatus.
1560 4616 1668 4651 non
1719 4602 1874 4648 Pater
1903 4604 1957 4649 et

310 4662 534 4722 Spiritus
563 4669 798 4725 sanctus,
831 4669 940 4715 474.
978 4665 1140 4713 Filius
1164 4671 1242 4713 est
1274 4664 1535 4714 naturalis
1565 4666 1739 4721 imago
1770 4663 1952 4719 Patris,

310 4726 407 4774 354.
448 4726 777 4789 Principium
811 4735 908 4782 est.
941 4730 1049 4784 475,
1082 4742 1209 4777 ann.
1240 4729 1423 4784 Filius,
1477 4728 1703 4777 Verbum
1744 4725 1957 4773 ἐνδιάθε-

306 4802 384 4835 τον
414 4803 521 4839 non
548 4795 647 4848 est,
680 4796 736 4839 ut
766 4791 1025 4840 Sabellius
1058 4791 1231 4839 voluit
1284 4792 1388 4847 151,
1424 4804 1551 4839 ann.
1573 4789 1754 4848 Filius,
1790 4790 1957 4837 Patris

310 4850 454 4915 ratio.
487 4853 753 4912 voluntas,
789 4854 1091 4908 consilium,
1129 4853 1388 4915 potentia,
1430 4852 1535 4909 148,
1570 4853 1678 4901 151.
1712 4851 1956 4915 Filiusex

309 4912 453 4962 Patre
490 4916 604 4964 sine
631 4931 809 4971 causa,
844 4921 1009 4965 natus»
1030 4922 1109 4964 est
1131 4912 1198 4964 ex
1232 4921 1399 4965 matre
1434 4916 1601 4964 nostri
1635 4928 1813 4973 causa,
1845 4913 1953 4972 571,

306 4988 424 5041 a_nn.
458 4977 566 5026 Cur
587 4978 914 5036 incarnatus,
940 4980 1046 5029 255.
1072 4979 1150 5027 De
1175 4978 1307 5028 Filio
1340 4978 1467 5041 quid
1488 4976 1955 5041 credendum,132.

312 5036 857 5103 Fjusgenerationem
886 5045 1098 5103 tempus
1132 5055 1237 5090 non
1263 5036 1566 5103 antecessit,
1586 5040 1692 5087 133.
1720 5040 1955 5096 Quomo-

312 5100 375 5164 do
408 5100 477 5149 sit
504 5102 559 5150 in
590 5102 767 5156 Patre.
798 5102 945 5160 ibid.,
982 5100 1035 5152 et
1065 5118 1192 5152 ann.
1226 5104 1390 5153 Filius
1410 5107 1461 5151 et
1489 5102 1718 5164 Spiritus
1742 5106 1960 5149 sanctus

312 5162 569 5225 adiunum
604 5165 925 5225 principium
975 5166 1187 5215 Patrem
1243 5162 1571 5221 referuntur,
1613 5166 1698 5213 140
1749 5169 1800 5212 et
1836 5177 1956 5213 ann.

312 5223 468 5276 Filius
498 5232 556 5275 ut
587 5223 968 5289 homo,judex.
1006 5228 1112 5277 150.

370 5289 508 5353 Finis
543 5292 841 5338 studiorum
873 5290 1011 5353 quis,
1048 5291 1095 5337 8.

371 5352 785 5401 Firmamentum
824 5352 1019 5402 caelum
1052 5358 1149 5410 est,
1187 5352 1295 5401 160.

371 5414 656 5463 Flavianus
697 5416 1063 5465 Antiochenus
1098 5415 1448 5463 Massalianos
1500 5417 1616 5462 astu
1669 5414 1861 5476 retegit
1910 5419 1961 5466 et

314 5476 615 5533 insectatur,
651 5478 727 5526 99.

373 5539 515 5604 Folia
544 5540 676 5588 ﬁcus
710 5539 837 5604 quid
863 5539 1249 5597 signiﬁcarent,
1283 5543 1373 5589 202
1404 5543 1455 5589 et
1485 5552 1614 5587 ann.

376 5602 577 5660 Forma,
611 5602 757 5665 quid,
790 5606 865 5652 43.
900 5605 1085 5651 Forma
1119 5618 1214 5659 pro
1237 5605 1470 5665 essentia
1501 5607 1553 5651 et
1586 5605 1773 5651 natura
1798 5603 1963 5651 sumi-

316 5668 397 5711 tur
426 5665 492 5711 ab
528 5664 799 5724 Apdstolo.
832 5670 884 5713 et
914 5680 944 5714 a
975 5665 1242 5723 Patribus,
1270 5664 1421 5722 ibid,
1452 5678 1581 5713 ann.

373 5724 691 5790 Fornicatio,
727 5733 785 5778 ut
816 5728 1031 5790 malum,
1066 5730 1174 5780 450.

367 5789 612 5842 Fortuna)
634 5790 895 5851 deﬁnitio.
926 5789 1033 5843 193.

1085 2601 1356 2710 quomodo
1380 2598 1962 2662 assignandum,ubide

1279 3726 1459 3787 pollet,
1500 3728 1610 3775 233.

1733 213 1813 272 IN
1858 210 2146 276 TOMUM
2191 212 2323 273 Ι-Π.

3588 226 3741 289 1526

2077 349 2595 473 poFroptp"I)uc:eus
2625 367 2839 416 operam
2870 357 2926 405 in
2957 357 3179 407 edendis
3235 359 3558 410 Damasceni
3590 362 3741 414 libris

2153 427 2276 465 SD].
2341 432 2387 461 Ο.

2153 427 2276 465 ευιμ
2318 427 2387 461 10.

2142 475 2455 546 Fulgentius
2481 481 2532 525 et
2562 477 2864 546 Ferrandns
2896 483 3155 532 Deitatem
3182 486 3483 535 secundum
3515 501 3734 537 carnem

2079 550 2289 599 passam
2328 540 2599 591 dixerunt.
2634 542 2744 599 251,
2777 558 2904 592 ann.

2145 601 2383 658 Fulmen,
2417 604 2563 664 quid,
2587 608 2666 653 74.

2867 674 2922 738 G

2142 752 2373 824 Gaianas
2402 753 2859 824 deipatriarchatu
2894 762 3259 811 Alexandrino
3302 765 3579 814 contendit
3609 779 3729 815 cum

2078 814 2407 884 Thﬁeodosio,
2442 820 2546 873 107,
2567 833 2712 884 ann.
2732 822 3346 879 Aphthartodocetarum
3368 834 3573 884 auctor.
3600 814 3728 877 ibid.

2140 876 2453 941 Garrnlitas,
2488 880 2635 942 quid,
2668 883 2745 930 67.

2140 942 2512 1012 Generatiouis
2544 944 2742 1012 divinae
2765 962 2793 994 a
2826 954 3003 997 nostra
3035 951 3341 1011 discrimen,
3377 955 3483 1001 133.
3516 953 3608 1002 Dei
3634 968 3731 1008 ge-

2079 1008 2287 1072 neratio
2312 1008 2588 1072 passionis
2620 1014 2699 1055 est
2734 1025 2940 1072 expers,
2978 1014 3102 1060 ibid.
3138 1013 3204 1062 Ut
3230 1021 3279 1062 et
3311 1008 3531 1071 creatio,
3592 1014 3727 1065 ibid.

2078 1066 2359 1140 Generatio
2391 1073 2471 1140 est
2496 1074 2717 1140 natura),
2739 1066 3026 1140 fit-CN”!th
3050 1078 3357 1131 voluntatis,
3384 1066 3528 1125 ibid:
3549 1078 3675 1140 Ejus
3698 1094 3728 1128 a

2078 1130 2347 1239 pagatione
2378 1130 2854 1202 discrimengbid”
2878 1142 2930 1185 et
2950 1152 3077 1187 ann.
3099 1140 3370 1189 Fluxionis
3402 1146 3483 1189 est
3512 1130 3727 1203 expers,

2137 1252 2348 1321 Genera
2380 1254 2563 1321 decem
2594 1260 3016 1321 generalissima,
3071 1264 3148 1310 41.
3193 1265 3395 1312 Genera
3451 1264 3629 1313 media
3679 1269 3733 1314 et

2079 1317 2407 1389 subaltsrna.
2439 1320 2517 1367 24.
2540 1317 2744 1389 Genus,
2778 1325 2925 1389 quid.
2958 1327 3030 1372 14.
3067 1327 3174 1373 Vox
3204 1329 3502 1389 tequivoca,
3533 1328 3726 1389 20.725.

2075 1380 2265 1451 Genus
2287 1380 2739 1451 philosophicum,
2883 1386 3064 1451 Genus
3101 1403 3193 1448 per
3226 1380 3430 1450 species
3488 1380 3731 1451 explica-

2076 1447 2179 1501 tur,
2208 1441 2378 1513 _ln
2411 1441 2610 1513 paucas
2634 1447 2850 1513 species
2880 1441 3157 1507 dividitur,
3182 1441 3267 1507 23,
3296 1456 3373 1500 27.
3406 1441 3583 1501 Genus
3640 1465 3728 1513 ge-

2076 1504 2495 1561 neralissimu’m,
2528 1508 2608 1563 22,
2628 1504 2708 1557 25.

2136 1566 2574 1636 Gentilinm_l_ibri
2608 1576 2666 1619 ut
2696 1572 2929 1635 legendi,
2959 1576 3068 1623 283.

2137 1630 2385 1693 Gentium
2418 1630 2956 1693 diversarumwsedes,
2992 1640 3098 1687 169.

2136 1692 2445 1763 Germanus
2480 1692 3132 1763 Cioustantinopolirtanus,
3182 1701 3409 1749 antistes
3447 1705 3500 1750 et
3546 1704 3730 1763 pastor

2075 1756 2332 1821 optimus,
2365 1756 2473 1805 308.
2508 1759 2642 1807 Sede
2675 1756 2889 1821 pellitur
2919 1767 2969 1811 et
2999 1763 3220 1820 exsulat,
3254 1764 3346 1811 336
3370 1767 3422 1812 et
3457 1756 3583 1812 ann.

2138 1817 2339 1887 [νώμης
2369 1817 2878 1887 vocisvigin'tirocto
2910 1817 3226 1887 signiﬁcata,
3259 1827 3369 1875 230.

2135 1880 2479 1931 Gnosimachi
2513 1880 2768 1940 haeretici,
2805 1889 2909 1935 108.

2137 1945 2403 2010 Gnosticie
2427 1946 2728 2009 Theologiaa
2764 1962 2992 2010 summa,
3024 1951 3100 2003 81.
3136 1964 3265 1998 ann.

2116 2008 2863 2076 _Gpost_icilegemia’summo
2888 2008 2992 2060 Deo
3016 2013 3175 2061 latam
3201 2017 3420 2075 negant,
3444 2013 3536 2062 sed
3564 2014 3629 2063 ab
3651 2027 3732 2063 or-

2074 2068 2156 2116 bis
2174 2068 2608 2137 fabricator'e.‘82,
2630 2086 2757 2137 ann.
2786 2076 2947 2137 Deum
2970 2088 3085 2123 esse
3108 2068 3302 2137 corpus
3326 2068 3728 2134 posuerunt,82.

2073 2145 2200 2178 ann.
2224 2131 2401 2193 Ignem
2433 2139 2485 2182 et
2520 2134 2709 2184 lucidm
2738 2136 3070 2193 substantiae,
3121 2131 3247 2186 ibid.
3293 2131 3564 2187 Materiam
3612 2131 3729 2188 esse

2074 2194 2338 2261 malorum
2363 2210 2596 2261 causam,
2617 2198 2741 2245 ibid.
2772 2199 2891 2247 Tria
2914 2200 3193 2249 hominum
3216 2200 3730 2261 genera.ibid.Chri-

2074 2260 2188 2303 stus
2222 2257 2376 2305 Jesus
2408 2264 2460 2307 et
2489 2260 2715 2317 Spiritus
2746 2267 2983 2318 sanctus,
3016 2263 3166 2319 ibid.,
3201 2257 3327 2311 ann.
3352 2266 3583 2312 Gnostici
3609 2265 3726 2313 alii-

2074 2331 2177 2386 que
2203 2320 2362 2386 prisci
2382 2321 2630 2386 haeretici
2656 2323 2981 2384 baptismum
3004 2327 3398 2386 adulterarunt,
3450 2326 3558 2383 260,
3601 2341 3729 2375 ann.

2136 2380 2412 2450 Gortheni,
2449 2385 2688 2450 hmretici
2720 2380 3013 2447 Samaritae,
3046 2391 3124 2439 79.

2072 2442 2533 2555 {.nGtgatga‘fzjhristi
2570 2448 2762 2498 animae
2794 2463 2856 2497 ex
2883 2442 3106 2509 unione,
3152 2455 3203 2499 et
3256 2457 3311 2499 ut
3361 2452 3415 2498 in
3461 2450 3634 2514 capite
3679 2454 3733 2500 et

2094 2512 2241 2559 ante.
2273 2512 2383 2556 247.
3094 2552 3097 2553 ,

2132 2567 2303 2617 Graeci
2332 2570 2572 2631 ’Έλληνες
2603 2572 2730 2621 dicti
2763 2586 2872 2622 non
2907 2576 2973 2623 ab
3008 2575 3228 2631 Heleno,
3274 2575 3366 2623 sed
3401 2575 3468 2623 ab
3497 2575 3727 2625 Hellsne

2072 2630 2412 2681 Deucalionis
2441 2636 2568 2689 tilio.
2594 2638 2672 2693 76,
2706 2649 2832 2683 ann.
2864 2636 3035 2686 Grmci
3054 2636 3256 2686 Latina:
3280 2636 3529 2687 Ecclesiae
3550 2651 3729 2687 rerum

2072 2693 2263 2761 ignari.
2288 2694 2367 2754 89,
2400 2710 2526 2761 ann.
2560 2707 2613 2746 et
2645 2701 2751 2761 109,
2812 2713 2937 2746 ann.
2986 2701 3287 2748 Graacorum
3339 2701 3404 2748 de
3452 2704 3727 2761 postremo

2069 2756 2266 2867 (ἐξεπιῑὶ
2299 2759 2549 2867 piis-cibus
2580 2760 2790 2817 naeniae,
2824 2761 2914 2810 648
2937 2767 2989 2810 et
3019 2777 3166 2825 seqq.
3187 2756 3520 2824 Argumenta
3540 2768 3727 2812 contra

2240 2834 2287 2867 a.
2324 2836 2340 2866 ι
2382 2838 2399 2867 ι
2445 2856 2457 2867 .

2115 2832 2287 2878 zyma,
2324 2832 2457 2869 ima.

2130 2880 2299 2946 Graeci
2361 2883 2534 2945 pictas
2590 2885 2867 2946 imagines,
2927 2900 3033 2935 non
3087 2892 3291 2935 statuas
3350 2886 3569 2941 habent.
3615 2886 3726 2936 279.

2069 2944 2239 3012 ϐιζφεί
2268 2944 2757 3012 prsidesiinnliogiis
2779 2949 2996 2997 nomine
3029 2950 3173 2999 aliud
3227 2956 3385 3012 atque
3429 2948 3604 3012 Latini
3639 2950 3727 2997 in-

2068 3008 2337 3065 telligunt,
2374 3010 2477 3074 199,
2512 3024 2637 3074 ann.
2661 3010 2897 3061 Gratiam
2931 3008 3344 3074 praevenientem
3378 3017 3431 3061 et
3452 3011 3725 3061 efﬁcacem

2068 3075 2385 3132 agnoscunt,
2419 3072 2546 3119 ibid.

2131 3132 2372 3195 Gregorii
2402 3134 2727 3184 Nazianzeni
2758 3136 2901 3184 dicto
2934 3136 3257 3185 innovanlur
3290 3143 3506 3194 natura,
3540 3137 3725 3185 Mono-

2067 3194 2303 3262 p_hysitte_
2328 3198 2642 3262 abutuntur,
2674 3198 2782 3262 277,
2816 3212 2943 3247 ann.
2976 3199 3202 3254 Citatus,
3224 3200 3333 3248 494.
3358 3200 3596 3262 Gregorii
3617 3198 3727 3247 Na-

2068 3260 2307 3307 zianzeni
2343 3259 2491 3308 locus
2521 3261 2858 3313 emendatus.
2889 3262 2967 3318 85.
3000 3276 3127 3310 ann.
3160 3268 3214 3311 et
3244 3264 3352 3310 536.

2129 3320 2371 3383 Gregorii
2394 3324 2619 3385 Nysseni
2642 3323 2704 3371 ad
2732 3323 3037 3387 Philippum
3058 3325 3285 3387 epistola
3312 3337 3419 3371 non
3443 3322 3720 3378 edita,t24.

2066 3384 2193 3446 Ejus
2217 3399 2323 3433 non
2362 3384 2458 3441 est,
2491 3387 2582 3433 sed
2615 3386 2822 3447 synodo
2849 3384 3270 3435 Chalcedonensi
3299 3387 3579 3444 recentior,
3609 3388 3725 3434 426.

2066 3447 2308 3503 Gregorii
2335 3447 2721 3505 Thaumaturgi
2754 3448 3018 3497 confessio
3042 3449 3185 3509 fidei,
3218 3452 3329 3498 475.

2128 3509 2417 3571 Gregorius
2452 3509 2849 3571 Agrigentinus.
2886 3510 2996 3559 649.

2125 3570 2415 3629 Gregorius
2437 3570 2706 3633 Nyssenus
2736 3572 3327 3621 transubstantiationis
3342 3570 3713 3629 assertnr.269.

2066 3648 2193 3682 ann.
2224 3637 2447 3695 Citatus,
2479 3638 2590 3683 464.
2619 3636 2802 3691 Multa,
2836 3650 2944 3683 non
2975 3635 3299 3691 afﬁrmandi,
3333 3636 3426 3683 sed
3462 3635 3717 3684 exercita-

2065 3694 2229 3745 tionis
2260 3712 2417 3745 causa
2437 3694 2652 3757 scribit,
2696 3697 2799 3753 170.
2833 3711 2960 3747 ann.

2124 3759 2341 3817 Gustus,
2378 3763 2483 3808 184.

2126 3910 2370 3959 Habendi
2408 3912 2571 3971 modi,
2603 3914 2681 3961 64.

2127 3974 2415 4030 Habitudo,
2447 3973 2596 4036 quid,
2633 3974 2711 4022 67.

2126 4037 2549 4099 Habitus,quid,
2584 4042 2635 4085 et
2674 4036 2995 4099 cujusmodi,
3034 4038 3111 4088 59.
3164 4037 3383 4085 Habitus
3416 4050 3445 4084 a
3483 4036 3712 4099 disposi-

2062 4098 2209 4163 tione
2242 4098 2547 4163 discrimen,
2575 4099 2656 4148 55.
2716 4098 2943 4149 Habitus
2987 4105 3039 4150 et
3084 4100 3328 4163 privatio,
3382 4098 3461 4147 60.
3512 4098 3713 4147 HOrum

2065 4160 2207 4210 modi
2245 4163 2401 4217 varit,
2432 4161 2560 4209 ibid.

2129 4225 2355 4272 Hmrcsis
2411 4225 2633 4288 Nestorii
2669 4230 2719 4272 et
2743 4224 2998 4288 Eutychis
3020 4225 3352 4287 proscriptas,
3386 4222 3494 4288 633.

2131 4288 2373 4352 Hzeresis,
2404 4287 2550 4349 quid.
2582 4287 2661 4335 66.
2709 4285 3399 4352 Hieresium'primineuias,
3433 4285 3529 4352 _76,
3577 4298 3713 4352 ann.

2064 4350 2354 4397 Hmresium
2384 4347 2475 4411 per
2507 4356 2747 4407 tempora
2783 4347 3130 4412 grassatio'et
3152 4349 3499 4411 expugnatio,
3541 4347 3649 4396 622.

2126 4413 2371 4459 Haeretici
2403 4412 2563 4473 prisci
2596 4412 2986 4462 Eucharistiam
3021 4427 3135 4461 esse
3168 4427 3363 4475 corpus
3394 4412 3587 4459 Christi
3617 4424 3715 4458 ne-

2062 4481 2347 4538 gaverunt,
2382 4478 2489 4531 271,
2522 4489 2648 4523 ann.

2131 4538 2507 4585 Hmreticorum
2544 4553 2657 4586 mos
2689 4537 3114 4588 hebdomadibus
3144 4542 3265 4587 octo
3297 4550 3550 4599 magnum
3582 4536 3717 4599 Qua-

2064 4600 2381 4710 dragesibmm
2407 4600 2673 4663 jejunium
2708 4604 3028 4664 transigere,
3052 4603 3161 4651 298.
3216 4598 3443 4657 Quinam
3498 4599 3551 4647 hi
3604 4598 3721 4647 fue-

2064 4677 2162 4710 run
2196 4700 2206 4710 .
2237 4680 2255 4710 ι
2297 4676 2375 4710 2r.

2064 4670 2206 4717 runt,
2237 4662 2375 4712 ibid.

2128 4726 2420 4781 Haesitatio,
2454 4729 2562 4774 512.

2130 4787 2438 4837 Harmasius
2491 4788 2857 4838 Monotheleta
2904 4788 3320 4844 Alexandrinus,
3371 4790 3480 4837 528.
3533 4786 3605 4834 Ex
3652 4798 3719 4835 eo

2068 4851 2398 4905 Harmasitas,
2428 4850 2557 4899 ibid.

2134 4914 2327 4962 Helena
2361 4912 2596 4963 Simonis
2626 4913 2762 4971 Magi
2794 4918 3048 4969 scortum,
3082 4916 3160 4962 81.

2130 4976 2346 5024 Helenae
2375 4978 2554 5024 matris
2584 4978 2920 5025 Constantini
2951 4978 3126 5039 imago
3158 4975 3213 5023 in
3255 4973 3506 5035 nummis,
3544 4973 3653 5023 371.

2133 5040 2518 5099 Heliotropitm,
2551 5038 2805 5093 hzcretici.
2842 5038 2950 5087 108.

2132 5102 2505 5155 Hellenismus,
2540 5116 2569 5149 a
2596 5102 2763 5153 Serua
2794 5106 2950 5149 aetate
2982 5106 3149 5157 ortus.
3180 5102 3259 5149 76.
3290 5100 3554 5161 Tempora
3573 5099 3713 5147 Tha-

2066 5178 2139 5213 raa
2172 5165 2336 5223 patris
2364 5164 2669 5219 Abrahami,
2702 5165 2852 5219 ibid.
2881 5177 3007 5211 ann.
3044 5164 3167 5225 Ejus
3189 5165 3356 5224 origo.
3382 5163 3515 5211 ibid.

2134 5226 2402 5275 Helbidius
2438 5226 2972 5275 Antidicomarianita
3008 5227 3058 5274 in
3091 5226 3398 5281 Occidente,
3446 5226 3526 5284 95,
3560 5236 3686 5272 ann.

2134 5290 2635 5357 ﬁenierobaptistm.
2659 5290 3112 5357 Pharisaeiﬁrant,
3137 5291 3213 5345 80,
3248 5302 3373 5357 ann.
3406 5350 3434 5357 Ἀ
3571 5350 3602 5357 __
3627 5347 3637 5357 .

2130 5347 2757 5406 Heracleon'hasreticus,
2792 5354 2865 5400 34.
2900 5352 3025 5411 Ejus
3051 5366 3259 5400 errores
3292 5355 3343 5399 et
3376 5350 3527 5406 ritus.
3560 5347 3715 5405 ibid.

2068 5418 2273 5483 et_ann.
2307 5413 2880 5483 Marcumseiuulatur,
2914 5414 3048 5483 ibid.
3154 5481 3159 5483 Α
3528 5474 3559 5483 __
3639 5472 3672 5483 υ

2134 5478 2481 5525 lleraclianus
2510 5478 2959 5526 Chalcedonensis
2990 5478 3054 5526 de
3079 5481 3268 5525 natura
3300 5474 3601 5537 composita
3622 5472 3726 5522 dis-

2068 5545 2239 5602 putat,
2274 5542 2382 5595 238,
2422 5554 2545 5587 ann.

2135 5603 2359 5649 Heraclii
2392 5602 2624 5649 ecthesis
2647 5616 2887 5661 erronea,
2926 5602 3029 5659 110,
3064 5616 3189 5651 ann.

2132 5665 2355 5711 Hermas
2386 5665 2753 5721 Massalianus.
2787 5670 2865 5713 99.

2134 5728 2443 5791 Herodiani,
2476 5727 2734 5788 hmretici,
2766 5732 2845 5778 80.
2882 5727 3081 5778 Parum
3111 5726 3422 5791 discrepant
3453 5740 3483 5776 a
3511 5724 3720 5775 Saddu-

2072 5789 2217 5849 eaeis,
2252 5788 2404 5847 ibid.,
2438 5803 2566 5841 ann.
