4074 6032
452 72 612 133 1563

516 203 685 254 Venia
716 203 921 268 indigni
951 207 1100 260 sunt,
1130 203 1223 268 qui
1255 204 1474 267 gratiam
1526 203 1765 253 divinam
1799 204 2115 253 muneribus

457 272 782 328 mercantur,
816 267 928 317 721.

517 333 718 381 Venter
735 331 986 379 dominus
1002 331 1366 393 gravissimus,
1386 330 1495 380 H7.
1514 330 1888 393 Contentionis
1906 329 2112 386 avidus,

453 397 564 444 418.
602 393 831 442 Intidum
864 391 1027 456 penu',
1061 397 1114 441 et
1143 399 1421 456 pertusum
1457 392 1683 455 dolium,
1717 391 1830 440 622.

517 460 696 506 Venus
727 462 1075 520 praepostera,
1109 460 1219 506 613.

515 515 751 574 Verbum
785 515 1026 569 divinum
1077 519 1261 567 omnia
1311 515 1684 580 complectitur
1730 521 1782 566 et
1827 517 2017 579 replet.
2050 532 2114 566 ex

452 583 694 636 Philone.
727 590 837 636 752.
871 582 1105 631 Verbum
1159 584 1294 630 Deus
1323 595 1445 629 caro
1495 580 1668 628 factus
1699 580 1978 628 hominum
2015 581 2116 628 erit

449 645 634 708 judex,
664 647 777 698 75E).
811 647 935 708 Ejus
963 645 1255 693 descensus
1287 645 1414 705 quid
1468 642 1753 708 signiﬁcat,
1776 707 1780 708 ν
1801 645 1912 708 813.
1946 641 2110 708 Verbi

452 704 635 758 Deitas
665 718 717 760 et
748 704 1039 775 personare
1087 704 1313 775 corpore
1364 711 1417 755 et
1447 704 1632 755 anima
1663 705 1856 754 Christi
1894 708 1946 753 in
1997 705 2114 766 ejus

451 778 623 820 morte
655 769 761 823 non
794 774 1045 832 separata
1073 775 1169 826 est,
1201 769 1312 819 828.

515 835 716 885 Veritas
753 830 913 896 captu
945 833 1186 889 difﬁcilis,
1220 832 1329 880 357.
1363 831 1578 896 Nullius
1608 845 1708 896 ope
1745 831 1968 896 indiget,
1999 830 2112 896 357.

449 897 581 945 Visn
608 896 764 950 ﬁdem
800 893 981 956 habet,
1003 897 1342 944 mendacium
1367 895 1575 944 auditu.
1601 895 1712 942 754.
1747 895 1861 943 Non
1886 893 2110 956 silenda,

445 959 556 1007 3.37.
581 960 689 1011 Sibi
723 961 920 1010 sufﬁcit
940 955 1003 1006 ad
1029 972 1242 1006 causam
1276 971 1424 1006 suam
1453 957 1728 1013 tuendam,
1759 956 1870 1006 754.
1903 955 2112 1004 Veritas

447 1027 498 1070 et
535 1025 904 1074 testimonium
938 1021 1112 1076 ﬁdele,
1149 1021 1256 1068 396.
1298 1021 1548 1067 Veritatis
1579 1033 1752 1067 sermo
1785 1019 1920 1067 liber
1949 1024 2030 1066 est
2060 1024 2114 1067 et

445 1083 529 1132 sui
560 1085 716 1147 juris,
751 1087 863 1136 756.
896 1086 1004 1136 Deo
1037 1086 1282 1143 mittitur,
1314 1083 1448 1131 ibid.
1499 1082 1712 1130 Veritas
1759 1081 1934 1144 ampla
1963 1095 2104 1130 com-

446 1152 740 1206 meudatio,
773 1148 906 1197 ibid.

510 1211 788 1274 Veisutia:
821 1215 1020 1274 quanta
1051 1208 1170 1273 ejus
1200 1208 1358 1274 male,
1389 1208 1501 1257 658.

508 1268 967 1341 Vestimentorum
1002 1268 1149 1341 usus,
1205 1273 1344 1341 quis,
1391 1269 1684 1341 558._Quod
1722 1268 1776 1318 in
1809 1274 1956 1319 veste
1989 1269 2110 1332 pul-

447 1336 770 1387 cherrimum
803 1343 899 1392 est.
935 1335 1069 1384 nulli
1107 1331 1237 1382 usui
1267 1340 1361 1390 est,
1393 1331 1530 1382 ibid.

513 1397 676 1450 Vetus
705 1402 1026 1449 fermentum
1059 1397 1301 1458 nequitia
1332 1397 1526 1451 omnis,
1559 1394 1636 1458 78.

507 1461 766 1513 Vetustus
796 1463 1053 1512 convivas
1085 1457 1307 1522 potandi
1342 1459 1550 1522 modus,
1587 1457 1697 1507 604.

469 1524 606 1633 biga
634 1526 779 1576 bona
809 1531 862 1575 et
893 1525 1054 1588 mala,
1087 1519 1198 1572 627.
1243 1519 1358 1570 Visa
1413 1521 1646 1584 obliquas
1695 1519 1929 1570 vitandas
1961 1524 2106 1581 sunt,

504 1604 520 1633 ι
567 1624 578 1633 .

446 1587 578 1636 ibid.

508 1650 755 1700 Viatores
783 1663 974 1699 omnes
1003 1661 1189 1696 sumne
1220 1661 1339 1696 cum
1373 1645 1622 1702 vivimus,
1654 1647 1763 1695 3l8.
1796 1644 2109 1695 Viatoribus

444 1713 732 1763 inferiores
763 1727 966 1769 sumus,
1000 1711 1110 1761 500.

506 1776 713 1832 Viduas,
746 1777 858 1825 6'25.

504 1838 763 1902 Vigilanti
792 1840 969 1902 animo
1005 1850 1121 1886 esse
1152 1838 1381 1900 oportet,
1418 1833 1527 1885 616.

505 1901 722 1962 Vigilia,
757 1901 870 1950 700.

502 1964 788 2013 Vindemia
823 1963 932 2013 552.

503 2027 757 2075 Vindicta
785 2027 866 2076 bis
891 2027 956 2075 de
989 2039 1046 2074 re
1077 2023 1266 2073 eadem
1302 2037 1407 2072 non
1439 2021 1718 2084 exigenda.
1741 2021 1854 2070 521.

504 2089 706 2198 Vinum
738 2095 790 2199 et
805 2089 930 2199 fige
953 2102 1102 2144 usus,
1123 2086 1234 2135 629.
1257 2086 1376 2135 Non
1404 2082 1841 2148 vituperandum,
1862 2082 2105 2142 603.Quae

504 2167 527 2198 η
556 2167 585 2199 a
615 2166 735 2199 cree
765 2188 778 2199 .
903 2187 915 2198 .

442 2152 585 2200 mala
615 2158 778 2210 creet,
805 2152 915 2200 412.

444 2214 771 2322 38ξνὶοιειιιὶει
793 2214 858 2263 ad
883 2227 1109 2274 regnum
1131 2211 1392 2260 ccelorum
1416 2209 1734 2274 rapiendum
1755 2210 1983 2259 honesta
2005 2213 2101 2265 est,

504 2339 716 2399 Vipera;
747 2353 868 2387 cum
899 2351 1142 2387 muraena
1173 2337 1362 2395 coitus,
1394 2336 1504 2385 642.

500 2398 596 2449 Vir
627 2401 887 2450 honestus
913 2414 1198 2449 commune
1220 2404 1298 2447 est
1329 2400 1550 2460 bonum,
1571 2400 1682 2448 750.
1710 2399 1802 2447 Vir
1829 2398 2101 2448 studiosus

437 2464 652 2512 virtutis
676 2465 860 2524 paucis
885 2463 1107 2524 indiget,
1141 2463 1249 2512 6|3.
1284 2464 1373 2510 Vir
1403 2464 1607 2511 otiosus
1639 2477 1668 2510 a
1700 2463 1964 2511 sexcentis
1987 2462 2098 2522 spi-

435 2526 632 2574 ritibus
659 2527 902 2588 captivus
934 2531 1162 2582 tenetur,
1187 2526 1293 2589 361.
1317 2525 1442 2589 Viri
1467 2525 1598 2589 justi
1629 2526 1900 2586 pr0prium
1926 2530 2008 2574 est
2029 2525 2099 2573 la-

435 2603 565 2649 psus
591 2587 1150 2650 suos’persentiscere,
1179 2588 1289 2636 777.
1315 2587 1442 2637 Viro
1469 2587 1793 2648 continenti,
1818 2590 2004 2637 turbas
2027 2589 2100 2637 vi-

433 2658 543 2700 tare.
574 2651 846 2703 convenit.
879 2652 987 2700 751.
1028 2650 1132 2700 Viri
1168 2652 1318 2712 probi
1361 2657 1414 2700 et
1438 2652 1589 2714 justi,
1640 2653 1749 2714 439.
1789 2652 1902 2699 Non
1934 2651 2099 2699 relin-

427 2714 647 2776 quendi,
679 2714 791 2763 689.
814 2714 927 2764 Viri
951 2715 1222 2776 sapientes
1251 2713 1508 2777 :juvandi
1535 2719 1678 2770 sunt,
1701 2713 1812 2763 680.
1846 2715 2095 2764 Virorum

1381 2862 1564 2869 -———

428 2859 829 2870 —4———_———-

431 2871 830 2886 *—

1905 71 2117 132 ORDO
2161 71 2443 132 RERUM

3776 73 3803 130 Ι
3818 74 3921 131 564

2225 203 2518 316 pgpborum
2578 203 3011 263 contubernium,
3070 207 3183 258 688.
3240 204 3505 255 Paucitas
3556 209 3618 255 et
3669 209 3915 268 penuria.

2288 329 2511 388 Virgine
2543 331 2826 391 indignum
2875 330 3075 394 opibus
3121 336 3173 380 et
3230 333 3466 392 negotiis
3517 331 3790 394 studere,
3817 334 3916 382 613.

2225 393 2509 455 Virginum
2545 399 2865 454 praematura
2890 393 3138 449 elocatio,
3178 393 3429 442 scorlatio
3467 399 3574 455 est,
3611 396 3738 444 643.

2287 454 2523 518 Virginis
2554 455 2734 505 Mariae
2767 471 2962 515 Corpus
2992 456 3308 512 tumulatur,
3329 456 3443 506 876.
3469 455 3530 504 In
3559 454 3754 506 cenios
3778 473 3917 507 assu-

2225 516 2408 582 mitur,
2441 518 2566 566 ibid.
2599 520 2644 566 Α
2680 521 3027 582 corruptione
3058 521 3259 567 servari
3291 521 3670 572 congruebat.
3713 520 3850 570 ibid.

2287 579 2594 640 Virginitas,
2623 581 2734 629 640.
2758 579 2873 630 Non
2897 583 3150 630 omnibus
3181 583 3535 646 imponenda,
3556 583 3681 630 652.
3708 583 3918 646 Nuptiis

2221 646 2468 699 superior
2497 650 2594 699 est,
2627 647 2737 694 648.

2284 705 2469 754 Virtus
2488 707 2577 755 Dei
2596 707 2660 754 ad
2683 707 2930 766 salutem,
2951 721 3061 756 non
3083 707 3325 756 absolute
3347 712 3401 756 et
3421 707 3917 757 indiscriminatim

2222 768 2474 831 omnibus
2492 770 2635 831 data,
2652 771 2700 817 4.
2719 768 2928 818 Virtute
2945 768 3150 831 gratius
3165 771 3386 818 domum
3406 785 3519 819 non
3541 776 3631 819 est
3650 773 3795 827 Deo,
3813 771 3918 819 273.

2222 829 2348 894 Eius
2377 830 2736 892 conditiones,
2770 833 2846 881 47.
2879 829 3107 881 Virtutis
3133 832 3417 894 praemium
3449 838 3538 882 est
3571 835 3760 883 Deum
3790 835 3917 892 ﬁeri,

2220 893 2331 943 383.
2362 894 2469 943 Cur
2504 895 2815 958 inchoatum
2864 896 3080 944 virtutis
3110 893 3247 958 opus
3276 896 3494 958 quidam
3533 898 3824 957 perﬁcere
3857 912 3917 946 ne

2220 957 2522 1021 quiverunt,
2556 957 2668 1006 70l.
2703 956 2938 1021 Virtutes
2970 971 3120 1021 vanae
3149 956 3268 1006 sine
3295 956 3682 1021 eleemosyna,
3717 962 3839 1006 488.

2284 1018 2560 1068 Viatorum
2585 1026 2683 1072 est.
2707 1020 2959 1082 5700.7Vita
2976 1020 3237 1081 ﬂagitiosa
3267 1020 3396 1082 quid
3422 1018 3788 1070 amatoribus
3811 1023 3920 1070 suis

2221 1083 2480 1147 conferat,
2501 1083 2613 1147 6735.
2648 1081 2785 1142 Quid
2812 1081 2947 1147 item
2982 1087 3225 1147 honesta,
3247 1081 3386 1147 _i_bid.
3418 1084 3743 1132 Consilium
3777 1089 3917 1147 opti-

2221 1158 2365 1192 mum
2397 1145 2462 1192 de
2492 1146 2747 1194 alterutra
2777 1146 3045 1204 eligenda,
3077 1145 3213 1194 ibid.
3246 1145 3368 1194 Vita
3398 1149 3664 1202 honesta,
3701 1145 3826 1196 651.

2284 1206 2400 1270 Vita
2434 1207 2558 1256 ﬁdei
2590 1209 2917 1270 respondere
2949 1208 3126 1264 debet,
3161 1208 3266 1256 l89.

2283 1269 2418 1318 Vitae
2439 1269 2560 1317 linis
2582 1269 2704 1318 ante
2727 1271 2913 1320 oculos
2936 1271 3238 1325 habendus,
3261 1271 3372 1320 728.
3395 1272 3478 1319 Ad
3496 1286 3818 1332 supernam
3841 1275 3915 1321 vi-

2219 1337 2324 1380 tam
2358 1335 2616 1394 aspiranti
2645 1338 2836 1382 acerba
2865 1335 2976 1382 vita
3004 1340 3101 1387 est,
3131 1333 3242 1381 545.
3276 1334 3321 1380 Α
3364 1335 3473 1383 Deo
3504 1335 3687 1383 vitam
3724 1342 3917 1384 extor-

2218 1409 2383 1456 quere
2414 1398 2613 1444 bonum
2647 1401 2744 1449 est.
2777 1398 2886 1444 383.
2910 1395 3014 1444 Pro
3047 1398 3155 1444 vita
3185 1401 3386 1444 interna
3416 1397 3608 1446 nullus
3637 1400 3814 1447 labor
3837 1406 3917 1446 est

2219 1459 2568 1514 recusandus,
2603 1460 2711 1507 636.
2744 1458 2880 1508 Vitas
2911 1467 3126 1507 reterns:
3174 1458 3378 1512 laudes,
3430 1460 3543 1508 803.
3579 1461 3915 1519 Asperiori-

2218 1521 2341 1568 vitae
2360 1523 2657 1585 ostentatio
2687 1535 2867 1585 prava,
2902 1525 3013 1570 70l.
3039 1520 3183 1585 Vite
3227 1521 3478 1571 humanas
3523 1523 3911 1583 imbecillitas,

2217 1586 2327 1647 319.
2360 1583 2495 1647 Vitae.
2527 1583 2802 1633 mutandae
2833 1584 3187 1647 propositum,
3232 1597 3329 1632 cur
3362 1598 3391 1632 a
3425 1585 3620 1633 multis
3649 1587 3910 1638 dilatum.

2218 1645 2326 1754 38?.
2348 1645 2536 1758 XiGtam
2567 1646 2787 1696 alterius
2817 1645 3156 1710 perscrutari,
3202 1652 3452 1696 extremas
3500 1647 3913 1698 illiberalitatis

2218 1722 2314 1757 es.
2382 1717 2391 1753 :
2445 1745 2458 1757 .

2217 1713 2314 1757 est.
2348 1713 2458 1758 436.

2279 1770 2424 1820 Vitia
2453 1773 2708 1821 virtutum
2743 1771 3053 1821 nominibus
3071 1776 3283 1824 ornata.
3313 1772 3424 1820 722.
3447 1771 3664 1822 Vitium
3691 1774 3912 1824 silentio

2216 1847 2600 1896 compressum,
2634 1835 2856 1884 morbus
2885 1835 3076 1889 latens,
3105 1835 3214 1883 599.
3241 1834 3504 1883 Vitiorum
3538 1837 3708 1898 origo
3738 1837 3911 1899 Spiri~

2218 1900 2305 1944 tus
2335 1899 2508 1946 sancti
2540 1896 2795 1950 exclusio.
2827 1896 2936 1946 809.
2980 1897 3025 1946 Α
3054 1897 3246 1946 vitiosa
3293 1898 3711 1948 consuetudine
3745 1913 3910 1950 nemo

2215 1964 2393 2020 potest
2425 1974 2702 2020 emergere
2733 1959 2836 2008 nisi
2868 1960 2962 2008 Dei
2996 1962 3248 2018 potentia,
3279 1959 3390 2010 594.

2279 2021 2599 2086 Vituperare
2630 2025 2975 2086 innocentem
3011 2023 3066 2070 in
3101 2023 3267 2071 Deum
3299 2037 3523 2086 peccare
3555 2028 3664 2081 est,
3700 2023 3825 2074 823.

2278 2084 2590 2134 Vocationis
2616 2084 2810 2134 divina:
2847 2086 3174 2146 praestantia,
3205 2088 3254 2134 3.

2277 2147 2537 2197 Voluntas
2568 2153 2648 2197 est
2674 2149 2932 2196 naturalis
2961 2163 3022 2196 ac
3050 2146 3132 2196 sui
3158 2148 3298 2211 juris
3318 2148 3614 2210 appetitio,
3648 2149 3776 2199 821.
3807 2151 3910 2200 Vo-

2213 2208 2476 2259 luntatem
2507 2213 2561 2258 in
2597 2211 2852 2260 omnibus
2881 2211 3138 2272 expendit
3160 2208 3326 2264 Deus,
3357 2208 3470 2259 636.

2277 2273 2534 2338 Voluptas
2548 2273 2982 2338 diabolihamus,
2997 2272 3109 2323 337.
3127 2273 3389 2322 Malorum
3407 2275 3772 2338 metropolis,
3792 2279 3904 2325 618.

2212 2333 2522 2385 Perniciosa
2551 2340 2650 2391 est,
2681 2335 2790 2384 337.

2277 2397 2409 2446 Vota
2439 2399 2706 2462 explenda
2735 2401 2879 2460 sunt,
2915 2400 3025 2448 702.

3011 2521 3062 2583 Z

2270 2652 2556 2764 %achg§i7as
2587 2651 2811 2701 Joannis
2840 2654 2992 2714 pater
3023 2650 3216 2700 Christi
3273 2666 3440 2702 causa
3473 2653 3532 2702 in
3566 2656 3785 2720 templo
3819 2671 3904 2706 ne-

2270 2755 2273 2763 ,
2301 2729 2380 2764 us.
2511 2752 2523 2764 .

2210 2729 2380 2772 catus,
2410 2729 2523 2764 δδι.

840 2861 3864 2889 .m~wm

1115 3270 1384 3381 QUie
1440 3270 1553 3354 IN
1613 3270 1855 3355 HOC
1916 3267 2261 3355 ΤΟΜο
2325 3202 3182 3359 CONTINENTUB.

798 3657 851 3706 S.
888 3658 1194 3707 JOANNES
1230 3659 1313 3708 DA
1326 3660 1408 3707 ΜΛ
1420 3658 1698 3707 SCENUS.

479 3745 699 3795 SACRA
735 3745 1144 3797 PARALLELA.
1177 3746 1580 3809 (Οσηιὶηαηιίο.)

1062 3856 1210 3906 LITT
1219 3856 1353 3904 ΕΒΑ
1383 3860 1439 3904 Θ.

479 3944 585 3992 Τιτ.
616 3943 655 3991 ῐ.
685 3970 749 3981 -
773 3944 847 3992 De
881 3944 1064 3994 divina
1094 3943 1453 3994 institutione.
2053 3947 2082 3993 9

477 4008 584 4055 Τιτ.
621 4007 683 4055 Il.
715 4033 778 4044 —
811 4007 882 4072 De
916 4008 1226 4057 sacriﬁciis:
1257 4014 1309 4058 et
1338 4007 1483 4072 quod
1515 4006 1846 4055 adulterinas
1875 4006 2082 4056 hostias

426 4071 565 4118 Deus
598 4083 706 4117 non
738 4070 1000 4120 admittat.
1356 4070 1365 4072 ἡ
2053 4073 2082 4119 9

483 4132 589 4195 Tir.
621 4131 707 4180 IlI.
743 4160 798 4169 —
826 4133 899 4181 De
932 4133 1130 4182 divinis
1161 4133 1429 4182 oraculis:
1463 4137 1516 4182 et
1543 4132 1685 4195 quod
1719 4146 1780 4181 ea
1812 4132 2000 4182 audire
2033 4136 2086 4181 et

422 4194 685 4258 meditari,
701 4201 965 4258 oporteat.
1565 4194 1570 4195 ⁷
2025 4196 2080 4244 11

482 4256 588 4305 Τιτ.
621 4257 708 4306 IV.
738 4256 797 4294 ι-
832 4259 902 4306 De
928 4259 1127 4307 divinis
1159 4260 1444 4316 mysteriis.
2026 4259 2082 4308 £5

481 4319 589 4367 TIT.
621 4320 685 4370 V.
721 4348 776 4356 —
803 4321 872 4370 De
897 4321 958 4369 iis
981 4321 1073 4384 qui
1105 4323 1156 4370 in
1183 4321 1494 4378 afﬂictione,
1518 4325 1570 4370 et
1599 4321 1760 4376 curis,
1781 4324 2080 4370 etmcerore

421 4386 725 4430 versantur.
2021 4384 2080 4433 19

478 4444 585 4492 Τιτ.
617 4443 704 4491 Vl.
731 4470 794 4481 —
819 4446 889 4492 De
921 4449 1112 4501 morte,
1145 4450 1197 4495 et
1233 4447 1502 4496 infernum
1538 4450 1698 4496 statu.
2016 4447 2080 4495 27

476 4505 724 4573 Tir._VII.
751 4533 814 4544 —
838 4509 907 4556 De
931 4509 1155 4557 mortuis
1180 4523 1191 4558 :
1224 4514 1276 4558 et
1304 4511 1446 4573 quod
1471 4523 1655 4558 eorum
1684 4522 1846 4557 causa
1878 4521 1986 4557 non
2010 4515 2080 4573 sit

415 4569 731 4628 lugendum.
1320 4569 1334 4573 “
2016 4572 2077 4621 27

473 4635 577 4682 Τιτ.
612 4633 742 4682 VIII.
777 4661 833 4668 —
865 4634 936 4682 De
969 4637 1156 4690 morte,
1189 4638 1241 4683 et
1269 4633 1492 4683 mortuis
1523 4637 1688 4682 metu.
2017 4634 2078 4683 43

475 4697 585 4744 Tir.
616 4695 704 4743 IX.
740 4723 796 4731 —--
828 4695 900 4744 De
935 4697 1084 4744 mari.
2019 4697 2078 4743 15

473 4759 577 4806 Τιτ.
610 4757 674 4806 Χ.
707 4785 764 4793 -
795 4759 868 4807 De
902 4759 1128 4807 ﬁliabus.
2015 4758 2077 4807 50

475 4821 585 4870 Τιτ.
619 4820 706 4869 XI.
734 4846 799 4858 —
827 4823 977 4880 Quod
1013 4824 1213 4872 nemini
1246 4827 1443 4870 temere
1469 4821 1741 4871 ﬁdendum
1765 4821 1850 4869 sit.
2015 4825 2069 4870 51

475 4884 579 4932 Τιτ.
613 4883 724 4930 ΧΗ.
756 4911 813 4919 —-
845 4885 918 4932 De
952 4898 1127 4935 messe
1155 4890 1207 4933 et
1236 4886 1526 4933 vindemia.
2013 4884 2069 4931 51

472 4948 578 4995 Τιτ.
607 4945 736 4995 XIII.
766 4973 830 4984 —
853 4947 928 4996 De
955 4949 1321 4996 venatoribus.
2013 4947 2069 4996 51

1067 5062 1342 5112 LITTERA
1378 5063 1416 5111 Ι.

445 5157 579 5267 1Tit-in
613 5157 653 5206 1.
691 5185 748 5195 —
782 5161 852 5208 De
883 5159 1258 5210 curationibus
1291 5162 1444 5210 factis
1474 5175 1505 5209 a
1537 5160 1760 5208 Domino
1792 5162 1846 5208 et
1889 5173 1919 5208 a
1945 5174 2070 5267 prs;

457 5236 508 5267 ie
541 5235 602 5267 is.
2010 5257 2020 5267 .

403 5222 602 5283 phetis.
2010 5224 2066 5272 51

467 5284 578 5332 Τιτ.
610 5283 674 5332 Il.
705 5309 768 5321 —
798 5286 868 5334 De
899 5286 1230 5347 supellectile
1267 5301 1420 5335 sacra
1449 5289 1505 5334 et
1537 5285 1682 5348 quod
1715 5283 1921 5333 homini
1959 5287 2070 5348 pri-

402 5353 526 5392 vato
556 5361 649 5394 vas
681 5361 894 5396 sacrum
927 5353 1148 5406 tangere
1181 5363 1289 5398 non
1323 5350 1498 5398 liceat.
2009 5349 2067 5397 58

465 5409 568 5455 Τιτ.
601 5407 779 5474 1ΙΙ.λ-
811 5411 884 5459 De
911 5412 1336 5474 supplicantibus
1364 5427 1375 5459 :
1399 5417 1453 5460 et
1481 5409 1625 5474 quod
1648 5411 2068 5474 supplicationes

407 5467 811 5536 deprecantium
843 5467 1028 5522 audire
1059 5480 1327 5536 oporteat.
1500 5467 1514 5474 ’
1718 5467 1730 5474 ’
1756 5467 1770 5473 ’
2007 5478 2066 5523 59

439 5529 594 5600 “Tir...
608 5531 692 5578 IV.
715 5560 768 5600 —_
798 5535 872 5584 De
903 5529 1212 5597 aequalitate
1239 5551 1249 5583 :
1273 5544 1324 5585 et
1353 5535 1499 5600 quod
1531 5535 1723 5600 cuique
1755 5550 1854 5600 pro
1874 5539 2066 5585 merito

409 5591 478 5635 sit
509 5591 878 5643 tribuendum.
969 5591 983 5597 ’
1371 5591 1386 5600 ’
1638 5591 1652 5600 ’
1755 5591 1770 5600 ’
2006 5604 2064 5648 59

469 5648 579 5698 Tir.
609 5651 671 5699 V.
705 5676 768 5688 ·-
797 5658 868 5704 De
897 5657 1118 5706 medicis
1147 5663 1200 5706 et
1230 5660 1511 5709 medicina.
2003 5665 2063 5710 62

2257 3656 2362 3704 Τιτ.
2376 3654 2530 3704 VI.—
2543 3655 2614 3703 De
2629 3652 2986 3703 indumentis:
3006 3651 3261 3716 quodque
3281 3652 3625 3714 sumptuosis
3641 3651 3891 3716 vestibus

2195 3719 2291 3772 uti.
2329 3731 2427 3766 nec
2458 3718 2580 3772 viri,
2618 3731 2718 3765 nec
2749 3714 3292 3765 mulieres'debeant.
3827 3714 3888 3760 62

2255 3782 2364 3828 Τιτ.
2384 3779 2495 3828 VII.
2514 3805 2572 3816 —
2595 3781 2665 3828 De
2687 3779 2994 3842 aequalitate
3016 3778 3302 3841 ;quodque
3323 3777 3515 3827 eodem
3537 3778 3718 3840 gradu
3737 3777 3887 3842 apud

2192 3845 2360 3893 Deum
2397 3857 2586 3892 omnes
2617 3839 2769 3891 sunt:
3068 3839 3078 3841 ἡ
3215 3839 3231 3841 “
3546 3839 3557 3840 ί
3778 3839 3785 3840 “
3827 3839 3887 3888 66

2836 3939 3112 3989 LlTTERA
3147 3938 3213 3986 Κ.

2255 4034 2369 4083 Τῐτ.
2401 4035 2437 4082 1.
2464 4060 2523 4069 —
2550 4033 2624 4081 De
2652 4029 2884 4080 Judiciis
2913 4031 3004 4079 Dei
3029 4043 3040 4077 :
3065 4034 3117 4079 et
3146 4028 3289 4093 quod
3313 4028 3550 4093 moleste
3587 4027 3738 4093 ferre
3765 4042 3879 4076 non

2192 4102 2458 4160 oporteat,
2484 4096 2527 4143 si
2576 4094 2701 4158 iusti
2757 4091 3598 4160 caiamitatibus‘conﬂictentur,
3647 4091 3877 4160 injustis

2193 4152 2369 4210 autem
2403 4152 2870 4222 prospereomnia
2898 4157 3210 4204 succedant.
3259 4217 3271 4222 _
3315 4218 3327 4222 _
3488 4217 3521 4222 __
3656 4220 3663 4222 _
3708 4152 3729 4222 '_
3769 4216 3780 4222 ι
3814 4152 3874 4202 66

2252 4223 2360 4271 Τιτ.
2389 4216 2448 4270 Π.
2472 4216 2543 4259 -’
2558 4223 2628 4269 De
2651 4218 2983 4269 detractione
3007 4233 3020 4276 ;
3050 4224 3104 4267 et
3131 4217 3274 4281 quod
3298 4217 3561 4266 detractio
3584 4220 3673 4265 est
3703 4216 3880 4264 falsus

2191 4300 2365 4336 sermo
2401 4285 2659 4333 adversus
2693 4283 2924 4345 aliquem
2962 4285 3224 4344 prolatus.
3557 4340 3592 4345 __
3758 4341 3770 4345 _
3815 4281 3868 4326 7t

2252 4349 2357 4396 Trr.
2387 4347 2474 4395 III.
2498 4375 2552 4383 —
2582 4347 2653 4395 De
2675 4340 2916 4407 tempore
2936 4340 3225 4407 {quodque
3246 4348 3458 4407 tempus
3476 4340 3874 4407 redimendum

2191 4411 2278 4482 sit.
2311 4415 2472 4474 atque
2503 4409 2687 4458 omnia
2716 4403 2815 4456 suo
2864 4403 3104 4469 tempore
3142 4403 3200 4456 et
3249 4405 3476 4454 dicenda
3505 4407 3559 4453 et
3610 4403 3876 4515 faciendi:

2191 4479 2317 4515 sint-
3819 4489 3830 4513 ι

2189 4473 2318 4522 sint.
2386 4471 2399 4474 “
3810 4471 3835 4513 7

2249 4538 2354 4584 Τιτ.
2389 4535 2472 4584 IV.
2506 4562 2556 4570 --
2597 4535 2666 4583 De
2717 4532 3101 4592 adulatoribus,
3137 4535 3190 4580 et
3220 4530 3488 4594 parasitis,
3525 4543 3586 4578 ac
3619 4530 3870 4594 scurris":

2187 4600 2330 4663 quod
2363 4613 2454 4663 eos
2485 4599 2668 4663 fugere
2690 4600 2962 4663 _oporteat.
3093 4591 3097 4592 ν
3220 4591 3235 4594 ’

2248 4662 2360 4710 Τιτ.
2393 4660 2458 4708 V.
2489 4654 2651 4707 -ὐε
2684 4654 2911 4707 furibus.
3805 4654 3865 4702 79

2247 4725 2356 4773 Τιτ.
2389 4724 2476 4772 Vl.
2512 4751 2562 4758 ο
2601 4722 2673 4770 De
2707 4721 2990 4784 pecoribus
3020 4723 3074 4768 et
3102 4731 3286 4784 eorum
3318 4731 3467 4767 cura.
3590 4779 3604 4784 _
3721 4779 3754 4784 __
3807 4717 3866 4784 79

2245 4789 2348 4836 Τιτ.
2377 4785 2489 4836 Vll.
2511 4811 2576 4822 —
2593 4785 2666 4833 De
2683 4779 2976 4846 jactatione
3007 4787 3062 4831 et
3085 4780 3316 4846 elatione
3340 4796 3352 4828 :
3384 4785 3440 4829 et
3459 4779 3606 4843 quod
3637 4779 3791 4827 nulla
3811 4781 3864 4846 in

2183 4863 2240 4898 re
2273 4848 2592 4912 hujusvitaa
2623 4843 2840 4912 gloriari
2875 4851 3035 4912 atque
3067 4843 3245 4912 extolli
3278 4847 3573 4912 oporteat._
3671 4904 3683 4912 _
3807 4845 3866 4889 79

2243 4904 2364 4960 Τιτῖ
2390 4910 2526 4960 VIII.
2571 4904 2736 4959 —'De
2789 4904 3032 4971 corporis
3079 4904 3484 4970 pulchritudine
3527 4908 3584 4953 et
3635 4904 3862 5016 ειεξιἓέ

2243 4989 2274 5016 ι.

2182 4975 2275 5023 tia.

2241 5037 2353 5086 TI‘I'.
2386 5037 2474 5084 IX.
2505 5062 2569 5072 —
2597 5036 2668 5084 De
2705 5034 2769 5083 iis
2799 5031 2889 5096 qui
2916 5047 2978 5096 se
3013 5030 3314 5081 insolenter
3337 5030 3564 5093 jactant.
3652 5093 3662 5096 _
3744 5092 3777 5096 η
3807 5029 3866 5077 81

2242 5101 2352 5150 Tir.
2381 5101 2526 5148 X.—
2549 5100 2617 5147 De
2644 5092 3012 5160 superioribus
3036 5110 3049 5154 ;
3076 5099 3128 5143 et
3151 5097 3295 5157 quod
3328 5092 3449 5141 cum
3476 5092 3866 5160 superioribus

2179 5165 2398 5212 minime
2434 5155 2869 5210 contendendum
2901 5161 2984 5206 sit.
3169 5155 3182 5157 “
3804 5155 3864 5202 R3

2239 5226 2352 5274 Τῐτ.
2387 5224 2565 5290 Χιτ-
2594 5222 2666 5272 De
2691 5221 2898 5286 judicio
2930 5225 2981 5268 et
3006 5219 3386 5290 justitiaﬂei:
3423 5222 3476 5266 et
3510 5217 3663 5279 quod
3698 5232 3863 5290 suum

2179 5289 2375 5349 cuique
2409 5287 2626 5350 tribuat,
2661 5283 2759 5334 nec
2790 5297 3046 5350 personas
3077 5283 3340 5350 accipiat._
3428 5341 3457 5350 γ’
3805 5283 3863 5350 ἓξ

2239 5343 2342 5399 Tir.
2375 5349 2488 5398 XII.
2518 5376 2580 5387 —
2616 5350 2685 5396 De
2717 5343 2879 5396 corde
2913 5360 3050 5406 puro
3081 5349 3134 5394 et
3163 5343 3517 5392 conscientia.
3803 5343 3864 5389 87

2238 5415 2344 5462 Τιτ.
2377 5412 2511 5461 XIII.
2543 5439 2606 5449 —
2640 5413 2710 5460 De
2744 5410 2879 5458 mala
2909 5405 3258 5458 conscientia.
3803 5408 3865 5455 gn

2820 5505 3109 5556 LITTERA
3142 5505 3202 5554 Α.

2176 5664 2207 5712 b
2235 5602 2339 5650 Τιτ.
2373 5600 2413 5649 I.
2450 5624 2514 5635 —
2541 5598 2615 5648 De
2651 5595 3069 5661 argutatoribus,
3096 5597 3150 5643 et
3179 5593 3322 5642 circa
3351 5591 3509 5642 ﬁdem
3534 5593 3870 5704 ambigens:-

2214 5677 2294 5711 us.

2214 5677 2294 5711 UB.
